material_slug,title,price_usd,sale_date,weight_grams,price_per_gram,source
"""darwin-glass""","ALAMO, NEVADA, USA IMPACTITE, Impact Melt With Spherules, 288-grams, 10.2-oz.",34.95,2026-01-03,288,0.12,WorthPoint
"""darwin-glass""","ROCK ELM, WISCONSIN, USA IMPACTITE, Breccia, One Side Polished, 70-gr., 2.4-oz.",26.95,2026-01-03,70,0.39,WorthPoint
"""darwin-glass""","""r365-10) 1-1/2"""" Fulgurite Lightning Strike Beach Sand Glass Georgia Fulgurites""",15.99,2025-12-20,,,WorthPoint
"""darwin-glass""",Mini Museum 5th Edition 1 Large 34 Rare Specimens Hans Fex + LED Stand $499 New,170.27,2025-12-19,,,WorthPoint
"""darwin-glass""",11.4 Grams NATURAL DARWIN GLASS From METEORITE Impact AUSTRALIA,25.95,2025-12-16,11.4,2.28,WorthPoint
"""darwin-glass""",Darwin Glass -- 250g BULK - Austalite - Darwinite - Tektite - Impactite #key1,262.49,2025-12-16,250,1.05,WorthPoint
"""darwin-glass""",7.849 Grams NATURAL DARWIN GLASS From METEORITE Impact AUSTRALIA,15.8,2025-12-15,7.849,2.01,WorthPoint
"""darwin-glass""",3.03 Grams NATURAL DARWIN GLASS From METEORITE Impact AUSTRALIA,10.39,2025-12-15,3.03,3.43,WorthPoint
"""darwin-glass""","""Charles Darwin Glass Christmas Ornament 5"""" 2013 Archie McPhee / Accoutrements""",11.49,2025-12-09,,,WorthPoint
"""darwin-glass""",Mt Darwin Tasmania Darwin Glass Meteor Tektite,14.53,2025-12-08,,,WorthPoint
"""darwin-glass""",Charles Darwin Glass Christmas Ornament Archie McPhee,15.99,2025-12-04,,,WorthPoint
"""darwin-glass""","TWENTY DIFFERENT IMPACTITES From ALL OVER Weigh 866-grams, (One-lb., 14.5-oz.)",95,2025-12-03,866,0.11,WorthPoint
"""darwin-glass""","Darwin Glass 5.13g Impactite - Gooey, Stringy Melt Created By Meteorite Impact",17.5,2025-11-29,5.13,3.41,WorthPoint
"""darwin-glass""","""(r365-56) 1-3/4"""" Fulgurite Lightning Strike Beach Sand Glass Georgia Fulgurites""",16.49,2025-11-29,,,WorthPoint
"""darwin-glass""",8.545 Grams NATURAL DARWIN GLASS From METEORITE Impact AUSTRALIA,16.8,2025-11-28,8.545,1.97,WorthPoint
"""darwin-glass""",4.82 Grams As Found Natural DARWIN GLASS From METEORITE Impact In AUSTRALIA,7.99,2025-11-10,4.82,1.66,WorthPoint
"""darwin-glass""",7.47 Grams As Found Natural DARWIN GLASS From METEORITE Impact In AUSTRALIA,12.99,2025-11-08,7.47,1.74,WorthPoint
"""darwin-glass""",5.32 Grams As Found Natural DARWIN GLASS From METEORITE Impact In AUSTRALIA,9.99,2025-11-08,5.32,1.88,WorthPoint
"""darwin-glass""",Darwin Glass -- 7g - Austalite - Darwinite - Tektite - Impactite #win18.,9.95,2025-11-02,7,1.42,WorthPoint
"""darwin-glass""","""(r365-55) 1-3/4"""" Fulgurite Lightning Strike Beach Sand Glass Georgia Fulgurites""",16.49,2025-10-26,,,WorthPoint
"""darwin-glass""",32.9 Grams 12 As Found Natural DARWIN GLASS From METEORITE Impact In AUSTRALIA,32.99,2025-10-25,32.9,1,WorthPoint
"""darwin-glass""","Twenty-Eight, Two Kilos IMPACT ROCKS Best Ever Offered From ALL OVER The WORLD",200,2025-10-17,,,WorthPoint
"""darwin-glass""",Darwin Glass -- 20g - Austalite - Darwinite - Tektite - Impactite #dpp94,99.99,2025-10-12,20,5,WorthPoint
"""darwin-glass""",4.74 Grams As Found Natural DARWIN GLASS From METEORITE Impact In AUSTRALIA,7.99,2025-10-05,4.74,1.69,WorthPoint
"""darwin-glass""","""(R399-17-1) 4"""" Fossil Fulgurite Petrified Lightning Strike Beach Sand Glass GA""",26.99,2025-09-30,,,WorthPoint
"""darwin-glass""",Darwin Glass 4.41g Formed From Meteorite Similar To Moldavite,11.99,2025-09-24,4.41,2.72,WorthPoint
"""darwin-glass""",5.26 Grams As Found Natural DARWIN GLASS From METEORITE Impact In AUSTRALIA,9.99,2025-09-21,5.26,1.9,WorthPoint
"""darwin-glass""",Darwin Glass - 26g - Austalite - Darwinite - Tektite - Impactite #big20.,43.08,2025-09-13,26,1.66,WorthPoint
"""darwin-glass""",3.72 Grams NATURAL DARWIN GLASS From METEORITE Impact AUSTRALIA,11.99,2025-09-09,3.72,3.22,WorthPoint
"""darwin-glass""","Darwin Glass 5.11g Impactite - Gooey, Stringy Melt Created By Meteorite Impact",15,2025-09-08,5.11,2.94,WorthPoint
"""darwin-glass""",4.02 Grams As Found Natural DARWIN GLASS From METEORITE Impact In AUSTRALIA,7.99,2025-09-03,4.02,1.99,WorthPoint
"""darwin-glass""","Darwin Glass, Created ~800,000 Years Ago On The Island Of Tasmania: 2.7g",21,2025-09-02,2.7,7.78,WorthPoint
"""darwin-glass""","""r365-11) 1-1/2"""" Fulgurite Lightning Strike Beach Sand Glass Georgia Fulgurites""",15.99,2025-08-31,,,WorthPoint
"""darwin-glass""","""r365-13) 1-1/2"""" Fulgurite Lightning Strike Beach Sand Glass Georgia Fulgurites""",15.99,2025-08-31,,,WorthPoint
"""darwin-glass""",ONE LB. (451-gr.) FOURTEEN Different IMPACTITES From ALL OVER The WORLD,45,2025-08-27,451,0.1,WorthPoint
"""darwin-glass""","Darwin Glass 2.91g Impactite - Gooey, Stringy Melt Created By Meteorite Impact",10,2025-08-23,2.91,3.44,WorthPoint
"""darwin-glass""","Darwin Glass Lot, Near Mt. Darwin, Tasmania Australia Weight: 26.37 Grams",74.17,2025-08-17,26.37,2.81,WorthPoint
"""darwin-glass""",Darwin Glass. Impactite. 14.85 Grams. Individual Piece. Austrailia.,20,2025-08-15,14.85,1.35,WorthPoint
"""darwin-glass""",Darwin Glass -- 7g -- Austalite - Darwinite - Tektite - Impactite #win86,20.77,2025-08-11,7,2.97,WorthPoint
"""darwin-glass""",Darwin Glass -- 3g - Austalite - Darwinite - Tektite - Impactite #win66a.,13.85,2025-08-06,3,4.62,WorthPoint
"""darwin-glass""","""(r364-118) 1-1/8"""" Fulgurite Lightning Strike Beach Sand Glass Georgia Fulgurites""",14.99,2025-08-03,,,WorthPoint
"""darwin-glass""",Darwin Glass Tektite 8.16g – Rare Impactite From Tasmania | Grounding Stone,62.4,2025-08-03,8.16,7.65,WorthPoint
"""darwin-glass""","""r365-1) 1-1/2"""" Fulgurite Lightning Strike Beach Sand Glass Georgia Fulgurites""",15.99,2025-07-27,,,WorthPoint
"""darwin-glass""","""(r365-34) 1-3/4"""" Fulgurite Lightning Strike Beach Sand Glass Georgia Fulgurites""",16.49,2025-07-24,,,WorthPoint
"""darwin-glass""","""(r365-41) 1-3/4"""" Fulgurite Lightning Strike Beach Sand Glass Georgia Fulgurites""",16.49,2025-07-15,,,WorthPoint
"""darwin-glass""",Darwin Glass Tektite 1.52g – Rare Impactite From Tasmania | Grounding Stone,33,2025-07-14,1.52,21.71,WorthPoint
"""darwin-glass""","""(r365-53) 1-3/4"""" Fulgurite Lightning Strike Beach Sand Glass Georgia Fulgurites""",16.49,2025-07-14,,,WorthPoint
"""darwin-glass""",5.04 Grams As Found Natural DARWIN GLASS From METEORITE Impact In AUSTRALIA,7.99,2025-07-11,5.04,1.59,WorthPoint
"""darwin-glass""",Darwin Glass -- 6g - Austalite - Darwinite - Tektite - Impactite #win72.,17.48,2025-07-08,6,2.91,WorthPoint
"""darwin-glass""","""(r365-42) 1-3/4"""" Fulgurite Lightning Strike Beach Sand Glass Georgia Fulgurites""",16.49,2025-06-27,,,WorthPoint
"""darwin-glass""",Darwin Glass - 13g - Austalite - Darwinite - Tektite - Impactite #big49,16.06,2025-06-26,13,1.24,WorthPoint
"""darwin-glass""","""r365-3) 1-1/2"""" Fulgurite Lightning Strike Beach Sand Glass Georgia Fulgurites""",15.99,2025-06-25,,,WorthPoint
"""darwin-glass""","""(r365-54) 1-3/4"""" Fulgurite Lightning Strike Beach Sand Glass Georgia Fulgurites""",16.49,2025-06-24,,,WorthPoint
"""darwin-glass""",4.31 Grams As Found Natural DARWIN GLASS From METEORITE Impact In AUSTRALIA,7.5,2025-06-09,4.31,1.74,WorthPoint
"""darwin-glass""",3.39 Grams As Found Natural DARWIN GLASS From METEORITE Impact In AUSTRALIA,5.49,2025-06-09,3.39,1.62,WorthPoint
"""darwin-glass""",4.47 Grams As Found Natural DARWIN GLASS From METEORITE Impact In AUSTRALIA,8.99,2025-06-09,4.47,2.01,WorthPoint
"""darwin-glass""",5.39 Grams As Found Natural DARWIN GLASS From METEORITE Impact In AUSTRALIA,8.99,2025-06-09,5.39,1.67,WorthPoint
"""darwin-glass""",3.50 Grams As Found Natural DARWIN GLASS From METEORITE Impact In AUSTRALIA,7.99,2025-06-09,3.5,2.28,WorthPoint
"""darwin-glass""",4.61 Grams As Found Natural DARWIN GLASS From METEORITE Impact In AUSTRALIA,5.99,2025-06-09,4.61,1.3,WorthPoint
"""darwin-glass""",5.31 Grams As Found Natural DARWIN GLASS From METEORITE Impact In AUSTRALIA,9.99,2025-06-09,5.31,1.88,WorthPoint
"""darwin-glass""",3.69 Grams As Found Natural DARWIN GLASS From METEORITE Impact In AUSTRALIA,6.99,2025-06-09,3.69,1.89,WorthPoint
"""darwin-glass""","""(r365-36) 1-3/4"""" Fulgurite Lightning Strike Beach Sand Glass Georgia Fulgurites""",16.49,2025-06-03,,,WorthPoint
"""darwin-glass""",Darwin Glass - 17g - Austalite - Darwinite - Tektite - Impactite #big35,37.12,2025-05-30,17,2.18,WorthPoint
"""darwin-glass""",30.4 Grams Broken Side Natural DARWIN GLASS From METEORITE Impact In AUSTRALIA,31.99,2025-05-29,30.4,1.05,WorthPoint
"""darwin-glass""","""(r366-22) 2-1/8"""" Fulgurite Lightning Strike Beach Sand Glass Georgia Fulgurites""",18.99,2025-05-25,,,WorthPoint
"""darwin-glass""","""(r365-48) 1-3/4"""" Fulgurite Lightning Strike Beach Sand Glass Georgia Fulgurites""",16.49,2025-05-25,,,WorthPoint
"""darwin-glass""","""(r365-35) 1-3/4"""" Fulgurite Lightning Strike Beach Sand Glass Georgia Fulgurites""",16.49,2025-05-25,,,WorthPoint
"""darwin-glass""","""(r365-50) 1-3/4"""" Fulgurite Lightning Strike Beach Sand Glass Georgia Fulgurites""",16.49,2025-05-25,,,WorthPoint
"""darwin-glass""",278 Grams As Found Natural DARWIN GLASS From METEORITE Impact In AUSTRALIA,229,2025-05-21,278,0.82,WorthPoint
"""darwin-glass""","""(r364-117) 1-1/8"""" Fulgurite Lightning Strike Beach Sand Glass Georgia Fulgurites""",14.99,2025-05-19,,,WorthPoint
"""darwin-glass""",4.13 Grams As Found Natural DARWIN GLASS From METEORITE Impact In AUSTRALIA,6.99,2025-05-10,4.13,1.69,WorthPoint
"""darwin-glass""","""r365-6) 1-1/2"""" Fulgurite Lightning Strike Beach Sand Glass Georgia Fulgurites""",15.99,2025-05-06,,,WorthPoint
"""darwin-glass""","""(r364-113) 1-1/8"""" Fulgurite Lightning Strike Beach Sand Glass Georgia Fulgurites""",14.99,2025-05-05,,,WorthPoint
"""darwin-glass""",Darwin Glass Tektite ~ Meteorite Impact Australia ~ 6.19 Grams ~ Large Hole,14.25,2025-04-28,6.19,2.3,WorthPoint
"""darwin-glass""",Darwin Glass -- 5g - Austalite - Darwinite - Tektite - Impactite #win56,16.35,2025-04-22,5,3.27,WorthPoint
"""darwin-glass""",34.6 Grams As Found Natural DARWIN GLASS From METEORITE Impact In AUSTRALIA,39.99,2025-04-18,34.6,1.16,WorthPoint
"""darwin-glass""",6.92 Grams As Found Natural DARWIN GLASS From METEORITE Impact In AUSTRALIA,10.99,2025-04-11,6.92,1.59,WorthPoint
"""darwin-glass""",11.5 Grams As Found Natural DARWIN GLASS From METEORITE Impact In AUSTRALIA,15.99,2025-04-11,11.5,1.39,WorthPoint
"""darwin-glass""",39.5 Grams As Found Natural DARWIN GLASS From METEORITE Impact In AUSTRALIA,49.99,2025-04-11,39.5,1.27,WorthPoint
"""darwin-glass""",5.92 Grams As Found Natural DARWIN GLASS From METEORITE Impact In AUSTRALIA,9.99,2025-04-11,5.92,1.69,WorthPoint
"""darwin-glass""","""(r365-45) 1-3/4"""" Fulgurite Lightning Strike Beach Sand Glass Georgia Fulgurites""",16.49,2025-04-09,,,WorthPoint
"""darwin-glass""",6.926 Grams NATURAL DARWIN GLASS From METEORITE Impact AUSTRALIA,16.6,2025-04-04,6.926,2.4,WorthPoint
"""darwin-glass""",20.9 Grams 12 As Found Natural DARWIN GLASS From METEORITE Impact In AUSTRALIA,20.99,2025-04-02,20.9,1,WorthPoint
"""darwin-glass""",Darwin Glass - 22g - Austalite - Darwinite - Tektite - Impactite #big24,31.14,2025-03-31,22,1.42,WorthPoint
"""darwin-glass""","""(R399-17-4) 4"""" Fossil Fulgurite Petrified Lightning Strike Beach Sand Glass GA""",26.99,2025-03-24,,,WorthPoint
"""darwin-glass""",Darwin Glass -- 22g - Austalite - Darwinite - Tektite - Impactite #gls27a,20.7,2025-03-14,22,0.94,WorthPoint
"""darwin-glass""",34.3 Grams 9 As Found Natural DARWIN GLASS From METEORITE Impact In AUSTRALIA,34.99,2025-03-13,34.3,1.02,WorthPoint
"""darwin-glass""",5.25 Grams As Found Natural DARWIN GLASS From METEORITE Impact In AUSTRALIA,7.99,2025-03-12,5.25,1.52,WorthPoint
"""darwin-glass""","Darwin Glass, Near Mt. Darwin, Tasmania Australia Weight: 3.73 Grams",16.75,2025-03-11,3.73,4.49,WorthPoint
"""darwin-glass""","""(r365-44) 1-3/4"""" Fulgurite Lightning Strike Beach Sand Glass Georgia Fulgurites""",16.49,2025-03-04,,,WorthPoint
"""darwin-glass""",Darwin Glass -- 12g - Austalite - Darwinite - Tektite - Impactite #gls9,19.81,2025-03-04,12,1.65,WorthPoint
"""darwin-glass""","""(r365-37) 1-3/4"""" Fulgurite Lightning Strike Beach Sand Glass Georgia Fulgurites""",16.49,2025-03-03,,,WorthPoint
"""darwin-glass""",3.45 Grams As Found Natural DARWIN GLASS From METEORITE Impact In AUSTRALIA,5.49,2025-03-01,3.45,1.59,WorthPoint
"""darwin-glass""",5.34 Grams As Found Natural DARWIN GLASS From METEORITE Impact In AUSTRALIA,11.99,2025-02-21,5.34,2.25,WorthPoint
"""darwin-glass""","""r365-32-6) 1-1/2"""" Fulgurite Lightning Strike Beach Sand Glass Georgia Fulgurites""",15.99,2025-02-21,,,WorthPoint
"""darwin-glass""","""Tektite (""""Australite"""") - Darwin, Northern Territory, Australia""",10,2025-02-09,,,WorthPoint
"""darwin-glass""","""(r362-50) 4 Piece Set 1/2-1-1/8"""" Fulgurites Lightning Strike Beach Sand Glass GA""",22.99,2025-02-08,,,WorthPoint
"""darwin-glass""",Darwin Glass 3.73g Impactite - Created By Meteorite Impact,20,2025-02-01,3.73,5.36,WorthPoint
"""darwin-glass""",27.9 Grams 12 As Found Natural DARWIN GLASS From METEORITE Impact In AUSTRALIA,29.99,2025-01-25,27.9,1.07,WorthPoint
"""darwin-glass""",25.9 Grams 12 As Found Natural DARWIN GLASS From METEORITE Impact In AUSTRALIA,26.99,2025-01-25,25.9,1.04,WorthPoint
"""darwin-glass""",33 Grams All 9 As Found Natural DARWIN GLASS From METEORITE Impact In AUSTRALIA,34.99,2025-01-25,33,1.06,WorthPoint
"""darwin-glass""",29.6 Grams 12 As Found Natural DARWIN GLASS From METEORITE Impact In AUSTRALIA,29.99,2025-01-25,29.6,1.01,WorthPoint
"""darwin-glass""",3.28 Grams As Found Natural DARWIN GLASS From METEORITE Impact In AUSTRALIA,5.49,2025-01-23,3.28,1.67,WorthPoint
"""darwin-glass""","""r365-4) 1-1/2"""" Fulgurite Lightning Strike Beach Sand Glass Georgia Fulgurites""",15.99,2025-01-22,,,WorthPoint
"""darwin-glass""","""(r364-132) 1-1/8"""" Fulgurite Lightning Strike Beach Sand Glass Georgia Fulgurites""",14.99,2025-01-22,,,WorthPoint
"""darwin-glass""","""r365-8) 1-1/2"""" Fulgurite Lightning Strike Beach Sand Glass Georgia Fulgurites""",15.99,2025-01-22,,,WorthPoint
"""darwin-glass""","""r365-2) 1-1/2"""" Fulgurite Lightning Strike Beach Sand Glass Georgia Fulgurites""",15.99,2025-01-11,,,WorthPoint
"""darwin-glass""",8.34 Grams As Found Natural DARWIN GLASS From METEORITE Impact In AUSTRALIA,12.99,2025-01-09,8.34,1.56,WorthPoint
"""darwin-glass""",4.92 Grams As Found Natural DARWIN GLASS From METEORITE Impact In AUSTRALIA,6.99,2025-01-03,4.92,1.42,WorthPoint
"""darwin-glass""","""(r364-138) 1-1/8"""" Fulgurite Lightning Strike Beach Sand Glass Georgia Fulgurites""",14.99,2024-12-19,,,WorthPoint
"""darwin-glass""",6.23 Grams As Found Natural DARWIN GLASS From METEORITE Impact In AUSTRALIA,10.99,2024-12-12,6.23,1.76,WorthPoint
"""darwin-glass""","""r365-32-4) 1-1/2"""" Fulgurite Lightning Strike Beach Sand Glass Georgia Fulgurites""",15.99,2024-12-12,,,WorthPoint
"""darwin-glass""",6.56 Grams As Found Natural DARWIN GLASS From METEORITE Impact In AUSTRALIA,10.99,2024-12-11,6.56,1.68,WorthPoint
"""darwin-glass""",6.06 Grams As Found Natural DARWIN GLASS From METEORITE Impact In AUSTRALIA,10.99,2024-12-11,6.06,1.81,WorthPoint
"""darwin-glass""",21.2 Grams 12 As Found Natural DARWIN GLASS From METEORITE Impact In AUSTRALIA,22.99,2024-12-11,21.2,1.08,WorthPoint
"""darwin-glass""",5.88 Grams As Found Natural DARWIN GLASS From METEORITE Impact In AUSTRALIA,10.99,2024-12-11,5.88,1.87,WorthPoint
"""darwin-glass""",Darwin Glass -- 4g -- Austalite - Darwinite - Tektite - Impactite #win98a,9.97,2024-11-24,4,2.49,WorthPoint
"""darwin-glass""",ATACAMAITE IMPACT GLASS - Atacama Desert Chile - Tektite - Meteorite,6,2024-11-24,,,WorthPoint
"""darwin-glass""",23.6 Grams 12 As Found Natural DARWIN GLASS From METEORITE Impact In AUSTRALIA,24.99,2024-11-05,23.6,1.06,WorthPoint
"""darwin-glass""","""(r364-134) 1-1/8"""" Fulgurite Lightning Strike Beach Sand Glass Georgia Fulgurites""",14.99,2024-11-05,,,WorthPoint
"""darwin-glass""","""(r365-23) 1-1/2"""" Fulgurite Lightning Strike Beach Sand Glass Georgia Fulgurites""",15.99,2024-11-02,,,WorthPoint
"""darwin-glass""",6.20 Grams As Found Natural DARWIN GLASS From METEORITE Impact In AUSTRALIA,11.99,2024-10-27,6.2,1.93,WorthPoint
"""darwin-glass""",Darwin Glass 5.77g Impactite - Created By Meteorite Impact,15,2024-10-26,5.77,2.6,WorthPoint
"""darwin-glass""",10.1 Grams As Found Natural DARWIN GLASS From METEORITE Impact In AUSTRALIA,12.99,2024-10-19,10.1,1.29,WorthPoint
"""darwin-glass""","""(r366-24) 2-1/8"""" Fulgurite Lightning Strike Beach Sand Dune Glass GA Fulgurites""",18.99,2024-10-10,,,WorthPoint
"""darwin-glass""","(r363-19) 2 Fulgurites 1-1/8"" Lightning Strike Beach Sand Dune Glass Georgia",18.99,2024-09-17,,,WorthPoint
"""darwin-glass""",Darwin Glass - 18g - Austalite - Darwinite - Tektite - Impactite #big44,37.86,2024-09-11,18,2.1,WorthPoint
"""darwin-glass""","Darwin Glass ~ Meteorite Impact Glass - Australia 800,000 Years Ago - 2.49 Grams",6.25,2024-09-06,2.49,2.51,WorthPoint
"""darwin-glass""",8.97 Grams As Found Natural DARWIN GLASS From METEORITE Impact In AUSTRALIA,11.99,2024-09-06,8.97,1.34,WorthPoint
"""darwin-glass""",5.82 Grams As Found Natural DARWIN GLASS From METEORITE Impact In AUSTRALIA,10.99,2024-08-31,5.82,1.89,WorthPoint
"""darwin-glass""",7.81 Grams As Found Natural DARWIN GLASS From METEORITE Impact In AUSTRALIA,15.99,2024-08-25,7.81,2.05,WorthPoint
"""darwin-glass""","Darwin Glass, Near Mt. Darwin, Tasmania Australia Weight: 5.02 Grams",16.79,2024-08-25,5.02,3.34,WorthPoint
"""darwin-glass""","(r364-112) 1-1/8"" Fulgurite Lightning Strike Beach Sand Glass Georgia Fulgurites",14.99,2024-08-24,,,WorthPoint
"""darwin-glass""",5.79 Grams As Found Natural DARWIN GLASS From METEORITE Impact In AUSTRALIA,10.99,2024-08-12,5.79,1.9,WorthPoint
"""darwin-glass""",45.6 Grams All 9 Natural Found DARWIN GLASS From METEORITE Impact In AUSTRALIA,43.99,2024-08-10,45.6,0.96,WorthPoint
"""darwin-glass""",5.22 Grams As Found Natural DARWIN GLASS From METEORITE Impact In AUSTRALIA,8.99,2024-08-09,5.22,1.72,WorthPoint
"""darwin-glass""",8.44 Grams As Found Natural DARWIN GLASS From METEORITE Impact In AUSTRALIA,11.99,2024-07-30,8.44,1.42,WorthPoint
"""darwin-glass""","(r364-29) 2 Fulgurites 1-5/8"" Lightning Strike Beach Sand Glass Georgia Set",22.99,2024-07-29,,,WorthPoint
"""darwin-glass""","(r365-24) 1-1/2"" Fulgurite Lightning Strike Beach Sand Glass Georgia Fulgurites",15.99,2024-07-29,,,WorthPoint
"""darwin-glass""",13 Grams As Found Natural DARWIN GLASS From METEORITE Impact In AUSTRALIA,31.99,2024-07-18,13,2.46,WorthPoint
"""darwin-glass""","(r365-22) 1-1/2"" Fulgurite Lightning Strike Beach Sand Glass Georgia Fulgurites",15.99,2024-07-06,,,WorthPoint
"""darwin-glass""",4.14 Grams As Found Natural DARWIN GLASS From METEORITE Impact In AUSTRALIA,10.99,2024-06-09,4.14,2.65,WorthPoint
"""darwin-glass""","(r365-18) 1-1/2"" Fulgurite Lightning Strike Beach Sand Glass Georgia Fulgurites",15.99,2024-06-08,,,WorthPoint
"""darwin-glass""",Darwin Glass - 19g - Austalite - Darwinite - Tektite - Impactite #big27,35.49,2024-06-01,19,1.87,WorthPoint
"""darwin-glass""","(r364-114) 1-1/8"" Fulgurite Lightning Strike Beach Sand Glass Georgia Fulgurites",14.99,2024-05-26,,,WorthPoint
"""darwin-glass""","(r365-43) 1-3/4"" Fulgurite Lightning Strike Beach Sand Glass Georgia Fulgurites",16.49,2024-05-09,,,WorthPoint
"""darwin-glass""",Darwin Glass -- 4g - Austalite - Darwinite - Tektite - Impactite #win7a,14.53,2024-05-09,4,3.63,WorthPoint
"""darwin-glass""","(r365-17) 1-1/2"" Fulgurite Lightning Strike Beach Sand Glass Georgia Fulgurites",15.99,2024-05-06,,,WorthPoint
"""darwin-glass""","R362-51) 4 Piece Set 1/2 1-1/8"" Fulgurites Lightning Strike Beach Sand Glass GA",22.99,2024-04-29,,,WorthPoint
"""darwin-glass""",5.409 Grams NATURAL DARWIN GLASS From METEORITE Impact AUSTRALIA,10.4,2024-04-28,5.409,1.92,WorthPoint
"""darwin-glass""",6.45 Grams As Found Natural DARWIN GLASS From METEORITE Impact In AUSTRALIA,12.99,2024-04-27,6.45,2.01,WorthPoint
"""darwin-glass""","Darwin Glass, Australite, Darwinite , Impactite, Tektite, Tektites, 2.32 Grams",18,2024-04-11,2.32,7.76,WorthPoint
"""darwin-glass""",Darwin Glass -- 23g - Austalite - Darwinite - Tektite - Impactite #gls29,33.06,2024-04-09,23,1.44,WorthPoint
"""darwin-glass""","(r364-130) 1-1/8"" Fulgurite Lightning Strike Beach Sand Glass Georgia Fulgurites",14.99,2024-04-04,,,WorthPoint
"""darwin-glass""",Darwin Glass - 21g - Austalite - Darwinite - Tektite - Impactite #big95,44.06,2024-04-02,21,2.1,WorthPoint
"""darwin-glass""",6.74 Grams As Found Natural DARWIN GLASS From METEORITE Impact In AUSTRALIA,12.99,2024-04-01,6.74,1.93,WorthPoint
"""darwin-glass""",6 Darwin Glass Impactite Austalite Tasmania Australia 19.5 Grams,28.95,2024-03-29,19.5,1.48,WorthPoint
"""darwin-glass""","27 Different Asteroid IMPACTITES, Grade A Specimens, 759-grams (1#, 10.8-ounces)",69.95,2024-03-28,759,0.09,WorthPoint
"""darwin-glass""",2.55 Grams As Found Natural DARWIN GLASS From METEORITE Impact In AUSTRALIA,5.99,2024-03-27,2.55,2.35,WorthPoint
"""darwin-glass""","(r363-20) 2 Fulgurites 1-1/8"" Lightning Strike Beach Sand Glass Georgia Set",18.99,2024-03-27,,,WorthPoint
"""darwin-glass""","(r364-109) 1-1/8"" Fulgurite Lightning Strike Beach Sand Glass Georgia Fulgurites",14.99,2024-03-27,,,WorthPoint
"""darwin-glass""",5.73 Grams As Found Natural DARWIN GLASS From METEORITE Impact In AUSTRALIA,14.99,2024-03-25,5.73,2.62,WorthPoint
"""darwin-glass""","R365-32-2) 1-1/2"" Fulgurite Lightning Strike Beach Sand Glass Georgia Fulgurites",15.99,2024-03-25,,,WorthPoint
"""darwin-glass""",Darwin Glass - 14g - Austalite - Darwinite - Tektite - Impactite #big18a,26.64,2024-03-22,14,1.9,WorthPoint
"""darwin-glass""","(r363-14) 2 Fulgurites 1-5/8"" Lightning Strike Beach Sand Glass Georgia Set",18.99,2024-03-22,,,WorthPoint
"""darwin-glass""","22 Different Asteroid IMPACTITES, Grade A Specimens, 240-grams (8.2-ounces)",49.95,2024-03-16,240,0.21,WorthPoint
"""darwin-glass""",Darwin Glass - 20g - Austalite - Darwinite - Tektite - Impactite #big26,33.6,2024-02-29,20,1.68,WorthPoint
"""darwin-glass""",Darwin Glass - 250g BULK - Austalite - Darwinite - Tektite - Impactite #DWG2,299.99,2024-02-27,250,1.2,WorthPoint
"""darwin-glass""",1.68 Grams As Found Natural DARWIN GLASS From METEORITE Impact In AUSTRALIA,6.49,2024-02-26,1.68,3.86,WorthPoint
"""darwin-glass""","34 Different Asteroid IMPACTITES, Grade A Specimens 1.74-kilos (3#, 13 Oz.)",79.95,2024-02-20,368.55,0.22,WorthPoint
"""darwin-glass""","(r364-31) 2 Fulgurites 1-5/8"" Lightning Strike Beach Sand Glass Georgia Set",22.99,2024-02-18,,,WorthPoint
"""darwin-glass""","21 Different Asteroid IMPACTITES, My Best Grade A Specimens 986 Grams, 2# 2.8 Oz",59.95,2024-02-12,986,0.06,WorthPoint
"""darwin-glass""","(r364-135) 1-1/8"" Fulgurite Lightning Strike Beach Sand Glass Georgia Fulgurites",14.99,2024-01-31,,,WorthPoint
"""darwin-glass""",Darwin Glass -- 18g - Austalite - Darwinite - Tektite - Impactite #gls18a,25.89,2024-01-27,18,1.44,WorthPoint
"""darwin-glass""","29 Different Asteroid IMPACTITES, My Best Grade A Specimens",124.95,2024-01-13,,,WorthPoint
"""darwin-glass""",6.82 Grams As Found Natural DARWIN GLASS From METEORITE Impact In AUSTRALIA,19,2024-01-13,6.82,2.79,WorthPoint
"""darwin-glass""",3.05 Grams As Found Natural DARWIN GLASS From METEORITE Impact In AUSTRALIA,8.99,2024-01-13,3.05,2.95,WorthPoint
"""darwin-glass""","(r365-26) 1-1/2"" Fulgurite Lightning Strike Beach Sand Glass Georgia Fulgurites",15.99,2024-01-05,,,WorthPoint
"""darwin-glass""",3.68 Grams As Found Natural DARWIN GLASS From METEORITE Impact In AUSTRALIA,10,2024-01-03,3.68,2.72,WorthPoint
"""darwin-glass""","Darwin Glass, Near Mt. Darwin, Tasmania Australia Weight: 14.36 Grams",48.75,2024-01-02,14.36,3.39,WorthPoint
"""darwin-glass""","(r365-15) 1-1/2"" Fulgurite Lightning Strike Beach Sand Glass Georgia Fulgurites",15.99,2024-01-01,,,WorthPoint
"""darwin-glass""","(r364-2) 2 Fulgurites 1-5/8"" Lightning Strike Beach Sand Glass Georgia Set",22.99,2023-12-31,,,WorthPoint
"""darwin-glass""",3.51 Grams As Found Natural DARWIN GLASS From METEORITE Impact In AUSTRALIA,9.99,2023-12-27,3.51,2.85,WorthPoint
"""darwin-glass""","Darwin Glass 7.38 Impactite - Gooey, Stringy Melt Created By Meteorite Impact",20,2023-12-23,,,WorthPoint
"""darwin-glass""","(r365-25) 1-1/2"" Fulgurite Lightning Strike Beach Sand Glass Georgia Fulgurites",15.99,2023-12-22,,,WorthPoint
"""darwin-glass""",5.69 Grams As Found Natural DARWIN GLASS From METEORITE Impact In AUSTRALIA,12.99,2023-12-20,5.69,2.28,WorthPoint
"""darwin-glass""",ATACAMAITE IMPACT GLASS LOT - Atacama Desert Chile - Tektite - Meteorite,34,2023-12-14,,,WorthPoint
"""darwin-glass""","(r364-21) 2 Fulgurites 1-5/8"" Lightning Strike Beach Sand Glass Georgia Set",22.99,2023-12-05,,,WorthPoint
"""darwin-glass""","23 Different Asteroid IMPACTITES, 428-grams, 15-oz. Including My Best Specimens",71,2023-12-04,428,0.17,WorthPoint
"""darwin-glass""",Darwin Glass -- 14g - Austalite - Darwinite - Tektite - Impactite #gls11,28.2,2023-12-03,14,2.01,WorthPoint
"""darwin-glass""","(r371-2) 2-3/4"" Fulgurite Lightning Strike Beach Sand Glass Georgia Specimen",29.99,2023-11-29,,,WorthPoint
"""darwin-glass""","(r364-6) 2 Fulgurites 1-5/8"" Lightning Strike Beach Sand Glass Georgia Set",22.99,2023-11-29,,,WorthPoint
"""darwin-glass""","(r364-17) 2 Fulgurites 1-5/8"" Lightning Strike Beach Sand Glass Georgia Set",22.99,2023-11-29,,,WorthPoint
"""darwin-glass""","(r366-37) 2-1/8"" Fulgurite Lightning Strike Beach Sand Glass Georgia Fulgurites",18.99,2023-11-29,,,WorthPoint
"""darwin-glass""","(r365-31) 1-1/2"" Fulgurite Lightning Strike Beach Sand Glass Georgia Fulgurites",15.99,2023-11-29,,,WorthPoint
"""darwin-glass""",Darwin Glass -- 13g - Austalite - Darwinite - Tektite - Impactite #gls12,24.47,2023-11-26,13,1.88,WorthPoint
"""darwin-glass""","(r365-123) 1-7/8"" Fulgurite Lightning Strike Beach Sand Glass Georgia Fulgurites",16.99,2023-11-16,,,WorthPoint
"""darwin-glass""",3.29 Grams As Found Natural DARWIN GLASS From METEORITE Impact In AUSTRALIA,9.99,2023-11-15,3.29,3.04,WorthPoint
"""darwin-glass""",4.40 Grams As Found Natural DARWIN GLASS From METEORITE Impact In AUSTRALIA,12,2023-11-06,4.4,2.73,WorthPoint
"""darwin-glass""","(r365-16) 1-1/2"" Fulgurite Lightning Strike Beach Sand Glass Georgia Fulgurites",15.99,2023-11-01,,,WorthPoint
"""darwin-glass""","R365-32-7) 1-1/2"" Fulgurite Lightning Strike Beach Sand Glass Georgia Fulgurites",15.99,2023-10-28,,,WorthPoint
"""darwin-glass""","R365-32-5) 1-1/2"" Fulgurite Lightning Strike Beach Sand Glass Georgia Fulgurites",15.99,2023-10-28,,,WorthPoint
"""darwin-glass""","(r364-128) 1-1/8"" Fulgurite Lightning Strike Beach Sand Glass Georgia Fulgurites",14.99,2023-10-23,,,WorthPoint
"""darwin-glass""","R362-36) 4 Piece Set 1/2 1-1/8"" Fulgurites Lightning Strike Beach Sand Glass GA",22.99,2023-10-23,,,WorthPoint
"""darwin-glass""",7.94 Grams As Found Natural DARWIN GLASS From METEORITE Impact In AUSTRALIA,22.99,2023-10-12,7.94,2.9,WorthPoint
"""darwin-glass""",5.52 Grams As Found Natural DARWIN GLASS From METEORITE Impact In AUSTRALIA,14.99,2023-10-10,5.52,2.72,WorthPoint
"""darwin-glass""","(r364-136) 1-1/8"" Fulgurite Lightning Strike Beach Sand Glass Georgia Fulgurites",14.99,2023-10-07,,,WorthPoint
"""darwin-glass""","(r364-116) 1-1/8"" Fulgurite Lightning Strike Beach Sand Glass Georgia Fulgurites",14.99,2023-09-30,,,WorthPoint
"""darwin-glass""","22 Different Asteroid And Comet IMPACTITES, 1.16-kilos, 2 1/2-lbs. Of Fine Rocks",48.89,2023-09-30,,,WorthPoint
"""darwin-glass""",Darwin Glass - 15g - Austalite - Darwinite - Tektite - Impactite #big41,35.18,2023-09-28,15,2.35,WorthPoint
"""darwin-glass""",3.78 Grams As Found Natural DARWIN GLASS From METEORITE Impact In AUSTRALIA,9.99,2023-09-25,3.78,2.64,WorthPoint
"""darwin-glass""",3.84 Grams As Found Natural DARWIN GLASS From METEORITE Impact In AUSTRALIA,10.99,2023-09-20,3.84,2.86,WorthPoint
"""darwin-glass""","(r365-85) 1-7/8"" Fulgurite Lightning Strike Beach Sand Glass Georgia Fulgurites",16.99,2023-09-10,,,WorthPoint
"""darwin-glass""","Darwin Glass 7.18g Impactite - Gooey, Stringy Melt Created By Meteorite Impact",19,2023-09-09,7.18,2.65,WorthPoint
"""darwin-glass""",2.79 Grams As Found Natural DARWIN GLASS From METEORITE Impact In AUSTRALIA,6.99,2023-09-02,2.79,2.51,WorthPoint
"""darwin-glass""","R362-52) 4 Piece Set 1/2 1-1/8"" Fulgurites Lightning Strike Beach Sand Glass GA",22.99,2023-08-20,,,WorthPoint
"""darwin-glass""","(r365-37) 1-3/4"" Fulgurite Lightning Strike Beach Sand Glass Georgia Fulgurites",16.49,2023-07-27,,,WorthPoint
"""darwin-glass""",Charm Very Rare Aaa Grade Darwinite Australian Tektite Heart Connection Crystal,39,2023-07-18,,,WorthPoint
"""darwin-glass""","(r365-110) 1-7/8"" Fulgurite Lightning Strike Beach Sand Glass Georgia Fulgurites",16.99,2023-07-17,,,WorthPoint
"""darwin-glass""","(r365-46) 1-3/4"" Fulgurite Lightning Strike Beach Sand Glass Georgia Fulgurites",16.49,2023-07-06,,,WorthPoint
"""darwin-glass""","R362-49) 4 Piece Set 1/2 1-1/8"" Fulgurites Lightning Strike Beach Sand Glass GA",22.99,2023-06-24,,,WorthPoint
"""darwin-glass""",8.72 Grams As Found Natural DARWIN GLASS From METEORITE Impact In AUSTRALIA,14.99,2023-06-24,8.72,1.72,WorthPoint
"""darwin-glass""",4.60 Grams As Found Natural DARWIN GLASS From METEORITE Impact In AUSTRALIA,7.99,2023-06-14,4.6,1.74,WorthPoint
"""darwin-glass""",5.063 Grams As Found Natural DARWIN GLASS From METEORITE Impact In AUSTRALIA,12,2023-06-14,5.063,2.37,WorthPoint
"""darwin-glass""",6.32 Grams As Found Natural DARWIN GLASS From METEORITE Impact In AUSTRALIA,11.99,2023-06-13,6.32,1.9,WorthPoint
"""darwin-glass""",5 Pieces Of Darwin Glass! 19.4g!,26,2023-06-11,19.4,1.34,WorthPoint
"""darwin-glass""",5.81 Grams As Found Natural DARWIN GLASS From METEORITE Impact In AUSTRALIA,10.5,2023-06-10,5.81,1.81,WorthPoint
"""darwin-glass""",4.08 Grams As Found Natural DARWIN GLASS From METEORITE Impact In AUSTRALIA,7.99,2023-06-10,4.08,1.96,WorthPoint
"""darwin-glass""",3.48 Grams As Found Natural DARWIN GLASS From METEORITE Impact In AUSTRALIA,7.5,2023-06-10,3.48,2.16,WorthPoint
"""darwin-glass""",4.58 Grams As Found Natural DARWIN GLASS From METEORITE Impact In AUSTRALIA,7.99,2023-06-08,4.58,1.74,WorthPoint
"""darwin-glass""",5.19 Grams As Found Natural DARWIN GLASS From METEORITE Impact In AUSTRALIA,10.5,2023-06-08,5.19,2.02,WorthPoint
"""darwin-glass""",15.2 Grams As Found Natural DARWIN GLASS From METEORITE Impact In AUSTRALIA,45,2023-06-01,15.2,2.96,WorthPoint
"""darwin-glass""",Darwin Glass -- 21g - Austalite - Darwinite - Tektite - Impactite #gls25,39.27,2023-05-30,21,1.87,WorthPoint
"""darwin-glass""",4.42 Grams NATURAL DARWIN GLASS From METEORITE Impact AUSTRALIA,14.39,2023-05-29,4.42,3.26,WorthPoint
"""darwin-glass""",4.78 Grams NATURAL DARWIN GLASS From METEORITE Impact AUSTRALIA,14.99,2023-05-29,4.78,3.14,WorthPoint
"""darwin-glass""",5 Grams NATURAL DARWIN GLASS From METEORITE Impact AUSTRALIA,20,2023-05-29,5,4,WorthPoint
"""darwin-glass""","R362-39) 4 Piece Set 1/2 1-1/8"" Fulgurites Lightning Strike Beach Sand Glass GA",22.99,2023-05-13,,,WorthPoint
"""darwin-glass""",12.8 Grams As Found Natural DARWIN GLASS From METEORITE Impact In AUSTRALIA,20.99,2023-05-13,12.8,1.64,WorthPoint
"""darwin-glass""",Darwin Glass - 16g - Austalite - Darwinite - Tektite - Impactite #big22,33.31,2023-05-06,16,2.08,WorthPoint
"""darwin-glass""","Darwin Glass 5.02g Impactite - Gooey, Stringy Melt Created By Meteorite Impact",19,2023-05-06,5.02,3.78,WorthPoint
"""darwin-glass""",8.17 Grams As Found Natural DARWIN GLASS From METEORITE Impact In AUSTRALIA,13.99,2023-04-29,8.17,1.71,WorthPoint
"""darwin-glass""",29 Different Rare Small IMPACTITES Fr. Asteroid & Comet Impactas 266-gr (9.4-oz),37,2023-04-24,266,0.14,WorthPoint
"""darwin-glass""","Darwin Glass, Near Mt. Darwin, Tasmania Australia Weight: 4.34 Grams",17.75,2023-04-20,4.34,4.09,WorthPoint
"""darwin-glass""",Darwin Glass -- 15g - Austalite - Darwinite - Tektite - Impactite #gls22,29.71,2023-04-20,15,1.98,WorthPoint
"""darwin-glass""",9.197 Grams NATURAL DARWIN GLASS From METEORITE Impact AUSTRALIA,18.4,2023-04-20,9.197,2,WorthPoint
"""darwin-glass""","Darwin Glass 6.38g Impactite - Gooey, Stringy Melt Created By Meteorite Impact",25,2023-04-18,6.38,3.92,WorthPoint
"""darwin-glass""","Darwin Glass, Near Mt. Darwin, Tasmania Australia Weight: 7.18 Grams",26.75,2023-04-17,7.18,3.73,WorthPoint
"""darwin-glass""","R365-32-3) 1-1/2"" Fulgurite Lightning Strike Beach Sand Glass Georgia Fulgurites",15.99,2023-04-10,,,WorthPoint
"""darwin-glass""","(r366-44) 2-1/8"" Fulgurite Lightning Strike Beach Sand Glass Georgia Fulgurites",18.99,2023-04-08,,,WorthPoint
"""darwin-glass""",Darwin Glass - 8g - Austalite - Darwinite - Tektite - Impactite #big47,16.19,2023-03-17,8,2.02,WorthPoint
"""darwin-glass""",Darwin Glass - 23g - Austalite - Darwinite - Tektite - Impactite #big92,59.49,2023-03-17,23,2.59,WorthPoint
"""darwin-glass""",3.982 Grams As Found Natural DARWIN GLASS From METEORITE Impact In AUSTRALIA,6.99,2023-03-06,3.982,1.76,WorthPoint
"""darwin-glass""",14.8 Grams As Found Natural DARWIN GLASS From METEORITE Impact In AUSTRALIA,19.99,2023-03-05,14.8,1.35,WorthPoint
"""darwin-glass""",5.06 Grams As Found Natural DARWIN GLASS From METEORITE Impact In AUSTRALIA,10.99,2023-02-26,5.06,2.17,WorthPoint
"""darwin-glass""",5.55 Grams As Found Natural DARWIN GLASS From METEORITE Impact In AUSTRALIA,18.99,2023-02-18,5.55,3.42,WorthPoint
"""darwin-glass""",Darwin Glass -- 5g -- Austalite - Darwinite - Tektite - Impactite #win96,16.68,2023-02-09,5,3.34,WorthPoint
"""darwin-glass""",3.98 Grams As Found Natural DARWIN GLASS From METEORITE Impact In AUSTRALIA,9.99,2023-02-05,3.98,2.51,WorthPoint
"""darwin-glass""","(r365-39) 1-3/4"" Fulgurite Lightning Strike Beach Sand Glass Georgia Fulgurites",16.49,2023-01-28,,,WorthPoint
"""darwin-glass""",6.946 Grams NATURAL DARWIN GLASS From METEORITE Impact AUSTRALIA,16.64,2023-01-21,6.946,2.4,WorthPoint
"""darwin-glass""",9.1 Grams NATURAL DARWIN GLASS From METEORITE Impact AUSTRALIA,36.8,2023-01-21,9.1,4.04,WorthPoint
"""darwin-glass""",10.9 Grams As Found Natural DARWIN GLASS From METEORITE Impact In AUSTRALIA,19.99,2023-01-21,10.9,1.83,WorthPoint
"""darwin-glass""",Darwin Glass - 9g - Austalite - Darwinite - Tektite - Impactite #big29,21.41,2023-01-20,9,2.38,WorthPoint
"""darwin-glass""",Darwin Glass - 11g - Austalite - Darwinite - Tektite - Impactite #big42,26,2023-01-20,11,2.36,WorthPoint
"""darwin-glass""",☄️lot Of 6 *agni Manitite Libyan Desert Glass Moldavite Saffordite Gibeon* Set,136,2023-01-17,,,WorthPoint
"""darwin-glass""",6.13 Grams As Found Natural DARWIN GLASS From METEORITE Impact In AUSTRALIA,13.99,2023-01-14,6.13,2.28,WorthPoint
"""darwin-glass""",Darwin Glass -- 27g - Austalite - Darwinite - Tektite - Impactite #gls21,45.59,2023-01-13,27,1.69,WorthPoint
"""darwin-glass""",3.41 Grams As Found Natural DARWIN GLASS From METEORITE Impact In AUSTRALIA,10.5,2023-01-04,3.41,3.08,WorthPoint
"""darwin-glass""",17 Grams As Found Natural DARWIN GLASS From METEORITE Impact In AUSTRALIA,27.99,2023-01-01,17,1.65,WorthPoint
"""darwin-glass""","(r365-54) 1-3/4"" Fulgurite Lightning Strike Beach Sand Glass Georgia Fulgurites",16.49,2022-12-23,,,WorthPoint
"""darwin-glass""","(r364-124) 1-1/8"" Fulgurite Lightning Strike Beach Sand Glass Georgia Fulgurites",14.99,2022-12-20,,,WorthPoint
"""darwin-glass""",2.92 Grams As Found Natural DARWIN GLASS From METEORITE Impact In AUSTRALIA,5.99,2022-12-18,2.92,2.05,WorthPoint
"""darwin-glass""","(r366-50) 2-1/8"" Fulgurite Lightning Strike Beach Sand Dune Glass GA Fulgurites",18.99,2022-12-18,,,WorthPoint
"""darwin-glass""","(r367-3) 2-1/4"" Fulgurite Lightning Strike Beach Sand Glass Georgia Specimen",20.99,2022-12-18,,,WorthPoint
"""darwin-glass""","(r365-56) 1-3/4"" Fulgurite Lightning Strike Beach Sand Glass Georgia Fulgurites",16.49,2022-12-18,,,WorthPoint
"""darwin-glass""","(r365-38) 1-3/4"" Fulgurite Lightning Strike Beach Sand Glass Georgia Fulgurites",16.49,2022-12-16,,,WorthPoint
"""darwin-glass""","(r365-61) 1-7/8"" Fulgurite Lightning Strike Beach Sand Glass Georgia Fulgurites",16.99,2022-12-14,,,WorthPoint
"""darwin-glass""","(r364-18) 2 Fulgurites 1-5/8"" Lightning Strike Beach Sand Glass Georgia Set",22.99,2022-12-13,,,WorthPoint
"""darwin-glass""",0.779g ATACAMAITE IMPACT GLASS W/COA Atacama Desert Chile - Tektite - Meteorite,21,2022-12-12,0.779,26.96,WorthPoint
"""darwin-glass""","(r365-125) 1-7/8"" Fulgurite Lightning Strike Beach Sand Glass Georgia Fulgurites",16.99,2022-12-04,,,WorthPoint
"""darwin-glass""",0.728g ATACAMAITE IMPACT GLASS W/COA Atacama Desert Chile - Tektite - Meteorite,21,2022-11-29,0.728,28.85,WorthPoint
"""darwin-glass""",Archie McPhee Charles Darwin Glass Christmas Ornament NIP,15,2022-11-29,,,WorthPoint
"""darwin-glass""",4.42 Grams As Found Natural DARWIN GLASS From METEORITE Impact In AUSTRALIA,10.99,2022-11-28,4.42,2.49,WorthPoint
"""darwin-glass""",4.87 Grams As Found Natural DARWIN GLASS From METEORITE Impact In AUSTRALIA,9.99,2022-11-28,4.87,2.05,WorthPoint
"""darwin-glass""","(r369-5) 2-1/2"" Fulgurite Lightning Strike Beach Sand Glass GA Display Specimen",24.99,2022-11-26,,,WorthPoint
"""darwin-glass""",8.12 Grams As Found Natural DARWIN GLASS From METEORITE Impact In AUSTRALIA,23.99,2022-11-25,8.12,2.95,WorthPoint
"""darwin-glass""",0.500g ATACAMAITE IMPACT GLASS W/COA Atacama Desert Chile - Tektite - Meteorite,19,2022-11-18,0.5,38,WorthPoint
"""darwin-glass""",4.639 Grams NATURAL DARWIN GLASS From METEORITE Impact AUSTRALIA,9.27,2022-11-15,4.639,2,WorthPoint
"""darwin-glass""",3.1 Grams NATURAL DARWIN GLASS From METEORITE Impact AUSTRALIA,12.4,2022-11-15,3.1,4,WorthPoint
"""darwin-glass""","(r365-33) 1-3/4"" Fulgurite Lightning Strike Beach Sand Glass Georgia Fulgurites",16.49,2022-11-12,,,WorthPoint
"""darwin-glass""",THIRTY Different Remarkable Rare Small To Medium IMPACTITES 927-grams (2-Pounds),119.95,2022-11-08,927,0.13,WorthPoint
"""darwin-glass""","R362-42) 4 Piece Set 1/2 1-1/8"" Fulgurites Lightning Strike Beach Sand Glass GA",22.99,2022-11-02,,,WorthPoint
"""darwin-glass""","(r364-28) 2 Fulgurites 1-5/8"" Lightning Strike Beach Sand Glass Georgia Set",22.99,2022-10-28,,,WorthPoint
"""darwin-glass""","(r364-125) 1-1/8"" Fulgurite Lightning Strike Beach Sand Glass Georgia Fulgurites",14.99,2022-10-27,,,WorthPoint
"""darwin-glass""",Darwin Glass - 28g - Austalite - Darwinite - Tektite - Impactite #big100,72.24,2022-10-25,28,2.58,WorthPoint
"""darwin-glass""",2.81 Grams As Found Natural DARWIN GLASS From METEORITE Impact In AUSTRALIA,5.99,2022-10-21,2.81,2.13,WorthPoint
"""darwin-glass""","R362-40) 4 Piece Set 1/2 1-1/8"" Fulgurites Lightning Strike Beach Sand Glass GA",22.99,2022-10-12,,,WorthPoint
"""darwin-glass""","R362-37) 4 Piece Set 1/2 1-1/8"" Fulgurites Lightning Strike Beach Sand Glass GA",22.99,2022-10-11,,,WorthPoint
"""darwin-glass""","(r365-45) 1-3/4"" Fulgurite Lightning Strike Beach Sand Glass Georgia Fulgurites",16.49,2022-10-08,,,WorthPoint
"""darwin-glass""",5.98 Grams NATURAL DARWIN GLASS From METEORITE Impact AUSTRALIA,17.99,2022-09-28,5.98,3.01,WorthPoint
"""darwin-glass""","R362-38) 4 Piece Set 1/2 1-1/8"" Fulgurites Lightning Strike Beach Sand Glass GA",22.99,2022-09-25,,,WorthPoint
"""darwin-glass""","(r364-27) 2 Fulgurites 1-5/8"" Lightning Strike Beach Sand Glass Georgia Set",22.99,2022-09-25,,,WorthPoint
"""darwin-glass""","BEST IMPACTITE Lot EVER, 30 Different, Many Quite Rare, 586-grams (1#, 4.7 Oz.)",131,2022-09-25,586,0.22,WorthPoint
"""darwin-glass""",2.84 Grams As Found Natural DARWIN GLASS From METEORITE Impact In AUSTRALIA,8.49,2022-09-13,2.84,2.99,WorthPoint
"""darwin-glass""","R399-19-3) 5.25"" Fossil Fulgurite Petrified Lightning Strike Beach Sand Glass GA",35.99,2022-09-11,,,WorthPoint
"""darwin-glass""",0.813g ATACAMAITE IMPACT GLASS W/COA Atacama Desert Chile - Tektite - Meteorite,28,2022-09-11,0.813,34.44,WorthPoint
"""darwin-glass""","(r364-9) 2 Fulgurites 1-5/8"" Lightning Strike Beach Sand Glass Georgia Set",22.99,2022-09-08,,,WorthPoint
"""darwin-glass""","(r364-16) 2 Fulgurites 1-5/8"" Lightning Strike Beach Sand Glass Georgia Set",22.99,2022-09-04,,,WorthPoint
"""darwin-glass""",13.7 Grams As Found Natural DARWIN GLASS From METEORITE Impact In AUSTRALIA,39,2022-08-31,13.7,2.85,WorthPoint
"""darwin-glass""",7.11 Grams As Found Natural DARWIN GLASS From METEORITE Impact In AUSTRALIA,11.99,2022-08-31,7.11,1.69,WorthPoint
"""darwin-glass""",7.80 Grams As Found Natural DARWIN GLASS From METEORITE Impact In AUSTRALIA,11.99,2022-08-24,7.8,1.54,WorthPoint
"""darwin-glass""",8.29 Grams As Found Natural DARWIN GLASS From METEORITE Impact In AUSTRALIA,12.99,2022-08-24,8.29,1.57,WorthPoint
"""darwin-glass""","(r365-135) 1-7/8"" Fulgurite Lightning Strike Beach Sand Glass Georgia Fulgurites",16.99,2022-08-21,,,WorthPoint
"""darwin-glass""","(r364-26) 2 Fulgurites 1-5/8"" Lightning Strike Beach Sand Glass Georgia Set",22.99,2022-08-21,,,WorthPoint
"""darwin-glass""","(r367-7) 2-1/4"" Fulgurite Lightning Strike Beach Sand Dune Glass GA Specimen",20.99,2022-08-21,,,WorthPoint
"""darwin-glass""","(r365-63) 1-7/8"" Fulgurite Lightning Strike Beach Sand Glass GA Fulgurites Piece",16.99,2022-08-21,,,WorthPoint
"""darwin-glass""","(r365-128) 1-7/8"" Fulgurite Lightning Strike Beach Sand Glass Georgia Fulgurites",16.99,2022-08-21,,,WorthPoint
"""darwin-glass""","18 Different IMPACTITES, Some Rare, 614-grams (1#, 5-oz.), From All Over",49.95,2022-08-13,614,0.08,WorthPoint
"""darwin-glass""",4.862 Grams NATURAL DARWIN GLASS From METEORITE Impact AUSTRALIA,9.6,2022-08-03,4.862,1.97,WorthPoint
"""darwin-glass""",5.393 Grams As Found Natural DARWIN GLASS From METEORITE Impact In AUSTRALIA,12.99,2022-07-30,5.393,2.41,WorthPoint
"""darwin-glass""",3.03 Grams As Found Natural DARWIN GLASS From METEORITE Impact In AUSTRALIA,8.99,2022-07-22,3.03,2.97,WorthPoint
"""darwin-glass""",5.77 Grams As Found Natural DARWIN GLASS From METEORITE Impact In AUSTRALIA,10.99,2022-07-18,5.77,1.9,WorthPoint
"""darwin-glass""","(r365-124) 1-7/8"" Fulgurite Lightning Strike Beach Sand Glass Georgia Fulgurites",16.99,2022-07-18,,,WorthPoint
"""darwin-glass""","(r365-129) 1-7/8"" Fulgurite Lightning Strike Beach Sand Glass Georgia Fulgurites",16.99,2022-07-15,,,WorthPoint
"""darwin-glass""","(r365-32) 1-1/2"" Fulgurite Lightning Strike Beach Sand Glass Georgia Fulgurites",15.99,2022-07-10,,,WorthPoint
"""darwin-glass""","(R399-8-9) 2"" Fossil Fulgurite Petrified Lightning Strike Beach Sand Glass GA",18.99,2022-07-07,,,WorthPoint
"""darwin-glass""",3.92 Grams As Found Natural DARWIN GLASS From METEORITE Impact In AUSTRALIA,7.99,2022-07-06,3.92,2.04,WorthPoint
"""darwin-glass""",2.38 Grams As Found Natural DARWIN GLASS From METEORITE Impact In AUSTRALIA,5.5,2022-07-06,2.38,2.31,WorthPoint
"""darwin-glass""",3.16 Grams As Found Natural DARWIN GLASS From METEORITE Impact In AUSTRALIA,9.99,2022-07-02,3.16,3.16,WorthPoint
"""darwin-glass""","(r365-35) 1-3/4"" Fulgurite Lightning Strike Beach Sand Glass Georgia Fulgurites",16.49,2022-07-01,,,WorthPoint
"""darwin-glass""",10.2 Grams As Found Natural DARWIN GLASS From METEORITE Impact In AUSTRALIA,17.99,2022-06-28,10.2,1.76,WorthPoint
"""darwin-glass""",2.29 Grams As Found Natural DARWIN GLASS From METEORITE Impact In AUSTRALIA,5.49,2022-06-28,2.29,2.4,WorthPoint
"""darwin-glass""",3 Grams NATURAL DARWIN GLASS From METEORITE Impact AUSTRALIA,9.6,2022-06-25,3,3.2,WorthPoint
"""darwin-glass""","(r364-24) 2 Fulgurites 1-5/8"" Lightning Strike Beach Sand Glass Georgia Set",22.99,2022-06-22,,,WorthPoint
"""darwin-glass""",5.14 Grams NATURAL DARWIN GLASS From METEORITE Impact AUSTRALIA,15.99,2022-06-17,5.14,3.11,WorthPoint
"""darwin-glass""",2.11 Grams As Found Natural DARWIN GLASS From METEORITE Impact In AUSTRALIA,5.99,2022-06-16,2.11,2.84,WorthPoint
"""darwin-glass""",3.25 Grams NATURAL DARWIN GLASS From METEORITE Impact AUSTRALIA,10.39,2022-06-09,3.25,3.2,WorthPoint
"""darwin-glass""",8.04 Grams As Found Natural DARWIN GLASS From METEORITE Impact In AUSTRALIA,25.99,2022-06-09,8.04,3.23,WorthPoint
"""darwin-glass""",10.5 Grams As Found Natural DARWIN GLASS From METEORITE Impact In AUSTRALIA,29.99,2022-06-09,10.5,2.86,WorthPoint
"""darwin-glass""",1900 British Assn Advancement Of Science George Francis Darwin Glass Negative #4,47,2022-06-05,,,WorthPoint
"""darwin-glass""",4 Grams As Found Natural DARWIN GLASS From METEORITE Impact In AUSTRALIA,9.99,2022-06-03,4,2.5,WorthPoint
"""darwin-glass""",2.35 Grams As Found Natural DARWIN GLASS From METEORITE Impact In AUSTRALIA,5.99,2022-06-03,2.35,2.55,WorthPoint
"""darwin-glass""",With Spider Web Glass 8.89 Grams Natural DARWIN GLASS From METEORITE - AUSTRALIA,24.99,2022-05-30,8.89,2.81,WorthPoint
"""darwin-glass""",7.06 Grams As Found Natural DARWIN GLASS From METEORITE Impact In AUSTRALIA,16.99,2022-05-28,7.06,2.41,WorthPoint
"""darwin-glass""",3.76 Grams As Found Natural DARWIN GLASS From METEORITE Impact In AUSTRALIA,12.5,2022-05-28,3.76,3.32,WorthPoint
"""darwin-glass""",1.74 Grams As Found Natural HOLE - DARWIN GLASS From METEORITE Impact AUSTRALIA,5.99,2022-05-27,1.74,3.44,WorthPoint
"""darwin-glass""","(r365-132) 1-7/8"" Fulgurite Lightning Strike Beach Sand Glass Georgia Fulgurites",16.99,2022-05-26,,,WorthPoint
"""darwin-glass""","(r364-19) 2 Fulgurites 1-5/8"" Lightning Strike Beach Sand Glass Georgia Set",22.99,2022-05-26,,,WorthPoint
"""darwin-glass""",5.16 Grams As Found Natural DARWIN GLASS From METEORITE Impact In AUSTRALIA,20.49,2022-05-26,5.16,3.97,WorthPoint
"""darwin-glass""",3.11 Grams As Found Natural DARWIN GLASS From METEORITE Impact In AUSTRALIA,10.5,2022-05-26,3.11,3.38,WorthPoint
"""darwin-glass""",4.73 Grams As Found Natural DARWIN GLASS From METEORITE Impact In AUSTRALIA,14,2022-05-24,4.73,2.96,WorthPoint
"""darwin-glass""",2.03 Grams As Found Natural DARWIN GLASS From METEORITE Impact In AUSTRALIA,17.5,2022-05-24,2.03,8.62,WorthPoint
"""darwin-glass""",2.59 Grams As Found Natural DARWIN GLASS From METEORITE Impact In AUSTRALIA,7.99,2022-05-22,2.59,3.08,WorthPoint
"""darwin-glass""",5.58 Grams As Found Natural DARWIN GLASS From METEORITE Impact In AUSTRALIA,9.99,2022-05-21,5.58,1.79,WorthPoint
"""darwin-glass""",6.49 Grams As Found Natural DARWIN GLASS From METEORITE Impact In AUSTRALIA,12.99,2022-05-21,6.49,2,WorthPoint
"""darwin-glass""",7.62 Grams As Found Natural DARWIN GLASS From METEORITE Impact In AUSTRALIA,12.99,2022-05-14,7.62,1.7,WorthPoint
"""darwin-glass""",5.02 Grams As Found Natural DARWIN GLASS From METEORITE Impact In AUSTRALIA,8.99,2022-05-14,5.02,1.79,WorthPoint
"""darwin-glass""",1.71 Grams As Found Natural DARWIN GLASS From METEORITE Impact In AUSTRALIA,6.5,2022-05-14,1.71,3.8,WorthPoint
"""darwin-glass""",2.71 Grams NATURAL DARWIN GLASS From METEORITE Impact AUSTRALIA,8.99,2022-05-14,2.71,3.32,WorthPoint
"""darwin-glass""",2.83 Grams NATURAL DARWIN GLASS From METEORITE Impact AUSTRALIA,9.2,2022-05-14,2.83,3.25,WorthPoint
"""darwin-glass""",2.29 Grams NATURAL DARWIN GLASS From METEORITE Impact AUSTRALIA,7.99,2022-05-14,2.29,3.49,WorthPoint
"""darwin-glass""",2.43 Grams NATURAL DARWIN GLASS From METEORITE Impact AUSTRALIA,7.99,2022-05-14,2.43,3.29,WorthPoint
"""darwin-glass""",6.21 Grams As Found Natural DARWIN GLASS From METEORITE Impact In AUSTRALIA,10.99,2022-05-14,6.21,1.77,WorthPoint
"""darwin-glass""","25 Different IMPACTITES, Some Quite Rare, 1.29-kilos (2#, 13-oz.) From All Over",127.5,2022-05-09,,,WorthPoint
"""darwin-glass""",9.08 Grams As Found Natural DARWIN GLASS From METEORITE Impact In AUSTRALIA,17.99,2022-05-09,9.08,1.98,WorthPoint
"""darwin-glass""","(r365-34) 1-3/4"" Fulgurite Lightning Strike Beach Sand Glass Georgia Fulgurites",16.49,2022-05-06,,,WorthPoint
"""darwin-glass""",25.5 Grams As Found Natural DARWIN GLASS From METEORITE Impact In AUSTRALIA,39.99,2022-05-06,25.5,1.57,WorthPoint
"""darwin-glass""",3.15 Grams As Found Natural DARWIN GLASS From METEORITE Impact In AUSTRALIA,8.99,2022-05-04,3.15,2.85,WorthPoint
"""darwin-glass""",4.81 Grams NATURAL DARWIN GLASS From METEORITE Impact AUSTRALIA,14.99,2022-04-29,4.81,3.12,WorthPoint
"""darwin-glass""",1.89 Grams NATURAL DARWIN GLASS From METEORITE Impact AUSTRALIA,6.39,2022-04-21,1.89,3.38,WorthPoint
"""darwin-glass""","23 Different IMPACTITES, Some Quite Rare, 620-grams (1#, 56.9-oz.) From All Over",53,2022-04-19,620,0.09,WorthPoint
"""darwin-glass""","(r364-127) 1-1/8"" Fulgurite Lightning Strike Beach Sand Glass Georgia Fulgurites",14.99,2022-04-18,,,WorthPoint
"""darwin-glass""","(r365-44) 1-3/4"" Fulgurite Lightning Strike Beach Sand Glass Georgia Fulgurites",16.49,2022-04-17,,,WorthPoint
"""darwin-glass""","(r364-13) 2 Fulgurites 1-5/8"" Lightning Strike Beach Sand Glass Georgia Set",22.99,2022-04-17,,,WorthPoint
"""darwin-glass""",6.41 Grams As Found Natural DARWIN GLASS From METEORITE Impact In AUSTRALIA,18,2022-04-13,6.41,2.81,WorthPoint
"""darwin-glass""",0.838g ATACAMAITE IMPACT GLASS W/COA Atacama Desert Chile - Tektite - Meteorite,30,2022-04-12,0.838,35.8,WorthPoint
"""darwin-glass""",3.02 Grams As Found Natural DARWIN GLASS From METEORITE Impact In AUSTRALIA,9,2022-04-12,3.02,2.98,WorthPoint
"""darwin-glass""","R365-32-6) 1-1/2"" Fulgurite Lightning Strike Beach Sand Glass Georgia Fulgurites",15.99,2022-04-08,,,WorthPoint
"""darwin-glass""",3.43 Grams As Found Natural DARWIN GLASS From METEORITE Impact In AUSTRALIA,10.99,2022-04-06,3.43,3.2,WorthPoint
"""darwin-glass""",1.85 Grams As Found Natural DARWIN GLASS From METEORITE Impact In AUSTRALIA,6.5,2022-04-05,1.85,3.51,WorthPoint
"""darwin-glass""",3.682 Grams As Found Natural DARWIN GLASS From METEORITE Impact In AUSTRALIA,10,2022-04-02,3.682,2.72,WorthPoint
"""darwin-glass""","(r364-123) 1-1/8"" Fulgurite Lightning Strike Beach Sand Glass Georgia Fulgurites",14.99,2022-04-01,,,WorthPoint
"""darwin-glass""","(r365-57) 1-3/4"" Fulgurite Lightning Strike Beach Sand Glass Georgia Fulgurites",16.49,2022-04-01,,,WorthPoint
"""darwin-glass""","(r365-53) 1-3/4"" Fulgurite Lightning Strike Beach Sand Glass Georgia Fulgurites",16.49,2022-04-01,,,WorthPoint
"""darwin-glass""","R365-32-8) 1-1/2"" Fulgurite Lightning Strike Beach Sand Glass Georgia Fulgurites",15.99,2022-04-01,,,WorthPoint
"""darwin-glass""","(r364-122) 1-1/8"" Fulgurite Lightning Strike Beach Sand Glass Georgia Fulgurites",14.99,2022-04-01,,,WorthPoint
"""darwin-glass""",12 Grams As Found Natural DARWIN GLASS From METEORITE Impact In AUSTRALIA,35.99,2022-04-01,12,3,WorthPoint
"""darwin-glass""",4.15 Grams As Found Natural DARWIN GLASS From METEORITE Impact In AUSTRALIA,12.5,2022-03-26,4.15,3.01,WorthPoint
"""darwin-glass""",3.8 Grams NATURAL DARWIN GLASS From METEORITE Impact AUSTRALIA,15.95,2022-03-20,3.8,4.2,WorthPoint
"""darwin-glass""",0.233g ATACAMAITE IMPACT GLASS W/COA Atacama Desert Chile - Tektite - Meteorite,24,2022-03-20,0.233,103,WorthPoint
"""darwin-glass""","TEN Different IMPACTITES, Some Quite Scarce, 566-gr. (1¼--Pound) DIFFERENT SITES",24.95,2022-03-18,566,0.04,WorthPoint
"""darwin-glass""","(r364-14) 2 Fulgurites 1-5/8"" Lightning Strike Beach Sand Glass Georgia Set",22.99,2022-03-18,,,WorthPoint
"""darwin-glass""",6.81 Grams As Found Natural DARWIN GLASS From METEORITE Impact In AUSTRALIA,18.5,2022-03-14,6.81,2.72,WorthPoint
"""darwin-glass""",23.8 Grams As Found Natural DARWIN GLASS From METEORITE Impact In AUSTRALIA,70,2022-03-11,23.8,2.94,WorthPoint
"""darwin-glass""",15.6 Grams As Found Natural DARWIN GLASS From METEORITE Impact In AUSTRALIA,29.99,2022-03-11,15.6,1.92,WorthPoint
"""darwin-glass""",4.04 Grams As Found Natural DARWIN GLASS From METEORITE Impact In AUSTRALIA,12,2022-03-11,4.04,2.97,WorthPoint
"""darwin-glass""",15.8 Grams As Found Natural DARWIN GLASS From METEORITE Impact In AUSTRALIA,48,2022-03-11,15.8,3.04,WorthPoint
"""darwin-glass""",2.58 Grams NATURAL DARWIN GLASS From METEORITE Impact AUSTRALIA,10.99,2022-03-08,2.58,4.26,WorthPoint
"""darwin-glass""","(r365-23) 1-1/2"" Fulgurite Lightning Strike Beach Sand Glass Georgia Fulgurites",15.99,2022-03-02,,,WorthPoint
"""darwin-glass""","(r364-129) 1-1/8"" Fulgurite Lightning Strike Beach Sand Glass Georgia Fulgurites",14.99,2022-03-02,,,WorthPoint
"""darwin-glass""","(r365-50) 1-3/4"" Fulgurite Lightning Strike Beach Sand Glass Georgia Fulgurites",16.49,2022-02-27,,,WorthPoint
"""darwin-glass""","22 Different IMPACTITES, Some Quite Scarce, 453-gr. (ONE-POUND) DIFFERENT SITES",89,2022-02-26,453,0.2,WorthPoint
"""darwin-glass""","Exquisite DARWIN GLASS Impactite, TWISTED, 3.0-grams 1st Museum Specimen",24.95,2022-02-25,3,8.32,WorthPoint
"""darwin-glass""",Darwin Glass -- 11g - Austalite - Darwinite - Tektite - Impactite #gls10,33.99,2022-02-22,11,3.09,WorthPoint
"""darwin-glass""",Darwin Glass -- 6g -- Austalite - Darwinite - Tektite - Impactite #win85,34.99,2022-02-22,6,5.83,WorthPoint
"""darwin-glass""",1.97 Grams As Found Natural DARWIN GLASS From METEORITE Impact In AUSTRALIA,6.8,2022-02-21,1.97,3.45,WorthPoint
"""darwin-glass""",1.10 Grams As Found Natural DARWIN GLASS From METEORITE Impact In AUSTRALIA,5.9,2022-02-17,1.1,5.36,WorthPoint
"""darwin-glass""",10.7 Grams As Found Natural DARWIN GLASS From METEORITE Impact In AUSTRALIA,34.99,2022-02-17,10.7,3.27,WorthPoint
"""darwin-glass""",3.08 Grams As Found Natural DARWIN GLASS From METEORITE Impact In AUSTRALIA,9.5,2022-02-17,3.08,3.08,WorthPoint
"""darwin-glass""","34 Different IMPACTITES, Some Quite Scarce, 693-grams (1-lb.., 8.4-oz.)",294.79,2022-02-15,693,0.43,WorthPoint
"""darwin-glass""",Darwin Glass -- 34g - Austalite - Darwinite - Tektite - Impactite #gls4,99.99,2022-02-13,34,2.94,WorthPoint
"""darwin-glass""","(r365-51) 1-3/4"" Fulgurite Lightning Strike Beach Sand Glass Georgia Fulgurites",16.49,2022-02-11,,,WorthPoint
"""darwin-glass""","(r365-41) 1-3/4"" Fulgurite Lightning Strike Beach Sand Glass Georgia Fulgurites",16.49,2022-02-11,,,WorthPoint
"""darwin-glass""",2.06 Grams As Found Natural DARWIN GLASS From METEORITE Impact In AUSTRALIA,8.8,2022-02-08,2.06,4.27,WorthPoint
"""darwin-glass""",👍 THINGS IMPORTANT By DARWIN GLASS HB/DJ SERMONS ON THE CROSS,10,2022-02-07,,,WorthPoint
"""darwin-glass""","(r368-2) 2-3/8"" Fulgurite Lightning Strike Beach Sand Dune Glass GA Specimen",22.99,2022-02-05,,,WorthPoint
"""darwin-glass""","(r364-15) 2 Fulgurites 1-5/8"" Lightning Strike Beach Sand Glass Georgia Set",22.99,2022-02-03,,,WorthPoint
"""darwin-glass""",1.73 Grams As Found Natural DARWIN GLASS From METEORITE Impact In AUSTRALIA,6.5,2022-01-31,1.73,3.76,WorthPoint
"""darwin-glass""",4.72 Grams As Found Natural DARWIN GLASS From METEORITE Impact In AUSTRALIA,14,2022-01-28,4.72,2.97,WorthPoint
"""darwin-glass""",Darwin Glass 25 Gm Specimen,30,2022-01-28,25,1.2,WorthPoint
"""darwin-glass""","24 Different SMALLER IMPACTITES, Some Quite Scarce, 310-grams (10.9-oz.)",89,2022-01-25,310,0.29,WorthPoint
"""darwin-glass""",1.27 Grams As Found Natural DARWIN GLASS From METEORITE Impact In AUSTRALIA,5.9,2022-01-23,1.27,4.65,WorthPoint
"""darwin-glass""",🔥meteorite Tektite Set*agni Manitite Darwin Libyan Saffordite Moldavite Gibeon*,127.5,2022-01-19,,,WorthPoint
"""darwin-glass""",Darwin Glass -- 8g - Austalite - Darwinite - Tektite - Impactite #nud14,14.99,2022-01-19,8,1.87,WorthPoint
"""darwin-glass""",Darwin Glass -- 5.8g - Austalite - Darwinite - Tektite - Impactite #dg10,14.99,2022-01-19,5.8,2.58,WorthPoint
"""darwin-glass""",1.68 Grams NATURAL DARWIN GLASS From METEORITE Impact AUSTRALIA,7,2022-01-19,1.68,4.17,WorthPoint
"""darwin-glass""","(r365-55) 1-3/4"" Fulgurite Lightning Strike Beach Sand Glass Georgia Fulgurites",16.49,2022-01-14,,,WorthPoint
"""darwin-glass""",2.06 Grams NATURAL DARWIN GLASS From METEORITE Impact AUSTRALIA,8.25,2022-01-12,2.06,4,WorthPoint
"""darwin-glass""","R362-43) 4 Piece Set 1/2 1-1/8"" Fulgurites Lightning Strike Beach Sand Glass GA",22.99,2022-01-09,,,WorthPoint
"""darwin-glass""","(r365-65) 1-7/8"" Fulgurite Lightning Strike Beach Sand Glass Georgia Fulgurites",16.99,2022-01-08,,,WorthPoint
"""darwin-glass""","(r365-49) 1-3/4"" Fulgurite Lightning Strike Beach Sand Glass Georgia Fulgurites",16.49,2022-01-06,,,WorthPoint
"""darwin-glass""",1.69 Grams As Found Natural DARWIN GLASS From METEORITE Impact In AUSTRALIA,6.5,2022-01-06,1.69,3.85,WorthPoint
"""darwin-glass""",1.29 Grams As Found Natural DARWIN GLASS From METEORITE Impact In AUSTRALIA,6.3,2022-01-06,1.29,4.88,WorthPoint
"""darwin-glass""",Darwin Glass -- 26g - Austalite - Darwinite - Tektite - Impactite #gls1,78.99,2022-01-06,26,3.04,WorthPoint
"""darwin-glass""","(two) 1-3/4"" Fulgurites Lightning Strike Beach Sand Glass Georgia Fulgurites",32,2022-01-03,,,WorthPoint
"""darwin-glass""","(r365-48) 1-3/4"" Fulgurite Lightning Strike Beach Sand Glass Georgia Fulgurites",16.49,2022-01-03,,,WorthPoint
"""darwin-glass""","(r364-115) 1-1/8"" Fulgurite Lightning Strike Beach Sand Glass Georgia Fulgurites",14.99,2022-01-03,,,WorthPoint
"""darwin-glass""","(r365-64) 1-7/8"" Fulgurite Lightning Strike Beach Sand Glass Georgia Fulgurites",16.99,2022-01-03,,,WorthPoint
"""darwin-glass""","(r367-19) 2-1/4"" Fulgurite Lightning Strike Beach Sand Dune Glass GA Specimen",20.99,2022-01-03,,,WorthPoint
"""darwin-glass""","(r365-133) 1-7/8"" Fulgurite Lightning Strike Beach Sand Glass Georgia Fulgurites",16.99,2022-01-03,,,WorthPoint
"""darwin-glass""","(r365-127) 1-7/8"" Fulgurite Lightning Strike Beach Sand Glass Georgia Fulgurites",16.99,2021-12-29,,,WorthPoint
"""darwin-glass""","(r364-11) 2 Fulgurites 1-5/8"" Lightning Strike Beach Sand Glass Georgia Set",22.99,2021-12-29,,,WorthPoint
"""darwin-glass""","(r365-126) 1-7/8"" Fulgurite Lightning Strike Beach Sand Glass Georgia Fulgurites",16.99,2021-12-23,,,WorthPoint
"""darwin-glass""",11.24 Grams NATURAL DARWIN GLASS From METEORITE Impact AUSTRALIA,25,2021-12-23,11.24,2.22,WorthPoint
"""darwin-glass""","(r364-113) 1-1/8"" Fulgurite Lightning Strike Beach Sand Glass Georgia Fulgurites",14.99,2021-12-22,,,WorthPoint
"""darwin-glass""","(r365-42) 1-3/4"" Fulgurite Lightning Strike Beach Sand Glass Georgia Fulgurites",16.49,2021-12-20,,,WorthPoint
"""darwin-glass""","(r363-24) 2 Fulgurites 1-1/8"" Lightning Strike Beach Sand Glass Georgia Set",18.99,2021-12-16,,,WorthPoint
"""darwin-glass""",Darwin Glass -- 5g PALE - Austalite - Darwinite - Tektite - Impactite #gls3,29.99,2021-12-02,5,6,WorthPoint
"""darwin-glass""",3.34 Grams As Found Natural DARWIN GLASS From METEORITE Impact In AUSTRALIA,9.99,2021-12-02,3.34,2.99,WorthPoint
"""darwin-glass""",2.51 Grams As Found Natural DARWIN GLASS From METEORITE Impact In AUSTRALIA,6.99,2021-12-02,2.51,2.78,WorthPoint
"""darwin-glass""","(r365-52) 1-3/4"" Fulgurite Lightning Strike Beach Sand Glass Georgia Fulgurites",16.49,2021-11-29,,,WorthPoint
"""darwin-glass""","20 Different IMPACTITES, Some Quite Rare, 360-grams (12.7-oz.)",49.95,2021-11-28,360,0.14,WorthPoint
"""darwin-glass""","(r364-138) 1-1/8"" Fulgurite Lightning Strike Beach Sand Glass Georgia Fulgurites",14.99,2021-11-26,,,WorthPoint
"""darwin-glass""",14 Grams As Found Natural DARWIN GLASS From METEORITE Impact In AUSTRALIA,37.99,2021-11-25,14,2.71,WorthPoint
"""darwin-glass""",4.86 Grams As Found Natural DARWIN GLASS From METEORITE Impact In AUSTRALIA,14,2021-11-25,4.86,2.88,WorthPoint
"""darwin-glass""",3.31 Grams As Found Natural DARWIN GLASS From METEORITE Impact In AUSTRALIA,9.99,2021-11-25,3.31,3.02,WorthPoint
"""darwin-glass""","(r366-30) 2-1/8"" Fulgurite Lightning Strike Beach Sand Glass Georgia Fulgurites",18.99,2021-11-17,,,WorthPoint
"""darwin-glass""",5.60 Grams As Found Natural DARWIN GLASS From METEORITE Impact In AUSTRALIA,15,2021-11-15,5.6,2.68,WorthPoint
"""darwin-glass""",Wholesale Lot - Darwin Glass - Meteorite / Mineral / Crystal Specimens 150g,11.11,2021-11-15,150,0.07,WorthPoint
"""darwin-glass""",Wholesale Lot - Darwin Glass - Meteorite / Crystal / Mineral Specimens 50g,16,2021-11-15,50,0.32,WorthPoint
"""darwin-glass""",4.46 Grams NATURAL DARWIN GLASS From METEORITE Impact AUSTRALIA,18,2021-11-14,4.46,4.04,WorthPoint
"""darwin-glass""",1.53 Grams As Found Natural DARWIN GLASS From METEORITE Impact In AUSTRALIA,10.5,2021-11-13,1.53,6.86,WorthPoint
"""darwin-glass""",1.79 Grams As Found Natural DARWIN GLASS From METEORITE Impact In AUSTRALIA,6.8,2021-11-11,1.79,3.8,WorthPoint
"""darwin-glass""",3.89 Grams As Found Natural DARWIN GLASS From METEORITE Impact In AUSTRALIA,10.99,2021-11-10,3.89,2.83,WorthPoint
"""darwin-glass""",2.73 Grams As Found Natural DARWIN GLASS From METEORITE Impact In AUSTRALIA,6.99,2021-11-10,2.73,2.56,WorthPoint
"""darwin-glass""",2.95 Grams As Found Natural DARWIN GLASS From METEORITE Impact In AUSTRALIA,9.5,2021-11-06,2.95,3.22,WorthPoint
"""darwin-glass""",1.85 Grams NATURAL DARWIN GLASS From METEORITE Impact AUSTRALIA,7.99,2021-11-02,1.85,4.32,WorthPoint
"""darwin-glass""",5.86 Grams As Found Natural DARWIN GLASS From METEORITE Impact In AUSTRALIA,16,2021-11-02,5.86,2.73,WorthPoint
"""darwin-glass""","(r362-42) 4 Fulgurites 1/2-1-1/8"" Lightning Strike Beach Sand Glass GA Specimens",22.99,2021-10-30,,,WorthPoint
"""darwin-glass""",6.18 Grams As Found Natural DARWIN GLASS From METEORITE Impact In AUSTRALIA,18,2021-10-29,6.18,2.91,WorthPoint
"""darwin-glass""","(r365-47) 1-3/4"" Fulgurite Lightning Strike Beach Sand Glass Georgia Fulgurites",16.49,2021-10-26,,,WorthPoint
"""darwin-glass""",6 Grams As Found Natural DARWIN GLASS From METEORITE Impact In AUSTRALIA,18,2021-10-23,6,3,WorthPoint
"""darwin-glass""","(r363-17) 2 Fulgurites 1-1/8"" Lightning Strike Beach Sand Glass Georgia Set",18.99,2021-10-20,,,WorthPoint
"""darwin-glass""","R362-47) 4 Fulgurites 1/2to1-1/8"" Lightning Strike Beach Sand Glass GA Specimens",22.99,2021-10-20,,,WorthPoint
"""darwin-glass""","(r366-40) 2-1/8"" Fulgurite Lightning Strike Beach Sand Glass Georgia Fulgurites",18.99,2021-10-20,,,WorthPoint
"""darwin-glass""","(r365-140) 1-7/8"" Fulgurite Lightning Strike Beach Sand Glass Georgia Fulgurites",16.99,2021-10-20,,,WorthPoint
"""darwin-glass""","(r371-7) 2-3/4"" Fulgurite Lightning Strike Beach Sand Glass Georgia Specimen",29.99,2021-10-14,,,WorthPoint
"""darwin-glass""","(r367-14) 2-1/4"" Fulgurite Lightning Strike Beach Sand Dune Glass GA Specimen",20.99,2021-10-13,,,WorthPoint
"""darwin-glass""","(r365-138) 1-7/8"" Fulgurite Lightning Strike Beach Sand Glass Georgia Fulgurites",16.99,2021-10-11,,,WorthPoint
"""darwin-glass""","R365-32-4) 1-1/2"" Fulgurite Lightning Strike Beach Sand Glass Georgia Fulgurites",15.99,2021-10-11,,,WorthPoint
"""darwin-glass""","(r365-60) 1-7/8"" Fulgurite Lightning Strike Beach Sand Glass Georgia Fulgurites",16.99,2021-10-11,,,WorthPoint
"""darwin-glass""",7.7 Grams NATURAL DARWIN GLASS From METEORITE Impact AUSTRALIA,49.95,2021-10-10,7.7,6.49,WorthPoint
"""darwin-glass""","(r365-78) 1-7/8"" Fulgurite Lightning Strike Beach Sand Glass Georgia Fulgurites",16.99,2021-10-01,,,WorthPoint
"""darwin-glass""","(r365-93) 1-7/8"" Fulgurite Lightning Strike Beach Sand Glass Georgia Fulgurites",16.99,2021-10-01,,,WorthPoint
"""darwin-glass""","(r367-18) 2-1/4"" Fulgurite Lightning Strike Beach Sand Dune Glass GA Specimen",20.99,2021-10-01,,,WorthPoint
"""darwin-glass""","(r365-19) 1-1/2"" Fulgurite Lightning Strike Beach Sand Glass Georgia Fulgurites",15.99,2021-10-01,,,WorthPoint
"""darwin-glass""","(r364-120) 1-1/8"" Fulgurite Lightning Strike Beach Sand Glass Georgia Fulgurites",14.99,2021-10-01,,,WorthPoint
"""darwin-glass""",3.61 Grams As Found Natural DARWIN GLASS From METEORITE Impact In AUSTRALIA,10.99,2021-09-30,3.61,3.04,WorthPoint
"""darwin-glass""",3.42 Grams As Found Natural DARWIN GLASS From METEORITE Impact In AUSTRALIA,10,2021-09-28,3.42,2.92,WorthPoint
"""darwin-glass""",4.511 Grams NATURAL DARWIN GLASS From METEORITE Impact AUSTRALIA,10.25,2021-09-25,4.511,2.27,WorthPoint
"""darwin-glass""","(r365-134) 1-7/8"" Fulgurite Lightning Strike Beach Sand Glass Georgia Fulgurites",16.99,2021-09-23,,,WorthPoint
"""darwin-glass""",4.764 Grams NATURAL DARWIN GLASS From METEORITE Impact AUSTRALIA,10.25,2021-09-18,4.764,2.15,WorthPoint
"""darwin-glass""",2.4 Grams NATURAL DARWIN GLASS From METEORITE Impact AUSTRALIA,12.99,2021-09-06,2.4,5.41,WorthPoint
"""darwin-glass""","Darwin Glass. Impact, Tektite..3pcs. 8g. Total",6.99,2021-09-06,8,0.87,WorthPoint
"""darwin-glass""",5.465 Grams NATURAL DARWIN GLASS From METEORITE Impact AUSTRALIA,16.5,2021-08-15,5.465,3.02,WorthPoint
"""darwin-glass""","(R399-8) 2.5"" Fossil Fulgurite Petrified Lightning Strike Beach Sand Glass GA",18.99,2021-08-12,,,WorthPoint
"""darwin-glass""",4.671 Grams NATURAL DARWIN GLASS From METEORITE Impact AUSTRALIA,11.65,2021-08-11,4.671,2.49,WorthPoint
"""darwin-glass""",1.7 Grams NATURAL DARWIN GLASS From METEORITE Impact AUSTRALIA,8.5,2021-08-02,1.7,5,WorthPoint
"""darwin-glass""","(r365-131) 1-7/8"" Fulgurite Lightning Strike Beach Sand Glass Georgia Fulgurites",16.99,2021-08-02,,,WorthPoint
"""darwin-glass""",5.259 Grams NATURAL DARWIN GLASS From METEORITE Impact AUSTRALIA,13,2021-07-26,5.259,2.47,WorthPoint
"""darwin-glass""",8.8 Grams NATURAL DARWIN GLASS From METEORITE Impact AUSTRALIA,26.25,2021-07-24,8.8,2.98,WorthPoint
"""darwin-glass""",3.5 Grams NATURAL DARWIN GLASS From METEORITE Impact AUSTRALIA,18,2021-07-21,3.5,5.14,WorthPoint
"""darwin-glass""","(r365-29) 1-1/2"" Fulgurite Lightning Strike Beach Sand Glass Georgia Fulgurites",15.99,2021-07-15,,,WorthPoint
"""darwin-glass""","(r363-21) 2 Fulgurites 1-1/8"" Lightning Strike Beach Sand Dune Glass Georgia",18.99,2021-07-14,,,WorthPoint
"""darwin-glass""","(r364-121) 1-1/8"" Fulgurite Lightning Strike Beach Sand Glass Georgia Fulgurites",14.99,2021-07-12,,,WorthPoint
"""darwin-glass""","(r364-3) 2 Fulgurites 1-5/8"" Lightning Strike Beach Sand Glass Georgia Set",22.99,2021-07-12,,,WorthPoint
"""darwin-glass""","(r364-13o) 1-1/8"" Fulgurite Lightning Strike Beach Sand Glass Georgia Fulgurites",14.99,2021-07-12,,,WorthPoint
"""darwin-glass""","R399-14-4 Fossil Fulgurite 3-1/4"" Petrified Lightning Strike Beach Sand Glass GA",22.99,2021-07-11,,,WorthPoint
"""darwin-glass""","(r365-70) 1-7/8"" Fulgurite Lightning Strike Beach Sand Glass Georgia Fulgurites",16.99,2021-07-03,,,WorthPoint
"""darwin-glass""",2.5 Grams NATURAL DARWIN GLASS From METEORITE Impact AUSTRALIA,12.5,2021-07-02,2.5,5,WorthPoint
"""darwin-glass""",4 Grams NATURAL DARWIN GLASS From METEORITE Impact AUSTRALIA,20,2021-07-02,4,5,WorthPoint
"""darwin-glass""",3.3 Grams NATURAL DARWIN GLASS From METEORITE Impact AUSTRALIA,16.5,2021-07-02,3.3,5,WorthPoint
"""darwin-glass""","(r362-23) 4 Fulgurites 1/2-1-1/8"" Lightning Strike Beach Sand Dune Glass Georgia",22.99,2021-07-01,,,WorthPoint
"""darwin-glass""",5.453 Grams NATURAL DARWIN GLASS From METEORITE Impact AUSTRALIA,13.65,2021-06-27,5.453,2.5,WorthPoint
"""darwin-glass""",Darwin Glass -- 6.7g - Austalite - Darwinite - Tektite - Impactite #dg19,19.99,2021-06-27,6.7,2.98,WorthPoint
"""darwin-glass""",Darwin Glass -- 7.5g - Austalite - Darwinite - Tektite - Impactite #dg17,24.93,2021-06-24,7.5,3.32,WorthPoint
"""darwin-glass""",Darwin Glass -- 10g - Austalite - Darwinite - Tektite - Impactite #GD20,26.03,2021-06-24,10,2.6,WorthPoint
"""darwin-glass""",Darwin Glass -- 9g - Austalite - Darwinite - Tektite - Impactite #nud7,23.72,2021-06-24,9,2.64,WorthPoint
"""darwin-glass""","(r366-41) 2-1/8"" Fulgurite Lightning Strike Beach Sand Glass Georgia Fulgurites",18.99,2021-06-19,,,WorthPoint
"""darwin-glass""","(r364-8) 2 Fulgurites 1-5/8"" Lightning Strike Beach Sand Glass Georgia Set",22.99,2021-06-19,,,WorthPoint
"""darwin-glass""","(r371-6) 2-3/4"" Fulgurite Lightning Strike Beach Sand Glass Georgia Specimen",29.99,2021-06-19,,,WorthPoint
"""darwin-glass""","18 Different IMPACTITES From All Over, Some Rare, 665-grams (1-pound, 7.5-oz.)",45.44,2021-06-18,665,0.07,WorthPoint
"""darwin-glass""","(r374-2) 3-1/8"" Fulgurite Lightning Strike Beach Sand Glass GA Display Specimen",36.99,2021-06-16,,,WorthPoint
"""darwin-glass""",4.527 Grams NATURAL DARWIN GLASS From METEORITE Impact AUSTRALIA,11.3,2021-06-12,4.527,2.5,WorthPoint
"""darwin-glass""",8.34 Grams Darwin Glass (Darwinite) Tektite As Found Meteorite Impact Australia,23,2021-06-11,8.34,2.76,WorthPoint
"""darwin-glass""",12.74 Grams NATURAL DARWIN GLASS From METEORITE Impact AUSTRALIA,38,2021-06-07,12.74,2.98,WorthPoint
"""darwin-glass""","(r366-43) 2-1/8"" Fulgurite Lightning Strike Beach Sand Dune Glass GA Fulgurites",18.99,2021-06-03,,,WorthPoint
"""darwin-glass""","(r364-4) 2 Fulgurites 1-5/8"" Lightning Strike Beach Sand Glass Georgia Set",22.99,2021-05-30,,,WorthPoint
"""darwin-glass""",4.563 Grams NATURAL DARWIN GLASS From METEORITE Impact AUSTRALIA,11.4,2021-05-25,4.563,2.5,WorthPoint
"""darwin-glass""",12.16 Grams NATURAL DARWIN GLASS From METEORITE Impact AUSTRALIA,30.4,2021-05-24,12.16,2.5,WorthPoint
"""darwin-glass""",4.710 Grams NATURAL DARWIN GLASS From METEORITE Impact AUSTRALIA,11.75,2021-05-24,4.71,2.49,WorthPoint
"""darwin-glass""",Meteorite Collection LOT 1 Lunar Martian HED Pallasite Mesosiderite Tektite RARE,599.99,2021-05-18,,,WorthPoint
"""darwin-glass""","15 Different IMPACTITES, Some Rare, From All Over 586.8-grams (1-pound, 4.7-oz.)",44.95,2021-05-14,586.8,0.08,WorthPoint
"""darwin-glass""",7.113 Grams NATURAL DARWIN GLASS From METEORITE Impact AUSTRALIA,17.5,2021-05-10,7.113,2.46,WorthPoint
"""darwin-glass""",19.7 Grams Darwin Glass (Darwinite) Tektite From Meteorite Impact In Australia,50,2021-05-05,19.7,2.54,WorthPoint
"""darwin-glass""",12.23 Grams NATURAL DARWIN GLASS From METEORITE Impact AUSTRALIA,25,2021-05-03,12.23,2.04,WorthPoint
"""darwin-glass""",3.697 Grams NATURAL DARWIN GLASS From METEORITE Impact AUSTRALIA,7,2021-05-01,3.697,1.89,WorthPoint
"""darwin-glass""",14.66 Grams NATURAL DARWIN GLASS From METEORITE Impact AUSTRALIA,36.6,2021-05-01,14.66,2.5,WorthPoint
"""darwin-glass""",3.869 Grams NATURAL DARWIN GLASS From METEORITE Impact AUSTRALIA,9.65,2021-05-01,3.869,2.49,WorthPoint
"""darwin-glass""",2.649 Grams NATURAL DARWIN GLASS From METEORITE Impact AUSTRALIA,6.75,2021-05-01,2.649,2.55,WorthPoint
"""darwin-glass""","(r362-45) 4 Fulgurites 1/2-1-1/8"" Lightning Strike Beach Sand Glass GA Specimens",22.99,2021-04-30,,,WorthPoint
"""darwin-glass""",3.603 Grams NATURAL DARWIN GLASS From METEORITE Impact AUSTRALIA,8.99,2021-04-27,3.603,2.5,WorthPoint
"""darwin-glass""","29 Different IMPACTITES, Some Rare, 814-grams (1¾-pounds) From All Over",76,2021-04-26,814,0.09,WorthPoint
"""darwin-glass""",4.998 Grams NATURAL DARWIN GLASS From METEORITE Impact AUSTRALIA,12.5,2021-04-26,4.998,2.5,WorthPoint
"""darwin-glass""","(r364-7) 2 Fulgurites 1-5/8"" Lightning Strike Beach Sand Glass Georgia Set",22.99,2021-04-26,,,WorthPoint
"""darwin-glass""","(r364-119) 1-1/8"" Fulgurite Lightning Strike Beach Sand Glass Georgia Fulgurites",14.99,2021-04-25,,,WorthPoint
"""darwin-glass""",3.399 Grams NATURAL DARWIN GLASS From METEORITE Impact AUSTRALIA,8.5,2021-04-25,3.399,2.5,WorthPoint
"""darwin-glass""",5.397 Grams NATURAL DARWIN GLASS From METEORITE Impact AUSTRALIA,13.5,2021-04-25,5.397,2.5,WorthPoint
"""darwin-glass""","(r365-10) 1-1/2"" Fulgurite Lightning Strike Beach Sand Glass Georgia Fulgurites",15.99,2021-04-18,,,WorthPoint
"""darwin-glass""",9 Grams Darwin Glass (Darwinite) Tektite From Meteorite Impact In Australia,24,2021-04-18,9,2.67,WorthPoint
"""darwin-glass""","FREE COPY Best IMPACT Book Ever Written AND 24 IMPACTITES 964-grams (2#, 2-oz.)",85,2021-04-16,964,0.09,WorthPoint
"""darwin-glass""",Darwin Glass -- 12.3g - Austalite - Darwinite - Tektite - Impactite #dg12,47.49,2021-04-14,12.3,3.86,WorthPoint
"""darwin-glass""",7.04 Grams Darwin Glass (Darwinite) Tektite As Found Meteorite Impact Australia,15,2021-04-13,7.04,2.13,WorthPoint
"""darwin-glass""",6.161 Grams NATURAL DARWIN GLASS From METEORITE Impact AUSTRALIA,15.25,2021-04-11,6.161,2.48,WorthPoint
"""darwin-glass""",6.62 Grams Darwin Glass (Darwinite) Tektite As Found Meteorite Impact Australia,16.95,2021-04-08,6.62,2.56,WorthPoint
"""darwin-glass""",6.48 Grams Darwin Glass (Darwinite) Tektite As Found Meteorite Impact Australia,15,2021-04-08,6.48,2.31,WorthPoint
"""darwin-glass""",2.68 Grams Darwin Glass (Darwinite) Tektite As Found Meteorite Impact Australia,6.8,2021-04-08,2.68,2.54,WorthPoint
"""darwin-glass""",20 Grams Darwin Glass (Darwinite) Tektite As Found Meteorite Impact Australia,44,2021-04-08,20,2.2,WorthPoint
"""darwin-glass""",2.97 Grams Darwin Glass (Darwinite) Tektite As Found Meteorite Impact Australia,11,2021-04-08,2.97,3.7,WorthPoint
"""darwin-glass""",2.81 Grams Darwin Glass (Darwinite) Tektite As Found Meteorite Impact Australia,9,2021-04-08,2.81,3.2,WorthPoint
"""darwin-glass""",2.20 Grams Darwin Glass (Darwinite) Tektite As Found Meteorite Impact Australia,5.9,2021-04-08,2.2,2.68,WorthPoint
"""darwin-glass""",6.01 Grams Darwin Glass (Darwinite) Tektite As Found Meteorite Impact Australia,13,2021-04-08,6.01,2.16,WorthPoint
"""darwin-glass""",9.05 Grams Darwin Glass (Darwinite) Tektite As Found Meteorite Impact Australia,24,2021-04-08,9.05,2.65,WorthPoint
"""darwin-glass""",5.73 Grams Darwin Glass (Darwinite) Tektite As Found Meteorite Impact Australia,17,2021-04-07,5.73,2.97,WorthPoint
"""darwin-glass""",2.009 Grams NATURAL DARWIN GLASS From METEORITE Impact AUSTRALIA,6,2021-04-07,2.009,2.99,WorthPoint
"""darwin-glass""",3.18 Grams Darwin Glass (Darwinite) Tektite As Found Meteorite Impact Australia,7,2021-04-06,3.18,2.2,WorthPoint
"""darwin-glass""",20 Grams Darwin Glass (Darwinite) Tektite From Meteorite Impact In Australia,53,2021-04-05,20,2.65,WorthPoint
"""darwin-glass""",2.66 Grams Darwin Glass (Darwinite) Tektite As Found Meteorite Impact Australia,7.9,2021-04-05,2.66,2.97,WorthPoint
"""darwin-glass""",3.70 Grams Darwin Glass (Darwinite) Tektite As Found Meteorite Impact Australia,9,2021-04-04,3.7,2.43,WorthPoint
"""darwin-glass""",2.892 Grams NATURAL DARWIN GLASS From METEORITE Impact AUSTRALIA,6.99,2021-04-03,2.892,2.42,WorthPoint
"""darwin-glass""",2.982 Grams NATURAL DARWIN GLASS From METEORITE Impact AUSTRALIA,7.45,2021-04-03,2.982,2.5,WorthPoint
"""darwin-glass""",2.449 Grams NATURAL DARWIN GLASS From METEORITE Impact AUSTRALIA,6.5,2021-04-03,2.449,2.65,WorthPoint
"""darwin-glass""",8.850 Grams NATURAL DARWIN GLASS From METEORITE Impact AUSTRALIA,22,2021-04-03,8.85,2.49,WorthPoint
"""darwin-glass""",Darwin Glass 7.38g Impactite - Created By Meteorite Impact,19,2021-04-03,7.38,2.57,WorthPoint
"""darwin-glass""","(R399-9) 3-1/4"" Fossil Fulgurite Petrified Lightning Strike Beach Sand Glass GA",22.99,2021-04-01,,,WorthPoint
"""darwin-glass""","(r371-14) 2-3/4"" Fulgurite Lightning Strike Beach Sand Glass Georgia Specimen",29.99,2021-03-31,,,WorthPoint
"""darwin-glass""",5.24 Grams Darwin Glass (Darwinite) Tektite As Found Meteorite Impact Australia,9.99,2021-03-30,5.24,1.91,WorthPoint
"""darwin-glass""","(r362-49) 4 Fulgurites 1/2-1-1/8"" Lightning Strike Beach Sand Dune Glass Georgia",22.99,2021-03-29,,,WorthPoint
"""darwin-glass""","(r364-101) 1-1/8"" Fulgurite Lightning Strike Beach Sand Glass Georgia Fulgurites",14.99,2021-03-24,,,WorthPoint
"""darwin-glass""","(r364-23) 2 Fulgurites 1-5/8"" Lightning Strike Beach Sand Glass Georgia Set",22.99,2021-03-23,,,WorthPoint
"""darwin-glass""","(r362-40) 4 Fulgurites 1/2-1/1-8"" Lightning Strike Beach Sand Glass GA Specimen",22.99,2021-03-23,,,WorthPoint
"""darwin-glass""",9.26 Grams Darwin Glass (Darwinite) Tektite As Found Meteorite Impact Australia,22,2021-03-22,9.26,2.38,WorthPoint
"""darwin-glass""","(r362-37) 4 Fulgurites 1/2-1-1/8"" Lightning Strike Beach Sand Glass GA Specimens",22.99,2021-03-22,,,WorthPoint
"""darwin-glass""","(r363-15) 2 Fulgurites 1-1/8"" Lightning Strike Beach Sand Glass Georgia Set",18.99,2021-03-22,,,WorthPoint
"""darwin-glass""",3.24 Grams Darwin Glass (Darwinite) Tektite As Found Meteorite Impact Australia,12,2021-03-21,3.24,3.7,WorthPoint
"""darwin-glass""","(r365-101) 1-7/8"" Fulgurite Lightning Strike Beach Sand Glass Georgia Fulgurites",16.99,2021-03-17,,,WorthPoint
"""darwin-glass""","(r362-33) 4 Fulgurites 1/2-1-1/8"" Lightning Strike Beach Sand Glass GA Display",22.99,2021-03-17,,,WorthPoint
"""darwin-glass""",2.67 Grams Darwin Glass (Darwinite) Tektite As Found Meteorite Impact Australia,7,2021-03-16,2.67,2.62,WorthPoint
"""darwin-glass""","(r365-98) 1-7/8"" Fulgurite Lightning Strike Beach Sand Glass Georgia Fulgurites",16.99,2021-03-15,,,WorthPoint
"""darwin-glass""",3.15 Grams Darwin Glass (Darwinite) Tektite As Found Meteorite Impact Australia,7.9,2021-03-13,3.15,2.51,WorthPoint
"""darwin-glass""",4.92 Grams Darwin Glass (Darwinite) Tektite As Found Meteorite Impact Australia,13,2021-03-13,4.92,2.64,WorthPoint
"""darwin-glass""",3.86 Grams Darwin Glass (Darwinite) Tektite As Found Meteorite Impact Australia,7.9,2021-03-13,3.86,2.05,WorthPoint
"""darwin-glass""",7.26 Grams Darwin Glass (Darwinite) Tektite As Found Meteorite Impact Australia,18,2021-03-13,7.26,2.48,WorthPoint
"""darwin-glass""","(r364-118) 1-1/8"" Fulgurite Lightning Strike Beach Sand Glass Georgia Fulgurites",14.99,2021-03-12,,,WorthPoint
"""darwin-glass""","17 Distinctive Impact Crater IMPACTITES, Total Weight 323-grams (11.4-oz.)",65,2021-03-11,323,0.2,WorthPoint
"""darwin-glass""","(r364-108) 1-1/8"" Fulgurite Lightning Strike Beach Sand Glass Georgia Fulgurites",14.99,2021-03-10,,,WorthPoint
"""darwin-glass""",12.8 Grams Darwin Glass (Darwinite) Tektite From Meteorite Impact In Australia,39,2021-03-09,12.8,3.05,WorthPoint
"""darwin-glass""","(r363-16) 2 Fulgurites 1-1/8"" Lightning Strike Beach Sand Glass Georgia Set",18.99,2021-03-09,,,WorthPoint
"""darwin-glass""",8.08 Grams Darwin Glass (Darwinite) Tektite As Found Meteorite Impact Australia,16.99,2021-03-04,8.08,2.1,WorthPoint
"""darwin-glass""",6.86 Grams Darwin Glass (Darwinite) Tektite As Found Meteorite Impact Australia,15.5,2021-03-04,6.86,2.26,WorthPoint
"""darwin-glass""",3.76 Grams Darwin Glass (Darwinite) Tektite As Found Meteorite Impact Australia,6.99,2021-03-04,3.76,1.86,WorthPoint
"""darwin-glass""",5.15 Grams Darwin Glass (Darwinite) Tektite As Found Meteorite Impact Australia,21,2021-03-03,5.15,4.08,WorthPoint
"""darwin-glass""",3.245 Grams NATURAL DARWIN GLASS From METEORITE Impact AUSTRALIA,9.99,2021-03-03,3.245,3.08,WorthPoint
"""darwin-glass""",Darwin Glass -- 6.8g - Austalite - Darwinite - Tektite - Impactite #dg2,27.99,2021-03-01,6.8,4.12,WorthPoint
"""darwin-glass""",Darwin Glass -- 8.2g - Austalite - Darwinite - Tektite - Impactite #dg7,32.99,2021-03-01,8.2,4.02,WorthPoint
"""darwin-glass""",Darwin Glass -- 6.3g - Austalite - Darwinite - Tektite - Impactite #dg6,25.99,2021-03-01,6.3,4.13,WorthPoint
"""darwin-glass""","(r364-25) 2 Fulgurites 1-5/8"" Lightning Strike Beach Sand Glass GA Specimens",22.99,2021-02-28,,,WorthPoint
"""darwin-glass""",3.519 Grams NATURAL DARWIN GLASS From METEORITE Impact AUSTRALIA,8.79,2021-02-26,3.519,2.5,WorthPoint
"""darwin-glass""",My BEST 9.77 Grams Darwin Glass (Darwinite) Tektite - Meteorite Impact Australia,59,2021-02-26,9.77,6.04,WorthPoint
"""darwin-glass""","(r362-38) 4 Fulgurites 1/2-1-1/8"" Lightning Strike Beach Sand Glass GA Specimens",22.99,2021-02-25,,,WorthPoint
"""darwin-glass""",11.2 Grams Darwin Glass (Darwinite) Tektite As Found Meteorite Impact Australia,22,2021-02-25,11.2,1.96,WorthPoint
"""darwin-glass""",12.6 Grams Darwin Glass (Darwinite) Tektite As Found Meteorite Impact Australia,24,2021-02-23,12.6,1.9,WorthPoint
"""darwin-glass""",16.03 Grams NATURAL DARWIN GLASS From METEORITE Impact AUSTRALIA,48,2021-02-22,16.03,2.99,WorthPoint
"""darwin-glass""",2.628 Grams NATURAL DARWIN GLASS From METEORITE Impact AUSTRALIA,7.95,2021-02-22,2.628,3.03,WorthPoint
"""darwin-glass""",8.936 Grams NATURAL DARWIN GLASS From METEORITE Impact AUSTRALIA,22.35,2021-02-22,8.936,2.5,WorthPoint
"""darwin-glass""",Darwin Glass -- 6.2g - Austalite - Darwinite - Tektite - Impactite #dg16,20.79,2021-02-18,6.2,3.35,WorthPoint
"""darwin-glass""",2.27 Grams Darwin Glass (Darwinite) Tektite As Found Meteorite Impact Australia,5.99,2021-02-15,2.27,2.64,WorthPoint
"""darwin-glass""",3.71 Grams Darwin Glass (Darwinite) Tektite As Found Meteorite Impact Australia,6.8,2021-02-15,3.71,1.83,WorthPoint
"""darwin-glass""",2.99 Grams Darwin Glass (Darwinite) Tektite As Found Meteorite Impact Australia,5.9,2021-02-15,2.99,1.97,WorthPoint
"""darwin-glass""",2.80 Grams Darwin Glass (Darwinite) Tektite As Found Meteorite Impact Australia,5.5,2021-02-15,2.8,1.96,WorthPoint
"""darwin-glass""",2.74 Grams Darwin Glass (Darwinite) Tektite As Found Meteorite Impact Australia,5.5,2021-02-15,2.74,2.01,WorthPoint
"""darwin-glass""",3.29 Grams Darwin Glass (Darwinite) Tektite As Found Meteorite Impact Australia,6.5,2021-02-15,3.29,1.98,WorthPoint
"""darwin-glass""",3.80 Grams Darwin Glass (Darwinite) Tektite As Found Meteorite Impact Australia,7,2021-02-15,3.8,1.84,WorthPoint
"""darwin-glass""",Darwin Glass -- 8.3g - Austalite - Darwinite - Tektite - Impactite #dg9,26.39,2021-02-13,8.3,3.18,WorthPoint
"""darwin-glass""",10.18g DARWIN GLASS - Impactite - TOP,38,2021-02-10,10.18,3.73,WorthPoint
"""darwin-glass""","(R399-2) 2.5"" Fossil Fulgurite Petrified Lightning Strike Beach Sand Glass GA",18.99,2021-02-09,,,WorthPoint
"""darwin-glass""",4.44 Grams Darwin Glass (Darwinite) Tektite As Found Meteorite Impact Australia,9.5,2021-02-07,4.44,2.14,WorthPoint
"""darwin-glass""",9g DARWIN GLASS - Impactite - TOP,35,2021-02-03,9,3.89,WorthPoint
"""darwin-glass""","(r365-66) 1-7/8"" Fulgurite Lightning Strike Beach Sand Glass Georgia Fulgurites",16.99,2021-02-01,,,WorthPoint
"""darwin-glass""",Darwin Glass -- 9.1g - Austalite - Darwinite - Tektite - Impactite #dg14,36.99,2021-02-01,9.1,4.06,WorthPoint
"""darwin-glass""",4.45 Grams Darwin Glass (Darwinite) Tektite As Found Meteorite Impact Australia,8.5,2021-01-29,4.45,1.91,WorthPoint
"""darwin-glass""",7.10 Grams Darwin Glass (Darwinite) Tektite As Found Meteorite Impact Australia,17,2021-01-29,7.1,2.39,WorthPoint
"""darwin-glass""",4.52 Grams Darwin Glass (Darwinite) Tektite As Found Meteorite Impact Australia,8.5,2021-01-27,4.52,1.88,WorthPoint
"""darwin-glass""",12.52 Grams NATURAL DARWIN GLASS From METEORITE Impact AUSTRALIA,26,2021-01-25,12.52,2.08,WorthPoint
"""darwin-glass""",Darwin Glass -- 6.4g - Austalite - Darwinite - Tektite - Impactite #dg5,25.99,2021-01-23,6.4,4.06,WorthPoint
"""darwin-glass""","(r366-48) 2-1/8"" Fulgurite Lightning Strike Beach Sand Glass Georgia Fulgurites",18.99,2021-01-22,,,WorthPoint
"""darwin-glass""",10 Grams Darwin Glass (Darwinite) Tektite As Found Meteorite Impact Australia,19.99,2021-01-22,10,2,WorthPoint
"""darwin-glass""",8.637 Grams NATURAL DARWIN GLASS From METEORITE Impact AUSTRALIA,26,2021-01-17,8.637,3.01,WorthPoint
"""darwin-glass""",3.67 Grams Darwin Glass (Darwinite) Tektite As Found Meteorite Impact Australia,7.5,2021-01-15,3.67,2.04,WorthPoint
"""darwin-glass""","(r365-122) 1-7/8"" Fulgurite Lightning Strike Beach Sand Glass Georgia Fulgurites",16.99,2021-01-15,,,WorthPoint
"""darwin-glass""",3.317 Grams NATURAL DARWIN GLASS From METEORITE Impact AUSTRALIA,9.95,2021-01-12,3.317,3,WorthPoint
"""darwin-glass""",3.760 Grams NATURAL DARWIN GLASS From METEORITE Impact AUSTRALIA,9,2021-01-08,3.76,2.39,WorthPoint
"""darwin-glass""",13.79 Grams NATURAL DARWIN GLASS From METEORITE Impact AUSTRALIA,34.5,2021-01-07,13.79,2.5,WorthPoint
"""darwin-glass""",6.941 Grams NATURAL DARWIN GLASS From METEORITE Impact AUSTRALIA,17.35,2021-01-07,6.941,2.5,WorthPoint
"""darwin-glass""","(r365-112) 1-7/8"" Fulgurite Lightning Strike Beach Sand Glass Georgia Fulgurites",16.99,2021-01-03,,,WorthPoint
"""darwin-glass""","(r365-36) 1-3/4"" Fulgurite Lightning Strike Beach Sand Glass Georgia Fulgurites",16.49,2021-01-03,,,WorthPoint
"""darwin-glass""","(r364-117) 1-1/8"" Fulgurite Lightning Strike Beach Sand Glass Georgia Fulgurites",14.99,2020-12-30,,,WorthPoint
"""darwin-glass""",Darwin Glass -- 5.2g - Austalite - Darwinite - Tektite - Impactite #dg1,20.99,2020-12-18,5.2,4.04,WorthPoint
"""darwin-glass""",7.942 Grams NATURAL DARWIN GLASS From METEORITE Impact AUSTRALIA,15,2020-12-17,7.942,1.89,WorthPoint
"""darwin-glass""",4.24 Grams Darwin Glass (Darwinite) Tektite As Found Meteorite Impact Australia,8.5,2020-12-17,4.24,2,WorthPoint
"""darwin-glass""","(r362-39) 4 Fulgurites 1/2-1-1/8"" Lightning Strike Beach Sand Glass GA Specimens",22.99,2020-12-15,,,WorthPoint
"""darwin-glass""","(r362-46) 4 Fulgurites 1/2-1-1/8"" Lightning Strike Beach Sand Glass GA Specimens",22.99,2020-12-15,,,WorthPoint
"""darwin-glass""","(r365-114) 1-7/8"" Fulgurite Lightning Strike Beach Sand Glass Georgia Fulgurites",16.99,2020-12-15,,,WorthPoint
"""darwin-glass""","(r362-48) 4 Fulgurites 1/2-1-1/8"" Lightning Strike Beach Sand Dune Glass Georgia",22.99,2020-12-14,,,WorthPoint
"""darwin-glass""","(r373-12) 3"" Fulgurite Lightning Strike Beach Sand Glass GA Display Specimen",33.99,2020-12-13,,,WorthPoint
"""darwin-glass""","(r365-117) 1-7/8"" Fulgurite Lightning Strike Beach Sand Glass Georgia Fulgurites",16.99,2020-12-11,,,WorthPoint
"""darwin-glass""",Darwin Glass -- 8.8g - Austalite - Darwinite - Tektite - Impactite #dg20,35.99,2020-12-11,8.8,4.09,WorthPoint
"""darwin-glass""",2.571 Grams NATURAL DARWIN GLASS From METEORITE Impact AUSTRALIA,6.4,2020-12-09,2.571,2.49,WorthPoint
"""darwin-glass""",7.321 Grams NATURAL DARWIN GLASS From METEORITE Impact AUSTRALIA,18.3,2020-11-30,7.321,2.5,WorthPoint
"""darwin-glass""",7.23 Grams Darwin Glass (Darwinite) Tektite As Found Meteorite Impact Australia,17,2020-11-28,7.23,2.35,WorthPoint
"""darwin-glass""",5.55 Grams Darwin Glass (Darwinite) Tektite As Found Meteorite Impact Australia,9.99,2020-11-28,5.55,1.8,WorthPoint
"""darwin-glass""","(R399-20) 6-3/8"" Fossil Fulgurite Petrified Lightning Strike Beach Sand Glass GA",48.99,2020-11-26,,,WorthPoint
"""darwin-glass""","Set Of FOURTEEN Different Asteroid IMPACTITES, Weight 116-grams (4.1-oz.)",27.65,2020-11-16,116,0.24,WorthPoint
"""darwin-glass""","(r362-53) 4 Fulgurites 1/2-1-1/8"" Lightning Strike Beach Sand Dune Glass Georgia",22.99,2020-11-12,,,WorthPoint
"""darwin-glass""",11.57 Grams NATURAL DARWIN GLASS From METEORITE Impact AUSTRALIA,25,2020-11-09,11.57,2.16,WorthPoint
"""darwin-glass""",12.79g DARWIN GLASS - Impactite - TOP,45,2020-11-08,12.79,3.52,WorthPoint
"""darwin-glass""",6.07 Grams Darwin Glass (Darwinite) Tektite As Found Meteorite Impact Australia,18,2020-11-07,6.07,2.97,WorthPoint
"""darwin-glass""","(r365-89) 1-7/8"" Fulgurite Lightning Strike Beach Sand Glass Georgia Fulgurites",16.99,2020-11-05,,,WorthPoint
"""darwin-glass""","Set Of TWENTY-TWO DIFFERENT Asteroid IMPACTITES, Weight 286-grams (10.1-oz.)",20.45,2020-11-04,286,0.07,WorthPoint
"""darwin-glass""",3.244 Grams NATURAL DARWIN GLASS From METEORITE Impact AUSTRALIA,8.15,2020-10-29,3.244,2.51,WorthPoint
"""darwin-glass""",3.386 Grams NATURAL DARWIN GLASS From METEORITE Impact AUSTRALIA,8.45,2020-10-29,3.386,2.5,WorthPoint
"""darwin-glass""",7.064 Grams NATURAL DARWIN GLASS From METEORITE Impact AUSTRALIA,21.2,2020-10-29,7.064,3,WorthPoint
"""darwin-glass""",3.794 Grams NATURAL DARWIN GLASS From METEORITE Impact AUSTRALIA,8.99,2020-10-29,3.794,2.37,WorthPoint
"""darwin-glass""",6.53 Grams Darwin Glass (Darwinite) Tektite As Found Meteorite Impact Australia,11,2020-10-28,6.53,1.68,WorthPoint
"""darwin-glass""",4.281 Grams NATURAL DARWIN GLASS From METEORITE Impact AUSTRALIA,9.99,2020-10-22,4.281,2.33,WorthPoint
"""darwin-glass""",49.2 Grams Darwin Glass (Darwinite) Tektite As Found Meteorite Impact Australia,169,2020-10-16,49.2,3.43,WorthPoint
"""darwin-glass""",1.724 Grams NATURAL DARWIN GLASS From METEORITE Impact AUSTRALIA,5.25,2020-10-15,1.724,3.05,WorthPoint
"""darwin-glass""","Set Of 20 DIFFERENT Asteroid IMPACTITES, Total Weight 82-grams (2.89-oz.)",18.05,2020-10-03,82,0.22,WorthPoint
"""darwin-glass""","(R399-14) 3-1/4"" Fossil Fulgurite Petrified Lightning Strike Beach Sand Glass GA",22.99,2020-10-02,,,WorthPoint
"""darwin-glass""","Darwin Glass, West Coast, Tasmania - 3.4 Grams",5.51,2020-09-29,3.4,1.62,WorthPoint
"""darwin-glass""",3.219 Grams NATURAL DARWIN GLASS From METEORITE Impact AUSTRALIA,8,2020-09-27,3.219,2.49,WorthPoint
"""darwin-glass""",3.356 Grams NATURAL DARWIN GLASS From METEORITE Impact AUSTRALIA,10,2020-09-27,3.356,2.98,WorthPoint
"""darwin-glass""",6.056 Grams NATURAL DARWIN GLASS From METEORITE Impact AUSTRALIA,15,2020-09-27,6.056,2.48,WorthPoint
"""darwin-glass""",2.525 Grams NATURAL DARWIN GLASS From METEORITE Impact AUSTRALIA,7.75,2020-09-27,2.525,3.07,WorthPoint
"""darwin-glass""",7.69 Grams Darwin Glass (Darwinite) Tektite As Found Meteorite Impact Australia,13,2020-09-22,7.69,1.69,WorthPoint
"""darwin-glass""",6.98 Grams Darwin Glass (Darwinite) Tektite As Found Meteorite Impact Australia,16,2020-09-22,6.98,2.29,WorthPoint
"""darwin-glass""",3.452 Grams NATURAL DARWIN GLASS From METEORITE Impact AUSTRALIA,10.3,2020-09-21,3.452,2.98,WorthPoint
"""darwin-glass""","(r365-116) 1-7/8"" Fulgurite Lightning Strike Beach Sand Glass Georgia Fulgurites",16.99,2020-09-21,,,WorthPoint
"""darwin-glass""",5.36 Grams Darwin Glass (Darwinite) Tektite As Found Meteorite Impact Australia,9.99,2020-09-20,5.36,1.86,WorthPoint
"""darwin-glass""","(r365-120) 1-7/8"" Fulgurite Lightning Strike Beach Sand Glass Georgia Fulgurites",16.99,2020-09-13,,,WorthPoint
"""darwin-glass""","(R399-17-5) 4"" Fossil Fulgurite Petrified Lightning Strike Beach Sand Glass GA",26.99,2020-09-13,,,WorthPoint
"""darwin-glass""","(r362-52) 4 Fulgurites 1/2-1-1/8"" Lightning Strike Beach Sand Dune Glass Georgia",22.99,2020-09-09,,,WorthPoint
"""darwin-glass""","Darwin Glass, West Coast, Tasmania - 4.0 Grams",9.38,2020-09-08,4,2.35,WorthPoint
"""darwin-glass""",6.158 Grams NATURAL DARWIN GLASS From METEORITE Impact AUSTRALIA,15.35,2020-09-02,6.158,2.49,WorthPoint
"""darwin-glass""","(r363-10) 2 Fulgurites 1-5/8"" Lightning Strike Beach Sand Glass Georgia Set",18.99,2020-09-02,,,WorthPoint
"""darwin-glass""","(r365-74) 1-7/8"" Fulgurite Lightning Strike Beach Sand Glass Georgia Fulgurites",16.99,2020-09-02,,,WorthPoint
"""darwin-glass""",3.170 Grams NATURAL DARWIN GLASS From METEORITE Impact AUSTRALIA,7.95,2020-08-30,3.17,2.51,WorthPoint
"""darwin-glass""",2.25 Grams Darwin Glass (Darwinite) Tektite As Found Meteorite Impact Australia,5.99,2020-08-29,2.25,2.66,WorthPoint
"""darwin-glass""",1.92 Grams Darwin Glass (Darwinite) Tektite As Found Meteorite Impact Australia,5,2020-08-27,1.92,2.6,WorthPoint
"""darwin-glass""","(r364-5) 2 Fulgurites 1-5/8"" Lightning Strike Beach Dune Sand Glass Georgia",22.99,2020-08-26,,,WorthPoint
"""darwin-glass""","(r365-11) 1-1/2"" Fulgurite Lightning Strike Beach Sand Glass Georgia Fulgurites",15.99,2020-08-26,,,WorthPoint
"""darwin-glass""",21.70 Grams NATURAL DARWIN GLASS From METEORITE Impact AUSTRALIA,45,2020-08-25,21.7,2.07,WorthPoint
"""darwin-glass""",8.747 Grams NATURAL DARWIN GLASS From METEORITE Impact AUSTRALIA,21.85,2020-08-25,8.747,2.5,WorthPoint
"""darwin-glass""",2.93 Grams Darwin Glass (Darwinite) Tektite As Found Meteorite Impact Australia,6.5,2020-08-23,2.93,2.22,WorthPoint
"""darwin-glass""",3.187 Grams NATURAL DARWIN GLASS From METEORITE Impact AUSTRALIA,7.95,2020-08-22,3.187,2.49,WorthPoint
"""darwin-glass""",6.572 Grams NATURAL DARWIN GLASS From METEORITE Impact AUSTRALIA,16.3,2020-08-19,6.572,2.48,WorthPoint
"""darwin-glass""",8.299 Grams NATURAL DARWIN GLASS From METEORITE Impact AUSTRALIA,20.75,2020-08-19,8.299,2.5,WorthPoint
"""darwin-glass""",2.345 Grams NATURAL DARWIN GLASS From METEORITE Impact AUSTRALIA,5.95,2020-08-19,2.345,2.54,WorthPoint
"""darwin-glass""","(r365-92) 1-7/8"" Fulgurite Lightning Strike Beach Sand Glass Georgia Fulgurites",16.99,2020-08-17,,,WorthPoint
"""darwin-glass""","(r365-24) 1-3/4"" Fulgurite Lightning Strike Beach Sand Glass Georgia Fulgurites",16.49,2020-08-17,,,WorthPoint
"""darwin-glass""","(r367-29) 2-1/4"" Fulgurite Lightning Strike Beach Sand Dune Glass GA Specimen",20.99,2020-08-14,,,WorthPoint
"""darwin-glass""","(r363-16) 2 Fulgurites 1-5/8"" Lightning Strike Beach Sand Dune Glass Georgia",18.99,2020-08-12,,,WorthPoint
"""darwin-glass""",13.53 Grams NATURAL DARWIN GLASS From METEORITE Impact AUSTRALIA,33.8,2020-08-10,13.53,2.5,WorthPoint
"""darwin-glass""","(r365-32) 1-3/4"" Fulgurite Lightning Strike Beach Sand Glass Georgia Fulgurites",16.49,2020-08-10,,,WorthPoint
"""darwin-glass""",3.785 Grams NATURAL DARWIN GLASS From METEORITE Impact AUSTRALIA,9.45,2020-08-08,3.785,2.5,WorthPoint
"""darwin-glass""",4.200 Grams NATURAL DARWIN GLASS From METEORITE Impact AUSTRALIA,10.5,2020-08-06,4.2,2.5,WorthPoint
"""darwin-glass""","(r365-28) 1-3/4"" Fulgurite Lightning Strike Beach Sand Glass Georgia Fulgurites",16.49,2020-08-04,,,WorthPoint
"""darwin-glass""","(r362-54) 4 Fulgurites 1/2-1-1/8"" Lightning Strike Beach Sand Dune Glass Georgia",22.99,2020-08-04,,,WorthPoint
"""darwin-glass""","(r365-121) 1-7/8"" Fulgurite Lightning Strike Beach Sand Glass Georgia Fulgurites",16.99,2020-08-01,,,WorthPoint
"""darwin-glass""","(R399-13) 3-1/4"" Fossil Fulgurite Petrified Lightning Strike Beach Sand Glass GA",22.99,2020-08-01,,,WorthPoint
"""darwin-glass""",15.36 Grams NATURAL DARWIN GLASS From METEORITE Impact AUSTRALIA,35,2020-07-31,15.36,2.28,WorthPoint
"""darwin-glass""","(r363-13) 2 Fulgurites 1-5/8"" Lightning Strike Beach Sand Glass Georgia Set",18.99,2020-07-28,,,WorthPoint
"""darwin-glass""","(r365-119) 1-7/8"" Fulgurite Lightning Strike Beach Sand Glass Georgia Fulgurites",16.99,2020-07-28,,,WorthPoint
"""darwin-glass""",9.40 Grams Darwin Glass (Darwinite) Tektite As Found Meteorite Impact Australia,17.99,2020-07-27,9.4,1.91,WorthPoint
"""darwin-glass""",5.086 Grams NATURAL DARWIN GLASS From METEORITE Impact AUSTRALIA,12.25,2020-07-23,5.086,2.41,WorthPoint
"""darwin-glass""",6.240 Grams NATURAL DARWIN GLASS From METEORITE Impact AUSTRALIA,12.45,2020-07-23,6.24,2,WorthPoint
"""darwin-glass""",6.008 Grams NATURAL DARWIN GLASS From METEORITE Impact AUSTRALIA,12,2020-07-23,6.008,2,WorthPoint
"""darwin-glass""",6.37 Grams Darwin Glass (Darwinite) Tektite As Found Meteorite Impact Australia,13.99,2020-07-21,6.37,2.2,WorthPoint
"""darwin-glass""",16.09 Grams NATURAL DARWIN GLASS From METEORITE Impact AUSTRALIA,32.99,2020-07-19,16.09,2.05,WorthPoint
"""darwin-glass""","(r365-3) 1-1/2"" Fulgurite Lightning Strike Beach Sand Glass Georgia Fulgurites",15.99,2020-07-19,,,WorthPoint
"""darwin-glass""",4.333 Grams NATURAL DARWIN GLASS From METEORITE Impact AUSTRALIA,10.8,2020-07-18,4.333,2.49,WorthPoint
"""darwin-glass""",18.62 Grams NATURAL DARWIN GLASS From METEORITE Impact AUSTRALIA,37.25,2020-07-18,18.62,2,WorthPoint
"""darwin-glass""",HUGE 77.9 Gram Darwin Glass (Darwinite) Tektite Meteorite Impact Australia,350,2020-07-18,77.9,4.49,WorthPoint
"""darwin-glass""",7.84 Grams Darwin Glass (Darwinite) Tektite As Found Meteorite Impact Australia,14.9,2020-07-16,7.84,1.9,WorthPoint
"""darwin-glass""","Exquisite DARWIN GLASS, Twisted, Bulbous IMPACTITE, 5-gram (0.2-oz.)",12.95,2020-07-16,5,2.59,WorthPoint
"""darwin-glass""",8.19 Grams Darwin Glass (Darwinite) Tektite As Found Meteorite Impact Australia,15.9,2020-07-11,8.19,1.94,WorthPoint
"""darwin-glass""",9.56 Grams Darwin Glass (Darwinite) Tektite As Found Meteorite Impact Australia,21,2020-07-05,9.56,2.2,WorthPoint
"""darwin-glass""","Set Of 17 DIFFERENT Asteroid IMPACTITES, Total Weight 596-gr. (one-pound, 5-oz.)",24.95,2020-07-02,596,0.04,WorthPoint
"""darwin-glass""","(r367-4) 2-1/4"" Fulgurite Lightning Strike Beach Sand Glass Georgia Specimen",20.99,2020-07-01,,,WorthPoint
"""darwin-glass""",6.156 Grams NATURAL DARWIN GLASS From METEORITE Impact AUSTRALIA,14.99,2020-06-29,6.156,2.44,WorthPoint
"""darwin-glass""",6 Grams Darwin Glass (Darwinite) Tektite As Found Meteorite Impact Australia,11.99,2020-06-27,6,2,WorthPoint
"""darwin-glass""","(r367-28) 2-1/4"" Fulgurite Lightning Strike Beach Sand Dune Glass GA Specimen",20.99,2020-06-25,,,WorthPoint
"""darwin-glass""","(r365-118) 1-7/8"" Fulgurite Lightning Strike Beach Sand Glass Georgia Fulgurites",16.99,2020-06-17,,,WorthPoint
"""darwin-glass""",8.11 Grams Darwin Glass (Darwinite) Tektite As Found Meteorite Impact Australia,17,2020-06-17,8.11,2.1,WorthPoint
"""darwin-glass""","(r364-107) 1-1/8"" Fulgurite Lightning Strike Beach Sand Glass Georgia Fulgurites",14.99,2020-06-16,,,WorthPoint
"""darwin-glass""","(r373-8) 3"" Fulgurite Lightning Strike Beach Sand Hill Glass GA Display Specimen",33.99,2020-06-16,,,WorthPoint
"""darwin-glass""",4.98 Grams Darwin Glass (Darwinite) Tektite As Found Meteorite Impact Australia,10.9,2020-06-16,4.98,2.19,WorthPoint
"""darwin-glass""",11.80 Grams NATURAL DARWIN GLASS From METEORITE Impact AUSTRALIA,23.6,2020-06-11,11.8,2,WorthPoint
"""darwin-glass""",4.18 Grams Darwin Glass (Darwinite) Tektite As Found Meteorite Impact Australia,10.5,2020-06-08,4.18,2.51,WorthPoint
"""darwin-glass""","Set Of 13 DIFFERENT Asteroid IMPACTITES, Total Weight 484-gr. (17-ounces)",18.95,2020-06-07,484,0.04,WorthPoint
"""darwin-glass""",8.279 Grams NATURAL DARWIN GLASS From METEORITE Impact AUSTRALIA,16.99,2020-06-07,8.279,2.05,WorthPoint
"""darwin-glass""",6.872 Grams NATURAL DARWIN GLASS From METEORITE Impact AUSTRALIA,17,2020-05-31,6.872,2.47,WorthPoint
"""darwin-glass""",5.57 Grams Darwin Glass (Darwinite) Tektite As Found Meteorite Impact Australia,18.28,2020-05-30,5.57,3.28,WorthPoint
"""darwin-glass""",2.07 Grams Darwin Glass (Darwinite) Tektite As Found Meteorite Impact Australia,12.28,2020-05-30,2.07,5.93,WorthPoint
"""darwin-glass""","R362-26) 4 Piece Set 1/2 1-1/8"" Fulgurites Lightning Strike Beach Sand Glass GA",22.99,2020-05-30,,,WorthPoint
"""darwin-glass""",4.797 Grams NATURAL DARWIN GLASS From METEORITE Impact AUSTRALIA,11.99,2020-05-29,4.797,2.5,WorthPoint
"""darwin-glass""","(r364-106) 1-1/8"" Fulgurite Lightning Strike Beach Sand Glass Georgia Fulgurites",14.99,2020-05-28,,,WorthPoint
"""darwin-glass""",5.124 Grams NATURAL DARWIN GLASS From METEORITE Impact AUSTRALIA,12.8,2020-05-24,5.124,2.5,WorthPoint
"""darwin-glass""",5.926 Grams NATURAL DARWIN GLASS From METEORITE Impact AUSTRALIA,12,2020-05-20,5.926,2.02,WorthPoint
"""darwin-glass""",23.2 Grams Darwin Glass (Darwinite) Tektite As Found Meteorite Impact Australia,41,2020-05-20,23.2,1.77,WorthPoint
"""darwin-glass""",6.19 Grams Darwin Glass (Darwinite) Tektite As Found Meteorite Impact Australia,13,2020-05-19,6.19,2.1,WorthPoint
"""darwin-glass""",6.58 Grams Darwin Glass (Darwinite) Tektite As Found Meteorite Impact Australia,13,2020-05-19,6.58,1.98,WorthPoint
"""darwin-glass""","(r365-113) 1-7/8"" Fulgurite Lightning Strike Beach Sand Glass Georgia Fulgurites",16.99,2020-05-18,,,WorthPoint
"""darwin-glass""","(r365-45) 1-7/8"" Fulgurite Lightning Strike Beach Sand Dune Glass GA Fulgurites",16.99,2020-05-16,,,WorthPoint
"""darwin-glass""","(r364-105) 1-1/8"" Fulgurite Lightning Strike Beach Sand Glass Georgia Fulgurites",14.99,2020-05-12,,,WorthPoint
"""darwin-glass""","(r385-1) 4-5/8"" Fulgurite Lightning Strike Beach Sand Glass GA Display Specimen",58.99,2020-05-10,,,WorthPoint
"""darwin-glass""",19.7 Grams Darwin Glass (Darwinite) Tektite As Found Meteorite Impact Australia,36,2020-05-07,19.7,1.83,WorthPoint
"""darwin-glass""",7.81 Grams Darwin Glass (Darwinite) Tektite As Found Meteorite Impact Australia,21,2020-05-01,7.81,2.69,WorthPoint
"""darwin-glass""","Set Of 21 DIFFERENT Asteroid IMPACTITES, Total Weight 214-gr. (7.5-oz.)",39.95,2020-04-28,214,0.19,WorthPoint
"""darwin-glass""",5.262 Grams NATURAL DARWIN GLASS From METEORITE Impact AUSTRALIA,13,2020-04-27,5.262,2.47,WorthPoint
"""darwin-glass""",7.600 Grams NATURAL DARWIN GLASS From METEORITE Impact AUSTRALIA,19,2020-04-27,7.6,2.5,WorthPoint
"""darwin-glass""","(R399-12) 3-1/4"" Fossil Fulgurite Petrified Lightning Strike Beach Sand Glass GA",22.99,2020-04-26,,,WorthPoint
"""darwin-glass""",7.28 Grams Darwin Glass (Darwinite) Tektite As Found Meteorite Impact Australia,22,2020-04-22,7.28,3.02,WorthPoint
"""darwin-glass""",9.89 Grams Darwin Glass (Darwinite) Tektite As Found Meteorite Impact Australia,17.99,2020-04-22,9.89,1.82,WorthPoint
"""darwin-glass""","(r365-105) 1-7/8"" Fulgurite Lightning Strike Beach Sand Glass Georgia Fulgurites",16.99,2020-04-17,,,WorthPoint
"""darwin-glass""",7.475 Grams NATURAL DARWIN GLASS From METEORITE Impact AUSTRALIA,18,2020-04-12,7.475,2.41,WorthPoint
"""darwin-glass""",6.525 Grams NATURAL DARWIN GLASS From METEORITE Impact AUSTRALIA,16.3,2020-04-12,6.525,2.5,WorthPoint
"""darwin-glass""",9.478 Grams NATURAL DARWIN GLASS From METEORITE Impact AUSTRALIA,23.69,2020-04-08,9.478,2.5,WorthPoint
"""darwin-glass""","Asteroid IMPACTITES, One Set Of 16 DIFFERENT, Total Weight 338-grams (11.9-oz.)",15.5,2020-04-08,338,0.05,WorthPoint
"""darwin-glass""",9.44 Grams Darwin Glass (Darwinite) Tektite As Found Meteorite Impact Australia,17,2020-04-04,9.44,1.8,WorthPoint
"""darwin-glass""",11.17 Grams Darwin Glass (Darwinite) Tektite As Found Meteorite Impact Australia,22,2020-04-03,11.17,1.97,WorthPoint
"""darwin-glass""","(R399-8-8) 2"" Fossil Fulgurite Petrified Lightning Strike Beach Sand Glass GA",18.99,2020-03-31,,,WorthPoint
"""darwin-glass""",15 Grams Darwin Glass (Darwinite) Tektite As Found Meteorite Impact Australia,31,2020-03-29,15,2.07,WorthPoint
"""darwin-glass""",8.37 Grams Darwin Glass (Darwinite) Tektite As Found Meteorite Impact Australia,18,2020-03-29,8.37,2.15,WorthPoint
"""darwin-glass""",10.5 Grams Darwin Glass (Darwinite) Tektite As Found Meteorite Impact Australia,20,2020-03-29,10.5,1.9,WorthPoint
"""darwin-glass""",6.63 Grams Darwin Glass (Darwinite) Tektite As Found Meteorite Impact Australia,17.99,2020-03-29,6.63,2.71,WorthPoint
"""darwin-glass""",14.5 Grams Darwin Glass (Darwinite) Tektite As Found Meteorite Impact Australia,27.99,2020-03-26,14.5,1.93,WorthPoint
"""darwin-glass""",4.917 Grams NATURAL DARWIN GLASS From METEORITE Impact AUSTRALIA,12,2020-03-24,4.917,2.44,WorthPoint
"""darwin-glass""","Asteroid IMPACTITES, One Set Of 22 DIFFERENT, Total Weight 413-grams (11.6-oz.)",19.95,2020-03-21,413,0.05,WorthPoint
"""darwin-glass""","(r378-3) 3-5/8"" Fulgurite Lightning Strike Beach Sand Glass GA Display Specimen",46.99,2020-03-18,,,WorthPoint
"""darwin-glass""","(r366-45) 2-1/8"" Fulgurite Lightning Strike Beach Sand Glass Georgia Fulgurites",18.99,2020-03-15,,,WorthPoint
"""darwin-glass""",8.09 Grams Darwin Glass (Darwinite) Tektite As Found Meteorite Impact Australia,26,2020-03-11,8.09,3.21,WorthPoint
"""darwin-glass""",8.51 Grams Darwin Glass (Darwinite) Tektite As Found Meteorite Impact Australia,23,2020-03-11,8.51,2.7,WorthPoint
"""darwin-glass""",8.45 Grams Darwin Glass (Darwinite) Tektite As Found Meteorite Impact Australia,18,2020-03-10,8.45,2.13,WorthPoint
"""darwin-glass""","NA-A Large Selection Of Fossils, Rocks, & Minerals. Tibet Tektite From Bam Lake Region",661.25,2020-03-08,,,WorthPoint
"""darwin-glass""",4 Grams Darwin Glass (Darwinite) Tektite As Found Meteorite Impact Australia,11.5,2020-03-05,4,2.88,WorthPoint
"""darwin-glass""","Set Of 22 DIFFERENT Asteroid IMPACTITES, Total Weight 413-grams (11.6-oz.)",30,2020-03-02,413,0.07,WorthPoint
"""darwin-glass""","(r372-14) 2-7/8"" Fulgurite Lightning Strike Beach Sand Glass GA Display Specimen",31.99,2020-03-01,,,WorthPoint
"""darwin-glass""","(r365-54) 1-7/8"" Fulgurite Lightning Strike Beach Sand Glass Georgia Fulgurites",16.99,2020-03-01,,,WorthPoint
"""darwin-glass""",6.118 Grams NATURAL DARWIN GLASS From METEORITE Impact AUSTRALIA,12,2020-02-27,6.118,1.96,WorthPoint
"""darwin-glass""",1.24 Grams Darwin Glass (Darwinite) Tektite As Found Meteorite Impact Australia,14.5,2020-02-26,1.24,11.69,WorthPoint
"""darwin-glass""",5.164 Grams NATURAL DARWIN GLASS From METEORITE Impact AUSTRALIA,10.3,2020-02-26,5.164,1.99,WorthPoint
"""darwin-glass""","(r366-52) 2-1/8"" Fulgurite Lightning Strike Beach Sand Dune Glass GA Fulgurites",18.99,2020-02-26,,,WorthPoint
"""darwin-glass""",4.42 Grams Darwin Glass (Darwinite) Tektite As Found Meteorite Impact Australia,15,2020-02-21,4.42,3.39,WorthPoint
"""darwin-glass""","(r370-4) 2-5/8"" Fulgurite Lightning Strike Beach Sand Glass Georgia Specimen",27.99,2020-02-20,,,WorthPoint
"""darwin-glass""","(R399-17-3) 4"" Fossil Fulgurite Petrified Lightning Strike Beach Sand Glass GA",26.99,2020-02-20,,,WorthPoint
"""darwin-glass""",4.35 Grams Darwin Glass (Darwinite) Tektite As Found Meteorite Impact Australia,11,2020-02-18,4.35,2.53,WorthPoint
"""darwin-glass""","Set Of 31 DIFFERENT Asteroid IMPACTITES, Total Weight 583-grams (1#, 4.3-oz.)",81.8,2020-02-16,583,0.14,WorthPoint
"""darwin-glass""","(r365-95) 1-7/8"" Fulgurite Lightning Strike Beach Sand Glass Georgia Fulgurites",16.99,2020-02-14,,,WorthPoint
"""darwin-glass""","Set Of 20 DIFFERENT Asteroid IMPACTITES, Total Weight 171-grams (~ 6.0-oz.)",135.3,2020-02-06,171,0.79,WorthPoint
"""darwin-glass""","(r363-15) 2 Fulgurites 1-5/8"" Lightning Strike Beach Sand Glass Georgia Set",18.99,2020-02-06,,,WorthPoint
"""darwin-glass""","(r365-107) 1-7/8"" Fulgurite Lightning Strike Beach Sand Glass Georgia Fulgurites",16.99,2020-01-17,,,WorthPoint
"""darwin-glass""","(R399-17-6) 4"" Fossil Fulgurite Petrified Lightning Strike Beach Sand Glass GA",26.99,2020-01-03,,,WorthPoint
"""darwin-glass""","(r365-1) 1-1/2"" Fulgurite Lightning Strike Beach Sand Glass Georgia Fulgurites",15.99,2019-11-30,,,WorthPoint
"""darwin-glass""","(r363-11) 2 Fulgurites 1-5/8"" Lightning Strike Beach Sand Glass Georgia Set",18.99,2019-11-13,,,WorthPoint
"""darwin-glass""","(r363-19) 2 Fulgurites 1-5/8"" Lightning Strike Beach Sand Glass Georgia Set",18.99,2019-11-13,,,WorthPoint
"""darwin-glass""","(r365-19) 1-3/4"" Fulgurite Lightning Strike Beach Sand Glass Georgia Fulgurites",16.49,2019-10-10,,,WorthPoint
"""darwin-glass""","(r362-35) 4 Fulgurites 1/2-1-1/8"" Lightning Strike Beach Sand Glass GA Specimens",22.99,2019-09-23,,,WorthPoint
"""darwin-glass""",Unique Darwin Impact Glass Tektite Meteorite Tasmania Australia,34.95,2019-09-17,,,WorthPoint
"""darwin-glass""","(r368-8) 2-3/8"" Fulgurite Lightning Strike Beach Sand Glass Georgia Specimen",22.99,2019-08-26,,,WorthPoint
"""darwin-glass""","(r365-106) 1-7/8"" Fulgurite Lightning Strike Beach Sand Glass Georgia Fulgurites",16.99,2019-08-25,,,WorthPoint
"""darwin-glass""","(r365-109) 1-7/8"" Fulgurite Lightning Strike Beach Sand Glass Georgia Fulgurites",16.99,2019-08-20,,,WorthPoint
"""darwin-glass""",Rare Fulgurite Darwin Glass Meteorite Specimen 78 Gram All Natural,170,2019-08-18,78,2.18,WorthPoint
"""darwin-glass""","“TEKTITES: WITNESSES OF COSMIC CATASTROPHES” ~ 222 Pages ~ 9.5” X 6"" ~ New",20,2019-08-15,,,WorthPoint
"""darwin-glass""","(r365-22) 1-3/4"" Fulgurite Lightning Strike Beach Sand Glass Georgia Fulgurites",16.49,2019-08-11,,,WorthPoint
"""darwin-glass""","(r365-108) 1-7/8"" Fulgurite Lightning Strike Beach Sand Glass Georgia Fulgurites",16.99,2019-08-05,,,WorthPoint
"""darwin-glass""","(r365-82) 1-7/8"" Fulgurite Lightning Strike Beach Sand Glass Georgia Fulgurites",16.99,2019-07-31,,,WorthPoint
"""darwin-glass""","(r365-8) 1-1/2"" Fulgurite Lightning Strike Beach Sand Glass Georgia Fulgurites",15.99,2019-07-30,,,WorthPoint
"""darwin-glass""","(r365-75) 1-7/8"" Fulgurite Lightning Strike Beach Sand Glass Georgia Fulgurites",16.99,2019-07-23,,,WorthPoint
"""darwin-glass""","(r364-29) 2 Fulgurites 1-5/8"" Lightning Strike Beach Dune Sand Glass Georgia",22.99,2019-07-22,,,WorthPoint
"""darwin-glass""","(r363-12) 2 Fulgurites 1-5/8"" Lightning Strike Beach Sand Glass Georgia Set",18.99,2019-07-02,,,WorthPoint
"""darwin-glass""","(r365-111) 1-7/8"" Fulgurite Lightning Strike Beach Sand Glass Georgia Fulgurites",16.99,2019-06-28,,,WorthPoint
"""darwin-glass""","(r365-9) 1-1/2"" Fulgurite Lightning Strike Beach Sand Glass Georgia Fulgurites",15.99,2019-06-23,,,WorthPoint
"""darwin-glass""","(r365-4) 1-1/2"" Fulgurite Lightning Strike Beach Sand Glass Georgia Fulgurites",15.99,2019-06-18,,,WorthPoint
"""darwin-glass""","(r364-104) 1-1/8"" Fulgurite Lightning Strike Beach Sand Glass Georgia Fulgurites",14.99,2019-06-10,,,WorthPoint
"""darwin-glass""","(r364-111) 1-1/8"" Fulgurite Lightning Strike Beach Sand Glass Georgia Fulgurites",14.99,2019-06-07,,,WorthPoint
"""darwin-glass""","(r365-7) 1-1/2"" Fulgurite Lightning Strike Beach Sand Glass Georgia Fulgurites",15.99,2019-05-28,,,WorthPoint
"""darwin-glass""","(r365-77) 1-7/8"" Fulgurite Lightning Strike Beach Sand Glass Georgia Fulgurites",16.99,2019-05-16,,,WorthPoint
"""darwin-glass""","20 Different Medium Size IMPACTITES From Hyper-Velocity Asteroid, Comet Impacts",51,2019-04-10,,,WorthPoint
"""darwin-glass""","(r363-9) 2 Fulgurites 1-5/8"" Lightning Strike Beach Sand Glass Georgia Set",18.99,2019-04-01,,,WorthPoint
"""darwin-glass""","(r365-30) 1-3/4"" Fulgurite Lightning Strike Beach Sand Glass Georgia Fulgurites",16.49,2019-03-31,,,WorthPoint
"""darwin-glass""",21 Different Smaller IMPACTITES From Hyper-Velocity Asteroid & Comet Impacts,63,2019-03-27,,,WorthPoint
"""darwin-glass""",Darwin Glass 2.8 Grams From Tasmania),10.4,2019-03-21,2.8,3.71,WorthPoint
"""darwin-glass""",Darwin Glass 4.5 Grams From Tasmania),12.8,2019-03-18,4.5,2.84,WorthPoint
"""darwin-glass""","11 DIFFERENT Small Lightweight RARE IMPACTITES From Craters, 19-gr.(0.65-oz.)",40,2019-03-17,19,2.11,WorthPoint
"""darwin-glass""",Darwin Glass 2.9 Grams From Tasmania,13,2019-03-17,2.9,4.48,WorthPoint
"""darwin-glass""","(r365-2) 1-1/2"" Fulgurite Lightning Strike Beach Sand Glass Georgia Fulgurites",15.99,2019-03-12,,,WorthPoint
"""darwin-glass""",Darwin Glass 3.5 Grams From Tasmania),14,2019-03-09,3.5,4,WorthPoint
"""darwin-glass""",Darwin Glass 1.2 Grams From Tasmania,10,2019-03-09,1.2,8.33,WorthPoint
"""darwin-glass""",20 DIFFERENT Asteroid Impact RARE Small Lightweight IMPACTITES 97.5-gr.(3.4-oz.),102,2019-03-07,97.5,1.05,WorthPoint
"""darwin-glass""","15 Different Small IMPACTITES From Earth's Asteroid, Comet Impact Craters 39-gr.",44,2019-02-26,39,1.13,WorthPoint
"""darwin-glass""","(r365-31) 1-3/4"" Fulgurite Lightning Strike Beach Sand Glass Georgia Fulgurites",16.49,2019-02-18,,,WorthPoint
"""darwin-glass""",23 Different Small IMPACTITES From Earth's Asteroid And Comet Impact Craters,72.85,2019-02-17,,,WorthPoint
"""darwin-glass""","(r365-13) 1-1/2"" Fulgurite Lightning Strike Beach Sand Glass Georgia Fulgurites",15.99,2019-02-08,,,WorthPoint
"""darwin-glass""",15 Different Small IMPACTITES From Some Of Earth's Asteroid Impact Craters,57.78,2019-01-29,,,WorthPoint
"""darwin-glass""",Darwin Glass 4.04g Flowing Form Impactite - Created By Meteorite Impact,12,2019-01-26,4.04,2.97,WorthPoint
"""darwin-glass""",Darwin Glass 7.45g Flowing Form Impactite - Created By Meteorite Impact,29,2019-01-19,7.45,3.89,WorthPoint
"""darwin-glass""","(r365-71) 1-7/8"" Fulgurite Lightning Strike Beach Sand Glass Georgia Fulgurites",16.99,2019-01-14,,,WorthPoint
"""darwin-glass""",Darwin Glass 10.14g Flowing Form Impactite - Created By Meteorite Impact,26,2019-01-12,10.14,2.56,WorthPoint
"""darwin-glass""","19 DIFFERENT Asteroid Impact Crater IMPACTITES 1517-gr., 3#, 5.5-oz., Some RARE",48,2019-01-12,1517,0.03,WorthPoint
"""darwin-glass""","(r365-72) 1-7/8"" Fulgurite Lightning Strike Beach Sand Glass Georgia Fulgurites",16.99,2019-01-10,,,WorthPoint
"""darwin-glass""","(r364-20) 1-5/8"" - 2 Fulgurites Lightning Strike Beach Sand Glass GA Fulgurite",22.99,2019-01-08,,,WorthPoint
"""darwin-glass""","(r365-76) 1-7/8"" Fulgurite Lightning Strike Beach Sand Glass Georgia Fulgurites",16.99,2019-01-05,,,WorthPoint
"""darwin-glass""",Darwin Glass 4.25g Flowing Form Impactite - Created By Meteorite Impact,20,2019-01-04,4.25,4.71,WorthPoint
"""darwin-glass""","R399-19-1) 5.25"" Fossil Fulgurite Petrified Lightning Strike Beach Sand Glass GA",35.99,2019-01-02,,,WorthPoint
"""darwin-glass""","31 DIFFERENT Asteroid Impact Crater IMPACTITES 2189-gr., 4#, 13-oz., Some RARE",202.49,2018-12-31,2189,0.09,WorthPoint
"""darwin-glass""","(R399-5) 2"" Fossil Fulgurite Petrified Lightning Strike Beach Sand Glass GA",18.99,2018-12-22,,,WorthPoint
"""darwin-glass""","24 DIFFERENT Asteroid Impact Crater IMPACTITES 1090-gr., 2#, 6.5-oz., Some RARE",347,2018-12-20,1090,0.32,WorthPoint
"""darwin-glass""","(r365-43) 1-7/8"" Fulgurite Lightning Strike Beach Sand Dune Glass GA Fulgurites",16.99,2018-12-19,,,WorthPoint
"""darwin-glass""","(r364-103) 1-1/8"" Fulgurite Lightning Strike Beach Sand Glass Georgia Fulgurites",14.99,2018-12-18,,,WorthPoint
"""darwin-glass""","(r366-53) 2-1/8"" Fulgurite Lightning Strike Beach Sand Dune Glass GA Fulgurites",18.99,2018-12-18,,,WorthPoint
"""darwin-glass""","(r365-79) 1-7/8"" Fulgurite Lightning Strike Beach Sand Glass Georgia Fulgurites",16.99,2018-12-18,,,WorthPoint
"""darwin-glass""","(r364-100) 1-1/8"" Fulgurite Lightning Strike Beach Sand Glass Georgia Fulgurites",14.99,2018-12-17,,,WorthPoint
"""darwin-glass""",Darwin Glass 15.09g Flowing Form Impactite - Created By Meteorite Impact,47,2018-12-08,15.09,3.11,WorthPoint
"""darwin-glass""","(R399-17) 4-1/4"" Fossil Fulgurite Petrified Lightning Strike Beach Sand Glass GA",26.99,2018-11-14,,,WorthPoint
"""darwin-glass""","(r365-6) 1-1/2"" Fulgurite Lightning Strike Beach Sand Glass Georgia Fulgurites",15.99,2018-11-12,,,WorthPoint
"""darwin-glass""","(r365-14) 1-1/2"" Fulgurite Lightning Strike Beach Sand Glass Georgia Fulgurites",15.99,2018-11-08,,,WorthPoint
"""darwin-glass""",Darwin Glass 9.31g Flowing Form Impactite - Created By Meteorite Impact,26,2018-10-27,9.31,2.79,WorthPoint
"""darwin-glass""","(r368-10) 2-3/8"" Fulgurite Lightning Strike Beach Sand Glass Georgia Specimen",22.99,2018-10-17,,,WorthPoint
"""darwin-glass""","(r366-34) 2-1/8"" Fulgurite Lightning Strike Beach Sand Dune Glass GA Fulgurites",18.99,2018-10-14,,,WorthPoint
"""darwin-glass""",Darwin Glass 6.98g Flowing Form Impactite - Created By Meteorite Impact,47,2018-10-13,6.98,6.73,WorthPoint
"""darwin-glass""","(r365-5) 1-1/2"" Fulgurite Lightning Strike Beach Sand Glass Georgia Fulgurites",15.99,2018-10-11,,,WorthPoint
"""darwin-glass""","(R399-21) 9"" Fossil Fulgurite Petrified Lightning Strike Beach Sand Glass GA",55.99,2018-10-03,,,WorthPoint
"""darwin-glass""",Darwin Glass 16.38g Flowing Form Impactite - Created By Meteorite Impact,41,2018-09-29,16.38,2.5,WorthPoint
"""darwin-glass""","(r365-27) 1-3/4"" Fulgurite Lightning Strike Beach Sand Glass Georgia Fulgurites",16.49,2018-09-20,,,WorthPoint
"""darwin-glass""","(r365-12) 1-1/2"" Fulgurite Lightning Strike Beach Sand Glass Georgia Fulgurites",15.99,2018-09-01,,,WorthPoint
"""darwin-glass""","(r365-26) 1-3/4"" Fulgurite Lightning Strike Beach Sand Glass Georgia Fulgurites",16.49,2018-08-25,,,WorthPoint
"""darwin-glass""",25.73 Grams Natural Darwin Glass Meteorite Rock Specimen Australia 34,20,2018-08-21,25.73,0.78,WorthPoint
"""darwin-glass""",27.72 Grams Natural Darwin Glass Meteorite Rock Specimen Australia 35,30,2018-08-08,27.72,1.08,WorthPoint
"""darwin-glass""",17.55 Grams Natural Darwin Glass Meteorite Rock Specimen Australia Ab,30,2018-08-08,17.55,1.71,WorthPoint
"""darwin-glass""",37.18 Grams Natural Darwin Glass Meteorite Rock Specimen Australia 43,35,2018-08-08,37.18,0.94,WorthPoint
"""darwin-glass""","(r367-30) 2-1/4"" Fulgurite Lightning Strike Beach Sand Dune Glass GA Specimen",20.99,2018-07-08,,,WorthPoint
"""darwin-glass""","(r365-18r) 1-1/2"" Fulgurite Lightning Strike Beach Sand Glass Georgia Fulgurites",15.99,2018-06-29,,,WorthPoint
"""darwin-glass""",Darwin Glass 4.74g Flowing Form Impactite - Created By Meteorite Impact,16,2018-06-16,4.74,3.38,WorthPoint
"""darwin-glass""","(r383-2) 4-3/8"" Fulgurite Lightning Strike Beach Sand Glass GA Display Specimen",58.99,2018-06-10,,,WorthPoint
"""darwin-glass""","(r364-102) 1-1/8"" Fulgurite Lightning Strike Beach Sand Glass Georgia Fulgurites",14.99,2018-06-09,,,WorthPoint
"""darwin-glass""",Darwin Glass 7.34g Flowing Form Impactite - Created By Meteorite Impact,20.5,2018-06-09,7.34,2.79,WorthPoint
"""darwin-glass""",28.15 Grams Natural Darwin Glass Meteorite Rock Specimen Australia 39,28,2018-06-02,28.15,0.99,WorthPoint
"""darwin-glass""",Darwin Glass 4.18g ~ 'V' Form Impactite ~ Created By Meteorite Impact,25,2018-05-31,4.18,5.98,WorthPoint
"""darwin-glass""",R398-6) 2 Pieces Fossil Fulgurite Petrified Lightning Strike Beach Sand Glass GA,18.99,2018-05-25,,,WorthPoint
"""darwin-glass""","(R399-16) 4"" Fossil Fulgurite Petrified Lightning Strike Beach Sand Glass GA",26.99,2018-05-25,,,WorthPoint
"""darwin-glass""",Darwin Glass 9.78g Flowing Form Impactite - Created By Meteorite Impact,25,2018-05-19,9.78,2.56,WorthPoint
"""darwin-glass""",Darwin Glass 4.77g Flowing Form Impactite - Created By Meteorite Impact,10,2018-05-12,4.77,2.1,WorthPoint
"""darwin-glass""",Darwin Glass 10.37g Flowing Form Impactite - Created By Meteorite Impact,26,2018-05-05,10.37,2.51,WorthPoint
"""darwin-glass""",Darwin Glass 6.91g Flowing Form Impactite - Created By Meteorite Impact,15,2018-04-28,6.91,2.17,WorthPoint
"""darwin-glass""","(R399-17-2) 4"" Fossil Fulgurite Petrified Lightning Strike Beach Sand Glass GA",26.99,2018-04-26,,,WorthPoint
"""darwin-glass""",Darwin Glass 3.58g Flowing Form Impactite - Created By Meteorite Impact,13,2018-04-07,3.58,3.63,WorthPoint
"""darwin-glass""","(r365-103) 1-7/8"" Fulgurite Lightning Strike Beach Sand Glass Georgia Fulgurites",16.99,2018-04-06,,,WorthPoint
"""darwin-glass""","(r365-102) 1-7/8"" Fulgurite Lightning Strike Beach Sand Glass Georgia Fulgurites",16.99,2018-04-06,,,WorthPoint
"""darwin-glass""",61 Grams Natural Darwin Glass Meteorite Rock Specimen Australia 59,337.5,2018-03-22,61,5.53,WorthPoint
"""darwin-glass""","(r365-29) 1-3/4"" Fulgurite Lightning Strike Beach Sand Glass Georgia Fulgurites",16.49,2018-03-21,,,WorthPoint
"""darwin-glass""",Darwin Glass 5.75g Flowing Form Impactite - Created By Meteorite Impact,20,2018-03-19,5.75,3.48,WorthPoint
"""darwin-glass""",Darwin Glass 11.26g Flowing Form Impactite - Created By Meteorite Impact,30,2018-03-17,11.26,2.66,WorthPoint
"""darwin-glass""","(r367-24) 2-1/4"" Fulgurite Lightning Strike Beach Sand Dune Glass GA Specimen",20.99,2018-03-03,,,WorthPoint
"""darwin-glass""",37.87 Grams Natural Darwin Glass Meteorite Rock Specimen Australia 42,30,2018-03-01,37.87,0.79,WorthPoint
"""darwin-glass""",28.04 Grams Natural Darwin Glass Meteorite Rock Specimen Australia 30,20,2018-02-16,28.04,0.71,WorthPoint
"""darwin-glass""","(R399-3) 2.5"" Fossil Fulgurite Petrified Lightning Strike Beach Sand Glass GA",18.99,2018-02-16,,,WorthPoint
"""darwin-glass""",44.52 Grams Natural Darwin Glass Meteorite Rock Specimen Australia 4,34,2018-02-09,44.52,0.76,WorthPoint
"""darwin-glass""","(r365-20) 1-3/4"" Fulgurite Lightning Strike Beach Sand Glass Georgia Fulgurites",16.49,2018-02-05,,,WorthPoint
"""darwin-glass""",Darwin Glass 4.18g Flowing 'V' Form Impactite - Created By Meteorite Impact,20,2018-02-05,4.18,4.78,WorthPoint
"""darwin-glass""",Darwin Glass 5.52g Flowing Form Impactite - Created By Meteorite Impact,24,2018-02-04,5.52,4.35,WorthPoint
"""darwin-glass""",Darwin Glass 4.84g Impactite - Created By Meteorite Impact,13,2018-01-27,4.84,2.69,WorthPoint
"""darwin-glass""",Darwin Glass 5.97g Ropey Form Impactite - Created By Meteorite Impact,25.09,2018-01-27,5.97,4.2,WorthPoint
"""darwin-glass""","(r365-104) 1-7/8"" Fulgurite Lightning Strike Beach Sand Glass Georgia Fulgurites",16.99,2018-01-21,,,WorthPoint
"""darwin-glass""",R398-2) 2 Pieces Fossil Fulgurite Petrified Lightning Strike Beach Sand Glass GA,18.99,2018-01-18,,,WorthPoint
"""darwin-glass""",Darwin Glass 9.96g Impactite - Created By Meteorite Impact,26,2018-01-13,9.96,2.61,WorthPoint
"""darwin-glass""","(r365-21) 1-3/4"" Fulgurite Lightning Strike Beach Sand Glass Georgia Fulgurites",16.49,2018-01-01,,,WorthPoint
"""darwin-glass""","(r365-100) 1-7/8"" Fulgurite Lightning Strike Beach Sand Glass Georgia Fulgurites",16.99,2017-12-30,,,WorthPoint
"""darwin-glass""","(r366-49) 2-1/8"" Fulgurite Lightning Strike Beach Sand Glass Georgia Fulgurites",18.99,2017-12-27,,,WorthPoint
"""darwin-glass""",32.18 Grams Darwin Glass Meteorite Rock Specimen Australia 9a For Sale,148.5,2017-12-23,32.18,4.61,WorthPoint
"""darwin-glass""",34.30 Grams Natural Darwin Glass Meteorite Rock Specimen Australia 6,21.36,2017-12-12,34.3,0.62,WorthPoint
"""darwin-glass""","(r366-54) 2-1/8"" Fulgurite Lightning Strike Beach Sand Dune Glass GA Fulgurites",18.99,2017-12-10,,,WorthPoint
"""darwin-glass""","(R399-11) 3-1/4"" Fossil Fulgurite Petrified Lightning Strike Beach Sand Glass GA",22.99,2017-12-02,,,WorthPoint
"""darwin-glass""","(r378-1) 3-5/8"" Fulgurite Lightning Strike Beach Sand Glass GA Display Specimen",47.99,2017-11-28,,,WorthPoint
"""darwin-glass""","(r365-63) 1-7/8"" Fulgurite Lightning Strike Beach Sand Dune Glass GA Fulgurites",16.99,2017-11-26,,,WorthPoint
"""darwin-glass""","(r365-81) 1-7/8"" Fulgurite Lightning Strike Beach Sand Glass Georgia Fulgurites",16.99,2017-11-12,,,WorthPoint
"""darwin-glass""","(r368-15) 2-3/8"" Fulgurite Lightning Strike Beach Sand Dune Glass GA Specimen",22.99,2017-10-16,,,WorthPoint
"""darwin-glass""","(r365-68) 1-7/8"" Fulgurite Lightning Strike Beach Sand Glass Georgia Fulgurites",16.99,2017-10-16,,,WorthPoint
"""darwin-glass""","Moldavite, Saffordite, Libyan Desert Glass, Darwin Glass, Atacamaite, Bediasite!",175,2017-10-11,,,WorthPoint
"""darwin-glass""","(r365-67) 1-7/8"" Fulgurite Lightning Strike Beach Sand Glass Georgia Fulgurites",16.99,2017-09-28,,,WorthPoint
"""darwin-glass""","(r368-13) 2-3/8"" Fulgurite Lightning Strike Beach Sand Dune Glass GA Specimen",22.99,2017-09-27,,,WorthPoint
"""darwin-glass""","(r363-24) 2 Fulgurites 1-5/8"" Lightning Strike Beach Sand Glass GA Specimens",18.99,2017-09-13,,,WorthPoint
"""darwin-glass""","(r371-5) 2-3/4"" Fulgurite Lightning Strike Beach Sand Glass Georgia Specimen",29.99,2017-09-11,,,WorthPoint
"""darwin-glass""","(r365-83) 1-7/8"" Fulgurite Lightning Strike Beach Sand Glass Georgia Fulgurites",16.99,2017-09-05,,,WorthPoint
"""darwin-glass""","(r365-41) 1-7/8"" Fulgurite Lightning Strike Beach Sand Glass Georgia Fulgurites",16.99,2017-08-30,,,WorthPoint
"""darwin-glass""","(r365-94) 1-7/8"" Fulgurite Lightning Strike Beach Sand Glass Georgia Fulgurites",16.99,2017-08-29,,,WorthPoint
"""darwin-glass""","(R399-92) 10"" Fossil Fulgurite Petrified Lightning Strike Beach Sand Glass GA",88.99,2017-08-28,,,WorthPoint
"""darwin-glass""",R398-7) 3 Pieces Fossil Fulgurite Petrified Lightning Strike Beach Sand Glass GA,18.99,2017-08-28,,,WorthPoint
"""darwin-glass""","(r365-90) 1-7/8"" Fulgurite Lightning Strike Beach Sand Glass Georgia Fulgurites",16.99,2017-08-26,,,WorthPoint
"""darwin-glass""","(r365-91) 1-7/8"" Fulgurite Lightning Strike Beach Sand Glass Georgia Fulgurites",16.99,2017-08-26,,,WorthPoint
"""darwin-glass""","(r366-2) 2-1/8"" Fulgurite Lightning Strike Beach Sand Dune Glass GA Fulgurites",18.99,2017-08-24,,,WorthPoint
"""darwin-glass""","(r365-69) 1-7/8"" Fulgurite Lightning Strike Beach Sand Glass Georgia Fulgurites",16.99,2017-08-24,,,WorthPoint
"""darwin-glass""","(r365-80) 1-7/8"" Fulgurite Lightning Strike Beach Sand Glass Georgia Fulgurites",16.99,2017-08-24,,,WorthPoint
"""darwin-glass""","(r365-73) 1-7/8"" Fulgurite Lightning Strike Beach Sand Glass Georgia Fulgurites",16.99,2017-08-18,,,WorthPoint
"""darwin-glass""","(r385-7) 4-5/8"" Fulgurite Lightning Strike Beach Sand Glass GA Display Specimen",52.99,2017-07-23,,,WorthPoint
"""darwin-glass""","(R399-19) 5-3/4"" Fossil Fulgurite Petrified Lightning Strike Beach Sand Glass GA",35.99,2017-07-22,,,WorthPoint
"""darwin-glass""","(r365-56) 1-7/8"" Fulgurite Lightning Strike Beach Sand Glass Georgia Fulgurites",16.99,2017-07-17,,,WorthPoint
"""darwin-glass""","(r363-13) 2 Fulgurites 1-5/8"" Lightning Strike Beach Sand Dune Glass Georgia",18.99,2017-07-16,,,WorthPoint
"""darwin-glass""","Darwin Glass 3.27g Impactite - Gooey, Stringy Melt Created By Meteorite Impact",13,2017-07-15,3.27,3.98,WorthPoint
"""darwin-glass""","(r365-33) 1-7/8"" Fulgurite Lightning Strike Beach Sand Glass Georgia Fulgurites",16.99,2017-07-14,,,WorthPoint
"""darwin-glass""",SEVENTEEN Larger Rare & Unusual IMPACTITES: Earth Material Affected By Impacts,87.76,2017-07-13,,,WorthPoint
"""darwin-glass""","(r365-57) 1-7/8"" Fulgurite Lightning Strike Beach Sand Glass Georgia Fulgurites",16.99,2017-07-08,,,WorthPoint
"""darwin-glass""","(r365-87) 1-7/8"" Fulgurite Lightning Strike Beach Sand Glass Georgia Fulgurites",16.99,2017-07-06,,,WorthPoint
"""darwin-glass""","(r365-99) 1-7/8"" Fulgurite Lightning Strike Beach Sand Glass Georgia Fulgurites",16.99,2017-07-06,,,WorthPoint
"""darwin-glass""",One Lot 27 Smaller Rare Diverse IMPACTITES From Asteroid And Comet Impacts,31,2017-07-03,,,WorthPoint
"""darwin-glass""","(r366-51) 2-1/8"" Fulgurite Lightning Strike Beach Sand Dune Glass GA Fulgurites",18.99,2017-06-26,,,WorthPoint
"""darwin-glass""","(r365-58) 1-7/8"" Fulgurite Lightning Strike Beach Sand Glass Georgia Fulgurites",16.99,2017-06-26,,,WorthPoint
"""darwin-glass""",R398-5) 3 Pieces Fossil Fulgurite Petrified Lightning Strike Beach Sand Glass GA,18.99,2017-06-16,,,WorthPoint
"""darwin-glass""","(r365-96) 1-7/8"" Fulgurite Lightning Strike Beach Sand Glass Georgia Fulgurites",16.99,2017-06-12,,,WorthPoint
"""darwin-glass""",EIGHTEEN Larger Rare & Unusual IMPACTITES: Earth Material Affected By Impacts,22.88,2017-06-11,,,WorthPoint
"""darwin-glass""","(r365-97) 1-7/8"" Fulgurite Lightning Strike Beach Sand Glass Georgia Fulgurites",16.99,2017-06-03,,,WorthPoint
"""darwin-glass""","(r371-11) 2-3/4"" Fulgurite Lightning Strike Beach Sand Glass Georgia Specimen",29.99,2017-05-21,,,WorthPoint
"""darwin-glass""",One Lot ELEVEN Small Diverse IMPACTITES From Asteroid/Comet Impacts,20.5,2017-05-20,,,WorthPoint
"""darwin-glass""",TWENTY Larger Rare & Unusual IMPACTITES: Earth Material Affected By Impacts,21,2017-05-20,,,WorthPoint
"""darwin-glass""",NATURAL DARWIN GLASS METEORITE ROCK SPECIMEN From Australia - 71 Carats!,30,2017-05-14,,,WorthPoint
"""darwin-glass""","(r365-86) 1-7/8"" Fulgurite Lightning Strike Beach Sand Glass Georgia Fulgurites",16.99,2017-05-12,,,WorthPoint
"""darwin-glass""","(r365-88) 1-7/8"" Fulgurite Lightning Strike Beach Sand Glass Georgia Fulgurites",16.99,2017-05-06,,,WorthPoint
"""darwin-glass""","(r365-49) 1-7/8"" Fulgurite Lightning Strike Beach Sand Glass Georgia Fulgurites",16.99,2017-04-30,,,WorthPoint
"""darwin-glass""",SIXTEEN Larger Rare & Unusual IMPACTITES: Earth Material Affected By Impacts,81,2017-04-30,,,WorthPoint
"""darwin-glass""",One Lot Seven Small Diverse IMPACTITES,38,2017-04-30,,,WorthPoint
"""darwin-glass""","(r365-40) 1-7/8"" Fulgurite Lightning Strike Beach Sand Glass Georgia Fulgurites",16.99,2017-04-24,,,WorthPoint
"""darwin-glass""",Australite And Darwin Glass Slices - Australian Tektite And Impact Glass Set,24.99,2017-04-18,,,WorthPoint
"""darwin-glass""","(r367-15) 2-1/4"" Fulgurite Lightning Strike Beach Sand Dune Glass GA Specimen",20.99,2017-04-14,,,WorthPoint
"""darwin-glass""","(r365-59) 1-7/8"" Fulgurite Lightning Strike Beach Sand Glass Georgia Fulgurites",16.99,2017-04-11,,,WorthPoint
"""darwin-glass""","Darwin Glass 5.42g Impactite - Gooey, Stringy Melt Created By Meteorite Impact",27,2017-03-25,5.42,4.98,WorthPoint
"""darwin-glass""","(r364-30) 1-5/8"" - 2 Fulgurites Lightning Strike Beach Sand Glass GA Fulgurite",22.99,2017-03-22,,,WorthPoint
"""darwin-glass""","(r365-53) 1-7/8"" Fulgurite Lightning Strike Beach Sand Glass Georgia Fulgurites",16.99,2017-03-19,,,WorthPoint
"""darwin-glass""","(r365-37) 1-7/8"" Fulgurite Lightning Strike Beach Sand Glass Georgia Fulgurites",16.99,2017-03-06,,,WorthPoint
"""darwin-glass""","(r365-32) 1-7/8"" Fulgurite Lightning Strike Beach Sand Dune Glass GA Fulgurites",16.99,2017-03-02,,,WorthPoint
"""darwin-glass""","(r365-51) 1-7/8"" Fulgurite Lightning Strike Beach Sand Glass Georgia Fulgurites",16.99,2017-02-19,,,WorthPoint
"""darwin-glass""","(r367-26) 2-1/4"" Fulgurite Lightning Strike Beach Sand Dune Glass GA Specimen",20.99,2017-02-05,,,WorthPoint
"""darwin-glass""",1.66 Ins Natural Darwin Glass Meteorite Rock Specimen Australia 10,60,2017-01-27,,,WorthPoint
"""darwin-glass""","SECOND Lot Of 23 IMPACTITES From Asteroid, Large Meteorite And Comet IMPACTS",91.88,2017-01-14,,,WorthPoint
"""darwin-glass""",9 Different Smaller Impactites From 8 Different Locations,15.4,2017-01-12,,,WorthPoint
"""darwin-glass""","23 IMPACTITES From Asteroid, Large Meteorite And Comet IMPACTS",83,2017-01-11,,,WorthPoint
"""darwin-glass""","(r365-39) 1-7/8"" Fulgurite Lightning Strike Beach Sand Glass Georgia Fulgurites",16.99,2017-01-11,,,WorthPoint
"""darwin-glass""","(r365-10) 1-7/8"" Fulgurite Lightning Strike Beach Sand Glass Georgia Fulgurites",16.99,2017-01-09,,,WorthPoint
"""darwin-glass""","R399-19-2) 5.25"" Fossil Fulgurite Petrified Lightning Strike Beach Sand Glass GA",35.99,2017-01-08,,,WorthPoint
"""darwin-glass""","(r365-27) 1-7/8"" Fulgurite Lightning Strike Beach Sand Glass Georgia Fulgurites",16.99,2017-01-05,,,WorthPoint
"""darwin-glass""","(r376-2) 3-3/8"" Fulgurite Lightning Strike Beach Sand Glass GA Display Specimen",45.99,2016-12-29,,,WorthPoint
"""darwin-glass""","(r365-34) 1-7/8"" Fulgurite Lightning Strike Beach Sand Glass Georgia Fulgurites",16.99,2016-12-28,,,WorthPoint
"""darwin-glass""","(r367-27) 2-1/4"" Fulgurite Lightning Strike Beach Sand Dune Glass GA Specimen",20.99,2016-12-25,,,WorthPoint
"""darwin-glass""","(r365-36) 1-7/8"" Fulgurite Lightning Strike Beach Sand Glass Georgia Fulgurites",16.99,2016-12-20,,,WorthPoint
"""darwin-glass""","9 DIFFERENT IMPACTITES, 1033-gr. (2#,5-oz.) Earth Rock Affected By Large IMPACTS",33.89,2016-12-17,1033,0.03,WorthPoint
"""darwin-glass""","(r367-21) 2-1/4"" Fulgurite Lightning Strike Beach Sand Dune Glass GA Specimen",20.99,2016-12-16,,,WorthPoint
"""darwin-glass""","(r365-29) 1-7/8"" Fulgurite Lightning Strike Beach Sand Glass Georgia Fulgurites",16.99,2016-12-15,,,WorthPoint
"""darwin-glass""","(r365-30) 1-7/8"" Fulgurite Lightning Strike Beach Sand Glass Georgia Fulgurites",16.99,2016-12-13,,,WorthPoint
"""darwin-glass""","(r370-1) 2-5/8"" Fulgurite Lightning Strike Beach Sand Glass Georgia Specimen",27.99,2016-12-11,,,WorthPoint
"""darwin-glass""","(r371-13) 2-3/4"" Fulgurite Lightning Strike Beach Sand Glass Georgia Specimen",29.99,2016-12-05,,,WorthPoint
"""darwin-glass""","(r367-23) 2-1/4"" Fulgurite Lightning Strike Beach Sand Dune Glass GA Specimen",20.99,2016-12-02,,,WorthPoint
"""darwin-glass""","(R399-1) 2.5"" Fossil Fulgurite Petrified Lightning Strike Beach Sand Glass GA",18.99,2016-11-30,,,WorthPoint
"""darwin-glass""","(R399-18) 5-3/4"" Fossil Fulgurite Petrified Lightning Strike Beach Sand Glass GA",35.99,2016-11-24,,,WorthPoint
"""darwin-glass""","(r364-9) 2 Fulgurites 1-5/8"" Lightning Strike Beach Dune Sand Glass Georgia",22.99,2016-11-22,,,WorthPoint
"""darwin-glass""","(r365-21) 1-7/8"" Fulgurite Lightning Strike Beach Sand Glass Georgia Fulgurites",16.99,2016-11-21,,,WorthPoint
"""darwin-glass""","(r368-12) 2-3/8"" Fulgurite Lightning Strike Beach Sand Dune Glass GA Specimen",22.99,2016-11-21,,,WorthPoint
"""darwin-glass""","(r365-48) 1-7/8"" Fulgurite Lightning Strike Beach Sand Glass Georgia Fulgurites",16.99,2016-11-21,,,WorthPoint
"""darwin-glass""","(r365-42) 1-7/8"" Fulgurite Lightning Strike Beach Sand Glass Georgia Fulgurites",16.99,2016-11-21,,,WorthPoint
"""darwin-glass""","(r368-3) 2-3/8"" Fulgurite Lightning Strike Beach Sand Glass Georgia Specimen",22.99,2016-11-21,,,WorthPoint
"""darwin-glass""","(r368-25) 2-3/8"" Fulgurite Lightning Strike Beach Sand Dune Glass GA Specimen",22.99,2016-11-21,,,WorthPoint
"""darwin-glass""","(r365-35) 1-7/8"" Fulgurite Lightning Strike Beach Sand Glass Georgia Fulgurites",16.99,2016-11-21,,,WorthPoint
"""darwin-glass""","(r367-25) 2-1/4"" Fulgurite Lightning Strike Beach Sand Dune Glass GA Specimen",20.99,2016-11-18,,,WorthPoint
"""darwin-glass""","SIX Small IMPACTITES From Asteroid, Large Meteorite And Comet IMPACTS",26,2016-11-11,,,WorthPoint
"""darwin-glass""","(r365-28) 1-7/8"" Fulgurite Lightning Strike Beach Sand Glass Georgia Fulgurites",16.99,2016-11-06,,,WorthPoint
"""darwin-glass""","(r367-17) 2-1/4"" Fulgurite Lightning Strike Beach Sand Dune Glass GA Specimen",20.99,2016-11-05,,,WorthPoint
"""darwin-glass""","DARWIN GLASS - Impactite Glass From Mount Darwin, Tasmania - 6.1grams",14.99,2016-10-22,6.1,2.46,WorthPoint
"""darwin-glass""","27 IMPACTITES From Asteroid, Large Meteorite And Comet IMPACTS",88.89,2016-10-19,,,WorthPoint
"""darwin-glass""",Lot Of 10 MIsc Meteorites SOME CHIPS OTHERS A Larger BIGGER Indochinite ECT.....,32.66,2016-10-11,,,WorthPoint
"""darwin-glass""","(r378-4) 3-5/8"" Fulgurite Lightning Strike Beach Sand Glass GA Display Specimen",47.99,2016-10-02,,,WorthPoint
"""darwin-glass""","26 IMPACTITES From Asteroid, Large Meteorite And Comet IMPACTS",72.51,2016-09-18,,,WorthPoint
"""darwin-glass""","(r365-55) 1-7/8"" Fulgurite Lightning Strike Beach Sand Glass Georgia Fulgurites",16.99,2016-09-10,,,WorthPoint
"""darwin-glass""","12 Smaller IMPACTITES From Asteroid, Large Meteorite And Comet IMPACTS",21.88,2016-09-10,,,WorthPoint
"""darwin-glass""","(r365-52) 1-7/8"" Fulgurite Lightning Strike Beach Sand Glass Georgia Fulgurites",16.99,2016-09-09,,,WorthPoint
"""darwin-glass""","(r365-25) 1-7/8"" Fulgurite Lightning Strike Beach Sand Dune Glass GA Fulgurites",16.99,2016-09-05,,,WorthPoint
"""darwin-glass""","DARWIN GLASS Set Of 2 - Impactite Glass- Mount Darwin, Tasmania - 5.7grams Total",24.49,2016-08-27,5.7,4.3,WorthPoint
"""darwin-glass""","(r365-46) 1-7/8"" Fulgurite Lightning Strike Beach Sand Dune Glass GA Fulgurites",16.99,2016-08-22,,,WorthPoint
"""darwin-glass""","RARE Old Vaseline/Uranium Glass Toothpick Holder ""MONKEY SHINES"" 2 1/2"" Darwin",47,2016-08-21,,,WorthPoint
"""darwin-glass""","(r365-31) 1-7/8"" Fulgurite Lightning Strike Beach Sand Dune Glass GA Fulgurites",16.99,2016-08-16,,,WorthPoint
"""darwin-glass""","(R399-14) 4-1/4"" Fossil Fulgurite Petrified Lightning Strike Beach Sand Glass GA",26.99,2016-08-14,,,WorthPoint
"""darwin-glass""","(r365-47) 1-7/8"" Fulgurite Lightning Strike Beach Sand Glass Georgia Fulgurites",16.99,2016-08-14,,,WorthPoint
"""darwin-glass""","(R399-5) 2.5"" Fossil Fulgurite Petrified Lightning Strike Beach Sand Glass GA",18.99,2016-08-14,,,WorthPoint
"""darwin-glass""","(r365-26) 1-7/8"" Fulgurite Lightning Strike Beach Sand Glass Georgia Fulgurites",16.99,2016-08-13,,,WorthPoint
"""darwin-glass""","(r367-22) 2-1/4"" Fulgurite Lightning Strike Beach Sand Dune Glass GA Specimen",20.99,2016-08-10,,,WorthPoint
"""darwin-glass""","(r365-2) 1-7/8"" Fulgurite Lightning Strike Beach Sand Glass Georgia Fulgurites",16.99,2016-08-08,,,WorthPoint
"""darwin-glass""","(R399-22) 11"" Fossil Fulgurite Petrified Lightning Strike Beach Sand Glass GA",66.99,2016-08-03,,,WorthPoint
"""darwin-glass""","RARE Antique Vaseline/Uranium Glass Toothpick Holder ""MONKEY SHINES"" 2 1/2""",14.5,2016-08-02,,,WorthPoint
"""darwin-glass""","(r365-12) 1-7/8"" Fulgurite Lightning Strike Beach Sand Glass Georgia Fulgurites",16.99,2016-08-01,,,WorthPoint
"""darwin-glass""","(r364-26) 1-5/8"" - 2 Fulgurites Lightning Strike Beach Sand Glass GA Fulgurite",22.99,2016-07-26,,,WorthPoint
"""darwin-glass""","8 Authentic Small IMPACTITES From Asteroid, Large Meteorite And Comet Impacts",20.5,2016-07-21,,,WorthPoint
"""darwin-glass""","(r365-5) 1-7/8"" Fulgurite Lightning Strike Beach Sand Dune Glass GA Fulgurites",16.99,2016-07-20,,,WorthPoint
"""darwin-glass""","(r366-42) 2-1/8"" Fulgurite Lightning Strike Beach Sand Glass Georgia Fulgurites",18.99,2016-07-19,,,WorthPoint
"""darwin-glass""","(r366-39) 2-1/8"" Fulgurite Lightning Strike Beach Sand Glass Georgia Fulgurites",18.99,2016-07-19,,,WorthPoint
"""darwin-glass""","(r366-38) 2-1/8"" Fulgurite Lightning Strike Beach Sand Dune Glass GA Fulgurites",18.99,2016-07-15,,,WorthPoint
"""darwin-glass""","(r369-2) 2-1/2"" Fulgurite Lightning Strike Beach Sand Glass GA Display Specimen",24.99,2016-07-15,,,WorthPoint
"""darwin-glass""","(r366-8) 2-1/8"" Fulgurite Lightning Strike Beach Sand Glass GA Fulgurites",18.99,2016-07-15,,,WorthPoint
"""darwin-glass""","(r365-17) 1-7/8"" Fulgurite Lightning Strike Beach Sand Glass Georgia Specimen",16.99,2016-07-15,,,WorthPoint
"""darwin-glass""","(r366-6) 2-1/8"" Fulgurite Lightning Strike Beach Sand Dune Glass GA Fulgurites",18.99,2016-07-15,,,WorthPoint
"""darwin-glass""","(r368-16) 2-3/8"" Fulgurite Lightning Strike Beach Sand Dune Glass GA Specimen",22.99,2016-07-15,,,WorthPoint
"""darwin-glass""","(r366-5) 2-1/8"" Fulgurite Lightning Strike Beach Sand Dune Glass GA Fulgurites",18.99,2016-07-15,,,WorthPoint
"""darwin-glass""","(r365-4) 1-7/8"" Fulgurite Lightning Strike Beach Sand Dune Glass GA Fulgurites",16.99,2016-07-15,,,WorthPoint
"""darwin-glass""","(r365-8) 1-7/8"" Fulgurite Lightning Strike Beach Sand Dune Glass GA Fulgurites",16.99,2016-07-15,,,WorthPoint
"""darwin-glass""","(r366-7) 2-1/8"" Fulgurite Lightning Strike Beach Sand Dune Glass GA Fulgurites",18.99,2016-07-15,,,WorthPoint
"""darwin-glass""","(r366-9) 2-1/8"" Fulgurite Lightning Strike Beach Sand Dune Glass GA Fulgurites",18.99,2016-07-15,,,WorthPoint
"""darwin-glass""","(r365-3) 1-7/8"" Fulgurite Lightning Strike Beach Sand Dune Glass GA Fulgurites",16.99,2016-07-15,,,WorthPoint
"""darwin-glass""","(r366-31) 2-1/8"" Fulgurite Lightning Strike Beach Sand Glass Georgia Fulgurites",18.99,2016-07-15,,,WorthPoint
"""darwin-glass""","R364-11) 1-5/8, 1-3/4"" Fulgurites Lightning Strike Beach Sand Glass GA Fulgurite",22.99,2016-07-15,,,WorthPoint
"""darwin-glass""","(r370-5) 2-5/8"" Fulgurite Lightning Strike Beach Sand Glass Georgia Specimen",27.99,2016-07-15,,,WorthPoint
"""darwin-glass""","SEVEN Small IMPACTITES From Asteroid, Large Meteorite And Comet Impacts",55.5,2016-07-08,,,WorthPoint
"""darwin-glass""","(r383-10) 4-3/8"" Fulgurite Lightning Strike Beach Sand Glass GA Display Specimen",47.99,2016-07-06,,,WorthPoint
"""darwin-glass""","(r365-2) 1-7/8"" Fulgurite Lightning Strike Beach Sand Dune Glass GA Fulgurites",16.99,2016-06-27,,,WorthPoint
"""darwin-glass""","(r366-19) 2-1/8"" Fulgurite Lightning Strike Beach Sand Glass Georgia Fulgurites",18.99,2016-06-19,,,WorthPoint
"""darwin-glass""","(r364-7) 1-5/8"" - 2 Fulgurites Lightning Strike Beach Sand Glass GA Fulgurite",22.99,2016-06-13,,,WorthPoint
"""darwin-glass""","(r366-10) 2-1/8"" Fulgurite Lightning Strike Beach Sand Dune Glass GA Fulgurites",18.99,2016-06-10,,,WorthPoint
"""darwin-glass""","20 Very Large IMPACTITES From Asteroid, Large Meteorite And Comet IMPACTS",48.98,2016-06-08,,,WorthPoint
"""darwin-glass""","(r365-11) 1-7/8"" Fulgurite Lightning Strike Beach Sand Glass Georgia Fulgurites",16.99,2016-06-03,,,WorthPoint
"""darwin-glass""","27 Different Big IMPACTITES From Asteroid, Large Meteorite And Comet IMPACTS",66,2016-05-23,,,WorthPoint
"""darwin-glass""","(r365-1) 1-7/8"" Fulgurite Lightning Strike Beach Sand Dune Glass GA Fulgurites",16.99,2016-05-20,,,WorthPoint
"""darwin-glass""","(r365-14) 1-7/8"" Fulgurite Lightning Strike Beach Sand Glass Georgia Fulgurites",16.99,2016-05-15,,,WorthPoint
"""darwin-glass""","(r366-3) 2-1/8"" Fulgurite Lightning Strike Beach Sand Dune Glass GA Fulgurites",18.99,2016-05-15,,,WorthPoint
"""darwin-glass""","(r377-1) 3-1/2"" Fulgurite Lightning Strike Beach Sand Glass GA Display Specimen",47.99,2016-05-12,,,WorthPoint
"""darwin-glass""","(r366-1) 2-1/8"" Fulgurite Lightning Strike Beach Sand Dune Glass GA Fulgurites",18.99,2016-05-10,,,WorthPoint
"""darwin-glass""","(r368-11) 2-3/8"" Fulgurite Lightning Strike Beach Sand Dune Glass GA Specimen",22.99,2016-05-07,,,WorthPoint
"""darwin-glass""","(r365-15) 1-7/8"" Fulgurite Lightning Strike Beach Sand Glass Georgia Fulgurites",16.99,2016-05-03,,,WorthPoint
"""darwin-glass""","(r365-7) 1-7/8"" Fulgurite Lightning Strike Beach Sand Dune Glass GA Fulgurites",16.99,2016-04-27,,,WorthPoint
"""darwin-glass""","(r365-9) 1-7/8"" Fulgurite Lightning Strike Beach Sand Dune Glass GA Fulgurites",16.99,2016-04-23,,,WorthPoint
"""darwin-glass""","TWELVE Different Big IMPACTITES From Asteroid, Large Meteorite And Comet IMPACTS",26.66,2016-04-23,,,WorthPoint
"""darwin-glass""","(r365-16) 1-7/8"" Fulgurite Lightning Strike Beach Sand Glass Georgia Fulgurites",16.99,2016-04-21,,,WorthPoint
"""darwin-glass""","(r369-1) 2-1/2"" Fulgurite Lightning Strike Beach Sand Glass GA Display Specimen",24.99,2016-04-15,,,WorthPoint
"""darwin-glass""","(r366-4) 2-1/8"" Fulgurite Lightning Strike Beach Sand Dune Glass GA Fulgurites",18.99,2016-04-10,,,WorthPoint
"""darwin-glass""","(r365-13) 1-7/8"" Fulgurite Lightning Strike Beach Sand Glass Georgia Fulgurites",16.99,2016-04-09,,,WorthPoint
"""darwin-glass""","ELEVEN Different Big IMPACTITES From Asteroid, Large Meteorite And Comet IMPACTS",51,2016-04-08,,,WorthPoint
"""darwin-glass""","(r365-6) 1-7/8"" Fulgurite Lightning Strike Beach Sand Dune Glass GA Fulgurites",16.99,2016-04-05,,,WorthPoint
"""darwin-glass""","NINE Different Big IMPACTITES From Asteroid, Large Meteorite And Comet IMPACTS",47.75,2016-03-22,,,WorthPoint
"""darwin-glass""","(r371-1) 2-3/4"" Fulgurite Lightning Strike Beach Sand Glass Georgia Specimen",29.99,2016-03-14,,,WorthPoint
"""darwin-glass""","(r363-7) 2 Fulgurites 1-5/8"" Lightning Strike Beach Sand Glass GA Fulgurite Set",16.14,2016-02-27,,,WorthPoint
"""darwin-glass""","(r370-12) 2-5/8"" Fulgurite Lightning Strike Beach Sand Glass Georgia Specimen",27.99,2016-02-22,,,WorthPoint
"""darwin-glass""","(r369-6) 2-1/2"" Fulgurite Lightning Strike Beach Sand Glass GA Display Specimen",24.99,2016-02-22,,,WorthPoint
"""darwin-glass""","(r369-9) 2-1/2"" Fulgurite Lightning Strike Beach Sand Glass GA Display Piece",24.99,2016-02-22,,,WorthPoint
"""darwin-glass""","(r368-24) 2-3/8"" Fulgurite Lightning Strike Beach Sand Dune Glass GA Specimen",22.99,2016-02-14,,,WorthPoint
"""darwin-glass""","(r366-47) 2-1/8"" Fulgurite Lightning Strike Beach Sand Glass Georgia Fulgurites",18.99,2016-02-09,,,WorthPoint
"""darwin-glass""","(r373-17) 3"" Fulgurite Lightning Strike Beach Sand Glass GA Display Specimen",33.99,2016-02-07,,,WorthPoint
"""darwin-glass""","(r368-27) 2-3/8"" Fulgurite Lightning Strike Beach Sand Dune Glass GA Specimen",22.99,2016-02-07,,,WorthPoint
"""darwin-glass""",DARWIN GLASS TEKTITE - Impactite Glass- TRI-TONE SWRIL - 5.2grams Total- Rare!,37.89,2016-01-12,5.2,7.29,WorthPoint
"""darwin-glass""",Lovely Darwin Glass Specimen- Vintage Estate Find- 36.8 Grams.,66,2016-01-10,36.8,1.79,WorthPoint
"""darwin-glass""","(r396-600) Huge 8-1/4"" Fulgurite Lightning Strike Sand Glass GA Display Specimen",224.99,2015-12-30,,,WorthPoint
"""darwin-glass""","Darwin Glass - 51.5 Carats, Tasmania, Australia",33.51,2015-12-29,,,WorthPoint
"""darwin-glass""",7 Piece Meteorite Impact Glass / Material Set - Aouelloul Darwin Bedaisite NR,13.03,2015-12-20,,,WorthPoint
"""darwin-glass""","(r370-19) 2-5/8"" Fulgurite Lightning Strike Beach Sand Glass Georgia Specimen",27.99,2015-10-03,,,WorthPoint
"""darwin-glass""","(r368-23) 2-3/8"" Fulgurite Lightning Strike Beach Sand Dune Glass GA Specimen",22.99,2014-11-19,,,WorthPoint
"""darwin-glass""","(r372-2) 2-7/8"" Fulgurite Lightning Strike Beach Sand Glass GA Display Specimen",31.99,2014-11-08,,,WorthPoint
"""darwin-glass""",21 Grams Natural Darwin Glass Meteorite Rock Specimen Australia 13,50,2014-11-06,21,2.38,WorthPoint
"""darwin-glass""","(r375-5) 3-1/4"" Fulgurite Lightning Strike Beach Sand Glass GA Display Specimen",38.99,2014-10-25,,,WorthPoint
"""darwin-glass""","(r381-6) 4"" Fulgurite Lightning Strike Beach Sand Dune Glass GA Display Specimen",45.99,2014-10-18,,,WorthPoint
"""darwin-glass""","(r367-20) 2-1/4"" Fulgurite Lightning Strike Beach Sand Dune Glass GA Specimen",20.99,2014-10-16,,,WorthPoint
"""darwin-glass""",Darwin Glass,18.79,2014-07-14,,,WorthPoint
"""darwin-glass""","(r365-43) 1-7/8"" Fulgurite Lightning Strike Beach Sand Glass Georgia Specimen",16.99,2014-07-03,,,WorthPoint
"""darwin-glass""","(r364-2) 1-5/8"" - 2 Fulgurites Lightning Strike Beach Sand Glass GA Fulgurite",22.99,2014-07-03,,,WorthPoint
"""darwin-glass""","(r370-15) 2-5/8"" Fulgurite Lightning Strike Beach Sand Glass GA Display Piece",27.99,2014-07-01,,,WorthPoint
"""darwin-glass""","(r370-16) 2-5/8"" Fulgurite Lightning Strike Beach Sand Glass GA Display Piece",27.99,2014-06-30,,,WorthPoint
"""darwin-glass""","(r370-21) 2-5/8"" Fulgurite Lightning Strike Beach Sand Glass GA Display Piece",27.99,2014-06-17,,,WorthPoint
"""darwin-glass""","(r365-13) 1-7/8"" Fulgurite Lightning Strike Beach Sand Dune Glass GA Fulgurites",16.99,2014-06-13,,,WorthPoint
"""darwin-glass""","(r362-25) Four 1/2"" Fulgurites Lightning Strike Beach Sand Glass GA Fulgurite",22.99,2014-06-06,,,WorthPoint
"""darwin-glass""","(r367-36) 2-1/4"" Fulgurite Lightning Strike Beach Sand Dune Glass GA Specimen",20.99,2014-05-22,,,WorthPoint
"""darwin-glass""","(r376-3) 3-3/8"" Fulgurite Lightning Strike Beach Sand Glass GA Display Specimen",45.99,2014-05-21,,,WorthPoint
"""darwin-glass""","(r370-20) 2-5/8"" Fulgurite Lightning Strike Beach Sand Glass Georgia Specimen",27.99,2014-04-23,,,WorthPoint
"""darwin-glass""","(r372-6) 2-7/8"" Fulgurite Lightning Strike Beach Sand Glass GA Display Specimen",31.99,2014-04-19,,,WorthPoint
"""darwin-glass""",51.40grams Natural Darwin Glass Meteorite Rock Specimen Australia 3,50,2014-04-08,51.4,0.97,WorthPoint
"""darwin-glass""",Rare NUUMMITE Tumbled Stone Metaphysical Healing CLEAR VISIONS 31.5 G #22,14,2014-04-03,31.5,0.44,WorthPoint
"""darwin-glass""","(r383-8) 4-3/8"" Fulgurite Lightning Strike Beach Sand Glass GA Display Specimen",47.99,2014-03-27,,,WorthPoint
"""darwin-glass""","(r367-31) 2-1/4"" Fulgurite Lightning Strike Beach Sand Dune Glass GA Specimen",20.99,2014-03-24,,,WorthPoint
"""darwin-glass""","(r366-33) 2-1/8"" Fulgurite Lightning Strike Beach Sand Dune Glass GA Fulgurites",18.99,2014-03-22,,,WorthPoint
"""darwin-glass""",Darwin Glass 8.64g Impactite - Created By Meteorite Impact,39.85,2014-03-15,8.64,4.61,WorthPoint
"""darwin-glass""","(r370-11) 2-5/8"" Fulgurite Lightning Strike Beach Sand Glass Georgia Specimen",27.99,2014-03-07,,,WorthPoint
"""darwin-glass""","(r364-22) 1-5/8"" - 2 Fulgurites Lightning Strike Beach Sand Glass GA Fulgurite",22.99,2014-03-07,,,WorthPoint
"""darwin-glass""","(r376-4) 3-3/8"" Fulgurite Lightning Strike Beach Sand Glass GA Display Specimen",45.99,2014-03-03,,,WorthPoint
"""darwin-glass""","(r385-4) 4-5/8"" Fulgurite Lightning Strike Beach Sand Glass GA Display Specimen",58.99,2014-03-03,,,WorthPoint
"""darwin-glass""",10.78g NATURAL DARWIN GLASS METEORITE ROCK SPECIMEN AUSTRALIA,44,2014-02-26,10.78,4.08,WorthPoint
"""darwin-glass""","(r386-1) 4-3/4"" Fulgurite Lightning Strike Sand Dune Glass GA Display Specimen",72.99,2014-02-25,,,WorthPoint
"""darwin-glass""","(r370-13) 2-5/8"" Fulgurite Lightning Strike Beach Sand Glass GA Display Piece",27.99,2014-02-18,,,WorthPoint
"""darwin-glass""",37.80 Grams NATURAL DARWIN GLASS METEORITE ROCK SPECIMEN AUSTRALIA 1,29.99,2014-02-13,37.8,0.79,WorthPoint
"""darwin-glass""",DARWIN GLASS Meteorite Impact Rock 6.4 Grams,17.23,2014-02-10,6.4,2.69,WorthPoint
"""darwin-glass""","(r366-21) 2-1/8"" Fulgurite Lightning Strike Beach Sand Dune Glass GA Fulgurites",18.99,2014-02-04,,,WorthPoint
"""darwin-glass""","(r366-12) 2-1/8"" Fulgurite Lightning Strike Beach Sand Glass GA Fulgurites",18.99,2014-02-01,,,WorthPoint
"""darwin-glass""","(r363-18) 1-1/8"" - 2 Fulgurites Lightning Strike Beach Sand Glass GA Fulgurite",18.99,2014-02-01,,,WorthPoint
"""darwin-glass""","(r366-29) 2-1/8"" Fulgurite Lightning Strike Beach Sand Glass Georgia Fulgurites",18.99,2014-02-01,,,WorthPoint
"""darwin-glass""","(r363-1) 2 Piece Set 1-5/8"" Fulgurites Lightning Strike Beach Sand Glass GA",18.99,2014-02-01,,,WorthPoint
"""darwin-glass""","(r372-10) 2-7/8"" Fulgurite Lightning Strike Beach Sand Glass GA Display Specimen",31.99,2014-01-31,,,WorthPoint
"""darwin-glass""","(r381-2) 4"" Fulgurite Lightning Strike Beach Sand Dune Glass GA Display Specimen",47.99,2014-01-16,,,WorthPoint
"""darwin-glass""",Darwin Glass Impactite Is 8.6 Grams Rarest Of Impactite,14.01,2014-01-08,8.6,1.63,WorthPoint
"""darwin-glass""",8.00 Grams Natural Darwin Glass Meteorite Rock Specimen Australia 8,50,2014-01-05,8,6.25,WorthPoint
"""darwin-glass""","(r367-37) 2-1/4"" Fulgurite Lightning Strike Beach Sand Dune Glass GA Specimen",16.79,2014-01-05,,,WorthPoint
"""darwin-glass""","(r387-3) 4-7/8"" Fulgurite Lightning Strike Sand Dune Glass GA Display Specimen",54.39,2014-01-03,,,WorthPoint
"""darwin-glass""","(r392-2) 5-3/8"" Fulgurite Lightning Strike Sand Dune Glass GA Display Specimen",80.79,2014-01-03,,,WorthPoint
"""darwin-glass""","(r394-200) 6-3/8"" Fulgurite Lightning Strike Sand Dune Glass GA Display Specimen",90.39,2014-01-02,,,WorthPoint
"""darwin-glass""","(r365-50) 1-7/8"" Fulgurite Lightning Strike Beach Sand Glass Georgia Specimen",13.59,2014-01-01,,,WorthPoint
"""darwin-glass""","(r362-41) 4 Piece Set 1/2"" Fulgurites Lightning Strike Beach Sand Glass GA",22.99,2014-01-01,,,WorthPoint
"""darwin-glass""","(r363-6) 2 Fulgurites 1-5/8"" Lightning Strike Beach Sand Glass Georgia Pieces",18.99,2013-12-31,,,WorthPoint
"""darwin-glass""","(r367-33) 2-1/4"" Fulgurite Lightning Strike Beach Sand Dune Glass GA Specimen",17.84,2013-12-28,,,WorthPoint
"""darwin-glass""","(r366-20) 2-1/8"" Fulgurite Lightning Strike Beach Sand Glass GA Fulgurites",16.14,2013-12-27,,,WorthPoint
"""darwin-glass""","(r367-39) 2-1/4"" Fulgurite Lightning Strike Beach Sand Dune Glass GA Specimen",20.99,2013-12-24,,,WorthPoint
"""darwin-glass""","(r369-21) 2-1/2"" Fulgurite Lightning Strike Beach Sand Glass GA Display Specimen",21.24,2013-12-21,,,WorthPoint
"""darwin-glass""","(r362-34) 4 Fulgurites 1/2"" Lightning Strike Beach Sand Glass GA Fulgurite",19.54,2013-12-21,,,WorthPoint
"""darwin-glass""","(r369-26) 2-1/2"" Fulgurite Lightning Strike Beach Sand Glass GA Display Specimen",21.24,2013-12-20,,,WorthPoint
"""darwin-glass""",16.87g NATURAL DARWIN GLASS METEORITE ROCK SPECIMEN AUSTRALIA,68,2013-12-18,16.87,4.03,WorthPoint
"""darwin-glass""","(r367-38) 2-1/4"" Fulgurite Lightning Strike Beach Sand Dune Glass GA Specimen",20.99,2013-12-15,,,WorthPoint
"""darwin-glass""","(r363-28) 1-5/8"" - 2 Fulgurites Lightning Strike Beach Sand Glass GA Specimens",18.99,2013-12-15,,,WorthPoint
"""darwin-glass""","(r367-40) 2-1/4"" Fulgurite Lightning Strike Beach Sand Dune Glass GA Specimen",20.99,2013-12-09,,,WorthPoint
"""darwin-glass""","(r367-32) 2-1/4"" Fulgurite Lightning Strike Beach Sand Dune Glass GA Specimen",20.99,2013-12-09,,,WorthPoint
"""darwin-glass""","(r390-4) 5-1/4"" Fulgurite Lightning Strike Sand Dune Glass GA Display Specimen",92.99,2013-12-03,,,WorthPoint
"""darwin-glass""","(r388-2) 5"" Fulgurite Lightning Strike Sand Dune Hill Glass GA Display Specimen",72.99,2013-12-02,,,WorthPoint
"""darwin-glass""",46.27 Grams Natural Darwin Glass Meteorite Rock Specimen Australia 6,46,2013-11-24,46.27,0.99,WorthPoint
"""darwin-glass""",44.47 Grams Natural Darwin Glass Meteorite Rock Specimen Australia 4,45,2013-11-24,44.47,1.01,WorthPoint
"""darwin-glass""",Libyan Desert Glass & Darwin Glass Specimen Trio.,115,2013-11-20,,,WorthPoint
"""darwin-glass""",186.00 Grams Natural Darwin Glass Meteorite Rock Specimen Australia 9,99.99,2013-11-12,186,0.54,WorthPoint
"""darwin-glass""","(r373-6) 3"" Fulgurite Lightning Strike Beach Sand Hill Glass GA Display Specimen",33.99,2013-11-11,,,WorthPoint
"""darwin-glass""","(r372-8) 2-7/8"" Fulgurite Lightning Strike Beach Sand Glass GA Display Specimen",31.99,2013-11-05,,,WorthPoint
"""darwin-glass""",Darwin Glass Blob - 5.2 Grams - Tasmania Impactite / Tektite,15,2013-11-01,5.2,2.88,WorthPoint
"""darwin-glass""",Darwin Glass Blob - 1.5 Grams - Tasmania Impactite / Tektite,12,2013-10-24,1.5,8,WorthPoint
"""darwin-glass""",Darwin Glass 10.88g Impactite - Created By Meteorite Impact,27,2013-09-28,10.88,2.48,WorthPoint
"""darwin-glass""","(r374-3) 3-1/8"" Fulgurite Lightning Strike Beach Sand Glass GA Display Specimen",31.44,2013-09-21,,,WorthPoint
"""darwin-glass""","(r375-6) 3-1/4"" Fulgurite Lightning Strike Beach Sand Glass GA Display Specimen",33.14,2013-09-20,,,WorthPoint
"""darwin-glass""","(r393-51) Big 6"" Fulgurite Lightning Strike Sand Dune Glass GA Display Specimen",134.99,2013-09-06,,,WorthPoint
"""darwin-glass""","(r396-200) Big 7-3/8"" Fulgurite Lightning Strike Sand Glass GA Display Specimen",196.99,2013-08-18,,,WorthPoint
"""darwin-glass""","(r386-3) 4-3/4"" Fulgurite Lightning Strike Sand Dune Glass GA Display Specimen",69.99,2013-07-13,,,WorthPoint
"""darwin-glass""","(r365-46) 1-7/8"" Fulgurite Lightning Strike Beach Sand Glass Georgia Specimen",16.99,2013-07-12,,,WorthPoint
"""darwin-glass""","(r365-4) 1-7/8"" Fulgurite Lightning Strike Beach Sand Glass Georgia Specimen",16.99,2013-06-28,,,WorthPoint
"""darwin-glass""",5.45g NATURAL DARWIN GLASS METEORITE ROCK SPECIMEN AUSTRALIA,24.99,2013-06-26,5.45,4.59,WorthPoint
"""darwin-glass""","(r367-12) 2-1/4"" Fulgurite Lightning Strike Beach Sand Glass Georgia Specimen",20.99,2013-06-22,,,WorthPoint
"""darwin-glass""",Darwin Glass Blob - 4.8 Grams - Tasmania Impactite Tektite,15,2013-06-20,4.8,3.13,WorthPoint
"""darwin-glass""",Darwin Glass Blob - 4.4 Grams - Tasmania Impactite Tektite,15,2013-06-20,4.4,3.41,WorthPoint
"""darwin-glass""",Darwin Glass Blob - 7.4 Grams - Tasmania Impactite / Tektite,20,2013-06-20,7.4,2.7,WorthPoint
"""darwin-glass""","(r370-3) 2-5/8"" Fulgurite Lightning Strike Beach Sand Glass GA Display Piece",22.39,2013-06-19,,,WorthPoint
"""darwin-glass""","(r363-3) 1-5/8"" 2 Fulgurites Lightning Strike Beach Sand Glass Georgia Fulgurite",15.19,2013-06-18,,,WorthPoint
"""darwin-glass""",Darwin Glass Blob - 4.6 Grams - Tasmania Impactite Tektite,15,2013-06-16,4.6,3.26,WorthPoint
"""darwin-glass""",Darwin Glass Blob - 6.4 Grams - Tasmania Impactite Tektite,25,2013-06-16,6.4,3.91,WorthPoint
"""darwin-glass""",Darwin Glass Blob - 7.6 Grams - Tasmania Impactite Tektite,20,2013-06-16,7.6,2.63,WorthPoint
"""darwin-glass""",Darwin Glass Blob - 7.2 Grams - Tasmania Impactite / Tektite,18,2013-06-16,7.2,2.5,WorthPoint
"""darwin-glass""",Darwin Glass Blob - 9.3 Grams - Tasmania Impactite / Tektite,20,2013-06-16,9.3,2.15,WorthPoint
"""darwin-glass""",Darwin Glass Blob - 8.8 Grams - Tasmania Impactite Tektite,25,2013-06-14,8.8,2.84,WorthPoint
"""darwin-glass""",Darwin Glass Blob - 4.5 Grams - Tasmania Impactite / Tektite,15,2013-06-12,4.5,3.33,WorthPoint
"""darwin-glass""",50 Gram Darwin Glass Lot Of 15 Pieces - Tasmania Impactite Tektite,175,2013-06-12,50,3.5,WorthPoint
"""darwin-glass""","(r363-30) 1-5/8"" - 2 Fulgurites Lightning Strike Beach Sand Glass GA Fulgurite",16.14,2013-06-10,,,WorthPoint
"""darwin-glass""",AQUA AURA SINGLE TERMINATED Quartz Crystal Metaphysical Healing 2.4 G #23,10.25,2013-06-05,2.4,4.27,WorthPoint
"""darwin-glass""","(r362-24) Four 1/2"" Fulgurites Lightning Strike Beach Sand Glass GA Fulgurite",22.99,2013-05-23,,,WorthPoint
"""darwin-glass""","(r375-4) 3-1/4"" Fulgurite Lightning Strike Beach Sand Glass GA Display Specimen",29.24,2013-05-21,,,WorthPoint
"""darwin-glass""","(r396-1) 6-5/8"" Fulgurite Lightning Strike Sand Dune Glass GA Display Specimen",101.24,2013-05-21,,,WorthPoint
"""darwin-glass""","(r386-5) 4-3/4"" Fulgurite Lightning Strike Sand Dune Glass GA Display Specimen",49.49,2013-05-21,,,WorthPoint
"""darwin-glass""","(r369-23) 2-1/2"" Fulgurite Lightning Strike Beach Sand Glass GA Display Specimen",24.99,2013-05-11,,,WorthPoint
"""darwin-glass""","(r375-1) 3-1/4"" Fulgurite Lightning Strike Beach Sand Glass GA Display Specimen",38.99,2013-05-11,,,WorthPoint
"""darwin-glass""","(r373-20) 3"" Fulgurite Lightning Strike Beach Sand Glass GA Display Specimen",33.99,2013-05-11,,,WorthPoint
"""darwin-glass""","(r369-18) 2-1/2"" Fulgurite Lightning Strike Beach Sand Glass GA Display Specimen",24.99,2013-05-11,,,WorthPoint
"""darwin-glass""","(r394-201) 6-3/8"" Fulgurite Lightning Strike Sand Dune Glass GA Display Specimen",112.99,2013-05-11,,,WorthPoint
"""darwin-glass""","(r381-5) 4"" Fulgurite Lightning Strike Beach Sand Dune Glass GA Display Specimen",47.99,2013-05-08,,,WorthPoint
"""darwin-glass""","(r394-1) 6-1/8"" Fulgurite Lightning Strike Sand Dune Glass GA Display Specimen",162.99,2013-05-07,,,WorthPoint
"""darwin-glass""",Darwin Glass Blob - 5.2 Grams - Tasmania Impactite Tektite,12,2013-04-24,5.2,2.31,WorthPoint
"""darwin-glass""","(r369-13) 2-1/2"" Fulgurite Lightning Strike Beach Sand Glass GA Display Specimen",24.99,2013-04-18,,,WorthPoint
"""darwin-glass""",AQUA AURA DOUBLE TERMINATED Quartz Crystal Metaphysical Healing 3.3 G #3,13.75,2013-04-16,3.3,4.17,WorthPoint
"""darwin-glass""","(r365-5) 1-7/8"" Fulgurite Lightning Strike Beach Sand Glass Georgia Specimen",16.99,2013-04-12,,,WorthPoint
"""darwin-glass""",Darwin Glass Lot Of 100 Grams - Tasmania Impactite / Tektite,150,2013-04-12,100,1.5,WorthPoint
"""darwin-glass""",Darwin Glass 9.05g Impactite - Created By Meteorite Impact,30,2013-04-06,9.05,3.31,WorthPoint
"""darwin-glass""",Darwin Glass 15.62g Impactite - Created By Meteorite Impact,39,2013-04-06,15.62,2.5,WorthPoint
"""darwin-glass""",Darwin Glass Blob - 4.0 Grams - Tasmania Impactite / Tektite,12,2013-03-28,4,3,WorthPoint
"""darwin-glass""","(r363-29) 1-5/8"" - 2 Fulgurites Lightning Strike Beach Sand Glass GA Specimens",18.99,2013-03-26,,,WorthPoint
"""darwin-glass""",9.70g NATURAL DARWIN GLASS METEORITE ROCK SPECIMEN AUSTRALIA,40,2013-03-26,9.7,4.12,WorthPoint
"""darwin-glass""",DARWIN GLASS Meteorite Impact Rock 7.9 Grams,20.43,2013-03-24,7.9,2.59,WorthPoint
"""darwin-glass""",Darwin Glass 6.38g Impactite - Created By Meteorite,22,2013-03-23,6.38,3.45,WorthPoint
"""darwin-glass""",DARWIN GLASS Meteorite Impact Rock 4.6 Grams,12.42,2013-03-22,4.6,2.7,WorthPoint
"""darwin-glass""","(r365-3) 1-7/8"" Fulgurite Lightning Strike Beach Sand Glass Georgia Specimen",16.99,2013-03-20,,,WorthPoint
"""darwin-glass""",Darwin Glass Blob - 8.0 Grams - Tasmania Impactite / Tektite,15,2013-03-19,8,1.88,WorthPoint
"""darwin-glass""","(r373-22) 3"" Fulgurite Lightning Strike Beach Sand Glass GA Display Specimen",33.99,2013-03-19,,,WorthPoint
"""darwin-glass""",Darwin Glass Blob - 1.7 Grams - Tasmania Impactite Tektite,10,2013-03-11,1.7,5.88,WorthPoint
"""darwin-glass""","(r388-1) 5"" Fulgurite Lightning Strike Sand Dune Hill Glass GA Display Specimen",69.99,2013-03-09,,,WorthPoint
"""darwin-glass""","(r365-18) 1-7/8"" Fulgurite Lightning Strike Beach Sand Glass Georgia Fulgurites",16.99,2013-03-06,,,WorthPoint
"""darwin-glass""","(r382-1) 4-1/4"" Fulgurite Lightning Strike Beach Sand Glass GA Display Specimen",47.99,2013-03-04,,,WorthPoint
"""darwin-glass""","(r365-7) 1-7/8"" Fulgurite Lightning Strike Beach Sand Glass Georgia Specimen",16.99,2013-03-01,,,WorthPoint
"""darwin-glass""",S.V.F - Darwin Glass - Tektite Specimen 7.03 Grams,13.87,2013-03-01,7.03,1.97,WorthPoint
"""darwin-glass""",DARWIN GLASS Meteorite Impact Rock 5.6 Grams,15.07,2013-02-22,5.6,2.69,WorthPoint
"""darwin-glass""",Darwin Glass Blob - 4.7 Grams - Tasmania Impactite Tektite,15,2013-02-18,4.7,3.19,WorthPoint
"""darwin-glass""","(r366-17) 2-1/8"" Fulgurite Lightning Strike Beach Sand Glass Georgia Fulgurites",18.99,2013-02-11,,,WorthPoint
"""darwin-glass""","(r378-6) 3-5/8"" Fulgurite Lightning Strike Beach Sand Glass GA Display Specimen",47.99,2013-02-09,,,WorthPoint
"""darwin-glass""","(r383-3) 4-3/8"" Fulgurite Lightning Strike Beach Sand Glass GA Display Specimen",56.99,2013-02-04,,,WorthPoint
"""darwin-glass""","(r367-10) 2-1/4"" Fulgurite Lightning Strike Beach Sand Glass Georgia Specimen",20.99,2013-01-31,,,WorthPoint
"""darwin-glass""","(r369-7) 2-1/2"" Fulgurite Lightning Strike Beach Sand Glass GA Display Specimen",24.99,2013-01-31,,,WorthPoint
"""darwin-glass""","(r380-1) 3-7/8"" Fulgurite Lightning Strike Beach Sand Glass GA Display Specimen",47.99,2013-01-30,,,WorthPoint
"""darwin-glass""",Darwin Glass Blob - 5.9 Grams - Tasmania Impactite Tektite,12,2013-01-18,5.9,2.03,WorthPoint
"""darwin-glass""","(r396-500) Awesome 8"" Fulgurite Lightning Strike Sand Glass GA Display Specimen",274.99,2013-01-17,,,WorthPoint
"""darwin-glass""","(r369-8) 2-1/2"" Fulgurite Lightning Strike Beach Sand Glass GA Display Specimen",24.99,2013-01-16,,,WorthPoint
"""darwin-glass""","(r374-5) 3-1/8"" Fulgurite Lightning Strike Beach Sand Glass GA Display Specimen",36.99,2013-01-13,,,WorthPoint
"""darwin-glass""",Darwin Glass Blob - 6.5 Grams - Tasmania Impactite Tektite,20,2013-01-12,6.5,3.08,WorthPoint
"""darwin-glass""","(r383-4) 4-3/8"" Fulgurite Lightning Strike Beach Sand Glass GA Display Specimen",56.99,2013-01-10,,,WorthPoint
"""darwin-glass""","(r367-1) 2-1/4"" Fulgurite Lightning Strike Beach Sand Glass Georgia Specimen",20.99,2013-01-04,,,WorthPoint
"""darwin-glass""","(r370-8) 2-5/8"" Fulgurite Lightning Strike Beach Sand Glass Georgia Specimen",27.99,2013-01-04,,,WorthPoint
"""darwin-glass""","(r371-10) 2-3/4"" Fulgurite Lightning Strike Beach Sand Dune Glass GA Specimen",29.99,2013-01-02,,,WorthPoint
"""darwin-glass""","(r365-1) 1-7/8"" Fulgurite Lightning Strike Beach Sand Glass Georgia Fulgurites",16.99,2012-12-31,,,WorthPoint
"""darwin-glass""",Natural Darwin Glass Meteorite Rock Specimen Australia,22.99,2012-12-30,,,WorthPoint
"""darwin-glass""","(r381-3) 4"" Fulgurite Lightning Strike Beach Sand Dune Glass GA Display Specimen",47.99,2012-12-22,,,WorthPoint
"""darwin-glass""",DARWIN GLASS Meteorite Impact Rock 5.5 Grams,14.8,2012-12-17,5.5,2.69,WorthPoint
"""darwin-glass""","(r368-9) 2-3/8"" Fulgurite Lightning Strike Beach Sand Glass Georgia Specimen",22.99,2012-12-15,,,WorthPoint
"""darwin-glass""",9.15g NATURAL DARWIN GLASS METEORITE ROCK SPECIMEN AUSTRALIA,36,2012-12-15,9.15,3.93,WorthPoint
"""darwin-glass""","(r395-2) 6-1/2"" Fulgurite Lightning Strike Sand Dune Glass GA Display Specimen",134.99,2012-12-13,,,WorthPoint
"""darwin-glass""","(r381-4) 4"" Fulgurite Lightning Strike Beach Sand Dune Glass GA Display Specimen",47.99,2012-12-11,,,WorthPoint
"""darwin-glass""","(r373-5) 3"" Fulgurite Lightning Strike Beach Sand Hill Glass GA Display Specimen",33.99,2012-12-10,,,WorthPoint
"""darwin-glass""",Darwin Glass Blob - 10.2 Grams - Tasmania Impactite Tektite,24,2012-12-10,10.2,2.35,WorthPoint
"""darwin-glass""",Darwin Glass Blob - 7.2 Grams - Tasmania Impactite Tektite,12,2012-12-10,7.2,1.67,WorthPoint
"""darwin-glass""",Darwin Glass Blob - 5.7 Grams - Tasmania Impactite Tektite,12,2012-12-10,5.7,2.11,WorthPoint
"""darwin-glass""","(r394-100) 6-1/4"" Fulgurite Lightning Strike Sand Dune Glass GA Display Specimen",156.99,2012-12-10,,,WorthPoint
"""darwin-glass""","(r385-6) 4-5/8"" Fulgurite Lightning Strike Sand Dune Glass GA Display Specimen",58.99,2012-12-10,,,WorthPoint
"""darwin-glass""",Darwin Glass Blob - 4.5 Grams - Tasmania Impactite Tektite,21.12,2012-12-09,4.5,4.69,WorthPoint
"""darwin-glass""",Darwin Glass Blob - 3.1 Grams - Tasmania Impactite Tektite,10,2012-12-08,3.1,3.23,WorthPoint
"""darwin-glass""","(r362-22) Four 1/2"" Fulgurites Lightning Strike Beach Sand Glass GA Fulgurite",22.99,2012-12-06,,,WorthPoint
"""darwin-glass""",Darwin Glass Blob - 7.8 Grams - Tasmania Impactite Tektite,15,2012-12-06,7.8,1.92,WorthPoint
"""darwin-glass""","(r372-4) 2-7/8"" Fulgurite Lightning Strike Beach Sand Glass GA Display Specimen",31.99,2012-12-05,,,WorthPoint
"""darwin-glass""","(r389-2) 5-1/8"" Fulgurite Lightning Strike Sand Dune Glass GA Display Specimen",87.99,2012-12-04,,,WorthPoint
"""darwin-glass""","(r370-17) 2-5/8"" Fulgurite Lightning Strike Beach Sand Glass GA Display Piece",27.99,2012-12-01,,,WorthPoint
"""darwin-glass""","(r384-1) 4-1/2"" Fulgurite Lightning Strike Beach Sand Glass GA Display Specimen",56.99,2012-12-01,,,WorthPoint
"""darwin-glass""","(r365-15) 1-7/8"" Fulgurite Lightning Strike Beach Sand Dune Glass GA Fulgurites",16.99,2012-11-29,,,WorthPoint
"""darwin-glass""","(r369-22) 2-1/2"" Fulgurite Lightning Strike Beach Sand Glass GA Display Specimen",24.99,2012-11-27,,,WorthPoint
"""darwin-glass""","(r365-33) 1-7/8"" Fulgurite Lightning Strike Beach Sand Dune Glass GA Piece",16.99,2012-11-26,,,WorthPoint
"""darwin-glass""","(r370-7) 2-5/8"" Fulgurite Lightning Strike Beach Sand Glass GA Display Piece",27.99,2012-11-25,,,WorthPoint
"""darwin-glass""","(r366-26) 2-1/8"" Fulgurite Lightning Strike Beach Sand Glass Georgia Fulgurites",18.99,2012-11-22,,,WorthPoint
"""darwin-glass""","(r385-2) 4-5/8"" Fulgurite Lightning Strike Beach Sand Glass GA Display Specimen",58.99,2012-11-21,,,WorthPoint
"""darwin-glass""","(r387-2) 4-7/8"" Fulgurite Lightning Strike Sand Dune Glass GA Display Specimen",67.99,2012-11-20,,,WorthPoint
"""darwin-glass""","(r373-3) 3"" Fulgurite Lightning Strike Beach Sand Hill Glass GA Display Specimen",33.99,2012-11-19,,,WorthPoint
"""darwin-glass""","(r396-100) 7-1/4"" Fulgurite Lightning Double Strike Sand GA Display Specimen",173.99,2012-11-16,,,WorthPoint
"""darwin-glass""","(r369-25) 2-1/2"" Fulgurite Lightning Strike Beach Sand Glass GA Display Specimen",24.99,2012-11-13,,,WorthPoint
"""darwin-glass""","(r385-10) 4-5/8"" Fulgurite Lightning Strike Sand Dune Glass GA Display Specimen",60.99,2012-11-13,,,WorthPoint
"""darwin-glass""","(r370-10) 2-5/8"" Fulgurite Lightning Strike Beach Sand Glass Georgia Specimen",27.99,2012-11-09,,,WorthPoint
"""darwin-glass""",Darwin Glass Blob - 8.9 Grams - Tasmania Impactite Tektite,20,2012-11-08,8.9,2.25,WorthPoint
"""darwin-glass""","(r396-300) Big 7-1/2"" Fulgurite Lightning Strike Sand Glass GA Display Specimen",196.99,2012-11-08,,,WorthPoint
"""darwin-glass""","(r366-27) 2-1/8"" Fulgurite Piece Lightning Strike Beach Sand Glass Georgia",18.99,2012-11-07,,,WorthPoint
"""darwin-glass""","(r370-18) 2-5/8"" Fulgurite Lightning Strike Beach Sand Glass Georgia Specimen",27.99,2012-11-05,,,WorthPoint
"""darwin-glass""","(r385-11) 4-5/8"" Fulgurite Lightning Strike Sand Dune Glass GA Display Specimen",65.99,2012-11-04,,,WorthPoint
"""darwin-glass""","(r373-18) 3"" Fulgurite Lightning Strike Beach Sand Glass GA Display Specimen",33.99,2012-11-03,,,WorthPoint
"""darwin-glass""",(r366-13) Fulgurite Lightning Strike Beach Sand Glass GA Fulgurites Specimen,18.99,2012-11-01,,,WorthPoint
"""darwin-glass""","(r370-9) 2-5/8"" Fulgurite Lightning Strike Beach Sand Glass Georgia Specimen",27.99,2012-10-23,,,WorthPoint
"""darwin-glass""","(r372-9) 2-7/8"" Fulgurite Lightning Strike Beach Sand Glass GA Display Specimen",31.99,2012-10-23,,,WorthPoint
"""darwin-glass""","(r363-27) 1-5/8"" - 2 Fulgurites Lightning Strike Beach Sand Glass GA Fulgurite",18.99,2012-10-15,,,WorthPoint
"""darwin-glass""","(r369-16) 2-1/2"" Fulgurite Lightning Strike Beach Sand Glass GA Display Specimen",24.99,2012-10-12,,,WorthPoint
"""darwin-glass""","(r369-24) 2-1/2"" Fulgurite Lightning Strike Beach Sand Glass GA Display Specimen",24.99,2012-10-11,,,WorthPoint
"""darwin-glass""","(r365-20) 1-7/8"" Fulgurite Lightning Strike Beach Sand Glass Georgia Fulgurites",16.99,2012-10-10,,,WorthPoint
"""darwin-glass""","(r369-3) 2-1/2"" Fulgurite Lightning Strike Beach Sand Glass Georgia Specimen",24.99,2012-10-10,,,WorthPoint
"""darwin-glass""","(r384-2) 4-1/2"" Fulgurite Lightning Strike Beach Sand Glass GA Display Specimen",54.99,2012-10-09,,,WorthPoint
"""darwin-glass""","(r374-4) 3-1/8"" Fulgurite Lightning Strike Beach Sand Glass GA Display Specimen",36.99,2012-10-07,,,WorthPoint
"""darwin-glass""","(r393-50) Big 6"" Fulgurite Lightning Strike Sand Dune Glass GA Display Specimen",123.99,2012-10-05,,,WorthPoint
"""darwin-glass""","(r372-11) 2-7/8"" Fulgurite Lightning Strike Beach Sand Glass GA Display Specimen",31.99,2012-10-03,,,WorthPoint
"""darwin-glass""","(r373-4) 3"" Fulgurite Lightning Strike Beach Sand Hill Glass GA Display Specimen",33.99,2012-10-02,,,WorthPoint
"""darwin-glass""","(r369-19) 2-1/2"" Fulgurite Lightning Strike Beach Sand Glass GA Display Specimen",24.99,2012-09-30,,,WorthPoint
"""darwin-glass""","(r366-9) 2-1/8"" Fulgurite Lightning Strike Beach Sand Glass Georgia Fulgurites",18.99,2012-09-21,,,WorthPoint
"""darwin-glass""","(r366-7) 2-1/8"" Fulgurite Lightning Strike Beach Sand Glass GA Specimen",18.99,2012-09-19,,,WorthPoint
"""darwin-glass""","(r364-12) 2 Fulgurites 1-5/8"" Lightning Strike Beach Sand Glass GA Fulgurite",22.99,2012-09-17,,,WorthPoint
"""darwin-glass""","(r381-1) 4"" Fulgurite Lightning Strike Beach Sand Dune Glass GA Display Specimen",56.99,2012-09-16,,,WorthPoint
"""darwin-glass""","(r362-20) Four 1/2"" Fulgurites Lightning Strike Beach Sand Glass GA Fulgurite",22.99,2012-09-02,,,WorthPoint
"""darwin-glass""","(r389-1) 5-1/8"" Fulgurite Lightning Strike Sand Dune Glass GA Display Specimen",80.99,2012-08-30,,,WorthPoint
"""darwin-glass""","(r367-2) 2-1/4"" Fulgurite Lightning Strike Beach Sand Glass Georgia Specimen",20.99,2012-08-23,,,WorthPoint
"""darwin-glass""","(r362-32) 4 Fulgurites 1/2"" Lightning Strike Beach Sand Glass GA Fulgurite",22.99,2012-08-20,,,WorthPoint
"""darwin-glass""","(r396-400) Big 7-5/8"" Fulgurite Lightning Strike Sand Glass GA Display Specimen",213.99,2012-08-06,,,WorthPoint
"""darwin-glass""","(r369-12) 2-1/2"" Fulgurite Lightning Strike Beach Sand Glass GA Display Specimen",24.99,2012-07-27,,,WorthPoint
"""darwin-glass""","(r395-1) 6-1/2"" Fulgurite Lightning Strike Beach Sand Glass Georgia Specimen",112.99,2012-07-26,,,WorthPoint
"""darwin-glass""","(r399-1) 9-1/2"" Fulgurite Lightning Strike Beach Sand Glass Georgia Specimen",190.99,2012-07-26,,,WorthPoint
"""darwin-glass""","(r363-25) 1-5/8"" - 2 Fulgurites Lightning Strike Beach Sand Glass GA Fulgurite",18.99,2012-07-23,,,WorthPoint
"""darwin-glass""","(r362-30) 4 Fulgurites 1/2"" Lightning Strike Beach Sand Glass GA Fulgurite",22.99,2012-07-07,,,WorthPoint
"""darwin-glass""","(r368-5) 2-3/8"" Fulgurite Lightning Strike Beach Sand Dune Glass GA Specimen",22.99,2012-06-18,,,WorthPoint
"""darwin-glass""","(r369-10) 2-1/2"" Fulgurite Lightning Strike Beach Sand Glass GA Display Piece",24.99,2012-06-16,,,WorthPoint
"""darwin-glass""","(r371-4) 2-3/4"" Fulgurite Lightning Strike Beach Sand Glass GA Display Specimen",29.99,2012-06-13,,,WorthPoint
"""darwin-glass""","(r366-1) 2-1/8"" Fulgurite Lightning Strike Beach Sand Glass Georgia Fulgurites",18.99,2012-06-08,,,WorthPoint
"""darwin-glass""","(r373-1) 3"" Fulgurite Lightning Strike Beach Sand Glass Georgia Display Specimen",33.99,2012-06-03,,,WorthPoint
"""darwin-glass""","(r372-1) 2-7/8"" Fulgurite Lightning Strike Beach Sand Glass GA Display Specimen",31.99,2012-06-01,,,WorthPoint
"""darwin-glass""",173.45 Ct Natural Darwin Glass Meteorite Rock Specimen Australia,120,2012-04-19,34.69,3.46,WorthPoint
"""darwin-glass""",Darwin Glass Blob - 6.9 Grams - Tasmania Impactite,25,2012-04-14,6.9,3.62,WorthPoint
"""darwin-glass""",Darwin Glass Unusual Blob - 6.9 Grams - Tasmania Impactite,30,2012-04-14,6.9,4.35,WorthPoint
"""darwin-glass""","(r366-3) 2-1/8"" Fulgurite Lightning Strike Beach Sand Glass Georgia Fulgurites",18.99,2012-04-09,,,WorthPoint
"""darwin-glass""",180.80 Ct Natural Darwin Glass Meteorite Rock Specimen Australia,100,2012-04-06,36.16,2.77,WorthPoint
"""darwin-glass""","(r365-8) 1-7/8"" Fulgurite Lightning Strike Beach Sand Glass Georgia Specimen",16.99,2012-04-06,,,WorthPoint
"""darwin-glass""","(r374-1) 3-1/8"" Fulgurite Lightning Strike Beach Sand Glass GA Display Specimen",36.99,2012-04-03,,,WorthPoint
"""darwin-glass""","(r367-5) 2-1/4"" Fulgurite Lightning Strike Beach Sand Glass Georgia Specimen",20.99,2012-04-03,,,WorthPoint
"""darwin-glass""",Darwin Glass Unusual Piece With Globules - 5.6 Grams - Tasmania Impactite,24.1,2012-03-18,5.6,4.3,WorthPoint
"""darwin-glass""",Darwin Glass Translucent Piece - 3.8 Grams - Tasmania Impactite,15,2012-03-18,3.8,3.95,WorthPoint
"""darwin-glass""",Darwin Glass Lot Of 11 Tektites - Tasmania 11.2 Grams,30,2011-12-18,11.2,2.68,WorthPoint
"""darwin-glass""",Darwin Glass Lot Of 9 Tektites - Tasmania 6.1 Grams,10,2011-07-24,6.1,1.64,WorthPoint
"""darwin-glass""",Darwin Glass Tektite - Tasmania - 6.3 Grams,18,2011-07-23,6.3,2.86,WorthPoint
"""darwin-glass""","Darwin Glass, Meteorite Impact Rock 6.7 Grams",17.45,2011-04-09,6.7,2.6,WorthPoint
"""darwin-glass""",Darwin Glass Tektite - Tasmania - 1.8 Grams,10,2011-04-08,1.8,5.56,WorthPoint
"""darwin-glass""","Darwin Glass, Meteorite Impact Rock 6.6 Grams",17.19,2011-03-20,6.6,2.6,WorthPoint
"""darwin-glass""","Darwin Glass, Meteorite Impact Rock 5.2 Grams",13.98,2010-11-20,5.2,2.69,WorthPoint
"""darwin-glass""","Darwin Glass, Meteorite Impact Rock 8 Grams",18.54,2010-07-28,8,2.32,WorthPoint
"""darwin-glass""","Darwin Glass, Meteorite Impact Rock 8.3 Grams",19.15,2010-06-23,8.3,2.31,WorthPoint
"""darwin-glass""","Darwin Glass, Meteorite Impact Rock 10.4 Grams",23.98,2010-06-05,10.4,2.31,WorthPoint
"""darwin-glass""","Darwin Glass, Meteorite Impact Rock 8.8 Grams",20.29,2010-06-05,8.8,2.31,WorthPoint
"""darwin-glass""","Darwin Glass, Meteorite Impact Rock 11.3 Grams",25.3,2010-04-30,11.3,2.24,WorthPoint
"""darwin-glass""","Darwin Glass, Meteorite Impact Rock 9.8 Grams",18.99,2009-06-29,9.8,1.94,WorthPoint
"""darwin-glass""","Tektite ""Darwin Glass"" (Darwin, N.T., Australia)",23.49,2009-04-01,,,WorthPoint
"""darwin-glass""","Darwin Glass, Meteorite Impact Rock 13.8 Grams",22.59,2008-07-12,13.8,1.64,WorthPoint
"""darwin-glass""","Darwin Glass, Meteorite Impact Rock 7.4 Grams",12.59,2008-04-30,7.4,1.7,WorthPoint
"""darwin-glass""","Darwin Glass, Meteorite Impact Rock 8.7 Grams",14.82,2008-04-01,8.7,1.7,WorthPoint
"""darwin-glass""","Darwin Glass, Meteorite Impact Rock 9.9 Grams",16.82,2008-03-03,9.9,1.7,WorthPoint
"""darwin-glass""","Meteorite TEKTITE, Thailand (21.8 Gm) [M297]",14.51,2007-11-04,21.8,0.67,WorthPoint
"""darwin-glass""","Darwin Glass, Meteorite Impact Rock 11.1 Grams",18.85,2007-10-29,11.1,1.7,WorthPoint
"""darwin-glass""","Darwin Glass, Meteorite Impact Rock 8.6 Grams",12.1,2007-10-07,8.6,1.41,WorthPoint
"""darwin-glass""",20 Large IMPACTITES From 17 METEORITE IMPACT CRATERS,47.89,2007-08-21,,,WorthPoint
"""darwin-glass""","Darwin Glass, Meteorite Impact Rock 32.4 Grams",35.94,2007-08-14,32.4,1.11,WorthPoint
"""darwin-glass""",AOUELLOUL GLASS: West Africa Crater Meteorite Impactite,29.99,2007-07-30,,,WorthPoint
"""darwin-glass""",Tasmanian Impactite Darwin Glassgreen Tektite Meteorite,14.49,2007-07-05,,,WorthPoint
"""darwin-glass""","Darwin Glass, Meteorite Impact Rock 13.1 Grams",18.65,2007-06-18,13.1,1.42,WorthPoint
"""darwin-glass""",1 Tasmanian Impactite Darwin Shrapnel Tektite Meteorite,17.06,2007-06-17,,,WorthPoint
"""darwin-glass""",Impactite: Darwin Glass From Tasmania Meteorite Crater,37.99,2007-06-11,,,WorthPoint
"""darwin-glass""",29 Meteorite IMPACTITES From 22 Quite Different Sites,107.49,2007-05-16,,,WorthPoint
"""darwin-glass""",31 Meteorite IMPACTITES From 24 Quite Different Sites,42,2007-05-04,,,WorthPoint
"""darwin-glass""",American Museum Of Natural History Meteorite Collection,15.52,2007-04-11,,,WorthPoint
"""darwin-glass""","Darwin Glass, Meteorite Impact Rock 9 Grams",12.89,2007-03-24,9,1.43,WorthPoint
"""darwin-glass""",THIRTY-ONE Meteorite Impactites From TWENTY-THREE Sites,67,2007-03-11,,,WorthPoint
"""darwin-glass""",Darwin Glass #1 Impactite From Meteorite Impact,11.5,2007-02-25,,,WorthPoint
"""darwin-glass""","Darwin Glass, Meteorite Impact Rock 21 Grams",28.85,2006-12-17,21,1.37,WorthPoint
"""darwin-glass""","Meteorite, TROILITE, California (106g) [M268]",14.99,2006-11-12,106,0.14,WorthPoint
"""darwin-glass""","Meteorite, TEKTITE, Rizalite (30 Gm) [M294]",20.5,2006-11-12,30,0.68,WorthPoint
"""darwin-glass""","Darwin Glass, Meteorite Impact Rock 30.6 Grams",41.89,2006-11-09,30.6,1.37,WorthPoint
