material_slug,title,price_usd,sale_date,weight_grams,price_per_gram,source
allende-meteorite,"Meteorite**Allende, CV3 Carbonaceous**5.684 Gram, Extremely Fresh W/CAI'S, ASU!!",199,2026-01-16,5.684,35.01,WorthPoint
allende-meteorite,"Allende Stone, CC, CV3.2 Fell Feb. 8, 1969 Allende, Mexico 1.32 G",26,2026-01-08,1.32,19.7,WorthPoint
allende-meteorite,"Meteorite**Allende, CV3 Carbonaceous**5.059 Gram, Extremely Fresh W/CAI'S, ASU!!",102.51,2026-01-04,5.059,20.26,WorthPoint
allende-meteorite,"Meteorite: Allende CV3 Carbonaceous , Weight 0.444 Grams",30,2025-12-30,0.444,67.57,WorthPoint
allende-meteorite,"Meteorite**Allende, CV3 Carbonaceous**7.849 Gram, Extremely Fresh W/CAI'S, ASU!!",156,2025-12-29,7.849,19.88,WorthPoint
allende-meteorite,"Meteorite**Allende, CV3 Carbonaceous**0.332 Gram, Extremely Fresh W/CAI'S, ASU!!",18.99,2025-12-24,0.332,57.2,WorthPoint
allende-meteorite,"Meteorite**NWA 17071, CV3**22.097 Grams, W/Rare CAI's (Pre-Solar Grains) !!!",60,2025-12-22,22.097,2.72,WorthPoint
allende-meteorite,"Meteorite**NWA 17071, CV3**7.102 Grams, W/Rare CAI's (Pre-Solar Grains) !!!",29.99,2025-12-15,7.102,4.22,WorthPoint
allende-meteorite,Allende - CV3 Carbonaceous Chondrite - 25.6g - Meteorite Slice,699,2025-12-12,25.6,27.3,WorthPoint
allende-meteorite,17g Allende 41x28x3-4mm Meteorite Fragment Cut (CV3)Type Mexico Fractures ðŸ‘½,29,2025-12-11,17,1.71,WorthPoint
allende-meteorite,NWA 16715 CV3 Carbonaceous Chondrite Meteorite 1.6g Part Slice CAI & CHONDRULE,5.5,2025-12-10,1.6,3.44,WorthPoint
allende-meteorite,".369 Grams Allende 7x6x5mm Meteorite Fragment (CV3) Mexico Fell Feb 8, 1969",12.99,2025-12-08,369,0.04,WorthPoint
allende-meteorite,"2 Gram Allende 27x17x3mm Meteorite Fragment (CV3)Type Mexico Feb 8, 1969 Cut",40,2025-12-06,2,20,WorthPoint
allende-meteorite,"Allende Stone, CC, CV3.2 Fell Feb. 8, 1969 Allende, Mexico 2.28 G",45,2025-12-04,2.28,19.74,WorthPoint
allende-meteorite,ALLENDE METEORITE 43 Grams - PRICE JUST REDUCED!,800,2025-12-01,43,18.6,WorthPoint
allende-meteorite,"Meteorite**NWA 17071, CV3**8.532 Grams, W/Rare CAI's (Pre-Solar Grains) !!!",12.84,2025-12-01,8.532,1.5,WorthPoint
allende-meteorite,"Meteorite Lot Of 6, Allende-Bilanga-Campoâ€”Canyon Diablo-Djoumine-Seymchan",54.95,2025-11-24,,,WorthPoint
allende-meteorite,"Meteorite**NWA 17071, CV3**2.512 Grams, W/Rare CAI's (Pre-Solar Grains) !!!",18,2025-11-24,2.512,7.17,WorthPoint
allende-meteorite,"Meteorite**NWA 17071, CV3**2.526 Grams, W/Rare CAI's (Pre-Solar Grains) !!!",39.99,2025-11-18,2.526,15.83,WorthPoint
allende-meteorite,"Meteorite**NWA 17071, CV3**7.680 Grams, W/Rare CAI's (Pre-Solar Grains) !!!",31,2025-11-17,7.68,4.04,WorthPoint
allende-meteorite,"Meteorite**NWA 16800; CV3 Carbonaceous**9.875 Gram Slice, W/Rare AOA'S!!!",120,2025-11-13,9.875,12.15,WorthPoint
allende-meteorite,".298 Grams Allende 10x7x2mm Meteorite Fragment (CV3) Mexico Fell Feb 8, 1969",9.99,2025-11-10,298,0.03,WorthPoint
allende-meteorite,.792 Grams 10mm NWA 3133 Meteorite Slice ( Classified As CV7 ) With A COA,24.99,2025-11-08,792,0.03,WorthPoint
allende-meteorite,".325 Grams Allende 10x7x5mm Meteorite Fragment (CV3) Mexico Fell Feb 8, 1969",9.99,2025-11-08,325,0.03,WorthPoint
allende-meteorite,".569 Grams Allende 14x7x5mm Meteorite Fragment (CV3) Mexico Fell Feb 8, 1969",14.99,2025-11-08,569,0.03,WorthPoint
allende-meteorite,".420 Grams Allende 10x6x5mm Meteorite Fragment (CV3) Mexico Fell Feb 8, 1969",12.5,2025-11-06,420,0.03,WorthPoint
allende-meteorite,.310 Grams 9x5x3mm NWA 3133 Meteorite Slice ( Classified As CV7 ) With A COA,13.49,2025-11-04,310,0.04,WorthPoint
allende-meteorite,Allende Meteorite Fall February 8 1969 CV3 Weight 1.09g,49.95,2025-11-04,1.09,45.83,WorthPoint
allende-meteorite,"Meteorite**NWA 17071, CV3**8.959 Grams, W/Rare CAI's (Pre-Solar Grains) !!!",31,2025-11-04,8.959,3.46,WorthPoint
allende-meteorite,Allende Meteorite Thin Section I CV3 Carbonaceous Chondrite,99,2025-10-11,,,WorthPoint
allende-meteorite,"Meteorite**NWA 17071, CV3**6.053 Grams, W/Rare CAI's (Pre-Solar Grains) !!!",69.99,2025-10-06,6.053,11.56,WorthPoint
allende-meteorite,"Meteorite**Abadla 002, CM2 Carbonaceous**4.543 Gram, Rare W/Rare Primitive CAIs",46,2025-10-06,4.543,10.13,WorthPoint
allende-meteorite,"Meteorite**NWA 17071, CV3**2.970 Grams, W/Rare CAI's (Pre-Solar Grains) !!!",31,2025-10-06,2.97,10.44,WorthPoint
allende-meteorite,Meteorite Group ~ Sale Of Thirteen (13) Meteorites ~ Cosmic Art In Miniature !!,45,2025-10-05,,,WorthPoint
allende-meteorite,Allende Meteorite ~ Carbonaceous CV3 Crusted Fragment ~ 5.032 Grams ~ Many CAIs,45,2025-10-04,5.032,8.94,WorthPoint
allende-meteorite,"ALLENDE Meteorite (2) Pcs. Chihuahua, Mexico #4982",44,2025-09-27,,,WorthPoint
allende-meteorite,"Meteorite**NWA 17071, CV3**3.956 Grams, W/Rare CAI's (Pre-Solar Grains) !!!",102.5,2025-09-22,3.956,25.91,WorthPoint
allende-meteorite,"Meteorite**NWA 17071, CV3**9.508 Grams, W/Rare CAI's (Pre-Solar Grains) !!!",28,2025-09-15,9.508,2.94,WorthPoint
allende-meteorite,High Quality! Historic Witnessed Fall! Best Allende Cv3 Meteorite! 16.7 Gms,374.25,2025-09-08,16.7,22.41,WorthPoint
allende-meteorite,"Meteorite**NWA 17071, CV3**4.306 Grams, W/Rare CAI's (Pre-Solar Grains) !!!",26,2025-09-01,4.306,6.04,WorthPoint
allende-meteorite,".442 Grams Allende 12x9x2mm Meteorite Fragment CV3 Mexico Fell Feb 8, 1969 +COA",13.99,2025-08-26,442,0.03,WorthPoint
allende-meteorite,"Meteorite**NWA 17071, CV3**8.466 Grams, W/Rare CAI's (Pre-Solar Grains) !!!",89.99,2025-08-25,8.466,10.63,WorthPoint
allende-meteorite,Meteorite: NWA 17071 Weight 2.884 Grams,50,2025-08-25,2.884,17.34,WorthPoint
allende-meteorite,"Meteorite**NWA 17071, CV3**2.946 Grams, W/Rare CAI's (Pre-Solar Grains) !!!",41.55,2025-08-25,2.946,14.1,WorthPoint
allende-meteorite,"Meteorite**NWA 17071, CV3**7.112 Grams, W/Rare CAI's (Pre-Solar Grains) !!!",89.99,2025-08-22,7.112,12.65,WorthPoint
allende-meteorite,Meteorite: NWA 17071 CV3 Carb. Weight 1.741 Grams,30,2025-08-21,1.741,17.23,WorthPoint
allende-meteorite,Meteorite: NWA 17071 Weight 3.063 Grams,40,2025-08-21,3.063,13.06,WorthPoint
allende-meteorite,"Meteorite**NWA 17071, CV3**5.017 Grams, W/Rare CAI's (Pre-Solar Grains) !!!",69.99,2025-08-21,5.017,13.95,WorthPoint
allende-meteorite,".481 Grams Allende 9x8x3mm Meteorite Fragment (CV3) Mexico Fell Feb 8, 1969 +COA",13.99,2025-08-16,481,0.03,WorthPoint
allende-meteorite,".559 Grams Allende 11x8x5mm Meteorite Fragment (CV3) Mexico Fell Feb 8, 1969",16.01,2025-08-16,559,0.03,WorthPoint
allende-meteorite,".501 Grams Allende 9x6x5mm Meteorite Fragment (CV3) Mexico Fell Feb 8, 1969",16.51,2025-08-14,501,0.03,WorthPoint
allende-meteorite,"Meteorite**NWA 17071, CV3**14.395 Grams, W/Rare CAI's (Pre-Solar Grains) !!!",51,2025-08-14,14.395,3.54,WorthPoint
allende-meteorite,"5.0 Gr PIECE OF ALLENDE CV3 CABONACEOUS CHONDRITE METEORITE, 1969 OBSERVED FALL",150,2025-08-09,5,30,WorthPoint
allende-meteorite,"Meteorite**NWA 17071, CV3**9.155 Grams, W/Rare CAI's (Pre-Solar Grains) !!!",110,2025-08-08,9.155,12.02,WorthPoint
allende-meteorite,"Meteorite**NWA 17071, CV3**29.894 Grams, W/Rare CAI's (Pre-Solar Grains) !!!",325,2025-08-07,29.894,10.87,WorthPoint
allende-meteorite,.433 Grams 14x6x2mm NWA 3133 Meteorite Slice ( Classified As CV7 ) With A COA,17.99,2025-08-07,433,0.04,WorthPoint
allende-meteorite,Meteorite Group ~ Sale Of Eight (8) Meteorites ~ Cosmic Art In Miniature,24,2025-08-05,,,WorthPoint
allende-meteorite,"Meteorite**NWA 17071, CV3**7.681 Grams, W/Rare CAI's (Pre-Solar Grains) !!!",20.5,2025-07-28,7.681,2.67,WorthPoint
allende-meteorite,"Meteorite**NWA 17071, CV3**3.083 Grams, W/Rare CAI's (Pre-Solar Grains) !!!",53,2025-07-21,3.083,17.19,WorthPoint
allende-meteorite,"Meteorite**NWA 17071, CV3**3.597 Grams, W/Rare CAI's (Pre-Solar Grains) !!!",12.5,2025-07-21,3.597,3.48,WorthPoint
allende-meteorite,"Meteorite**NWA 17071, CV3**14.370grams, W/Rare CAI's; W/Rare Pre-Solar Grains!!",225,2025-07-17,14.37,15.66,WorthPoint
allende-meteorite,Northwest Africa 16715 CV3 Carbonaceous Chondrite Meteorite 3.1g CAI & CHONDRULE,16,2025-07-17,3.1,5.16,WorthPoint
allende-meteorite,Mitterling Meteorites March 2001 Meteorite Catalog Allende Sikhote-Alin Zag,6,2025-07-15,,,WorthPoint
allende-meteorite,"Meteorite**NWA 17071, CV3**1.070 Grams, W/Rare CAI's (Pre-Solar Grains) !!!",24.99,2025-07-14,1.07,23.36,WorthPoint
allende-meteorite,"0.42Gr PIECE OF ALLENDE CV3 CABONACEOUS CHONDRITE METEORITE, 1969 OBSERVED FALL",20,2025-07-13,0.42,47.62,WorthPoint
allende-meteorite,"Meteorite**NWA 16800; CV3 Carbonaceous**19.010 Gram Full Slice, W/Rare CAI's!!!",250,2025-07-12,19.01,13.15,WorthPoint
allende-meteorite,"Meteorite**NWA 17071, CV3**11.055 Grams, W/Rare CAI's (Pre-Solar Grains) !!!",53,2025-06-30,11.055,4.79,WorthPoint
allende-meteorite,"Meteorite**NWA 16800; CV3 Carbonaceous**2.194 Gram Slice, W/Rare AOA'S!!!",17,2025-06-30,2.194,7.75,WorthPoint
allende-meteorite,Crusted .329 Grams Allende 8x6x5mm Meteorite Fragment (CV3) Mexico Fell Feb 1969,14.5,2025-06-27,329,0.04,WorthPoint
allende-meteorite,"Meteorite**NWA 17071, CV3**2.081 Grams, W/Rare CAI's (Pre-Solar Grains) !!!",48.75,2025-06-23,2.081,23.43,WorthPoint
allende-meteorite,Crusted .301 Grams Allende 9x8x2mm Meteorite Fragment (CV3) Mexico Fell Feb 1969,21.5,2025-06-23,301,0.07,WorthPoint
allende-meteorite,".730 Grams Allende 9x8x6mm Meteorite Fragment (CV3) Mexico Fell Feb 8, 1969 COA",26.02,2025-06-23,730,0.04,WorthPoint
allende-meteorite,"Allende Class CV3 Meteorite (Aerolite) Carbonaceous Chondrite, New, Box Unopen",40,2025-06-11,,,WorthPoint
allende-meteorite,"Meteorite**NWA 17071, CV3**3.209 Grams, W/Rare CAI's (Pre-Solar Grains) !!!",29.99,2025-06-09,3.209,9.35,WorthPoint
allende-meteorite,".535 Grams Allende 12x9x4mm Meteorite Fragment (CV3) Mexico Fell Feb 8, 1969",17.51,2025-06-04,535,0.03,WorthPoint
allende-meteorite,".630 Grams Allende 12x10x6mm Meteorite Fragment (CV3) Mexico Fell Feb 8, 1969",47,2025-06-01,630,0.07,WorthPoint
allende-meteorite,"Meteorite**NWA 17071, CV3**1.953 Grams, W/Rare CAI's (Pre-Solar Grains) !!!",49.99,2025-05-29,1.953,25.6,WorthPoint
allende-meteorite,"6.6 Gr PIECE OF ALLENDE CV3 CABONACEOUS CHONDRITE METEORITE, 1969 OBSERVED FALL",150,2025-05-28,6.6,22.73,WorthPoint
allende-meteorite,"Meteorite**NWA 16800; CV3 Carbonaceous**4.531 Gram Slice,W/Rare Pre-Solar Grains",49.99,2025-05-23,4.531,11.03,WorthPoint
allende-meteorite,"""Vintage """"The New York Times Magazine"""" April 26, 1981 NYT Reaganâ€™s First 100 Days""",29.99,2025-05-16,,,WorthPoint
allende-meteorite,Allende Meteorite ~ Carbonaceous CV3 ~ Crusted End-Cut ~ 19.9 G ~ RARE Feature,930,2025-05-15,19.9,46.73,WorthPoint
allende-meteorite,"Meteorite**NWA 17071, CV3**9.606 Grams, W/Rare CAI's (Pre-Solar Grains) !!!",120,2025-05-13,9.606,12.49,WorthPoint
allende-meteorite,"Meteorite**NWA 17071, CV3**1.409 Grams, W/Rare CAI's (Pre-Solar Grains) !!!",11.26,2025-05-13,1.409,7.99,WorthPoint
allende-meteorite,Rare Allende Meteorite Mexico 9.75 Gram 2x2x1 Cm CV3 Carbonaceous Chrondite,325,2025-05-11,9.75,33.33,WorthPoint
allende-meteorite,.327 Grams 9x7x2mm NWA 3133 Meteorite Slice ( Classified As CV7 ) With A COA,19.99,2025-05-10,327,0.06,WorthPoint
allende-meteorite,"Allende Meteorite Carbonaceous Chondrite CV3, Famous Fall, Crusted Fragm, 20.9gr",599.99,2025-05-09,20.9,28.71,WorthPoint
allende-meteorite,"Meteorite**Errachidia 010, CVoxA3**10.698 Gram, Ultra Rare, 10th Ever!! W/AOA's",599.99,2025-05-07,10.698,56.08,WorthPoint
allende-meteorite,"Meteorite**NWA 17071, CV3**10.765 Grams, W/Rare CAI's; Newly Classified!!BEST!!!",125,2025-05-03,10.765,11.61,WorthPoint
allende-meteorite,"Meteorite**NWA 17071, CV3**9.565 Grams, W/Rare CAI's; W/Rare Pre-Solar Grains!!!",155,2025-05-02,9.565,16.2,WorthPoint
allende-meteorite,Meteorite: NWA 17071 Weight 1.938 Grams Beautiful CV3,35,2025-05-02,1.938,18.06,WorthPoint
allende-meteorite,Meteorite For Sale -Allende- Mexico- Fell 1969- 9 Grams,50,2025-04-30,9,5.56,WorthPoint
allende-meteorite,Meteorite Prob.Type L3/LL3 Weigh 500 Grams Total. 474.3 Main Mass- 25.7G. Extras,700,2025-04-29,500,1.4,WorthPoint
allende-meteorite,"Meteorite**NWA 16800; CV3 Carbonaceous**19.727 Gram Slice, W/Rare Inclusion!!",199,2025-04-24,19.727,10.09,WorthPoint
allende-meteorite,"Meteorite**NWA 17071, CV3**1.410 Grams, W/Rare CAI's (Pre-Solar Grains) !!!",38.66,2025-04-21,1.41,27.42,WorthPoint
allende-meteorite,"Allende Meteorite Carbonaceous Chondrite CV3, Famous Fall, Mexico, Fragm, 1.7 Gr",42.49,2025-04-20,1.7,24.99,WorthPoint
allende-meteorite,"Meteorite**NWA 17071, CV3**66.50 Grams, W/Rare CAI's; Rare Pre-Solar Grains!!!!!",650,2025-04-18,66.5,9.77,WorthPoint
allende-meteorite,"Allende Stone, CC, CV3.2 Fell Feb. 8, 1969 Allende, Mexico 4.43 G",88,2025-04-10,4.43,19.86,WorthPoint
allende-meteorite,Allende ~ Carbonaceous Chondrite CV3 ~ 7.10 Grams End-Cut ~ Interesting Feature!,235,2025-04-10,7.1,33.1,WorthPoint
allende-meteorite,"Meteorite**NWA 17071, CV3**6.762 Grams, W/Rare AOA's; Rare Pre-Solar Grains!!!!!",45,2025-04-10,6.762,6.65,WorthPoint
allende-meteorite,"Meteorite**NWA 17071, CV3 Carb.**13.030 Grams, W/Rare CAI's; Newly Classified!!",139.99,2025-04-09,13.03,10.74,WorthPoint
allende-meteorite,"Meteorite**Abadla 002, CM2 Carbonaceous**1.657 Gram, Rare Individual W/Rare CAIs",75,2025-04-09,1.657,45.26,WorthPoint
allende-meteorite,"Meteorite**NWA 17071, CV3**2.095 Grams, W/Rare AOA's; Rare Pre-Solar Grains!!!!!",60,2025-04-02,2.095,28.64,WorthPoint
allende-meteorite,"Allende Carbonaceous Chondrite, CV3, 44.38g, Authentic Meteorite, COA, Space",967.2,2025-03-29,44.38,21.79,WorthPoint
allende-meteorite,"Meteorite: Allende CV3 Carbonaceous , Weight 5.431 Grams",275,2025-03-29,5.431,50.64,WorthPoint
allende-meteorite,"Meteorite**NWA 17071, CV3**2.730 Grams, W/Rare CAI's; Newly Classified!!BEST!!!",24.99,2025-03-29,2.73,9.15,WorthPoint
allende-meteorite,"Allende 3.0 G Stone, CC, CV3.2 Allende, Mexico Fell Feb. 8, 1969 3.24 G Fragment",48,2025-03-27,3,16,WorthPoint
allende-meteorite,"Allende Stone, CC, CV3.2 Allende, Mexico Fell Feb. 8, 1969 Fragment 1.86 G",37,2025-03-27,1.86,19.89,WorthPoint
allende-meteorite,"Meteorite**NWA 17071, CV3**5.831 Grams, W/Rare CAI's; Newly Classified!!!",26,2025-03-24,5.831,4.46,WorthPoint
allende-meteorite,"Meteorite**NWA 16800; CV3 Carbonaceous**17.289 Gram Full Slice, W/Rare CAI's!!!",46,2025-03-17,17.289,2.66,WorthPoint
allende-meteorite,"Meteorite**NWA 17071, CV3**7.840 Grams, W/Rare CAI's; Newly Classified!!!",31.13,2025-03-17,7.84,3.97,WorthPoint
allende-meteorite,"Meteorite**Abadla 002, CM2 Carbonaceous**1.642 Gram, Rare Individual W/Rare CAIs",75,2025-03-16,1.642,45.68,WorthPoint
allende-meteorite,Meteorite Allende CV3 12.1 Gm - Complete Individual - Fusion Crust All Around,150,2025-03-15,12.1,12.4,WorthPoint
allende-meteorite,Meteorite: NWA 17071 Weight 4.235 Grams,45,2025-03-13,4.235,10.63,WorthPoint
allende-meteorite,".720 Grams Allende 14x9x4mm Meteorite Fragment (CV3) Mexico Fell Feb 8, 1969 COA",19.99,2025-03-11,720,0.03,WorthPoint
allende-meteorite,"Crusted Side .746 Grams Allende 9x8x6mm Meteorite (CV3) Mexico Fell Febr 8, 1969",23.99,2025-02-26,746,0.03,WorthPoint
allende-meteorite,".350 Grams Allende 9x9x3mm Meteorite (CV3) Mexico Fell Febr. 8, 1969 With A COA",9.99,2025-02-24,350,0.03,WorthPoint
allende-meteorite,Allende Meteorite Carbonaceous Chondrite 18 Gram Individual,280,2025-02-23,18,15.56,WorthPoint
allende-meteorite,"Meteorite**NWA 16800; CV3 Carbonaceous**6.855 Gram Slice, W/Rare Inclusion!!",26,2025-02-17,6.855,3.79,WorthPoint
allende-meteorite,"Allende Meteorite, Most Researched, Dated Over 4.5 Billion Years Old",66,2025-02-13,,,WorthPoint
allende-meteorite,"Allende Carbonaceous Chondrite Slice, CV3, 16.77g, Authentic Meteorite, COA",314.25,2025-02-12,16.77,18.74,WorthPoint
allende-meteorite,Meteorite: NWA 17071 Weight 11.261Grams,100,2025-02-09,11.261,8.88,WorthPoint
allende-meteorite,Meteorite: NWA 17071 Weight 11.105 Grams,90,2025-02-07,11.105,8.1,WorthPoint
allende-meteorite,Meteorite Allende CV3 25.5 Gm - Partial Slice Polished - Fusion Crust Two Edges,250,2025-02-02,25.5,9.8,WorthPoint
allende-meteorite,"Meteorite**Abadla 002, CM2 Carbonaceous**20.477 Gram MAIN MASS!!! W/Rare CAIs",1177.99,2025-01-26,20.477,57.53,WorthPoint
allende-meteorite,Meteorite: NWA 17071 Weight 11.055 Grams,100,2025-01-25,11.055,9.05,WorthPoint
allende-meteorite,"Meteorite**NWA 17071, CV3**1.978 Grams, W/Rare CAI's; Newly Classified!!!",5.5,2025-01-20,1.978,2.78,WorthPoint
allende-meteorite,"Meteorite**NWA 17071, CV3**9.523 Grams, W/Rare CAI's; Newly Classified!!!",36,2025-01-20,9.523,3.78,WorthPoint
allende-meteorite,"Meteorite**NWA 17071, CV3**16.300 Grams, W/Rare CAI's; Newly Classified!!!",59,2025-01-13,16.3,3.62,WorthPoint
allende-meteorite,Meteorite: NWA 17071 Weight 7.077 Grams,85,2025-01-10,7.077,12.01,WorthPoint
allende-meteorite,Meteorite: NWA 17071 Weight 17.116 Grams,100,2025-01-09,17.116,5.84,WorthPoint
allende-meteorite,"Meteorite: Allende CV3 Carbonaceous , Weight 2.300 Grams",140,2025-01-08,2.3,60.87,WorthPoint
allende-meteorite,"Meteorite**NWA 17071, CV3**18.473 Grams, W/Rare CAI's; Newly Classified!!!",61,2025-01-06,18.473,3.3,WorthPoint
allende-meteorite,"Meteorite**Allende, CV3 Carbonaceous**4.414 Gram, Extremely Fresh W/CAI'S, ASU!!",169.99,2025-01-05,4.414,38.51,WorthPoint
allende-meteorite,Meteorite: NWA 17071 Weight 9.447 Grams,65,2025-01-02,9.447,6.88,WorthPoint
allende-meteorite,"Allende CV3 Meteorite Found In Chihuahua, Mexico 1969, 1.51 Gram Fragment",27,2025-01-01,1.51,17.88,WorthPoint
allende-meteorite,"Allende CV3 Meteorite Found In Chihuahua, Mexico 1969, 1.99 Gram Fragment",35,2025-01-01,1.99,17.59,WorthPoint
allende-meteorite,"Meteorite**NWA 17071, CV3**24.731 Grams, W/Rare CAI's; Newly Classified!!!",250,2025-01-01,24.731,10.11,WorthPoint
allende-meteorite,"Allende Carbonaceous Chondrite Slice, CV3, 16.89g, Authentic Meteorite, COA",337.6,2024-12-25,16.89,19.99,WorthPoint
allende-meteorite,"Meteorite**NWA 17071 (Prov.) CV3**16.896 Grams, W/Rare CAI's; Newly Classified!",71,2024-12-16,16.896,4.2,WorthPoint
allende-meteorite,"Meteorite**NWA 16800; CV3 Carbonaceous**2.583 Gram Slice, W/Rare CAI'S!!!",10.5,2024-12-16,2.583,4.07,WorthPoint
allende-meteorite,"Allende Stone, CC, CV3.2 Allende, Mexico Fell Feb. 8, 1969 4.06 Grams",81,2024-12-12,4.06,19.95,WorthPoint
allende-meteorite,"Meteorite**Allende, CV3 Carbonaceous**1.740 Gram, Extremely Fresh W/CAI'S, ASU!!",17.5,2024-12-09,1.74,10.06,WorthPoint
allende-meteorite,"Meteorite**NWA 17071 (Prov.) CV3**3.025 Grams, W/Rare CAI's; Newly Classified!",28,2024-12-09,3.025,9.26,WorthPoint
allende-meteorite,"Meteorite**NWA 16800; CV3 Carbonaceous**21.907 Gram Slice, W/Rare Inclusion!!",92,2024-11-28,21.907,4.2,WorthPoint
allende-meteorite,"Meteorite**Allende, CV3 Carbonaceous**6.306 Gram, Extremely Fresh W/CAI'S, ASU!!",86,2024-11-28,6.306,13.64,WorthPoint
allende-meteorite,"Allende 0.43g CV3 Carbonaceous Chondrite End Cut With Crust, IMCA Sellers",25,2024-11-26,0.43,58.14,WorthPoint
allende-meteorite,"Allende 0.415g CV3 Carbonaceous Chondrite End Cut With Crust, IMCA Sellers",25,2024-11-26,0.415,60.24,WorthPoint
allende-meteorite,"Allende 0.48g CV3 Carbonaceous Chondrite End Cut With Crust, IMCA Sellers",25,2024-11-21,0.48,52.08,WorthPoint
allende-meteorite,Allende Meteorite End Cut,2700,2024-11-20,,,WorthPoint
allende-meteorite,Allende Meteorite 2.5 Gram Slice,50,2024-11-19,2.5,20,WorthPoint
allende-meteorite,.511 Grams Allende Meteorite ( CV3 ) Fragment In A Glass Top Case With A COA,14.99,2024-11-16,511,0.03,WorthPoint
allende-meteorite,.833 Grams Allende Meteorite ( CV3 ) Fragment In A Glass Top Case With A COA,21.99,2024-11-15,833,0.03,WorthPoint
allende-meteorite,"Allende 0.53g CV3 Carbonaceous Chondrite End Cut With Crust, IMCA Sellers",26,2024-11-14,0.53,49.06,WorthPoint
allende-meteorite,"Meteorite**Allende, CV3 Carbonaceous**4.455 Gram, Extremely Fresh W/CAI'S, ASU!!",142.45,2024-11-14,4.455,31.98,WorthPoint
allende-meteorite,"The Allende Mexico Meteorite Shower Book 1970, From Smthsonian Institution Press",34,2024-11-11,,,WorthPoint
allende-meteorite,2.69 Gr PIECE OF ALLENDE CV3 CARBONACEOUS CHONDRITE METEORITE,70,2024-11-10,2.69,26.02,WorthPoint
allende-meteorite,.354 Grams Allende Meteorite ( CV3 ) Fragment In A Glass Top Case With A COA,14.7,2024-11-10,354,0.04,WorthPoint
allende-meteorite,Allende Meteorite 0.5 Grams,9.95,2024-11-07,0.5,19.9,WorthPoint
allende-meteorite,"Allende 0.605g CV3 Carbonaceous Chondrite End Cut With Crust, IMCA Sellers",29,2024-11-07,0.605,47.93,WorthPoint
allende-meteorite,"Meteorite**CV3 Carbonaceous(Prov.)**1.052 Grams, W/Rare CAI's; Newly Classified!",9.86,2024-11-05,1.052,9.37,WorthPoint
allende-meteorite,Allende 0.745g CV3 Carbonaceous Chondrite End Cut IMCA Sellers,36,2024-11-02,0.745,48.32,WorthPoint
allende-meteorite,NWA 2086 CV3 14.31g Carbonaceous Chondrite Meteorite Fragment,36.78,2024-10-26,14.31,2.57,WorthPoint
allende-meteorite,"Allende Carbonaceous Chondrite Slice, CV3, 16.63g, Authentic Meteorite, COA",416,2024-10-19,16.63,25.02,WorthPoint
allende-meteorite,"Meteorite**CV3 Carbonaceous(Prov.)**3.025 Grams, W/Rare CAI's; Newly Classified!",59.99,2024-10-12,3.025,19.83,WorthPoint
allende-meteorite,Meteorite Collection Lot All Proceeds To Benefit My Damaged Community,813,2024-10-08,,,WorthPoint
allende-meteorite,NWA 2086 CV3 15.20g Carbonaceous Chondrite Meteorite Fragment,99,2024-10-05,15.2,6.51,WorthPoint
allende-meteorite,NWA 2086 CV3 5.30g Carbonaceous Chondrite Meteorite Fragment,40,2024-10-05,5.3,7.55,WorthPoint
allende-meteorite,THE BEST - 10.98 Gram - ALLENDE METEORITE W/crust - CV3 CARBONACEOUS With CAI's,269.5,2024-10-04,10.98,24.54,WorthPoint
allende-meteorite,"Meteorite**Abadla 002, CM2 Carbonaceous**1.297 Gram, Rare Individual W/Rare CAIs",11.5,2024-09-23,1.297,8.87,WorthPoint
allende-meteorite,Allende Meteorite 4.9 Gram Slice,98,2024-09-15,4.9,20,WorthPoint
allende-meteorite,"Allende Meteorite ( CV3 ) Fragments, Authentic Meteorite, Chondrules, COA, 0.57g",11.99,2024-09-12,0.57,21.04,WorthPoint
allende-meteorite,Nice Thin Slice - 3.68 Gram - ALLENDE METEORITE - CV3 CARBONACEOUS With CAI's,180,2024-09-10,3.68,48.91,WorthPoint
allende-meteorite,Allende Meteorite ~ 95% FC ~ Huss Numbers And Signed 'Bill Of Sale' ~ 107 Grams,3950,2024-09-10,107,36.92,WorthPoint
allende-meteorite,ALLENDE Meteorite Small Specimen Lot Of 17 In Capsules,129,2024-09-06,,,WorthPoint
allende-meteorite,Allende Meteorite 1.7 Gram Slice,39,2024-08-31,1.7,22.94,WorthPoint
allende-meteorite,"ALLENDE 2.346g CV3 Carbonaceous Meteorite Fragment, Witnessed Fall, IMCA Sellers",135,2024-08-30,2.346,57.54,WorthPoint
allende-meteorite,.641 Grams Allende Meteorite ( CV3 ) Fragment In A Glass Top Case With A COA,16.99,2024-08-27,641,0.03,WorthPoint
allende-meteorite,THE BEST - 8.63 Gram - ALLENDE METEORITE W/crust - CV3 CARBONACEOUS With CAI's,299,2024-08-26,8.63,34.65,WorthPoint
allende-meteorite,"Meteorite**Allende, CV3 Carbonaceous**2.767 Gram, Extremely Fresh W/Fusion Crust",39,2024-08-26,2.767,14.09,WorthPoint
allende-meteorite,.390 Grams Allende Meteorite ( CV3 ) Fragment In A Glass Top Case With A COA,10.99,2024-08-24,390,0.03,WorthPoint
allende-meteorite,.289 Grams Allende Meteorite ( CV3 ) Fragment In A Glass Top Case With A COA,7.99,2024-08-22,289,0.03,WorthPoint
allende-meteorite,38gr. Black Hexagonal Meteorite Impact Diamond $ Discount.,209,2024-08-18,38,5.5,WorthPoint
allende-meteorite,NWA 2086 CV3 10.75g Carbonaceous Chondrite Meteorite Endcut,69,2024-08-17,10.75,6.42,WorthPoint
allende-meteorite,.269 Grams Allende Meteorite ( CV3 ) Fragment In A Glass Top Case With A COA,7.99,2024-08-17,269,0.03,WorthPoint
allende-meteorite,.456 Grams Allende Meteorite ( CV3 ) Fragment In A Glass Top Case With A COA,13.99,2024-08-16,456,0.03,WorthPoint
allende-meteorite,.387 Grams Allende Meteorite ( CV3 ) Fragment In A Glass Top Case With A COA,11.99,2024-08-15,387,0.03,WorthPoint
allende-meteorite,THE BEST - 9.83 Gram - ALLENDE METEORITE Slice - CV3 CARBONACEOUS With CAI's,258.75,2024-08-14,9.83,26.32,WorthPoint
allende-meteorite,.821 Grams Allende Meteorite ( CV3 ) Fragment In A Glass Top Case With A COA,19.99,2024-08-11,821,0.02,WorthPoint
allende-meteorite,Polished Allende Meteorite Specimen In Gem Jar- Vintage Estate Find,17.5,2024-08-11,,,WorthPoint
allende-meteorite,.272 Grams Allende Meteorite ( CV3 ) Fragment In A Glass Top Case With A COA,8.99,2024-08-09,272,0.03,WorthPoint
allende-meteorite,13.06 Gram - ALLENDE - CV3 CARBONACEOUS METEORITE - 1969 Witnessed Fall Mexico,325,2024-07-24,13.06,24.89,WorthPoint
allende-meteorite,1.48 Gram Allende Meteorite W/ Fusion Crust (Cv3 Carbonaceous Chondrite) Mexico,84.99,2024-07-21,1.48,57.43,WorthPoint
allende-meteorite,NWA 2086 CV3 5.87g Carbonaceous Chondrite Meteorite Fragment,51,2024-07-16,5.87,8.69,WorthPoint
allende-meteorite,2.98 Gram ALLENDE (CV3 CARBONACEOUS) METEORITE End Cut - 1969 Witnessed Fall,72,2024-07-11,2.98,24.16,WorthPoint
allende-meteorite,"Meteorite**Abadla 002, CM2 Carbonaceous**2.630 Gram, Rare Individual W/Rare CAIs",41,2024-07-08,2.63,15.59,WorthPoint
allende-meteorite,2.69 Gram ALLENDE (CV3 CARBONACEOUS) METEORITE End Cut - 1969 Witnessed Fall,80,2024-07-03,2.69,29.74,WorthPoint
allende-meteorite,Allende Meteorite; Most Researched; Dated More Than 4.6 Billion Years Old,29,2024-06-28,,,WorthPoint
allende-meteorite,"Meteorite**Abadla 002, CM2 Carbonaceous**9.159 Gram Gorgeous Endcut W/Rare CAIs",191.5,2024-06-17,9.159,20.91,WorthPoint
allende-meteorite,NICE THIN SLICE - 2.12 Gram - ALLENDE METEORITE - CV3 CARBONACEOUS With CAI's,70,2024-06-11,2.12,33.02,WorthPoint
allende-meteorite,"ALLENDE 2.134g CV3 Carbonaceous Meteorite CRUSTED Fragment, Witnessed Fall",145,2024-06-11,2.134,67.95,WorthPoint
allende-meteorite,"Allende Carbonaceous Chondrite, CV3, 82.4 Grams",1860,2024-06-01,82.4,22.57,WorthPoint
allende-meteorite,THE BEST - 7.98 Gram - ALLENDE METEORITE W/crust - CV3 CARBONACEOUS With CAI's,238,2024-06-01,7.98,29.82,WorthPoint
allende-meteorite,NICE THIN SLICE - 1.85 Gram - ALLENDE METEORITE - CV3 CARBONACEOUS With CAI's,55.25,2024-06-01,1.85,29.86,WorthPoint
allende-meteorite,NWA 2086 CV3 2.68g Carbonaceous Chondrite Meteorite Endcut,20.5,2024-05-25,2.68,7.65,WorthPoint
allende-meteorite,NWA 2086 CV3 9.75g Carbonaceous Chondrite Meteorite Endcut,71,2024-05-25,9.75,7.28,WorthPoint
allende-meteorite,.306 Grams Allende Meteorite ( Carbonaceous Chondrite CV3 ) Fragment With A COA,13.5,2024-05-22,306,0.04,WorthPoint
allende-meteorite,NICE THIN SLICE - 1.14 Gram - ALLENDE METEORITE - CV3 CARBONACEOUS With CAI's,34,2024-05-15,1.14,29.82,WorthPoint
allende-meteorite,Allende Meteorite,43.75,2024-05-14,,,WorthPoint
allende-meteorite,"Meteorite**Abadla 002, CM2 Carbonaceous**1.922 Gram Gorgeous Endcut W/Rare CAIs",75,2024-05-12,1.922,39.02,WorthPoint
allende-meteorite,NWA 2086 CV3 16.04g Carbonaceous Chondrite Meteorite Fragment,99,2024-05-11,16.04,6.17,WorthPoint
allende-meteorite,"Meteorite**Abadla 002, CM2 Carbonaceous**0.707 Gram Gorgeous Endcut W/Rare CAIs",29,2024-04-29,0.707,41.02,WorthPoint
allende-meteorite,NICE THIN SLICE - 0.60 Gram - ALLENDE METEORITE - CV3 CARBONACEOUS With CAI's,20.75,2024-04-27,0.6,34.58,WorthPoint
allende-meteorite,NICE THIN SLICE - 1.35 Gram - ALLENDE METEORITE - CV3 CARBONACEOUS With CAI's,39.01,2024-04-27,1.35,28.9,WorthPoint
allende-meteorite,"Meteorite**Abadla 002, CM2 Carbonaceous**10.308 Gram Gorgeous Endcut W/Rare CAIs",299.99,2024-04-25,10.308,29.1,WorthPoint
allende-meteorite,Allende Meteorite Slice,1562.5,2024-04-24,,,WorthPoint
allende-meteorite,NWA 10055 Carbonaceous CV3 Chondrite - G519-0009 - 0.63g - COA - Rare End Cut,34.95,2024-04-24,0.63,55.48,WorthPoint
allende-meteorite,7.10 Gr PIECE OF ALLENDE CV3 CARBONACEOUS CHONDRITE METEORITE,195,2024-04-23,7.1,27.46,WorthPoint
allende-meteorite,Allende Carbonaceous CV3 Meteorite 2.59 Grams Fragments~ Exceptional Historic!,20.5,2024-04-22,2.59,7.92,WorthPoint
allende-meteorite,AWESOME CHONDRULE - 2.70 Gram - ALLENDE METEORITE - CV3 CARBONACEOUS With CAI's,99,2024-04-21,2.7,36.67,WorthPoint
allende-meteorite,NICE THIN SLICE - 0.94 Gram - ALLENDE METEORITE - CV3 CARBONACEOUS With CAI's,39,2024-04-04,0.94,41.49,WorthPoint
allende-meteorite,Allende Carbonaceous CV3 Meteorite ~ 44.07 Grams ~ Individual ~ Exceptional,1300,2024-04-01,44.07,29.5,WorthPoint
allende-meteorite,Allende Meteorite ~ Carbonaceous CV3 ~ 0.073 ~ Nice Features!,5,2024-03-29,,,WorthPoint
allende-meteorite,HUGE CAI/Chondrule - 4.59 Gram - ALLENDE METEORITE - CV3 CARBONACEOUS With CAI's,124.64,2024-03-24,4.59,27.15,WorthPoint
allende-meteorite,NWA 2086 CV3 8.13g Carbonaceous Chondrite Meteorite Fragment,75,2024-03-23,8.13,9.23,WorthPoint
allende-meteorite,16.8 Gram - ALLENDE METEORITE - CV3 CARBONACEOUS With CAI's - PERFECT THIN SLICE,424.15,2024-03-22,16.8,25.25,WorthPoint
allende-meteorite,HUGE CAI/Chondrule - 5.49 Gram - ALLENDE METEORITE - CV3 CARBONACEOUS With CAI's,162,2024-03-12,5.49,29.51,WorthPoint
allende-meteorite,Crusted .758 Grams Allende Meteorite ( Carbonaceous Chondrite CV3 ) Fragment COA,17.99,2024-03-11,758,0.02,WorthPoint
allende-meteorite,"Meteorite**Abadla 002, CM2 Carbonaceous**3.699 Gram Gorgeous Endcut W/Rare CAIs",49,2024-03-11,3.699,13.25,WorthPoint
allende-meteorite,"Allende! Witnessed Fall, Carbonaceous Chondrite Meteorite 20.9g Crusted Slice!",375,2024-03-11,20.9,17.94,WorthPoint
allende-meteorite,NICE THIN SLICE - 0.28 Gram - ALLENDE METEORITE - CV3 CARBONACEOUS With CAI's,25,2024-03-08,0.28,89.29,WorthPoint
allende-meteorite,.501 Grams Allende Meteorite ( Carbonaceous Chondrite CV3 ) Fragment With A COA,11.99,2024-03-08,501,0.02,WorthPoint
allende-meteorite,.417 Grams Allende Meteorite ( Carbonaceous Chondrite CV3 ) Fragment With A COA,9.99,2024-03-05,417,0.02,WorthPoint
allende-meteorite,.442 Grams Allende Meteorite ( Carbonaceous Chondrite CV3 ) Fragment With A COA,9.99,2024-03-03,442,0.02,WorthPoint
allende-meteorite,5.95 Gram - ALLENDE METEORITE - CV3 CARBONACEOUS With CAI's - 1969 MEXICO FALL,134.1,2024-03-02,5.95,22.54,WorthPoint
allende-meteorite,5.16 Gram - ALLENDE METEORITE - CV3 CARBONACEOUS With CAI's And Fusion Crust,148.5,2024-02-27,5.16,28.78,WorthPoint
allende-meteorite,"Meteorite**Abadla 002, CM2 Carbonaceous**3.086 Gram Gorgeous Endcut W/Rare CAIs",72,2024-02-26,3.086,23.33,WorthPoint
allende-meteorite,"Meteorite**Allende,CV3 Carb.**5.441 Gram,Extremely Fresh Fragment,Old Collection",147.5,2024-02-26,5.441,27.11,WorthPoint
allende-meteorite,"Allende Carbonaceous Chondrite, CV3, 0.24, Authentic Meteorite, COA, Space",20,2024-02-25,,,WorthPoint
allende-meteorite,1.85 Gram - ALLENDE METEORITE - CV3 CARBONACEOUS With CAI's - 1969 MEXICO FALL,54,2024-02-24,1.85,29.19,WorthPoint
allende-meteorite,3.06 Gram - ALLENDE METEORITE - CV3 CARBONACEOUS With CAI's And Fusion Crust,81,2024-02-23,3.06,26.47,WorthPoint
allende-meteorite,4.95 Gr PIECE OF ALLENDE CV3 CARBONACEOUS CHONDRITE METEORITE,135,2024-02-19,4.95,27.27,WorthPoint
allende-meteorite,"Meteorite**Allende,CV3 Carb.**1.404 Gram,Extremely Fresh Fragment,Old Collection",36,2024-02-19,1.404,25.64,WorthPoint
allende-meteorite,0.48 Gram - ALLENDE - CV3 CARBONACEOUS METEORITE - 1969 Witnessed Fall Mexico,19,2024-02-16,0.48,39.58,WorthPoint
allende-meteorite,.514 Grams Allende Meteorite ( Carbonaceous Chondrite CV3 ) Fragment With A COA,11.99,2024-02-16,514,0.02,WorthPoint
allende-meteorite,.247 Grams Allende Meteorite ( Carbonaceous Chondrite CV3 ) Fragment With A COA,7.99,2024-02-16,247,0.03,WorthPoint
allende-meteorite,.329 Grams Allende Meteorite ( Carbonaceous Chondrite CV3 ) Fragment With A COA,9.99,2024-02-16,329,0.03,WorthPoint
allende-meteorite,1.26 Gram - ALLENDE - CV3 CARBONACEOUS METEORITE - 1969 Witnessed Fall Mexico,38,2024-02-16,1.26,30.16,WorthPoint
allende-meteorite,3.07 Gram - ALLENDE - CV3 CARBONACEOUS METEORITE - 1969 Witnessed Fall Mexico,92,2024-02-16,3.07,29.97,WorthPoint
allende-meteorite,"Allende Carbonaceous Chondrite, CV3, 0.35, Authentic Meteorite, COA, Space",20,2024-02-15,,,WorthPoint
allende-meteorite,6.36 Gram - ALLENDE - CV3 CARBONACEOUS METEORITE - 1969 Witnessed Fall Mexico,190,2024-02-13,6.36,29.87,WorthPoint
allende-meteorite,0.95 Gram - ALLENDE - CV3 CARBONACEOUS METEORITE - 1969 Witnessed Fall Mexico,30,2024-02-11,0.95,31.58,WorthPoint
allende-meteorite,1.46 Gram - ALLENDE - CV3 CARBONACEOUS METEORITE - 1969 Witnessed Fall Mexico,45,2024-02-10,1.46,30.82,WorthPoint
allende-meteorite,.294 Grams Allende Meteorite ( Carbonaceous Chondrite CV3 ) Fragment With A COA,8.99,2024-02-10,294,0.03,WorthPoint
allende-meteorite,"Allende Carbonaceous Chondrite, CV3, 0.41, Authentic Meteorite, COA, Space",22,2024-02-09,,,WorthPoint
allende-meteorite,ALLENDE CV3 CARBONACEOUS CHONDRITE METEORITE King Collection,5,2024-02-08,,,WorthPoint
allende-meteorite,"Allende Carbonaceous Chondrite, CV3, 5.85 Grams, Authentic Meteorite, COA, Space",139,2024-02-05,5.85,23.76,WorthPoint
allende-meteorite,6.58 Gram - ALLENDE - CV3 CARBONACEOUS METEORITE - 1969 Witnessed Fall Mexico,200,2024-02-02,6.58,30.4,WorthPoint
allende-meteorite,0.87 Gram - ALLENDE - CV3 CARBONACEOUS METEORITE - 1969 Witnessed Fall Mexico,28,2024-01-29,0.87,32.18,WorthPoint
allende-meteorite,"Mexico 2016 Libertad ""OUNCE OF SPACE-ALLENDE METEORITE"" 1 Oz .999 Silver",103.98,2024-01-26,28.35,3.67,WorthPoint
allende-meteorite,"Allende Carbonaceous Chondrite, CV3, 2.59g, Authentic Meteorite, COA, Space",52,2024-01-22,2.59,20.08,WorthPoint
allende-meteorite,Allende Meteorite 16.53g With Fusion Crust ELKK Specimen 90% Fusion Crust,265,2024-01-18,16.53,16.03,WorthPoint
allende-meteorite,"Allende Carbonaceous Chondrite, CV3, 8.34 Grams, Authentic Meteorite, COA, Space",199,2024-01-14,8.34,23.86,WorthPoint
allende-meteorite,NWA 2086 CV3 9.72g Carbonaceous Chondrite Meteorite Fragment,79,2024-01-13,9.72,8.13,WorthPoint
allende-meteorite,Allende CV3 4.24g Fusion Crusted Carbonaceous Meteorite 'Pea',125,2024-01-06,4.24,29.48,WorthPoint
allende-meteorite,"Allende Carbonaceous Chondrite, CV3, 44.07 Grams, Authentic Meteorite, COA",999,2024-01-01,44.07,22.67,WorthPoint
allende-meteorite,1.46 G CRUSTED ALLENDE METEORITE W/CAI's - CARBONACEOUS (CV3) 1969 Mexico Fall,43.5,2024-01-01,1.46,29.79,WorthPoint
allende-meteorite,0.56 G CRUSTED ALLENDE METEORITE W/CAI's - CARBONACEOUS (CV3) 1969 Mexico Fall,17.5,2023-12-30,0.56,31.25,WorthPoint
allende-meteorite,"Meteorite**Abadla 002, CM2 Carbonaceous**3.445 Gram Gorgeous Endcut W/Rare CAIs",75,2023-12-25,3.445,21.77,WorthPoint
allende-meteorite,1.13 G CRUSTED ALLENDE METEORITE W/CAI's - CARBONACEOUS (CV3) 1969 Mexico Fall,40.68,2023-12-21,1.13,36,WorthPoint
allende-meteorite,0.65 G CRUSTED ALLENDE METEORITE W/CAI's - CARBONACEOUS (CV3) 1969 Mexico Fall,24,2023-12-21,0.65,36.92,WorthPoint
allende-meteorite,2.11 G CRUSTED ALLENDE METEORITE W/CAI's - CARBONACEOUS (CV3) 1969 Mexico Fall,51,2023-12-21,2.11,24.17,WorthPoint
allende-meteorite,1.23 G CRUSTED ALLENDE METEORITE W/CAI's - CARBONACEOUS (CV3) 1969 Mexico Fall,39.6,2023-12-21,1.23,32.2,WorthPoint
allende-meteorite,5.85 G CRUSTED ALLENDE METEORITE W/CAI's - CARBONACEOUS (CV3) 1969 Mexico Fall,122.4,2023-12-21,5.85,20.92,WorthPoint
allende-meteorite,0.96 G CRUSTED ALLENDE METEORITE W/CAI's - CARBONACEOUS (CV3) 1969 Mexico Fall,34.56,2023-12-21,0.96,36,WorthPoint
allende-meteorite,0.87 G CRUSTED ALLENDE METEORITE W/CAI's - CARBONACEOUS (CV3) 1969 Mexico Fall,31.8,2023-12-21,0.87,36.55,WorthPoint
allende-meteorite,1.39 G CRUSTED ALLENDE METEORITE W/CAI's - CARBONACEOUS (CV3) 1969 Mexico Fall,49.8,2023-12-21,1.39,35.83,WorthPoint
allende-meteorite,"Meteorite**Abadla 002, CM2 Carbonaceous**2.298 Gram Gorgeous Endcut W/Rare CAIs",50.01,2023-12-18,2.298,21.76,WorthPoint
allende-meteorite,.278 Grams Allende Meteorite ( Carbonaceous Chondrite CV3 ) Fragment With A COA,8.99,2023-12-15,278,0.03,WorthPoint
allende-meteorite,Large Allende Meteorite 207 Grams,5999,2023-12-14,207,28.98,WorthPoint
allende-meteorite,3.75 G CRUSTED ALLENDE METEORITE W/CAI's - CARBONACEOUS (CV3) 1969 Mexico Fall,78,2023-12-11,3.75,20.8,WorthPoint
allende-meteorite,"Meteorite**Abadla 002, CM2 Carbonaceous**3.142 Gram Gorgeous Endcut W/Rare CAIs",73,2023-12-11,3.142,23.23,WorthPoint
allende-meteorite,0.54 G CRUSTED ALLENDE METEORITE W/CAI's - CARBONACEOUS (CV3) 1969 Mexico Fall,21,2023-12-08,0.54,38.89,WorthPoint
allende-meteorite,"Allende Carbonaceous Chondrite, CV3, 0.53 Grams, Authentic Meteorite, COA, Space",20,2023-12-07,0.53,37.74,WorthPoint
allende-meteorite,6.87 G CRUSTED ALLENDE METEORITE W/CAI's - CARBONACEOUS (CV3) 1969 Mexico Fall,135.6,2023-12-06,6.87,19.74,WorthPoint
allende-meteorite,"Allende Carbonaceous Chondrite, CV3, 11.70g, Authentic Meteorite, COA, Space",293,2023-12-04,11.7,25.04,WorthPoint
allende-meteorite,"Meteorite**Abadla 002, CM2 Carbonaceous**2.942 Gram Gorgeous Endcut W/Rare CAIs",63.02,2023-12-04,2.942,21.42,WorthPoint
allende-meteorite,2016 Libertad Allende Meteorite 1 Oz Silver Coin,99.99,2023-12-01,28.35,3.53,WorthPoint
allende-meteorite,1.20 G CRUSTED ALLENDE METEORITE W/CAI's - CARBONACEOUS (CV3) 1969 Mexico Fall,32.4,2023-12-01,1.2,27,WorthPoint
allende-meteorite,12.87 Gram ALLENDE METEORITE -1969 MEXICO FALL - CARBONACEOUS (CV3) With CAI's,233.4,2023-12-01,12.87,18.14,WorthPoint
allende-meteorite,1.87 G CRUSTED ALLENDE METEORITE W/CAI's - CARBONACEOUS (CV3) 1969 Mexico Fall,35.96,2023-11-25,1.87,19.23,WorthPoint
allende-meteorite,"Allende Carbonaceous Chondrite, CV3, 8.82g, Authentic Meteorite, COA, Space",202,2023-11-24,8.82,22.9,WorthPoint
allende-meteorite,4.95 G CRUSTED ALLENDE METEORITE W/CAI's - CARBONACEOUS (CV3) 1969 Mexico Fall,88.8,2023-11-22,4.95,17.94,WorthPoint
allende-meteorite,"Allende Carbonaceous Chondrite, CV3, 2.61 Grams, Authentic Meteorite, COA, Space",65,2023-11-20,2.61,24.9,WorthPoint
allende-meteorite,"Meteorite**Abadla 002, CM2 Carbonaceous**3.891 Gram Gorgeous Endcut W/Rare CAIs",69,2023-11-20,3.891,17.73,WorthPoint
allende-meteorite,9.79 G ALLENDE METEORITE Endcut 1969 MEXICO FALL - CARBONACEOUS (CV3) With CAI's,180,2023-11-17,9.79,18.39,WorthPoint
allende-meteorite,Villalbeto De La PeÃ±a Meteorite Fragment 0.6g - Rare Daylight Fireball,14.5,2023-11-14,0.6,24.17,WorthPoint
allende-meteorite,"Meteorite**Abadla 002, CM2 Carbonaceous**2.489 Gram Gorgeous Endcut W/Rare CAIs",52,2023-11-13,2.489,20.89,WorthPoint
allende-meteorite,0.47 G CRUSTED ALLENDE METEORITE W/CAI's - CARBONACEOUS (CV3) 1969 Mexico Fall,18,2023-11-11,0.47,38.3,WorthPoint
allende-meteorite,1.55 Gram NWA 3133 - The ONLY CV7 Carbonaceous Meteorite EVER! Ex GREG HUPE,93,2023-11-10,1.55,60,WorthPoint
allende-meteorite,"Allende Carbonaceous Chondrite, CV3, 9.26g, Authentic Meteorite, COA, Space",232,2023-11-07,9.26,25.05,WorthPoint
allende-meteorite,7.59 G CRUSTED ALLENDE METEORITE W/CAI's - CARBONACEOUS (CV3) 1969 Mexico Fall,162.5,2023-11-02,7.59,21.41,WorthPoint
allende-meteorite,"Meteorite**Abadla 002, CM2 Carbonaceous**0.769 Gram Gorgeous Endcut W/Rare CAIs",56,2023-10-30,0.769,72.82,WorthPoint
allende-meteorite,"Allende Carbonaceous Chondrite, CV3, 0.85 Grams, Authentic Meteorite, COA, Space",28,2023-10-29,0.85,32.94,WorthPoint
allende-meteorite,"Allende Carbonaceous Chondrite, CV3, 13.76g, Authentic Meteorite, COA, Space",344,2023-10-29,13.76,25,WorthPoint
allende-meteorite,"Allende Carbonaceous Chondrite, CV3, 9.48 Grams, Authentic Meteorite, COA, Space",237,2023-10-29,9.48,25,WorthPoint
allende-meteorite,4.41 G CRUSTED ALLENDE METEORITE W/CAI's - CARBONACEOUS (CV3) 1969 Mexico Fall,99.45,2023-10-28,4.41,22.55,WorthPoint
allende-meteorite,4.49 G CRUSTED ALLENDE METEORITE W/CAI's - CARBONACEOUS (CV3) 1969 Mexico Fall,88.8,2023-10-26,4.49,19.78,WorthPoint
allende-meteorite,"Allende Carbonaceous Chondrite, CV3, 1.95g, Authentic Meteorite, COA, Space",55,2023-10-25,1.95,28.21,WorthPoint
allende-meteorite,1.16 Grams Allende Meteorite (CV3) Cut Fragment Fell Feb 8 1969 With Dealer Card,19.99,2023-10-24,1.16,17.23,WorthPoint
allende-meteorite,1.12 Gram NWA 3133 - The ONLY CV7 Carbonaceous Meteorite EVER! Ex GREG HUPE,72.8,2023-10-22,1.12,65,WorthPoint
allende-meteorite,ALLENDE COMBO ~ Carbonaceous CV3 Meteorite ~ 1 AOA Inclusion And 2 Chondrules,19,2023-10-18,,,WorthPoint
allende-meteorite,.398 Grams Allende Meteorite ( Carbonaceous Chondrite CV3 ) Fragment With A COA,9.99,2023-10-10,398,0.03,WorthPoint
allende-meteorite,2.12 G CRUSTED ALLENDE METEORITE W/CAI's - CARBONACEOUS (CV3) 1969 Mexico Fall,55.25,2023-09-23,2.12,26.06,WorthPoint
allende-meteorite,7.94 G CRUSTED ALLENDE METEORITE W/CAI's - CARBONACEOUS (CV3) 1969 Mexico Fall,183.4,2023-09-19,7.94,23.1,WorthPoint
allende-meteorite,6.56 Gram NWA 3133 - The ONLY CV7 Carbonaceous Meteorite EVER! Ex GREG HUPE,275.1,2023-09-14,6.56,41.94,WorthPoint
allende-meteorite,7.08 Gram NWA 3133 - The ONLY CV7 Carbonaceous Meteorite EVER! Ex GREG HUPE,296.8,2023-09-14,7.08,41.92,WorthPoint
allende-meteorite,Allende Meteorite ~ Carbonaceous Chondrite CV3 ~ Total 4.086 Grams,56,2023-09-02,4.086,13.71,WorthPoint
allende-meteorite,0.44 G CRUSTED ALLENDE METEORITE W/CAI's - CARBONACEOUS (CV3) 1969 Mexico Fall,18.2,2023-08-25,0.44,41.36,WorthPoint
allende-meteorite,5.73 G CRUSTED ALLENDE METEORITE W/CAI's - CARBONACEOUS (CV3) 1969 Mexico Fall,112.45,2023-08-24,5.73,19.62,WorthPoint
allende-meteorite,0.38 G CRUSTED ALLENDE METEORITE W/CAI's - CARBONACEOUS (CV3) 1969 Mexico Fall,19.76,2023-08-17,0.38,52,WorthPoint
allende-meteorite,4.38 G CRUSTED ALLENDE METEORITE Dust/crumbs CARBONACEOUS (CV3) 1969 Mexico Fall,50,2023-08-16,4.38,11.42,WorthPoint
allende-meteorite,10.42 G CRUSTED ALLENDE METEORITE W/CAI's - CARBONACEOUS (CV3) 1969 Mexico Fall,224.25,2023-08-16,10.42,21.52,WorthPoint
allende-meteorite,2.36 Gram - ALLENDE METEORITE Specimen - 1969 MEXICO FALL CARBONACEOUS (CV3),45.5,2023-08-10,2.36,19.28,WorthPoint
allende-meteorite,Awesome 1.23 Gram - ALLENDE METEORITE - 1969 MEXICO FALL CARBONACEOUS (CV3),24.05,2023-08-10,1.23,19.55,WorthPoint
allende-meteorite,1.17 Gram - ALLENDE METEORITE Specimen - 1969 MEXICO FALL CARBONACEOUS (CV3),22.75,2023-08-09,1.17,19.44,WorthPoint
allende-meteorite,NICE 0.56 Gram ALLENDE METEORITE - 1969 MEXICO WITNESSED FALL CARBONACEOUS (CV3),16.25,2023-08-09,0.56,29.02,WorthPoint
allende-meteorite,1.10 Gram - ALLENDE METEORITE Specimen - 1969 MEXICO FALL CARBONACEOUS (CV3),22.75,2023-08-09,1.1,20.68,WorthPoint
allende-meteorite,0.38 Gram NWA 3133 - The ONLY CV7 Carbonaceous Meteorite EVER! Ex GREG HUPE,50,2023-08-02,0.38,131.58,WorthPoint
allende-meteorite,"Meteorite**Abadla 002, CM2 Carbonaceous**5.016 Gram Gorgeous Endcut W/Small CAIs",499.99,2023-07-25,5.016,99.68,WorthPoint
allende-meteorite,Press Photo Allende Meteorite On Display At The Museum Of Science - Lra57888,16.88,2023-07-18,,,WorthPoint
allende-meteorite,5.0g ALLENDE METEORITE Specimen- CV3 Carbonaceous Chondrite,95,2023-07-17,5,19,WorthPoint
allende-meteorite,Allende CV3 4.89g Fusion Crusted Carbonaceous Meteorite 'Pea',147,2023-07-15,4.89,30.06,WorthPoint
allende-meteorite,14.44 G ALLENDE METEORITE Specimen- 1969 CV3 Carbonaceous Witnessed Fall Mexico,475,2023-07-03,14.44,32.89,WorthPoint
allende-meteorite,55.0 Grams - ALLENDE (CV3 Carbonaceous) Meteorite - 1969 Witnessed Fall W/CAI's,2200,2023-07-03,55,40,WorthPoint
allende-meteorite,Allende CV3 4.06g Fusion Crusted Carbonaceous Meteorite 'Pea',163,2023-07-01,4.06,40.15,WorthPoint
allende-meteorite,Allende CV3 4.13g Fusion Crusted Carbonaceous Meteorite 'Pea',166,2023-06-25,4.13,40.19,WorthPoint
allende-meteorite,86.8 Grams - ALLENDE (CV3 Carbonaceous) Meteorite - 1969 Witnessed Fall W/CAI's,1950,2023-06-23,86.8,22.47,WorthPoint
allende-meteorite,"Meteorite**Abadla 002, CM2 Carbonaceous**4.698 Gram Gorgeous Indy W/Small CAIs",112.5,2023-06-12,4.698,23.95,WorthPoint
allende-meteorite,0.665 Gr PIECE OF ALLENDE CV3 CARBONACEOUS CHONDRITE METEORITE,20,2023-06-11,0.665,30.08,WorthPoint
allende-meteorite,For Ebay User - Papilionj - In Hungary Only - Meteorites With COA's + Info Cards,165.99,2023-06-07,,,WorthPoint
allende-meteorite,"Meteorite, Allende, 16.8g CV3 Carbonaceous Chondrite",275,2023-06-05,16.8,16.37,WorthPoint
allende-meteorite,3.24 Gr PIECE OF ALLENDE CV3 CARBONACEOUS CHONDRITE METEORITE,85,2023-06-02,3.24,26.23,WorthPoint
allende-meteorite,5.868 Gr PIECE OF ALLENDE CV3 CARBONACEOUS CHONDRITE METEORITE,150,2023-06-02,5.868,25.56,WorthPoint
allende-meteorite,Allende Meteorite Fragments 0.42g,16.5,2023-05-30,0.42,39.29,WorthPoint
allende-meteorite,.300 Grams Allende Meteorite 7mm Fragment In A Plastic Display Case With COA,5.99,2023-05-26,300,0.02,WorthPoint
allende-meteorite,"Allende Carbonaceous Meteorite. Three Pieces, Each 1/4 Inch.",5,2023-05-26,,,WorthPoint
allende-meteorite,33.58 G ALLENDE METEORITE Specimen- 1969 CV3 Carbonaceous Witnessed Fall Mexico,656.5,2023-05-16,33.58,19.55,WorthPoint
allende-meteorite,"Meteorite**NWA 3133, CV7 Carbonaceous**1.119 Gram Part-slice, Extremely Rare!!",47,2023-05-16,1.119,42,WorthPoint
allende-meteorite,Allende Meteorite Slice! 23.5g!,318.35,2023-05-14,23.5,13.55,WorthPoint
allende-meteorite,Allende Meteorite: Contains Micro-Diamonds From An Exploding Sun! 2.0 Grams,41,2023-05-10,2,20.5,WorthPoint
allende-meteorite,"Meteorite**NWA 3133, CV7 Carbonaceous**2.334 Gram Endcut, Extremely Rare!!",127.5,2023-05-08,2.334,54.63,WorthPoint
allende-meteorite,"Meteorite, Allende, 16.53g With Fusion Crust",217.5,2023-05-07,16.53,13.16,WorthPoint
allende-meteorite,"Meteorite**Abadla 002, CM2 Carbonaceous**1.320 Gram Gorgeous Endcut W/Small CAIs",46,2023-04-17,1.32,34.85,WorthPoint
allende-meteorite,Allende CV3 Meteorite 1.58g Mr Meteorite Collection Fusion Crusted Fragment,45,2023-04-08,1.58,28.48,WorthPoint
allende-meteorite,Valle De Allende Meteorite Thin Section With 2 Gram Specimen.,45,2023-04-08,2,22.5,WorthPoint
allende-meteorite,ALLENDE - CARBONACEOUS CV3 - HISTORIC WITNESSED FALL - METEORITE - Mexico 1969,34,2023-03-29,,,WorthPoint
allende-meteorite,10.5 G ALLENDE METEORITE Specimen- 1969 CV3 Carbonaceous Witnessed Fall Mexico,242.2,2023-03-23,10.5,23.07,WorthPoint
allende-meteorite,"Meteorite**Abadla 002, CM2 Carbonaceous**3.444 Gram Gorgeous Endcut W/Small CAIs",78.75,2023-03-20,3.444,22.87,WorthPoint
allende-meteorite,11.3 Gram ALLENDE METEORITE - Mexico 1969 CV3 Aerolite Carbonaceous Chondrite!,320,2023-03-13,11.3,28.32,WorthPoint
allende-meteorite,.251 Grams Allende Meteorite 8mm Fragment In A Plastic Display Case With COA,6.5,2023-03-06,251,0.03,WorthPoint
allende-meteorite,.401 Grams Allende Meteorite 6mm Fragment In A Plastic Display Case With COA,11.5,2023-03-03,401,0.03,WorthPoint
allende-meteorite,8.33 G ALLENDE METEORITE Specimen- 1969 CV3 Carbonaceous Witnessed Fall Mexico,300,2023-03-01,8.33,36.01,WorthPoint
allende-meteorite,.221 Grams Allende Meteorite 6mm Fragment In A Plastic Display Case With COA,10.5,2023-02-27,221,0.05,WorthPoint
allende-meteorite,4.0 Gram ALLENDE METEORITE Specimen- 1969 CV3 Carbonaceous Witnessed Fall Mexico,120,2023-02-25,4,30,WorthPoint
allende-meteorite,6.0 Gram ALLENDE METEORITE - Mexico 1969 CV3 Aerolite Carbonaceous Chondrite!,139.99,2023-02-24,6,23.33,WorthPoint
allende-meteorite,.278 Grams Allende Meteorite 7mm Fragment In A Plastic Display Case With COA,5.5,2023-02-22,278,0.02,WorthPoint
allende-meteorite,Allende CV3 Meteorite 7.77g Elbert King Collection Fusion Crusted Fragment,228,2023-02-17,7.77,29.34,WorthPoint
allende-meteorite,Cook Islands Silver $20 2019 Chicxulub Crater-Yucatan Fine Silver W/ Meteorite & Glass Inlay (Tax Ex,368.84,2023-02-12,,,WorthPoint
allende-meteorite,Allende CV3 Meteorite 1.3g Fusion Crusted Elbert King Collection Slice,42,2023-02-11,1.3,32.31,WorthPoint
allende-meteorite,3.97 Gram ALLENDE METEORITE Specimen 1969 CV3 Carbonaceous Witnessed Fall Mexico,98,2023-02-02,3.97,24.69,WorthPoint
allende-meteorite,Unique Item! Historic Allende Cv3 Meteorite Cutting Dust! 23.2 Gms,446.25,2023-01-20,23.2,19.23,WorthPoint
allende-meteorite,"Meteorite**NWA 3133, CV7 Carb.**11.424 Gram Endcut, 1 Of 1 Ever, Ultra Rare!!!!!",305,2023-01-09,11.424,26.7,WorthPoint
allende-meteorite,6.45 G ALLENDE METEORITE Specimen- 1969 CV3 Carbonaceous Witnessed Fall Mexico,136.5,2023-01-08,6.45,21.16,WorthPoint
allende-meteorite,Allende - Observed Fall 1969 - Carbonaceous CV3 Meteorite - ALN-0035 - COA/RARE,5.5,2023-01-08,,,WorthPoint
allende-meteorite,5.308 Gr PIECE OF ALLENDE CV3 CARBONACEOUS CHONDRITE METEORITE,135,2023-01-05,5.308,25.43,WorthPoint
allende-meteorite,0.97 G ALLENDE METEORITE Specimen- 1969 CV3 Carbonaceous Witnessed Fall Mexico,28,2023-01-02,0.97,28.87,WorthPoint
allende-meteorite,8.9 G ALLENDE METEORITE Specimen- 1969 CV3 Carbonaceous Witnessed Fall Mexico,224,2022-12-22,8.9,25.17,WorthPoint
allende-meteorite,Earth's Oldest Rocks - Display Collection,320,2022-12-22,,,WorthPoint
allende-meteorite,10.16 G ALLENDE METEORITE Specimen- 1969 CV3 Carbonaceous Witnessed Fall Mexico,242.2,2022-12-15,10.16,23.84,WorthPoint
allende-meteorite,36.9 G ALLENDE METEORITE Specimen- 1969 CV3 Carbonaceous Witnessed Fall Mexico,777,2022-12-15,36.9,21.06,WorthPoint
allende-meteorite,23.97g ALLENDE METEORITE Specimen- 1969 CV3 Carbonaceous Witnessed Fall Mexico,553,2022-12-15,23.97,23.07,WorthPoint
allende-meteorite,21.2 G ALLENDE METEORITE Specimen- 1969 CV3 Carbonaceous Witnessed Fall Mexico,490,2022-12-15,21.2,23.11,WorthPoint
allende-meteorite,20.0 G ALLENDE METEORITE Specimen- 1969 CV3 Carbonaceous Witnessed Fall Mexico,508.2,2022-12-15,20,25.41,WorthPoint
allende-meteorite,14.05 G ALLENDE METEORITE Specimen- 1969 CV3 Carbonaceous Witnessed Fall Mexico,325.5,2022-12-15,14.05,23.17,WorthPoint
allende-meteorite,12.17 G ALLENDE METEORITE Specimen- 1969 CV3 Carbonaceous Witnessed Fall Mexico,279.3,2022-12-15,12.17,22.95,WorthPoint
allende-meteorite,27.9 G ALLENDE METEORITE Specimen- 1969 CV3 Carbonaceous Witnessed Fall Mexico,588,2022-12-15,27.9,21.08,WorthPoint
allende-meteorite,0.90 G ALLENDE METEORITE Specimen- 1969 CV3 Carbonaceous Witnessed Fall Mexico,25.2,2022-12-14,0.9,28,WorthPoint
allende-meteorite,Allende CV3 Carbonaceous Chondrite Meteorite Chihuahua Mexico 2.35 Grams,35.25,2022-12-14,2.35,15,WorthPoint
allende-meteorite,2.58 G ALLENDE METEORITE Specimen- 1969 CV3 Carbonaceous Witnessed Fall Mexico,54.18,2022-12-13,2.58,21,WorthPoint
allende-meteorite,"Meteorite**NWA 3133, CV7 Carb.**3.498 Gram Endcut, 1 Of 1 Ever, Ultra Rare!!!!!",181.5,2022-12-12,3.498,51.89,WorthPoint
allende-meteorite,"Allende. 13.8g CV3 Carbonaceous Chondrite, Witnessed Meteorite Fall, Full Slice",362,2022-12-05,13.8,26.23,WorthPoint
allende-meteorite,44.4 G ALLENDE METEORITE Specimen- 1969 CV3 Carbonaceous Witnessed Fall Mexico,1080,2022-12-01,44.4,24.32,WorthPoint
allende-meteorite,Allende Meteorite - 13.4 Grams,190,2022-11-27,13.4,14.18,WorthPoint
allende-meteorite,1.87 Gram ALLENDE METEORITE Specimen 1969 CV3 Carbonaceous Witnessed Fall Mexico,70,2022-11-24,1.87,37.43,WorthPoint
allende-meteorite,3.20 G ALLENDE METEORITE Specimen- 1969 CV3 Carbonaceous Witnessed Fall Mexico,76.8,2022-11-20,3.2,24,WorthPoint
allende-meteorite,.305 Grams Allende Meteorite 9mm Fragment In A Plastic Display Case With COA,5.99,2022-11-20,305,0.02,WorthPoint
allende-meteorite,.476 Grams Allende Meteorite 9mm Fragment In A Plastic Display Case With COA,8.99,2022-11-18,476,0.02,WorthPoint
allende-meteorite,1.07 Grams Allende Meteorite 13x12x4mm Fragment In A Plastic Display Case W/ COA,18.99,2022-11-17,1.07,17.75,WorthPoint
allende-meteorite,.301 Grams Allende Meteorite 9mm Fragment In A Plastic Display Case With COA,5.99,2022-11-17,301,0.02,WorthPoint
allende-meteorite,2.20 G ALLENDE METEORITE Specimen- 1969 CV3 Carbonaceous Witnessed Fall Mexico,52.8,2022-11-17,2.2,24,WorthPoint
allende-meteorite,0.38 G ALLENDE METEORITE Specimen- 1969 CV3 Carbonaceous Witnessed Fall Mexico,15.2,2022-11-07,0.38,40,WorthPoint
allende-meteorite,Meteorite NWA 4502 As Found Carbonaceous Chondrite (CV3) - With A COA 17 Grams,64.99,2022-11-04,17,3.82,WorthPoint
allende-meteorite,3.84 G ALLENDE METEORITE Specimen- 1969 CV3 Carbonaceous Witnessed Fall Mexico,124,2022-10-30,3.84,32.29,WorthPoint
allende-meteorite,1.83 G ALLENDE METEORITE Specimen- 1969 CV3 Carbonaceous Witnessed Fall Mexico,36,2022-10-14,1.83,19.67,WorthPoint
allende-meteorite,3.38 G ALLENDE METEORITE Specimen- 1969 CV3 Carbonaceous Witnessed Fall Mexico,112,2022-10-10,3.38,33.14,WorthPoint
allende-meteorite,1.92 G ALLENDE METEORITE Specimen- 1969 CV3 Carbonaceous Witnessed Fall Mexico,43.5,2022-10-06,1.92,22.66,WorthPoint
allende-meteorite,34 Gm ALLENDE Carbonaceous Chondrite Meteorite Slice - 1969 Fall - 5 Mm Thick.,610,2022-10-03,34,17.94,WorthPoint
allende-meteorite,1.99 G ALLENDE METEORITE Specimen- 1969 CV3 Carbonaceous Witnessed Fall Mexico,45,2022-10-03,1.99,22.61,WorthPoint
allende-meteorite,9.73 G ALLENDE METEORITE Specimen- 1969 CV3 Carbonaceous Witnessed Fall Mexico,340,2022-10-01,9.73,34.94,WorthPoint
allende-meteorite,.481 Grams Allende Meteorite 9mm Fragment In A Glass Top Display Case With COA,11.99,2022-09-23,481,0.02,WorthPoint
allende-meteorite,"Meteorite**CV3, Unclassified**5.075 Grams Beautiful Carbonaceous Endcut, W/CAI's",36,2022-09-19,5.075,7.09,WorthPoint
allende-meteorite,0.70 G ALLENDE METEORITE Specimen- 1969 CV3 Carbonaceous Witnessed Fall Mexico,24,2022-09-12,0.7,34.29,WorthPoint
allende-meteorite,1.68 G ALLENDE METEORITE Specimen- 1969 CV3 Carbonaceous Witnessed Fall Mexico,40.8,2022-08-31,1.68,24.29,WorthPoint
allende-meteorite,3.28 G ALLENDE METEORITE Specimen- 1969 CV3 Carbonaceous Witnessed Fall Mexico,78.4,2022-08-30,3.28,23.9,WorthPoint
allende-meteorite,6.12 G ALLENDE METEORITE Specimen- 1969 CV3 Carbonaceous Witnessed Fall Mexico,146.4,2022-08-29,6.12,23.92,WorthPoint
allende-meteorite,3.39 G ALLENDE METEORITE Specimen- 1969 CV3 Carbonaceous Witnessed Fall Mexico,80.8,2022-08-22,3.39,23.83,WorthPoint
allende-meteorite,2.55 G ALLENDE METEORITE Specimen- 1969 CV3 Carbonaceous Witnessed Fall Mexico,60.8,2022-08-22,2.55,23.84,WorthPoint
allende-meteorite,0.74 G ALLENDE METEORITE Specimen- 1969 CV3 Carbonaceous Witnessed Fall Mexico,23.2,2022-08-22,0.74,31.35,WorthPoint
allende-meteorite,0.67 G ALLENDE METEORITE Specimen- 1969 CV3 Carbonaceous Witnessed Fall Mexico,24,2022-08-22,0.67,35.82,WorthPoint
allende-meteorite,.240 Grams Allende Meteorite 6mm Fragment In A Plastic Display Case With COA,6.99,2022-08-21,240,0.03,WorthPoint
allende-meteorite,13.5 G ALLENDE METEORITE Crusted - 1969 CV3 Carbonaceous Witnessed Fall Mexico,312,2022-08-17,13.5,23.11,WorthPoint
allende-meteorite,1.13 G ALLENDE METEORITE Specimen- 1969 CV3 Carbonaceous Witnessed Fall Mexico,31.2,2022-08-17,1.13,27.61,WorthPoint
allende-meteorite,.241 Grams Allende Meteorite 9mm Fragment In A Plastic Display Case With COA,6.99,2022-08-16,241,0.03,WorthPoint
allende-meteorite,8.56 Gram Allende Meteorite Very Nice Fresh Endcut,180,2022-08-04,8.56,21.03,WorthPoint
allende-meteorite,1.56 G ALLENDE METEORITE Specimen- 1969 CV3 Carbonaceous Witnessed Fall Mexico,37.6,2022-08-04,1.56,24.1,WorthPoint
allende-meteorite,3.29 G ALLENDE METEORITE Specimen- 1969 CV3 Carbonaceous Witnessed Fall Mexico,98,2022-08-03,3.29,29.79,WorthPoint
allende-meteorite,1.10 G ALLENDE METEORITE Specimen- 1969 CV3 Carbonaceous Witnessed Fall Mexico,32,2022-08-03,1.1,29.09,WorthPoint
allende-meteorite,1.24 G ALLENDE METEORITE Specimen- 1969 CV3 Carbonaceous Witnessed Fall Mexico,37,2022-07-27,1.24,29.84,WorthPoint
allende-meteorite,2.36 G ALLENDE METEORITE Specimen- 1969 CV3 Carbonaceous Witnessed Fall Mexico,70,2022-07-27,2.36,29.66,WorthPoint
allende-meteorite,1.80 G ALLENDE METEORITE Specimen- 1969 CV3 Carbonaceous Witnessed Fall Mexico,55,2022-07-27,1.8,30.56,WorthPoint
allende-meteorite,"Meteorite**CV3, Unclassified**1.213 Grams Beautiful Carbonaceous Endcut, W/CAI's",49.99,2022-07-21,1.213,41.21,WorthPoint
allende-meteorite,8.43 G ALLENDE METEORITE Crusted - 1969 CV3 Carbonaceous Witnessed Fall Mexico,260,2022-07-17,8.43,30.84,WorthPoint
allende-meteorite,.512 Grams Allende Meteorite 10mm Fragment In A Glass Top Display Case With COA,10.99,2022-07-16,512,0.02,WorthPoint
allende-meteorite,.318 Grams Allende Meteorite 8mm Fragment In A Glass Top Display Case With COA,8.5,2022-07-16,318,0.03,WorthPoint
allende-meteorite,.181 Grams Allende Meteorite 8mm Fragment In A Glass Top Display Case With COA,5.5,2022-07-16,181,0.03,WorthPoint
allende-meteorite,.441 Grams Allende Meteorite 10mm Fragment In A Glass Top Display Case With COA,11.5,2022-07-14,441,0.03,WorthPoint
allende-meteorite,.397 Grams Allende Meteorite 11mm Fragment In A Glass Top Display Case With COA,10.5,2022-07-14,397,0.03,WorthPoint
allende-meteorite,Awesome 2.08 G ALLENDE METEORITE 1969 MEXICO FALL CARBONACEOUS (CV3),52,2022-07-02,2.08,25,WorthPoint
allende-meteorite,Tatahouine 10.82g Big! Shock Veins Cleavage Achondrite 1931 Tunisia Meteorite,298,2022-06-29,10.82,27.54,WorthPoint
allende-meteorite,Allende Meteorite Carbonaceous Chondrite CV3 Mexico 1969 Certified Limited Ed.,141.03,2022-06-23,,,WorthPoint
allende-meteorite,Allende Meteorite Slice & Vial,4250,2022-06-22,,,WorthPoint
allende-meteorite,Crusted 9.0 G ALLENDE METEORITE 1969 MEXICO FALL CARBONACEOUS (CV3),240,2022-06-12,9,26.67,WorthPoint
allende-meteorite,Awesome 5.11 G ALLENDE METEORITE 1969 MEXICO FALL CARBONACEOUS (CV3),132,2022-06-07,5.11,25.83,WorthPoint
allende-meteorite,"Meteorite**CV3, Unclassified**2.612 Grams Beautiful Carbonaceous Endcut, W/CAI's",39.99,2022-06-04,2.612,15.31,WorthPoint
allende-meteorite,.352 Grams Allende Meteorite 9mm Fragment In A Case With A COA - From Mexico,6.99,2022-05-25,352,0.02,WorthPoint
allende-meteorite,NWA 3133 CV7 0.85g Primitive Achondrite (Ungrouped) W/ CV O2 Plot,50,2022-05-14,0.85,58.82,WorthPoint
allende-meteorite,"Allende Meteorite, 1.5 Gram Slice",80,2022-05-03,1.5,53.33,WorthPoint
allende-meteorite,ALLENDE Meteorite 0.8 Grams Carbonaceous Chondrite CV3 Mexico 1969,25,2022-04-27,0.8,31.25,WorthPoint
allende-meteorite,"Meteorite**CV3, Unclassified**0.502 Grams Beautiful Carbonaceous Slice, W/CAI's!",5.5,2022-04-26,0.502,10.96,WorthPoint
allende-meteorite,ALLENDE Meteorite 0.9 Grams Carbonaceous Chondrite CV3 Mexico 1969,25,2022-04-23,0.9,27.78,WorthPoint
allende-meteorite,ALLENDE - WITNESSED FALL - HISTORIC METEORITE - Carbonaceous CV3 - Mexico 1969,44,2022-04-10,,,WorthPoint
allende-meteorite,5.4 Gram ALLENDE CV3 Carbonaceous METEORITE FALL,165,2022-04-06,5.4,30.56,WorthPoint
allende-meteorite,"Meteorite**CV3, Unclassified**0.866 Grams Beautiful Carbonaceous Slice, W/CAI's!",26,2022-04-06,0.866,30.02,WorthPoint
allende-meteorite,"Meteorite**CV3, Unclassified**0.708 Grams Beautiful Carbonaceous Slice, W/CAI's!",6,2022-03-21,0.708,8.47,WorthPoint
allende-meteorite,Tatahouine Meteorite 1.27g Metal Inclusion!!! Tiny Frag Shock Veins 1931 Tunisia,25,2022-03-11,1.27,19.69,WorthPoint
allende-meteorite,Tatahouine Meteorite 1.41g Tiny Fragment Shock Veins Achondrite 1931 Tunisia,22.5,2022-03-11,1.41,15.96,WorthPoint
allende-meteorite,6.3 Gram ALLENDE CV3 Carbonaceous METEORITE FALL,189,2022-03-07,6.3,30,WorthPoint
allende-meteorite,"Meteorite**CV3, Unclassified**0.503 Grams Beautiful Carbonaceous Slice, W/CAI's!",9.99,2022-03-07,0.503,19.86,WorthPoint
allende-meteorite,"Meteorite**CV3, Unclassified**0.766 Grams Beautiful Carbonaceous Slice, W/CAI's!",20.49,2022-02-28,0.766,26.75,WorthPoint
allende-meteorite,.390 Grams Allende Meteorite 7mm Fragment In A Case With A COA - From Mexico,8.5,2022-02-27,390,0.02,WorthPoint
allende-meteorite,.316 Grams Allende Meteorite 7mm Fragment In A Case With A COA - From Mexico,8.06,2022-02-24,316,0.03,WorthPoint
allende-meteorite,.387 Grams Allende Meteorite 11mm Fragment In A Case With A COA - From Mexico,9.05,2022-02-22,387,0.02,WorthPoint
allende-meteorite,.198 Grams Allende Meteorite 6mm Fragment In A Case With A COA - From Mexico,8.5,2022-02-22,198,0.04,WorthPoint
allende-meteorite,"Meteorite**CV3, Unclassified**0.955 Grams Beautiful Carbonaceous Slice, W/CAI's!",39.99,2022-02-22,0.955,41.87,WorthPoint
allende-meteorite,COMET CARBON IMPACTITE HEXAGONAL METEORITE DIAMOND 18.22 Gr.,200,2022-02-09,18.22,10.98,WorthPoint
allende-meteorite,Awesome 16.3g ALLENDE METEORITE 1969 MEXICO FALL CARBONACEOUS (CV3),450,2022-02-07,16.3,27.61,WorthPoint
allende-meteorite,"Meteorite**CV3, Unclassified**1.464 Grams Beautiful Carbonaceous Slice, W/CAI's!",20.25,2022-01-20,1.464,13.83,WorthPoint
allende-meteorite,Awesome 4.46 G ALLENDE METEORITE (fragment) 1969 MEXICO FALL CARBONACEOUS (CV3),111.2,2022-01-15,4.46,24.93,WorthPoint
allende-meteorite,ALLENDE METEORITE 6.4g CV3 Carbonaceous Chondrite CAI Observed Fall Genuine IMCA,199.99,2022-01-01,6.4,31.25,WorthPoint
allende-meteorite,Tatahouine 7.72g Big! Shock Veins Inclusions Achondrite 1931 Tunisia Meteorite,216,2021-12-25,7.72,27.98,WorthPoint
allende-meteorite,Allende 5.94g CAI's Stardust CV3 Type Carbonaceous Meteorite Mexico 1969,178,2021-12-25,5.94,29.97,WorthPoint
allende-meteorite,Awesome 18.7g ALLENDE METEORITE 1969 MEXICO FALL CARBONACEOUS (CV3),380,2021-12-25,18.7,20.32,WorthPoint
allende-meteorite,Tatahouine 6.40g Big Cleavage Shock Veins Display Achondrite Fall 1931 Tunisia,170,2021-12-21,6.4,26.56,WorthPoint
allende-meteorite,"Meteorite**CV3, Unclassified**9.693 Grams Beautiful Carbonaceous End, W/CAI's!",61,2021-12-20,9.693,6.29,WorthPoint
allende-meteorite,Meteorite Collection Lot 35 Pieces Allende Moldavite Gibeon Henbury GAO 4+ Lbs!,910,2021-12-20,,,WorthPoint
allende-meteorite,Allende 13.41g Bursting With CAI's Stardust CV3 Type Carbonaceous Meteorite,350,2021-12-19,13.41,26.1,WorthPoint
allende-meteorite,.534 Grams Allende Meteorite 9mm Fragment In A Case With A COA - From Mexico,11,2021-11-30,534,0.02,WorthPoint
allende-meteorite,.699 Grams Allende Meteorite 9mm Fragment In A Case With A COA - From Mexico,12,2021-11-30,699,0.02,WorthPoint
allende-meteorite,.531 Grams Allende Meteorite 9mm Fragment In A Case With A COA - From Mexico,9.9,2021-11-24,531,0.02,WorthPoint
allende-meteorite,"Meteorite**CV3, Unclassified**0.911 Grams Beautiful Carbonaceous Slice, W/CAI's!",16.55,2021-11-24,0.911,18.17,WorthPoint
allende-meteorite,"Meteorite**CV3, Unclassified**3.181 Grams Beautiful Carbonaceous End, W/CAI's!",15.5,2021-11-24,3.181,4.87,WorthPoint
allende-meteorite,Awesome 8.8 G ALLENDE METEORITE (1/2 Stone) 1969 MEXICO FALL CARBONACEOUS (CV3),225.25,2021-11-20,8.8,25.6,WorthPoint
allende-meteorite,Allende Meteorite 91 Grams Complete Piece From Marvin Killgore At U Of Arizona,650,2021-11-15,91,7.14,WorthPoint
allende-meteorite,"Meteorite**CV3, Unclassified**0.806 Grams Beautiful Carbonaceous Slice, W/CAI's!",9.5,2021-11-15,0.806,11.79,WorthPoint
allende-meteorite,Awesome 6.3 G ALLENDE METEORITE (end Cut) 1969 MEXICO FALL CARBONACEOUS (CV3),160.65,2021-11-12,6.3,25.5,WorthPoint
allende-meteorite,"Carbon Chondrite Meteorite Possible Allende CV3 24.76g, Fusion Crust Great Item",299,2021-10-27,24.76,12.08,WorthPoint
allende-meteorite,Awesome 3.6 G - ALLENDE METEORITE - 1969 MEXICO FALL CARBONACEOUS (CV3),74.8,2021-10-25,3.6,20.78,WorthPoint
allende-meteorite,Allende Carbonaceous CV3 - Observed Fall 69' - ALN-0027 - 0.54g COA - Part Slice,21.95,2021-10-24,0.54,40.65,WorthPoint
allende-meteorite,Allende Carbonaceous CV3 - Observed Fall 69' - ALN-0026 - 0.55g COA - Part Slice,21.95,2021-10-20,0.55,39.91,WorthPoint
allende-meteorite,"Meteorite**CV3, Unclassified**0.625 Grams Beautiful Carbonaceous Slice, W/CAI's!",20.5,2021-10-11,0.625,32.8,WorthPoint
allende-meteorite,Awesome 10.6 G ALLENDE METEORITE 1969 MEXICO FALL CARBONACEOUS (CV3),274.5,2021-10-08,10.6,25.9,WorthPoint
allende-meteorite,"Allende, 22.4g, 1969 Witnessed Meteorite Fall! Carbonaceous Chondrite",485,2021-09-26,22.4,21.65,WorthPoint
allende-meteorite,"Meteorite**CV3, Unclassified**0.742 Grams Beautiful Carbonaceous Slice, W/CAI's!",22,2021-09-06,0.742,29.65,WorthPoint
allende-meteorite,.791 Grams Allende Meteorite 10mm Fragment In A Case With A COA - From Mexico,15.5,2021-09-05,791,0.02,WorthPoint
allende-meteorite,.406 Grams Allende Meteorite 8mm Fragment In A Case With A COA - From Mexico,12.5,2021-09-02,406,0.03,WorthPoint
allende-meteorite,.361 Grams Allende Meteorite 9mm Fragment In A Case With A COA - From Mexico,7.99,2021-08-31,361,0.02,WorthPoint
allende-meteorite,Allende Carbonaceous CV3 - Observed Fall 69' - ALN-0028 - 0.75g COA - Part Slice,29.95,2021-08-23,0.75,39.93,WorthPoint
allende-meteorite,"Meteorite**CV3, Unclassified**1.101 Grams Beautiful Carbonaceous Slice, W/CAI's!",20.5,2021-08-23,1.101,18.62,WorthPoint
allende-meteorite,Allende Meteorites. Lot 7 Pcs. Chondrite. Holidays Are Almost Here !,440,2021-08-15,,,WorthPoint
allende-meteorite,"Meteorite**CV3, Unclassified**3.970 Grams Beautiful Carbonaceous Raw Fragment!!!",12.5,2021-07-26,3.97,3.15,WorthPoint
allende-meteorite,"Meteorite Lot Of 6 Small Pieces * Sulagiri, Vaca Muerta, NWA 801, + More!",9.99,2021-07-22,,,WorthPoint
allende-meteorite,4.05g CV3 Carbonaceous Chondrite Meteorite Slice - NWA 10055 - TOP METEORITE,101,2021-06-29,4.05,24.94,WorthPoint
allende-meteorite,2.99g ALLENDE Carbonaceous Chondrite Meteorite Slice - 1969 Fall - TOP METEORITE,150,2021-06-29,2.99,50.17,WorthPoint
allende-meteorite,.376 Grams Allende Meteorite 9mm Fragment In A Case With A COA - From Mexico,9,2021-06-18,376,0.02,WorthPoint
allende-meteorite,"Meteorite**CV3, Unclassified**13.431 Grams Beautiful Carbonaceous Slice!!NEW!!!",183.5,2021-06-14,13.431,13.66,WorthPoint
allende-meteorite,"Meteorite**CV3, Unclassified**9.124 Grams Beautiful Carbonaceous Endcut!!NEW!",33.75,2021-06-07,9.124,3.7,WorthPoint
allende-meteorite,"Meteorite**CV3, Unclassified**11.583 Grams Beautiful Carbonaceous Individual!!!",31,2021-06-07,11.583,2.68,WorthPoint
allende-meteorite,Valle De Allende Meteorite Thin Section,29.99,2021-06-05,,,WorthPoint
allende-meteorite,"Meteorite**CV3, UNC.**8.340 Grams Carbonaceous Endcut!!! INSANE COSMIC ART!!!",133.5,2021-05-24,8.34,16.01,WorthPoint
allende-meteorite,"Meteorite**CV3, Unclassified**1.764 Grams Beautiful Carbonaceous Slice!!NEW!!!",12.5,2021-05-24,1.764,7.09,WorthPoint
allende-meteorite,Meteorite Collection LOT 1 Lunar Martian HED Pallasite Mesosiderite Tektite RARE,599.99,2021-05-18,,,WorthPoint
allende-meteorite,"Meteorite**CV3, Unclassified**18.641 Grams Beautiful Carbonaceous Endcut!W/Ghost",23.05,2021-05-17,18.641,1.24,WorthPoint
allende-meteorite,"Meteorite**CV3, Unclassified**1.348 Grams Beautiful Carbonaceous Slice!!NEW!",55,2021-05-17,1.348,40.8,WorthPoint
allende-meteorite,"Meteorite**NWA 3133, CV7**0.845 Gram Mini Endcut, 1 Of 2 Ever!!Rare Carbonaceous",18.99,2021-05-17,0.845,22.47,WorthPoint
allende-meteorite,"Meteorite**CV3, Unclassified**0.586 Grams Carbonaceous Endcut!!! COSMIC!!!",19.99,2021-05-17,0.586,34.11,WorthPoint
allende-meteorite,2.33g ALLENDE Carbonaceous Chondrite Meteorite Slice - 1969 Fall - TOP METEORITE,117,2021-05-15,2.33,50.21,WorthPoint
allende-meteorite,"Meteorite**CV3, Unclassified**246.76 Grams Beautiful Carbonaceous!Main Mass,NEW!",873,2021-05-10,246.76,3.54,WorthPoint
allende-meteorite,"Meteorite**CV3, Unclassified**18.044 Grams Beautiful Carbonaceous Endcut!!NEW!",63,2021-05-10,18.044,3.49,WorthPoint
allende-meteorite,Meteorite Lot Of 6 Small Pieces * Sulagiri + More!,36,2021-05-08,,,WorthPoint
allende-meteorite,3.09g ALLENDE Carbonaceous Chondrite Meteorite Slice - 1969 Fall - TOP METEORITE,155,2021-05-07,3.09,50.16,WorthPoint
allende-meteorite,"Meteorite**CV3, Unclassified**20.820 Grams Beautiful Carbonaceous Endcut!!NEW!",45,2021-04-26,20.82,2.16,WorthPoint
allende-meteorite,"Meteorite**CV3, Unclassified**1.039 Grams Beautiful Carbonaceous Slice!! NEW!",23.5,2021-04-26,1.039,22.62,WorthPoint
allende-meteorite,2016 Libertad Allende Meteorite 1oz Silver Meteorite Coin,249.99,2021-04-19,28.35,8.82,WorthPoint
allende-meteorite,"Meteorite**CV3, Unclassified**297.60 Grams Lot, Carbonaceous, W/presolar Grains!",251.5,2021-04-19,297.6,0.85,WorthPoint
allende-meteorite,Fantastic 4.12 Gram ALLENDE METEORITE - 1969 MEXICO FALL- CARBONACEOUS (CV3),119,2021-04-12,4.12,28.88,WorthPoint
allende-meteorite,"Meteorite**CV3, Unclassified**5.248 Grams Carbonaceous Endcut!!! COSMIC!!!",71,2021-04-12,5.248,13.53,WorthPoint
allende-meteorite,"Meteorite**CV3, Unclassified**15.256 Grams Beautiful Carbonaceous Endcut!!NEW!",46,2021-04-12,15.256,3.02,WorthPoint
allende-meteorite,"Allende G CV3.2 Fell Feb. 8, 1969 Allende, Mexico 9.40 Grams",127.5,2021-04-08,9.4,13.56,WorthPoint
allende-meteorite,"Allende G CV3.2 Fell Feb. 8, 1969 Allende, Mexico 11.1 Gram Whole Stone",182.5,2021-04-08,11.1,16.44,WorthPoint
allende-meteorite,COOK ISLANDS 2019 $20 Chicxulub Crater-Yucatan 3 OZ. .999 SILVER PCGS MS-70,499,2021-04-07,85.05,5.87,WorthPoint
allende-meteorite,"Meteorite**CV3, Unclassified**6.358 Grams Carbonaceous Endcut!!! COSMIC!!!",99.99,2021-04-05,6.358,15.73,WorthPoint
allende-meteorite,"Chiapas Amber 1.97g Carved Cross From Simojovel De Allende, MX",15,2021-04-03,1.97,7.61,WorthPoint
allende-meteorite,2.04g ALLENDE Carbonaceous Chondrite Meteorite Slice - 1969 Fall - TOP METEORITE,102,2021-04-01,2.04,50,WorthPoint
allende-meteorite,"Meteorite**NWA 3133, CV7**0.382 Gram Individual, 1 Of 2 Ever!!",25.49,2021-03-22,0.382,66.73,WorthPoint
allende-meteorite,Awesome 4.08 G ALLENDE METEORITE (fragment) 1969 MEXICO FALL CARBONACEOUS (CV3),130,2021-03-22,4.08,31.86,WorthPoint
allende-meteorite,Fantastic 11.7g ALLENDE METEORITE Individual 1969 MEXICO FALL CARBONACEOUS (CV3),335,2021-03-21,11.7,28.63,WorthPoint
allende-meteorite,1.27g ALLENDE Carbonaceous Chondrite Meteorite Slice - 1969 Fall - TOP METEORITE,65,2021-03-18,1.27,51.18,WorthPoint
allende-meteorite,"Allende CV3.2 Fell Feb. 8, 1969 Allende, Mexico 6.76 Grams",85,2021-03-18,6.76,12.57,WorthPoint
allende-meteorite,Fantastic 2.9 G ALLENDE METEORITE Fragment 1969 MEXICO FALL CARBONACEOUS (CV3),59,2021-03-13,2.9,20.34,WorthPoint
allende-meteorite,"Allende G CV3.2 Fell Feb. 8, 1969 Allende, Mexico 7.77 Grams",97,2021-03-11,7.77,12.48,WorthPoint
allende-meteorite,"Meteorite**NWA 3133, CV7**1.999 Gram Individual, 1 Of 2 Ever!!",39.99,2021-03-08,1.999,20.01,WorthPoint
allende-meteorite,.729 Grams Allende Meteorite 1-3mm Crumb Fragments In A Plastic Gem Case -Mexico,15.5,2021-03-07,729,0.02,WorthPoint
allende-meteorite,Fantastic 8.76 Gram ALLENDE METEORITE - 1969 MEXICO FALL- CARBONACEOUS (CV3),219,2021-03-06,8.76,25,WorthPoint
allende-meteorite,Allende CV3 Meteorite 6.94g Fusion Crusted Carbonaceous Endcut,181.28,2021-03-06,6.94,26.12,WorthPoint
allende-meteorite,.460 Grams Allende Meteorite 11mm Fragment In A Glass Top Case - Mexico,14.99,2021-03-01,460,0.03,WorthPoint
allende-meteorite,.767 Grams Allende Meteorite 12mm Fragment In A Glass Top Case - Mexico,21,2021-03-01,767,0.03,WorthPoint
allende-meteorite,"Meteorite**CV3, Unclassified**2.059 Gram Endcut!! Carbonaceous",15.99,2021-03-01,2.059,7.77,WorthPoint
allende-meteorite,AWESOME 0.78 G ALLENDE METEORITE SLICE - 1969 MEXICO FALL CARBONACEOUS (CV3),39,2021-02-27,0.78,50,WorthPoint
allende-meteorite,Allende Meteorite Jewelry Pendant Necklace Sunburst Sterling Silver,225,2021-02-25,,,WorthPoint
allende-meteorite,"Allende G CV3.2 Fell Feb. 8, 1969 Allende, Mexico 6.54 Grams",98,2021-02-25,6.54,14.98,WorthPoint
allende-meteorite,Meteorite**NWA Unc; Prob. Ureilite**16.304 Gram Slice!! Unknown Parent Body!!!,85,2021-02-22,16.304,5.21,WorthPoint
allende-meteorite,"Chiapas Amber 13.24g Polished Pendant From Simojovel De Allende, MX",38,2021-02-19,13.24,2.87,WorthPoint
allende-meteorite,"Meteorite**CV3, Unclassified**5.999 Gram Endcut!! Carbonaceous",31,2021-02-15,5.999,5.17,WorthPoint
allende-meteorite,Meteorite: 6.78 Gram NWA 3133 Individual. It And Pairs Are The Only CV7!,112.5,2021-02-13,6.78,16.59,WorthPoint
allende-meteorite,"Meteorite**CV3, Unclassified**1027.0 Grams Beautiful Carbonaceous Individual!!!",2499,2021-02-11,1027,2.43,WorthPoint
allende-meteorite,"Allende G CV3.2 Fell Feb. 8, 1969 Allende, Mexico 6.36 Grams Whole Stone",100,2021-02-11,6.36,15.72,WorthPoint
allende-meteorite,"Allende G CV3.2 Fell Feb. 8, 1969 Allende, Mexico 6.39 Grams",95,2021-02-11,6.39,14.87,WorthPoint
allende-meteorite,Nice 1.65 Gram ALLENDE METEORITE Fragment - 1969 MEXICO FALL- CARBONACEOUS (CV3),55,2021-02-09,1.65,33.33,WorthPoint
allende-meteorite,.267 Grams Allende Meteorite About 7x6x5mm Fragment In A Glass Top Case - Mexico,8.99,2021-02-08,267,0.03,WorthPoint
allende-meteorite,Meteorite: 17.15 Gram Allende Slice,217.5,2021-02-06,17.15,12.68,WorthPoint
allende-meteorite,0.80g ALLENDE Carbonaceous Chondrite Meteorite Slice - 1969 Fall - TOP METEORITE,45,2021-02-03,0.8,56.25,WorthPoint
allende-meteorite,Meteorite:65.11 Gram Allende Slice,800,2021-01-30,65.11,12.29,WorthPoint
allende-meteorite,.192 Grams Allende Meteorite About 8mm Fragment In A Glass Top Case -Mexico 1969,5.99,2021-01-26,192,0.03,WorthPoint
allende-meteorite,"Allende Meteorite, Large, Thin Slice. 16.17g Witnessed Carbonaceous Fall.",395,2021-01-23,16.17,24.43,WorthPoint
allende-meteorite,.420 Grams Allende Meteorite About 8x6x6mm Fragment In A Glass Top Case - Mexico,12.99,2021-01-12,420,0.03,WorthPoint
allende-meteorite,.496 Grams Allende Meteorite About 8x6x6mm Fragment In A Glass Top Case - Mexico,15.99,2021-01-07,496,0.03,WorthPoint
allende-meteorite,AWESOME 2.61 G ALLENDE METEORITE SLICE - 1969 MEXICO FALL CARBONACEOUS (CV3),95,2021-01-02,2.61,36.4,WorthPoint
allende-meteorite,Meteorite Fragment NWA 4502 CV3 3.08 Grams 4.567 Billion Years Old!,34.99,2020-12-20,3.08,11.36,WorthPoint
allende-meteorite,"Allende Meteorite, Large, Thin Slice. 17.0g Witnessed Carbonaceous Fall.",365,2020-12-11,17,21.47,WorthPoint
allende-meteorite,AWESOME 0.81 G ALLENDE METEORITE SLICE - 1969 MEXICO FALL CARBONACEOUS (CV3),35,2020-12-11,0.81,43.21,WorthPoint
allende-meteorite,Meteorite Allende (CV3) 4-piece Lot,7.99,2020-12-11,,,WorthPoint
allende-meteorite,"Allende CV3.2 Fell Feb. 8, 1969 Allende, Mexico 3.10 Grams",32,2020-12-10,3.1,10.32,WorthPoint
allende-meteorite,Allende Meteorite (CV3) Famous Fall Mexico 2.2 Grams Ex. Schooler Ex. Garcia,20.5,2020-11-28,2.2,9.32,WorthPoint
allende-meteorite,"Meteorite**CV3, Unclassified**12.136 Gram Endcut!! Carbonaceous",79.99,2020-11-26,12.136,6.59,WorthPoint
allende-meteorite,"294.2 Grams Allende CV3 Meteorite 1969 Allende, Mexico",2057,2020-11-21,294.2,6.99,WorthPoint
allende-meteorite,Fantastic 7.5 Gram ALLENDE METEORITE - 1969 MEXICO FALL- CARBONACEOUS (CV3),111.75,2020-11-08,7.5,14.9,WorthPoint
allende-meteorite,Fantastic 2.8 G ALLENDE METEORITE Fragment 1969 MEXICO FALL CARBONACEOUS (CV3),44.25,2020-11-03,2.8,15.8,WorthPoint
allende-meteorite,Awesome 6.11 G ALLENDE METEORITE (fragment) 1969 MEXICO FALL CARBONACEOUS (CV3),180,2020-10-22,6.11,29.46,WorthPoint
allende-meteorite,Nice 4.61 Gram ALLENDE METEORITE Fragment - 1969 MEXICO FALL- CARBONACEOUS (CV3),138,2020-10-22,4.61,29.93,WorthPoint
allende-meteorite,Nice 1.45 Gram ALLENDE METEORITE Fragment - 1969 MEXICO FALL- CARBONACEOUS (CV3),45,2020-10-18,1.45,31.03,WorthPoint
allende-meteorite,AWESOME 0.90 G ALLENDE METEORITE SLICE - 1969 MEXICO FALL CARBONACEOUS (CV3),33.6,2020-09-25,0.9,37.33,WorthPoint
allende-meteorite,"Allende G CV3.2 Mexico Fell Feb. 8, 1969 Goldich Collection",381,2020-09-24,1969,0.19,WorthPoint
allende-meteorite,AWESOME 3.11 G ALLENDE METEORITE ENDCUT - 1969 MEXICO FALL CARBONACEOUS (CV3),138.75,2020-09-09,3.11,44.61,WorthPoint
allende-meteorite,Fantastic 3 G ALLENDE METEORITE Fragment 1969 MEXICO FALL CARBONACEOUS (CV3),44.25,2020-09-04,3,14.75,WorthPoint
allende-meteorite,"Allende CV3.2 Mexico Fell Feb. 8, 1969 Goldich Collection 12.3 Grams",153,2020-09-03,1969,0.08,WorthPoint
allende-meteorite,Ounce Of Space - Allende - 1 Oz Silver & Gold Plated Coin - Libertad Mexico 2016,79,2020-08-25,28.35,2.79,WorthPoint
allende-meteorite,Awesome 1.67 G ALLENDE METEORITE (dust/frag) 1969 MEXICO FALL CARBONACEOUS (CV3),35,2020-08-15,1.67,20.96,WorthPoint
allende-meteorite,0.18 G ALLENDE METEORITE Fragments 1969 MEXICO FALL CARBONACEOUS (CV3),15,2020-08-14,0.18,83.33,WorthPoint
allende-meteorite,18.5g Allende CV3 Meteorite Full Slice,575,2020-08-12,18.5,31.08,WorthPoint
allende-meteorite,Nice 2.86 Gram ALLENDE METEORITE Fragment - 1969 MEXICO FALL- CARBONACEOUS (CV3),60,2020-08-08,2.86,20.98,WorthPoint
allende-meteorite,Meteorite**NWA 3133 (ACH-prim)**1.55 Grams; CV7!! Rare! Individual,29.99,2020-07-27,1.55,19.35,WorthPoint
allende-meteorite,Fantastic 4.5 Gram ALLENDE METEORITE - 1969 MEXICO FALL- CARBONACEOUS (CV3),66.75,2020-07-23,4.5,14.83,WorthPoint
allende-meteorite,Meteorite Allende Mexico Carbonaceous 8g,90,2020-07-22,8,11.25,WorthPoint
allende-meteorite,AWESOME 1.57 G ALLENDE METEORITE SLICE - 1969 MEXICO FALL CARBONACEOUS (CV3),55,2020-07-16,1.57,35.03,WorthPoint
allende-meteorite,Northwest Africa (NWA) 10023 Pallasite Meteorite,1436.25,2020-07-16,,,WorthPoint
allende-meteorite,Northwest Africa (NWA) 5950 Meteorite [Provisional],541.25,2020-07-16,,,WorthPoint
allende-meteorite,Dar Al Gani (DAG) 521 Meteorite,625,2020-07-16,,,WorthPoint
allende-meteorite,"Meteorite Collection - Sikhote Alin, Canyon Diablo, Campo, Nantan, And 6 More",350,2020-07-15,,,WorthPoint
allende-meteorite,AWESOME 1.56 G ALLENDE METEORITE SLICE - 1969 MEXICO FALL CARBONACEOUS (CV3),38.5,2020-07-03,1.56,24.68,WorthPoint
allende-meteorite,Awesome 10.4g ALLENDE METEORITE 1969 MEXICO FALL CARBONACEOUS (CV3),213.5,2020-07-03,10.4,20.53,WorthPoint
allende-meteorite,MEXICO 2005 MINERALS Set Of 25 On 5 FIRST DAY Cards,25,2020-06-26,,,WorthPoint
allende-meteorite,Meteorite**CV3 Carbonaceous**9.844 Gram Beautiful Slice!!,46,2020-06-22,9.844,4.67,WorthPoint
allende-meteorite,Fantastic 5.48 G ALLENDE METEORITE ENDCUT 1969 MEXICO FALL CARBONACEOUS (CV3),189,2020-06-19,5.48,34.49,WorthPoint
allende-meteorite,MEXICO 2005 MINERALS Set Of 25 On 25 FDCs,29.99,2020-06-19,,,WorthPoint
allende-meteorite,MEXICO 2005 MINERALS Set Of 25 On 5 FDCs,28.67,2020-06-19,,,WorthPoint
allende-meteorite,MEXICO 2005 MINERALS Full Sheet Of 25 MNH,15.5,2020-06-19,,,WorthPoint
allende-meteorite,AWESOME 1.36 G ALLENDE METEORITE SLICE - 1969 MEXICO FALL CARBONACEOUS (CV3),52,2020-06-19,1.36,38.24,WorthPoint
allende-meteorite,Meteorite**NWA 3133 (ACH-prim)**1.094 Grams; CV7!! Rare Endcut!w/metal!!,39.99,2020-06-08,1.094,36.55,WorthPoint
allende-meteorite,Meteorite: ALLENDA ALN 0024 2.65g,32,2020-05-26,2.65,12.08,WorthPoint
allende-meteorite,Nice 2.34 Gram ALLENDE METEORITE Fragment - 1969 MEXICO FALL- CARBONACEOUS (CV3),56.25,2020-05-17,2.34,24.04,WorthPoint
allende-meteorite,Meteorite**NWA 3133 (ACH-prim)**1.00 Grams; CV7!! Rare Endcut!w/metal!!,26,2020-05-11,1,26,WorthPoint
allende-meteorite,Awesome 5.1 G ALLENDE METEORITE (fragment) 1969 MEXICO FALL CARBONACEOUS (CV3),97.5,2020-05-03,5.1,19.12,WorthPoint
allende-meteorite,"ALLENDE Chihuahua Mexico Carbonaceous Chondrite Meteorite, Fell In 1969!",140,2020-05-01,,,WorthPoint
allende-meteorite,Fantastic 2.2 G ALLENDE METEORITE Fragment 1969 MEXICO FALL CARBONACEOUS (CV3),36.75,2020-04-26,2.2,16.7,WorthPoint
allende-meteorite,Meteorite**NWA 3133 (ACH-prim)**1.306 Grams; CV7!! Rare Endcut!!,69.99,2020-04-13,1.306,53.59,WorthPoint
allende-meteorite,Rare Murchison CM2 Meteorite - Beautiful Slice,371.7,2020-04-11,,,WorthPoint
allende-meteorite,Fantastic 2.9 Gram ALLENDE METEORITE - 1969 MEXICO FALL- CARBONACEOUS (CV3),51.75,2020-04-08,2.9,17.84,WorthPoint
allende-meteorite,Meteorite**NWA 3133 (ACH-prim)**0.56 Grams; CV7!!Rare Endcut!!!,29.75,2020-04-06,0.56,53.12,WorthPoint
allende-meteorite,Fantastic 3.0 Gram ALLENDE METEORITE - 1969 MEXICO FALL- CARBONACEOUS (CV3),51.75,2020-03-30,3,17.25,WorthPoint
allende-meteorite,Meteorite**NWA 3133 (ACH-prim)**0.556 Grams; CV7!!Rare Endcut!!!,21.5,2020-03-30,0.556,38.67,WorthPoint
allende-meteorite,Fantastic 3.5 Gram ALLENDE METEORITE - 1969 MEXICO FALL- CARBONACEOUS (CV3),55,2020-03-15,3.5,15.71,WorthPoint
allende-meteorite,"09344 - ""NWA 10055"" Carbonaceous Chondrite CV3 Meteorite Polished Section - 4.42",44.88,2020-03-04,,,WorthPoint
allende-meteorite,"Allende 15.4 G Stone CV3.2 Mexico Fell Feb. 8, 1969 Goldich Collection",193,2020-02-25,15.4,12.53,WorthPoint
allende-meteorite,FINE SPECIMEN OF 31.3 G ALLENDE METEORITE 1969 MEXICO FALL CARBONACEOUS (CV3),440,2020-02-24,31.3,14.06,WorthPoint
allende-meteorite,Allende Meteorite Slab 8.2g,36,2020-02-24,8.2,4.39,WorthPoint
allende-meteorite,Fantastic 4.1 Gram ALLENDE METEORITE - 1969 MEXICO FALL- CARBONACEOUS (CV3),63.2,2020-02-19,4.1,15.41,WorthPoint
allende-meteorite,Nice 1.89 Gram ALLENDE METEORITE Fragment - 1969 MEXICO FALL- CARBONACEOUS (CV3),55,2020-02-05,1.89,29.1,WorthPoint
allende-meteorite,"2016 Libertad Allende Meteorite 999 Silver Coin, Mint Condition With COA",90,2020-02-02,,,WorthPoint
allende-meteorite,ALLENDE Chihuahua Mexico Carbonaceous Chondrite Supernova METEORITE 160g Haag,2995,2020-01-29,160,18.72,WorthPoint
allende-meteorite,Meteorite**NWA 3133 (ACH-prim)**0.366 Grams; CV7!!Rare Endcut!!!,34.71,2020-01-20,0.366,94.84,WorthPoint
allende-meteorite,"10,000 Gram - 1969 Allende Meteorite!",1000,2020-01-18,,,WorthPoint
allende-meteorite,"ALLENDE METEORITE 61.6g Feb 8, 1969 MEXICO FALL- (CV3) HAMMER STONE, BEAUTIFUL",999,2020-01-12,61.6,16.22,WorthPoint
allende-meteorite,"15.8 Gram Individual Of NWA 3133 CV7 Meteorite, One Of Only 2 CV7s!",325,2020-01-12,15.8,20.57,WorthPoint
allende-meteorite,NWA 3133 CV7 0.26g CV7 Primitive Achondrite (Ungrouped) W/ CV O2 Plot,33,2019-12-24,0.26,126.92,WorthPoint
allende-meteorite,"11.6 Gram Individual Of NWA 3133 CV7 Meteorite, One Of Only 2 CV7s!",250.39,2019-12-21,11.6,21.59,WorthPoint
allende-meteorite,"5.69 Gram Individual Of NWA 3133 CV7 Meteorite, One Of Only 2 CV7s!",138,2019-12-21,5.69,24.25,WorthPoint
allende-meteorite,NWA 3133 CV7 1.04g CV7 Primitive Achondrite (Ungrouped) W/ CV O2 Plot,73,2019-12-21,1.04,70.19,WorthPoint
allende-meteorite,Fantastic 4.7 Gram ALLENDE METEORITE - 1969 MEXICO FALL- CARBONACEOUS (CV3),71.2,2019-12-21,4.7,15.15,WorthPoint
allende-meteorite,NWA 3133 CV7 0.27g CV7 Primitive Achondrite (Ungrouped) W/ CV O2 Plot,25,2019-12-16,0.27,92.59,WorthPoint
allende-meteorite,Fantastic 2.4 Gram ALLENDE METEORITE - 1969 MEXICO FALL- CARBONACEOUS (CV3),31.2,2019-12-07,2.4,13,WorthPoint
allende-meteorite,NWA 3133 CV7 0.09g CV7 Primitive Achondrite (Ungrouped) W/ CV O2 Plot,16,2019-12-07,0.09,177.78,WorthPoint
allende-meteorite,Meteorite Thin Section Collection 24 Slides W/CV3's Achondrites Pallasites MORE!,999,2019-11-26,,,WorthPoint
allende-meteorite,Meteorite**NWA 3133 (ACH-prim)**0.70 Grams; CV7!!Rare Endcut!!!,39.99,2019-11-18,0.7,57.13,WorthPoint
allende-meteorite,"Allende G CV3.2 Fell Feb. 8, 1969 Allende, Mexico 71.3 Grams",800,2019-11-17,71.3,11.22,WorthPoint
allende-meteorite,"Allende Meteorite 5.0 Grams, Stone Carbonaceous Chondrite CV3 Mexico 1969",29.99,2019-11-09,5,6,WorthPoint
allende-meteorite,"Allende Meteorite End Slice , 70.7g, Carbonaceous Chondrite",720,2019-11-08,70.7,10.18,WorthPoint
allende-meteorite,Fantastic 1.4 Gram ALLENDE METEORITE - 1969 MEXICO FALL- CARBONACEOUS (CV3),29,2019-11-01,1.4,20.71,WorthPoint
allende-meteorite,"Goldich Collection Allende G CV3.2 Mexico Fell Feb. 8, 1969 20.7 Grams",240,2019-10-23,20.7,11.59,WorthPoint
allende-meteorite,"4.0 Gram ALLENDE METEORITE - 1969 MEXICO FALL- (CV3) HAMMER STONE, Slice",41,2019-10-14,4,10.25,WorthPoint
allende-meteorite,"Meteorites: Zagami, Carbo, Coahuila, Brenham, Vaca Muerta, Abee, Sikhote-Alin ++",125,2019-10-12,,,WorthPoint
allende-meteorite,"Meteorites: Allende, Gibeon, Canyon Diablo, Indochinite, Moldavite",35,2019-10-11,,,WorthPoint
allende-meteorite,Fantastic 1.9 Gram ALLENDE METEORITE - 1969 MEXICO FALL- CARBONACEOUS (CV3),47.2,2019-09-29,1.9,24.84,WorthPoint
allende-meteorite,Meteorite Collector's Set - 45 Specimens With Documentation,635.99,2019-09-29,,,WorthPoint
allende-meteorite,Fantastic 2.1 Gram ALLENDE METEORITE - 1969 MEXICO FALL- CARBONACEOUS (CV3),42,2019-09-22,2.1,20,WorthPoint
allende-meteorite,Fantastic 1.5 Gram ALLENDE METEORITE - 1969 MEXICO FALL- CARBONACEOUS (CV3),29,2019-09-12,1.5,19.33,WorthPoint
allende-meteorite,"Allende Meteorite - Beautiful Large 36.44 Gram Slice - Fell February 8, 1969",400,2019-09-04,36.44,10.98,WorthPoint
allende-meteorite,"Gibeon Iron Meteorite (IVA), 1260 G., Beautiful Regmaglypted Hand Specimen",2095,2019-09-01,1260,1.66,WorthPoint
allende-meteorite,Fantastic 3.17 Gram ALLENDE METEORITE - 1969 MEXICO FALL- CARBONACEOUS (CV3),59,2019-08-27,3.17,18.61,WorthPoint
allende-meteorite,Fantastic 1.58g ALLENDE METEORITE Fragments 1969 MEXICO FALL CARBONACEOUS (CV3),37.6,2019-08-10,1.58,23.8,WorthPoint
allende-meteorite,Meteorite**NWA 3133 (ACH-prim)**0.27 Grams Slice; CV7!!Rare!!!,49.99,2019-08-08,0.27,185.15,WorthPoint
allende-meteorite,Meteorite**NWA 3133 (ACH-prim)**0.82 Grams; CV7!! Very Rare!!!,81,2019-08-05,0.82,98.78,WorthPoint
allende-meteorite,Meteorite Allende 58.8 Grams,474,2019-08-05,58.8,8.06,WorthPoint
allende-meteorite,Nice 1.51 Gram ALLENDE METEORITE Fragment - 1969 MEXICO FALL- CARBONACEOUS (CV3),36,2019-08-03,1.51,23.84,WorthPoint
allende-meteorite,Awesome 18.62 G ALLENDE METEORITE (end Cut) 1969 MEXICO FALL CARBONACEOUS (CV3),372,2019-07-30,18.62,19.98,WorthPoint
allende-meteorite,Allende CV3 Meteorite 10.09g Fresh Fragrant Fragment W/ Fusion Crust,150,2019-07-27,10.09,14.87,WorthPoint
allende-meteorite,Allende Carbonaceous Chondrite Section With Oldest Inclusions In The Solar System.,384,2019-07-27,,,WorthPoint
allende-meteorite,Allende CV3 Meteorite 3.58g Captivating Crust On This Carbonaceous Chondrite,81,2019-07-21,3.58,22.63,WorthPoint
allende-meteorite,Meteorite**NWA 3133 (ACH-prim)**2.49 Grams; CV7!!Rare!!!,400,2019-07-19,2.49,160.64,WorthPoint
allende-meteorite,Low Price! Historic Witnessed Fall! Best Allende Cv3 Meteorite End Cut! 4.31 Gms,96.75,2019-07-16,4.31,22.45,WorthPoint
allende-meteorite,Allende Official Carbonaceous CV3 Chondrite - ALN-0002 - 1.80g - COA - Part Slce,29.95,2019-07-14,1.8,16.64,WorthPoint
allende-meteorite,ALLENDE METEORITE 2.90 Gram Endcut. Stone Carbonaceous Chondrite (CV3),50,2019-07-08,2.9,17.24,WorthPoint
allende-meteorite,NWA 11241 CV3 1.26g Slice Lot Of A Very Fresh Carbonaceous CV,17,2019-07-05,1.26,13.49,WorthPoint
allende-meteorite,Awesome 4.1 G ALLENDE METEORITE (end Cut) 1969 MEXICO FALL CARBONACEOUS (CV3),111.2,2019-07-05,4.1,27.12,WorthPoint
allende-meteorite,Allende Meteorite - 2.10 Grams - CV3 Mexico Fell 1969 Carbonaceous,60,2019-07-02,2.1,28.57,WorthPoint
allende-meteorite,Allende Meteorite Full Slice - Very Large 44.7 Grams Cais,799.99,2019-06-06,44.7,17.9,WorthPoint
allende-meteorite,Allende Meteorite - 3.65 Grams - CV3 Mexico Fell 1969 Carbonaceous,80,2019-06-04,3.65,21.92,WorthPoint
allende-meteorite,Meteorite Allende CV3 Mexico,65,2019-05-27,,,WorthPoint
allende-meteorite,Earth's Oldest Rocks Geological Collection,265,2019-05-12,,,WorthPoint
allende-meteorite,Nice 1.24 Gram ALLENDE METEORITE Fragment - 1969 MEXICO FALL- CARBONACEOUS (CV3),32.3,2019-05-05,1.24,26.05,WorthPoint
allende-meteorite,Allende CV3 Meteorite 11.62g Fresh Fusion Crusted Carbonaceous Chondrite Slice,175,2019-05-04,11.62,15.06,WorthPoint
allende-meteorite,My Largest And LAST 194.0 G ALLENDE METEORITE Individual/1969 FALL CARBONACEOUS,2250,2019-05-03,194,11.6,WorthPoint
allende-meteorite,Fantastic 1.6 Gr ALLENDE METEORITE Fragment 1969 MEXICO FALL CARBONACEOUS (CV3),38.25,2019-05-03,1.6,23.91,WorthPoint
allende-meteorite,BEAUTIFUL Allende Meteorite Full Slice ~ CV3.2 ~ 9.04g ~ Very Fresh!!,225,2019-05-01,9.04,24.89,WorthPoint
allende-meteorite,Allende CV3 Meteorite 4.12g Fresh Fragrant Endcut,81,2019-04-23,4.12,19.66,WorthPoint
allende-meteorite,Awesome 2.65 G ALLENDE METEORITE (end Cut) 1969 MEXICO FALL CARBONACEOUS (CV3),84.15,2019-04-19,2.65,31.75,WorthPoint
allende-meteorite,Meteorite Collection,90,2019-04-15,,,WorthPoint
allende-meteorite,Awesome 5.01 G ALLENDE METEORITE (end Cut) 1969 MEXICO FALL CARBONACEOUS (CV3),127.5,2019-04-09,5.01,25.45,WorthPoint
allende-meteorite,Allende 4.6 Grams Part Slice,115,2019-04-08,4.6,25,WorthPoint
allende-meteorite,Particles Of Moon Rock From Russian Space Exploration. (0.05 GRAMS),1600,2019-04-07,0.05,32000,WorthPoint
allende-meteorite,Meteorite Allende,25,2019-04-03,,,WorthPoint
allende-meteorite,Nice 1.22 Gram ALLENDE METEORITE Fragment - 1969 MEXICO FALL- CARBONACEOUS (CV3),31.45,2019-03-09,1.22,25.78,WorthPoint
allende-meteorite,Fantastic 2.19g ALLENDE METEORITE Fragment 1969 MEXICO FALL - CARBONACEOUS (CV3),46.75,2019-03-06,2.19,21.35,WorthPoint
allende-meteorite,Allende Meteorite Fragments: Fell 8 Feb 1969,38,2019-02-17,,,WorthPoint
allende-meteorite,Reach For The Stars Stainless Locket W/ Allende CV3 (b) By Meteorite Men Steve,49.99,2019-02-09,,,WorthPoint
allende-meteorite,Nice 2.41 Gram ALLENDE METEORITE Fragment - 1969 MEXICO FALL- CARBONACEOUS (CV3),75,2019-02-08,2.41,31.12,WorthPoint
allende-meteorite,Reach For The Stars Stainless Locket W/ Allende CV3 (a) By Meteorite Men Steve,49.99,2019-02-01,,,WorthPoint
allende-meteorite,Meteorite Allende Fell Feb 8th 1969 Mexico 2.01 Grams Slice Nr Patches Of Crust,35,2019-01-29,2.01,17.41,WorthPoint
allende-meteorite,Nice 1.29 Gram ALLENDE METEORITE Fragment - 1969 MEXICO FALL- CARBONACEOUS (CV3),30.4,2019-01-18,1.29,23.57,WorthPoint
allende-meteorite,"Allende G CV3.2 Allende, Mexico Fell Feb. 8, 1969 4.95 Gram Slice",74,2019-01-17,4.95,14.95,WorthPoint
allende-meteorite,Allende Mexico Type 3 Carbonaceous Chondrite CV3 Meteorite,49.99,2019-01-08,,,WorthPoint
allende-meteorite,Chondrules! -102 Gram ALLENDE METEORITE End Cut- 1969 MEXICO FALL- CARBONACEOUS,1425,2019-01-04,102,13.97,WorthPoint
allende-meteorite,Nice 2.40 Gram ALLENDE METEORITE Fragment - 1969 MEXICO FALL- CARBONACEOUS (CV3),75,2018-12-30,2.4,31.25,WorthPoint
allende-meteorite,"Allende Meteorite: Feb 8, 1969 Fall In Mexico",18,2018-12-29,,,WorthPoint
allende-meteorite,Fantastic .21g ALLENDE METEORITE Fragments 1969 MEXICO FALL - CARBONACEOUS (CV3),12,2018-12-20,21,0.57,WorthPoint
allende-meteorite,UNWA Meteorite ~ Carbonaceous Chondrite ~ End Cut ~ FASCINATING INCLUSION ~ 23g,145,2018-12-19,23,6.3,WorthPoint
allende-meteorite,Nice 1.15 Gram ALLENDE METEORITE Fragment - 1969 MEXICO FALL- CARBONACEOUS (CV3),28,2018-12-11,1.15,24.35,WorthPoint
allende-meteorite,"Nice Allende, Mexico Carbonaceous Chondrite Meteorite-Museum Quality - 71 Grams",666.55,2018-12-07,71,9.39,WorthPoint
allende-meteorite,Allende Carbonaceous Chondrite: Fell 8 Feb 1969 In Mexico,30,2018-12-03,,,WorthPoint
allende-meteorite,My Largest And LAST 222.4.g ALLENDE METEORITE Individual/1969 FALL CARBONACEOUS,2846.4,2018-11-30,4,711.6,WorthPoint
allende-meteorite,My Largest And LAST 145.5 G ALLENDE METEORITE Individual/1969 FALL CARBONACEOUS,1862.4,2018-11-30,145.5,12.8,WorthPoint
allende-meteorite,Meteorites Book By Brian Mason Curator Of American Natural History Museum & USNM,20,2018-11-20,,,WorthPoint
allende-meteorite,Item For Auction Is A 2.55g Slice Of The NWA 6957 CR2 Carbonaceous Chondrite Met,42,2018-11-14,2.55,16.47,WorthPoint
allende-meteorite,"METEORITE Rare Metal-Rich Carbonaceous Chondrite 22g, Amazing Crust, Chondrules",29,2018-11-12,22,1.32,WorthPoint
allende-meteorite,Low Price! Historic Witnessed Fall! Amazing Allende Cv3 Meteorites! 1.044 Gms,36.75,2018-11-10,1.044,35.2,WorthPoint
allende-meteorite,Fantastic 1.08g ALLENDE METEORITE Fragments 1969 MEXICO FALL CARBONACEOUS (CV3),33.15,2018-11-07,1.08,30.69,WorthPoint
allende-meteorite,Fantastic .20 Gram ALLENDE METEORITE Endcut 1969 MEXICO FALL- CARBONACEOUS (CV3),21.25,2018-11-05,20,1.06,WorthPoint
allende-meteorite,Fantastic 6.3 Gram ALLENDE METEORITE - 1969 MEXICO FALL- CARBONACEOUS (CV3),148.75,2018-11-01,6.3,23.61,WorthPoint
allende-meteorite,Nice 1.0 Gram ALLENDE METEORITE Fragment - 1969 MEXICO FALL- CARBONACEOUS (CV3),37,2018-10-28,1,37,WorthPoint
allende-meteorite,NWA 11241 CV3 1.07g Slice Lot Of A Very Fresh Carbonaceous CV Meteorite,16,2018-10-23,1.07,14.95,WorthPoint
allende-meteorite,NWA 11241 CV3 1.93g Slice Of A New & Very Fresh Carbonaceous CV,19,2018-10-13,1.93,9.84,WorthPoint
allende-meteorite,Fantastic 3.3 Gram ALLENDE METEORITE - 1969 MEXICO FALL- CARBONACEOUS (CV3),84.15,2018-10-11,3.3,25.5,WorthPoint
allende-meteorite,"Allende 10.57 G CV3.2 Allende, Mexico Fell Feb. 8, 1969",158,2018-09-27,10.57,14.95,WorthPoint
allende-meteorite,"Allende 12.3 G Stone CV3.2 Mexico Fell Feb. 8, 1969 Goldich Collection",185,2018-09-16,12.3,15.04,WorthPoint
allende-meteorite,"Allende, Mexico Meteorite Faceted Star Paperweight (approx. 5"" Across)",100,2018-09-09,,,WorthPoint
allende-meteorite,Nice 2.28 Gram ALLENDE METEORITE Fragment - 1969 MEXICO FALL- CARBONACEOUS (CV3),59.5,2018-08-29,2.28,26.1,WorthPoint
allende-meteorite,Nice 2.91 Gram ALLENDE METEORITE Fragment - 1969 MEXICO FALL- CARBONACEOUS (CV3),68,2018-08-29,2.91,23.37,WorthPoint
allende-meteorite,"HISTORIC METEORITES: Allende Stones, Jar & Label, Ex. Arizona State University",1250,2018-08-23,,,WorthPoint
allende-meteorite,NWA 11241 CV3 1.60g Endcut Of A New & Very Fresh Carbonaceous CV,21,2018-08-21,1.6,13.13,WorthPoint
allende-meteorite,Allende Meteorite Fragment - 6.3 Grams - Internal Fragment CV3 Mexico Fell 1969,120,2018-08-11,6.3,19.05,WorthPoint
allende-meteorite,NWA 11241 CV3 2.29g Slice Of A New & Very Fresh Carbonaceous CV,23,2018-08-11,2.29,10.04,WorthPoint
allende-meteorite,NWA 8722 One Of The Most Spectacular CV3 Meteorite Slices Ever! 21cm Across!,3000,2018-08-10,,,WorthPoint
allende-meteorite,Fantastic 8.2 Gram ALLENDE METEORITE - 1969 MEXICO FALL- CARBONACEOUS (CV3),143.65,2018-08-07,8.2,17.52,WorthPoint
allende-meteorite,"Allende 19.3 G Stone CV3.2 Mexico Fell Feb. 8, 1969 Goldich Collection",241,2018-07-30,19.3,12.49,WorthPoint
allende-meteorite,NWA 11241 CV3 1.43g Slice Of A New & Very Fresh Carbonaceous CV,15,2018-07-28,1.43,10.49,WorthPoint
allende-meteorite,*** Meteorite Allende (CV3) - 1.2 G ***,24.5,2018-07-25,1.2,20.42,WorthPoint
allende-meteorite,Fantastic 1.04 Gram ALLENDE METEORITE - 1969 MEXICO FALL- CARBONACEOUS (CV3),29.75,2018-07-18,1.04,28.61,WorthPoint
allende-meteorite,"Allende 7.93 G CV3.2 Allende, Mexico Fell Feb. 8, 1969",105,2018-07-16,7.93,13.24,WorthPoint
allende-meteorite,Fantastic 0.7 Gram ALLENDE METEORITE - 1969 MEXICO FALL- CARBONACEOUS (CV3),16.15,2018-07-16,0.7,23.07,WorthPoint
allende-meteorite,Fantastic 0.4 Gram ALLENDE METEORITE - 1969 MEXICO FALL- CARBONACEOUS (CV3),16.15,2018-07-16,0.4,40.37,WorthPoint
allende-meteorite,NWA 2086 CV3 0.94g Meteorite Fresh Carbonaceous Part Slice,13,2018-07-15,0.94,13.83,WorthPoint
allende-meteorite,NWA 11241 CV3 4.64g Slice Of A New & Very Fresh Carbonaceous CV,47,2018-07-07,4.64,10.13,WorthPoint
allende-meteorite,NWA 11241 CV3 1.01g Slice Lot Of A New & Very Fresh Carbonaceous CV,10,2018-07-07,1.01,9.9,WorthPoint
allende-meteorite,NWA 11241 CV3 3.89g Slice Of A New & Very Fresh Carbonaceous CV,39,2018-06-30,3.89,10.03,WorthPoint
allende-meteorite,NWA 11241 CV3 1.02g Slice Of A New & Very Fresh Carbonaceous CV,10.5,2018-06-30,1.02,10.29,WorthPoint
allende-meteorite,NWA 11241 CV3 1.01g Slice Of A New & Very Fresh Carbonaceous CV,10,2018-06-23,1.01,9.9,WorthPoint
allende-meteorite,Fantastic 0.75 Gram ALLENDE METEORITE - 1969 MEXICO FALL- CARBONACEOUS (CV3),19,2018-06-18,0.75,25.33,WorthPoint
allende-meteorite,NWA 11241 CV3 0.86g Slice Of A New & Very Fresh Carbonaceous CV,10,2018-06-16,0.86,11.63,WorthPoint
allende-meteorite,Huge Full Slice Of Nwa 801 CR2 Meteorite 82 By 72mm Fresh And Full Of NiFe!,900,2018-06-12,,,WorthPoint
allende-meteorite,Fantastic 1.02 Gram ALLENDE METEORITE - 1969 MEXICO FALL- CARBONACEOUS (CV3),35,2018-06-12,1.02,34.31,WorthPoint
allende-meteorite,Allende CV3 Meteorite 15.38g ASU Collection Fresh Carbonaceous Slice,259,2018-06-11,15.38,16.84,WorthPoint
allende-meteorite,NWA 11241 CV3 0.87g Slice Of A New & Very Fresh Carbonaceous CV,15.5,2018-06-09,0.87,17.82,WorthPoint
allende-meteorite,Allende CV3 Meteorite 12.67g ASU Collection Fresh Carbonaceous Slice,177.5,2018-06-09,12.67,14.01,WorthPoint
allende-meteorite,"ALLENDE Meteorite, 44g HAAG/FARMER Provenance! CV3 Witnessed Fall!",690,2018-06-06,44,15.68,WorthPoint
allende-meteorite,Allende CV3 Meteorite 43.44g ASU Collection Crusted Slice W/ Dark Inclusion,550,2018-06-02,43.44,12.66,WorthPoint
allende-meteorite,NWA 2086 CV3 1.08g Meteorite Fresh Carbonaceous Slice Lot,15,2018-06-01,1.08,13.89,WorthPoint
allende-meteorite,Allende CV3 Meteorite 6.02g ASU Collection Fusion Crusted Carbonaceous Slice,117,2018-05-28,6.02,19.44,WorthPoint
allende-meteorite,Allende CV3 Meteorite 3.15g ASU Collection Fresh Carbonaceous Slice,62,2018-05-26,3.15,19.68,WorthPoint
allende-meteorite,NWA 2086 CV3 1.05g Meteorite Fresh Carbonaceous Slice Lot,29,2018-05-26,1.05,27.62,WorthPoint
allende-meteorite,Taza Aka NWA 859 Meteorite Slice 26x15mm,32.5,2018-05-23,,,WorthPoint
allende-meteorite,Portales Valley Meteorite Slice 27x26,39.89,2018-05-23,,,WorthPoint
allende-meteorite,Richfield Kansas Meteorite Slice LL3.7 70x48mm Dual Lithologies,35,2018-05-23,,,WorthPoint
allende-meteorite,NWA 1232 Bicolor CO3 Carbonaceous Meteorite Slice 47x32mm,66,2018-05-23,,,WorthPoint
allende-meteorite,Laguna Manantiales Argentina Meteorite Etched Slice 27x26mm,48.75,2018-05-23,,,WorthPoint
allende-meteorite,DAG 1037 Martian Meteorite Slice Shock Melt And Large Vessicle 16x12mm,82,2018-05-23,,,WorthPoint
allende-meteorite,Stannern Meteorite Slice Historic Eucrite Fall 12x8mm,41,2018-05-23,,,WorthPoint
allende-meteorite,Cumberland Calls Aubrite Meteorite 19x11mm,32.59,2018-05-23,,,WorthPoint
allende-meteorite,Kainsaz CO3.2 Carbonaceous Chondrite Meteorite Slice 35x15,27.01,2018-05-23,,,WorthPoint
allende-meteorite,Dhofar 735 Meteorite Anomalous Cm2 Carbonaceous Meteorite 17x11,27.6,2018-05-23,,,WorthPoint
allende-meteorite,Chelyabinsk Meteorite Full Slice Pristine Very Lightly Altered 18x14mm,11.5,2018-05-23,,,WorthPoint
allende-meteorite,Full Slice NWA 2137 LL3.7 Meteorite Interesting Inclusions! 47x51mm,32.25,2018-05-23,,,WorthPoint
allende-meteorite,Nwa 1774 R3.8-6 Meteorite Slice 83x60,92,2018-05-23,,,WorthPoint
allende-meteorite,Chelyabinsk Meteorite Full Slice Coarse Melt Pebbles 35x22,33.56,2018-05-23,,,WorthPoint
allende-meteorite,Hambleton England Pallasite Possibly The Great Meteor Of 1783! 26x16mm,255,2018-05-23,,,WorthPoint
allende-meteorite,Full Slice Allende CV3 Meteorite 48x39mm GREAT CAIs,157.57,2018-05-23,,,WorthPoint
allende-meteorite,Full Slice Dhofar 007 Anomalous Achondrite Both Lithologies! 76x60mm,45,2018-05-23,,,WorthPoint
allende-meteorite,Chelyabinsk Meteorite Full Slice Coarse Shock Veins Impact Melt 75x40mm,39,2018-05-23,,,WorthPoint
allende-meteorite,NWA 801 CR2 Meteorite Loads Of Metal Armored Chondrules 26x28mm Huge Chondrule,56,2018-05-23,,,WorthPoint
allende-meteorite,NWA 3118 CV3 Meteorite With Chondrules Galore! 98x64mm,133.5,2018-05-23,,,WorthPoint
allende-meteorite,NWA 1929 Howardite Meteorite 117x86mm,114.5,2018-05-23,,,WorthPoint
allende-meteorite,Kenna New Mexico Ureilite Meteorite With Carbon Rich Inclusion 10x12,66.89,2018-05-23,,,WorthPoint
allende-meteorite,NWA 2086 CV3 1.12g Meteorite Fresh Carbonaceous Slice Lot,15,2018-05-13,1.12,13.39,WorthPoint
allende-meteorite,OUNCE OF SPACE - LIBERTAD - 2016 1 Oz Mexican Silver Coin With Allende Meteorite,54.1,2018-05-12,28.35,1.91,WorthPoint
allende-meteorite,"Allende 24.7 G CV3.2 Mexico Fell Feb. 8, 1969 Goldich Collection",309,2018-05-10,24.7,12.51,WorthPoint
allende-meteorite,NWA 11241 CV3 5.48g Slice Of A New & Very Fresh Carbonaceous CV,55,2018-05-05,5.48,10.04,WorthPoint
allende-meteorite,NWA 11241 CV3 0.94g Slice Of A New & Very Fresh Carbonaceous CV,11,2018-05-05,0.94,11.7,WorthPoint
allende-meteorite,Fantastic 1.48g ALLENDE METEORITE Fragments 1969 MEXICO FALL CARBONACEOUS (CV3),50.15,2018-05-02,1.48,33.89,WorthPoint
allende-meteorite,"Thin Section Allende CV3.2 Fell Feb. 8, 1969 Thin Section",50,2018-04-21,,,WorthPoint
allende-meteorite,NWA 11241 CV3 2.18g Slice Of A New & Very Fresh Carbonaceous CV,22,2018-04-21,2.18,10.09,WorthPoint
allende-meteorite,DAG 1037 Martian Meteorite Great Shock Vein And Vesicles 51x49mm My Largest Left,2000,2018-04-20,,,WorthPoint
allende-meteorite,NWA 11241 CV3 4.08g Slice Of A New & Very Fresh Carbonaceous CV,41,2018-04-14,4.08,10.05,WorthPoint
allende-meteorite,NWA 11241 CV3 0.53g Slice Of A New & Very Fresh Carbonaceous CV,10.5,2018-04-14,0.53,19.81,WorthPoint
allende-meteorite,NWA 2086 CV3 1.07g Meteorite Fresh Carbonaceous Slice Lot,10,2018-04-14,1.07,9.35,WorthPoint
allende-meteorite,ALLENDE Meteorite CV3 Witnessed Fall Mexico Carbonaceous 1.8 Gr,29,2018-04-11,1.8,16.11,WorthPoint
allende-meteorite,"NWA 2086 CV3 8.85g Meteorite Carbo Fragment W/ CAI, Protruding Chondrules",90,2018-04-08,8.85,10.17,WorthPoint
allende-meteorite,NWA 11241 CV3 5.03g Slice Of A New & Very Fresh Carbonaceous CV,50,2018-04-07,5.03,9.94,WorthPoint
allende-meteorite,NWA 11241 CV3 3.24g Interesting Inclusion In Fresh Carbonaceous Slice,35,2018-03-31,3.24,10.8,WorthPoint
allende-meteorite,NWA 11241 CV3 0.92g Slice Of A New & Very Fresh Carbonaceous CV,14,2018-03-31,0.92,15.22,WorthPoint
allende-meteorite,Fantastic 1.0 Gram ALLENDE METEORITE Slice- 1969 MEXICO FALL- CARBONACEOUS (CV3),45,2018-03-25,1,45,WorthPoint
allende-meteorite,NWA 2086 CV3 1.00g Meteorite Fresh Carbonaceous Slice Lot,13,2018-03-24,1,13,WorthPoint
allende-meteorite,"ALLENDE Meteorite CV3 Witnessed Fall Mexico, Carbonaceous 11.1 Gr",165,2018-03-23,11.1,14.86,WorthPoint
allende-meteorite,Huge Full Slice Of Imilac Pallasite 87 By 45mm 100% Translucent,800,2018-03-22,,,WorthPoint
allende-meteorite,Dhofar 535 Meteorite Full Slice Anomalous Type 3 Related To Kaidun 21x25mm,64,2018-03-21,,,WorthPoint
allende-meteorite,NWA 1929 Howardite Meteorite 70x92mm,67.61,2018-03-21,,,WorthPoint
allende-meteorite,Nwa 1774 R3.8-6 Meteorite Slice 76x24,71.06,2018-03-21,,,WorthPoint
allende-meteorite,"1969 Feb. 8, Allende CV3.2 Ox Meteorite, Chihuahua, Mexico, 24.8 Grams",375,2018-03-14,24.8,15.12,WorthPoint
allende-meteorite,ALLENDE Meteorite CV3 Witnessed Fall Mexico Carbonaceous 3.6 Gr,45,2018-03-11,3.6,12.5,WorthPoint
allende-meteorite,Valle De Allende 11.1g L4 1983 Chihuahua Mexico JayPiatek Meteorite Collection,184,2018-03-10,11.1,16.58,WorthPoint
allende-meteorite,Fantastic 1.01g ALLENDE METEORITE Fragments 1969 MEXICO FALL CARBONACEOUS (CV3),29.75,2018-03-09,1.01,29.46,WorthPoint
allende-meteorite,Valle De Allende 40.5g L4 1983 Chihuahua Mexico JayPiatek Meteorite Collection,425,2018-03-06,40.5,10.49,WorthPoint
allende-meteorite,NWA 11241 CV3 4.11g Slice Of A New & Very Fresh Carbonaceous CV,59,2018-03-05,4.11,14.36,WorthPoint
allende-meteorite,NWA 11241 CV3 4.45g Slice Of A New & Very Fresh Carbonaceous CV,59,2018-02-28,4.45,13.26,WorthPoint
allende-meteorite,ALLENDE Meteorite CV3 Witnessed Fall Mexico Carbonaceous,12.67,2018-02-25,,,WorthPoint
allende-meteorite,NWA 2086 CV3 1.77g Meteorite Fresh Carbonaceous Slice Lot,20,2018-02-24,1.77,11.3,WorthPoint
allende-meteorite,NWA 11241 CV3 4.96g Slice Of A New & Very Fresh Carbonaceous CV,50,2018-02-24,4.96,10.08,WorthPoint
allende-meteorite,NWA 11241 CV3 2.67g Slice Of A New & Very Fresh Carbonaceous CV,27,2018-02-24,2.67,10.11,WorthPoint
allende-meteorite,Salaices Mexico H4 Meteorite Part Slice ~ 16 Grams,47,2018-02-20,16,2.94,WorthPoint
allende-meteorite,FULL SLICE Kunashak Meteorite A Classic Hammer Stone!,2000,2018-02-18,,,WorthPoint
allende-meteorite,Huge Full Slice Of Jbilet Winselwan CM2 Meteorite 5cm Across One Of The Largest,800,2018-02-18,,,WorthPoint
allende-meteorite,Huge Nearly Full Slice Of NWA 1774 R3.8-6 Meteorite 127x92mm Largest Remaining,1300,2018-02-18,,,WorthPoint
allende-meteorite,Huge Full Slice Dhofar 125 Acapulcoite Meteorite 96 By 54mm - Last Full Slice!,1300,2018-02-18,,,WorthPoint
allende-meteorite,Allende CV3 Carbonaceous Meteorite - Witnessed Fall Feb 8 1969 - 3.76 Grams,75,2018-02-17,3.76,19.95,WorthPoint
allende-meteorite,NWA 11241 CV3 5.32g Slice Of A New & Very Fresh Carbonaceous CV,69,2018-02-17,5.32,12.97,WorthPoint
allende-meteorite,NWA 11241 CV3 3.84g Slice Of A New & Very Fresh Carbonaceous CV,49,2018-02-17,3.84,12.76,WorthPoint
allende-meteorite,NWA 2086 CV3 4.76g Meteorite Fresh Polished Endcut W/ Awesome CAI,38,2018-02-17,4.76,7.98,WorthPoint
allende-meteorite,NWA 11241 CV3 0.57g Slice Of A New & Very Fresh Carbonaceous CV,13,2018-02-12,0.57,22.81,WorthPoint
allende-meteorite,NWA 11241 CV3 1.50g Slice Of A New & Very Fresh Carbonaceous CV,20,2018-02-10,1.5,13.33,WorthPoint
allende-meteorite,NWA 11241 CV3 0.80g Slice Of A New & Very Fresh Carbonaceous CV,16.5,2018-02-10,0.8,20.63,WorthPoint
allende-meteorite,Huge CAI! Allende CV3 Carbonaceous Meteorite Crusted Part Slice 5.7g 1969 Fall,169,2018-02-07,5.7,29.65,WorthPoint
allende-meteorite,ALLENDE Meteorite CV3 Witnessed Fall Mexico Carbonaceous 1.6 Grams,26,2018-02-07,1.6,16.25,WorthPoint
allende-meteorite,NWA 11241 CV3 4.15g Slice Of A New & Very Fresh Carbonaceous CV,52,2018-02-05,4.15,12.53,WorthPoint
allende-meteorite,NWA 11241 CV3 2.77g Slice Of A New & Very Fresh Carbonaceous CV,36,2018-02-04,2.77,13,WorthPoint
allende-meteorite,NWA 11241 CV3 3.92g Endcut Of A New & Very Fresh Carbonaceous CV,61,2018-02-03,3.92,15.56,WorthPoint
allende-meteorite,Allende CV3 Carbonaceous Meteorite Parially Crusted Part Slice 8.9g 1969 Fall,149,2018-02-02,8.9,16.74,WorthPoint
allende-meteorite,*** Meteorite Allende (CV3) - 0.84 G ***,14.5,2018-01-31,0.84,17.26,WorthPoint
allende-meteorite,"Allende, Mexico CV3 Meteorite Fragment 5.08 Grams Very Fresh",60,2018-01-30,5.08,11.81,WorthPoint
allende-meteorite,*** Meteorite Allende (CV3) - 0.96 G ***,15.65,2018-01-23,0.96,16.3,WorthPoint
allende-meteorite,Fantastic .61 Gram ALLENDE METEORITE Slice- 1969 MEXICO FALL- CARBONACEOUS (CV3),25,2018-01-22,61,0.41,WorthPoint
allende-meteorite,"Allende, Mexico CV3 Meteorite 5.75 Gram",75,2018-01-17,5.75,13.04,WorthPoint
allende-meteorite,NWA 11241 CV3 0.54g Slice Of A New & Very Fresh Carbonaceous CV,13,2018-01-14,0.54,24.07,WorthPoint
allende-meteorite,Allende CV3 Meteorite 37.07g Fusion Crusted Carbonaceous Endcut,515,2018-01-13,37.07,13.89,WorthPoint
allende-meteorite,Fantastic .70 Gram ALLENDE METEORITE Endcut 1969 MEXICO FALL- CARBONACEOUS (CV3),25,2018-01-09,70,0.36,WorthPoint
allende-meteorite,NWA 11241 CV3 0.78g Slice Of A New & Very Fresh Carbonaceous CV,10,2018-01-06,0.78,12.82,WorthPoint
allende-meteorite,Fantastic 1.18 Gm ALLENDE METEORITE Slice- 1969 MEXICO FALL- CARBONACEOUS (CV3),39,2018-01-06,1.18,33.05,WorthPoint
allende-meteorite,NWA 11241 CV3 3.92g Slice Of A New & Very Fresh Carbonaceous CV,46,2018-01-01,3.92,11.73,WorthPoint
allende-meteorite,"2016 1 Oz Silver Coin Mexican Libertad, Allende Meteorite, 1 Oz Of Space..",119.95,2018-01-01,28.35,4.23,WorthPoint
allende-meteorite,"Allende, Mexico CV3 Meteorite 3.35 Gram With Crust",45,2017-12-31,3.35,13.43,WorthPoint
allende-meteorite,NWA 11241 CV3 1.29g Slice Of A New & Very Fresh Carbonaceous CV,13.5,2017-12-30,1.29,10.47,WorthPoint
allende-meteorite,Allende Meteorite Fragment - 11.0 Grams - Internal Fragment CV3 Mexico Fell 1969,117,2017-12-22,11,10.64,WorthPoint
allende-meteorite,Nice Meteorite Collection! 61 Different Specimens!,162.5,2017-12-18,,,WorthPoint
allende-meteorite,Fantastic 27.5 Gram ALLENDE METEORITE - 1969 MEXICO FALL- CARBONACEOUS (CV3),650,2017-12-17,27.5,23.64,WorthPoint
allende-meteorite,"Allende, Mexico CV3 Meteorite 1.00 Gram",15,2017-12-13,1,15,WorthPoint
allende-meteorite,Fantastic 10.4 Gram ALLENDE METEORITE - 1969 MEXICO FALL- CARBONACEOUS (CV3),200,2017-12-12,10.4,19.23,WorthPoint
allende-meteorite,"Meteorite**Allende; Carbonaceous Chondrite**7.03 Grams, W/Fusion Crust!!",73,2017-12-11,7.03,10.38,WorthPoint
allende-meteorite,NWA 11241 CV3 0.62g Slice Of A New & Very Fresh Carbonaceous CV,13,2017-12-10,0.62,20.97,WorthPoint
allende-meteorite,100% Translucent Seymchan Pallasite Meteorite Slice 187x116mm VERY LAST ONE!,3500,2017-12-09,,,WorthPoint
allende-meteorite,"Allende, Mexico CV3 Meteorite",44,2017-12-02,,,WorthPoint
allende-meteorite,"Outstanding Allende Cv-3 182 G Meteorite, Whole Individual! With Fusion Crust!",1750,2017-12-01,182,9.62,WorthPoint
allende-meteorite,10.83g ALLENDE METEORITE End Cut - 1969 MEXICO FALL- CARBONACEOUS (CV3),220,2017-11-30,10.83,20.31,WorthPoint
allende-meteorite,Fantastic 2.0 Gram ALLENDE METEORITE Slice- 1969 MEXICO FALL- CARBONACEOUS (CV3),67.15,2017-11-30,2,33.58,WorthPoint
allende-meteorite,NWA 11241 CV3 7.35g Part Slice Of A Very Fresh Carbonaceous CV,75,2017-11-25,7.35,10.2,WorthPoint
allende-meteorite,NWA 2086 CV3 5.07g Carbonaceous Chondrite Meteorite,41,2017-11-25,5.07,8.09,WorthPoint
allende-meteorite,"Stoney Meteorite (Aerolite) From Allende, Mexico",49.99,2017-11-25,,,WorthPoint
allende-meteorite,2.11g ALLENDE METEORITE Slice- 1969 MEXICO FALL- CARBONACEOUS (CV3),50,2017-11-25,2.11,23.7,WorthPoint
allende-meteorite,"Meteorite Collection Allende, Nuevo Mercurio, Mundrabilla Henbury Canyon Diablo",39.99,2017-11-23,,,WorthPoint
allende-meteorite,"Allende, Mexico CV3 Meteorite 10.07 Gram",125,2017-11-17,10.07,12.41,WorthPoint
allende-meteorite,"1969 Feb. 8, Allende CV3.2 Ox Meteorite, Chihuahua, Mexico 6.2 Grams Great Gift",58.4,2017-11-17,6.2,9.42,WorthPoint
allende-meteorite,Allende CV3 Carbonaceous Meteorite Polished End Cut 4.8g 1969 Fall,67,2017-11-14,4.8,13.96,WorthPoint
allende-meteorite,"Allende, Mexico CV3 Meteorite 5.68 Gram",70,2017-11-12,5.68,12.32,WorthPoint
allende-meteorite,"Meteorite**Allende; Carbonaceous Chondrite**11.20 Grams, W/Fusion Crust",132.5,2017-11-10,11.2,11.83,WorthPoint
allende-meteorite,Allende Slice,2250,2017-11-04,,,WorthPoint
allende-meteorite,"Scarce ALLENDE, CHIHUAHUA MEXICO METEORITE-Certified & Hand Signed ROBERT HAAG",97,2017-10-27,,,WorthPoint
allende-meteorite,Fantastic 2.3 Gram ALLENDE METEORITE Slice- 1969 MEXICO FALL- CARBONACEOUS (CV3),69,2017-10-25,2.3,30,WorthPoint
allende-meteorite,"Meteorite**Allende; Carbonaceous Chondrite**8.75 Grams, W/Fusion Crust",57,2017-10-23,8.75,6.51,WorthPoint
allende-meteorite,NWA 11241 CV3 3.34g Slice Of A New & Very Fresh Carbonaceous CV,36,2017-10-21,3.34,10.78,WorthPoint
allende-meteorite,Fantastic .51 Gram ALLENDE METEORITE Slice- 1969 MEXICO FALL- CARBONACEOUS (CV3),17.1,2017-10-19,51,0.34,WorthPoint
allende-meteorite,NEW! NWA 11241 CV3 1.18g Slice Of A New & Very Fresh Carbonaceous CV,20,2017-10-14,1.18,16.95,WorthPoint
allende-meteorite,Allende Meteorite Fragment - 4.8 Grams - Internal Fragment CV3 Mexico Fell 1969,94.5,2017-10-13,4.8,19.69,WorthPoint
allende-meteorite,NWA 11241 CV3 0.93g Slice Of A New & Very Fresh Carbonaceous CV,20,2017-10-12,0.93,21.51,WorthPoint
allende-meteorite,Fantastic .38 Gram ALLENDE METEORITE Slice- 1969 MEXICO FALL- CARBONACEOUS (CV3),15,2017-10-10,38,0.39,WorthPoint
allende-meteorite,NWA 11241 CV3 1.03g Slice Of A New & Very Fresh Carbonaceous CV,16,2017-10-08,1.03,15.53,WorthPoint
allende-meteorite,NEW! NWA 11241 CV3 1.71g Slice Of A New & Very Fresh Carbonaceous CV,20,2017-10-07,1.71,11.7,WorthPoint
allende-meteorite,Allende CV3 2.5g | Witnessed Fall Feb. 8th 1969 | Fresh Carbonaceous Meteorite,50,2017-10-05,2.5,20,WorthPoint
allende-meteorite,"Meteorite**Allende; Carbonaceous Chondrite**14.80 Grams, W/Fusion Crust",150,2017-10-04,14.8,10.14,WorthPoint
allende-meteorite,ALLENDE Meteorite CV3 Witnessed Fall Mexico Carbonaceous 2.5 Grams,30,2017-10-02,2.5,12,WorthPoint
allende-meteorite,0.67 Gram ALLENDE METEORITE Fragments - 1969 MEXICO FALL- CARBONACEOUS (CV3),15,2017-09-29,0.67,22.39,WorthPoint
allende-meteorite,Meteorite**Allende; Carbonaceous Chondrite**12.20 Grams!!ASU Specimen!!!!,122.5,2017-09-26,12.2,10.04,WorthPoint
allende-meteorite,Meteorite**Allende; Carbonaceous Chondrite**18.42 Grams!!!W/Crust,199,2017-09-26,18.42,10.8,WorthPoint
allende-meteorite,NEW! NWA 11241 CV3 1.42g Slice Of A New & Very Fresh Carbonaceous CV,16,2017-09-23,1.42,11.27,WorthPoint
allende-meteorite,Allende CV3 Meteorite 37.16g ASU Fusion Crusted Carbonaceous Slice,550,2017-09-23,37.16,14.8,WorthPoint
allende-meteorite,Allende CV3 1.5g | Witnessed Fall Feb. 8th 1969 | Fresh Carbonaceous Meteorite,30,2017-09-21,1.5,20,WorthPoint
allende-meteorite,NEW! NWA 11241 CV3 1.35g Slice Of A New & Very Fresh Carbonaceous CV,17,2017-09-16,1.35,12.59,WorthPoint
allende-meteorite,ALLENDE Meteorite CV3 Witnessed Fall Mexico Carbonaceous 2.3 Grams,28,2017-09-03,2.3,12.17,WorthPoint
allende-meteorite,NEW! NWA 11241 CV3 1.08g Slice Of A New & Very Fresh Carbonaceous CV,14,2017-09-02,1.08,12.96,WorthPoint
allende-meteorite,NEW! NWA 11241 CV3 5.71g Full Slice Of A New & Very Fresh Carbonaceous CV,90,2017-08-27,5.71,15.76,WorthPoint
allende-meteorite,Allende CV3 Meteorite 2.32g. Beautiful End Cut With Huge CAI,30,2017-08-20,2.32,12.93,WorthPoint
allende-meteorite,Mexico Libertad Alleende Meteorite 1 Onza Silver Coin 2016 Genuine Meteorite 1oz,69.99,2017-08-19,2016,0.03,WorthPoint
allende-meteorite,NEW! NWA 11241 CV3 1.31g Slice Of A New & Very Fresh Carbonaceous CV,21,2017-08-19,1.31,16.03,WorthPoint
allende-meteorite,NEW! NWA 11241 CV3 2.16g Slice Of A New & Very Fresh Carbonaceous CV,27,2017-08-19,2.16,12.5,WorthPoint
allende-meteorite,Allende CV3 Meteorite 23.60g Fusion Crusted Carbonaceous Individual,330,2017-08-19,23.6,13.98,WorthPoint
allende-meteorite,Low Cost! Historic Witnessed Fall! Amazing Allende Cv3 Meteorite End Cut! 1.3 Gm,26.25,2017-08-18,1.3,20.19,WorthPoint
allende-meteorite,NEW! NWA 11241 CV3 5.83g Full Slice Of A New & Very Fresh Carbonaceous CV,72,2017-08-12,5.83,12.35,WorthPoint
allende-meteorite,NWA 2086 CV3 7.95g Carbonaceous Chondrite Meteorite,11.5,2017-08-12,7.95,1.45,WorthPoint
allende-meteorite,Allende CV3 Meteorite 9.31g Crusted Carbonaceous Endcut W/ Dark Inclusions,150,2017-08-12,9.31,16.11,WorthPoint
allende-meteorite,Fantastic 15 Gram ALLENDE METEORITE - 1969 MEXICO FALL- CARBONACEOUS (CV3),300,2017-08-11,15,20,WorthPoint
allende-meteorite,"Libertad - Allende Meteorite - Series Of ""Ounce Of Space"" 2016 1 Oz Silver Coin",56,2017-08-09,28.35,1.98,WorthPoint
allende-meteorite,Fantastic 6.48 Gram ALLENDE METEORITE - 1969 MEXICO FALL- CARBONACEOUS (CV3),169,2017-08-06,6.48,26.08,WorthPoint
allende-meteorite,NEW! NWA 11241 CV3 1.15g Slice Of A New & Very Fresh Carbonaceous CV,19,2017-08-05,1.15,16.52,WorthPoint
allende-meteorite,NEW! NWA 11241 CV3 4.72g Full Slice Of A New & Very Fresh Carbonaceous CV,60,2017-08-05,4.72,12.71,WorthPoint
allende-meteorite,NEW! NWA 11241 CV3 1.13g Slice Of A New & Very Fresh Carbonaceous CV,22.51,2017-08-05,1.13,19.92,WorthPoint
allende-meteorite,Allende CV3 Meteorite 9.18g Crusted Carbonaceous Corner Cut,138,2017-08-05,9.18,15.03,WorthPoint
allende-meteorite,1969 Carbonaceous ALLENDE Meteorite 22.4 Gr.,200,2017-08-04,22.4,8.93,WorthPoint
allende-meteorite,5.44 Gram ALLENDE METEORITE Endcut W/crust- 1969 MEXICO FALL- CARBONACEOUS (CV3),100,2017-08-03,5.44,18.38,WorthPoint
allende-meteorite,3.58 Gram ALLENDE METEORITE End Cut - 1969 MEXICO FALL- CARBONACEOUS (CV3),109.99,2017-08-01,3.58,30.72,WorthPoint
allende-meteorite,ALLENDE Meteorite CV3 Witnessed Fall Mexico Carbonaceous 1.2 Grams,19,2017-07-30,1.2,15.83,WorthPoint
allende-meteorite,Allende CV3 Meteorite 21.54g ASU Fusion Crusted Carbonaceous Slice,323,2017-07-29,21.54,15,WorthPoint
allende-meteorite,NWA 7479 Official Carbonaceous CV3 Chondrite - G257-0021 - 3.20g W/COA - Large,63.95,2017-07-28,3.2,19.98,WorthPoint
allende-meteorite,3.54g ALLENDE METEORITE End Cut - 1969 MEXICO FALL- CARBONACEOUS (CV3),89,2017-07-25,3.54,25.14,WorthPoint
allende-meteorite,NEW! NWA 11241 CV3 1.09g Slice Of A New & Very Fresh Carbonaceous CV,20,2017-07-25,1.09,18.35,WorthPoint
allende-meteorite,.730 Grams ALLENDE Meteorite CV3 Fragment Mexico 1969,10,2017-07-22,730,0.01,WorthPoint
allende-meteorite,NEW! NWA 11241 CV3 1.06g Slice Of A New & Very Fresh Carbonaceous CV,17.5,2017-07-22,1.06,16.51,WorthPoint
allende-meteorite,"2016 1 Oz Silver Coin Mexican Libertad, Allende Meteorite, Ounce Of Space..",84.5,2017-07-21,28.35,2.98,WorthPoint
allende-meteorite,Allende CV3 1.4g | Witnessed Fall Feb. 8th 1969 | Fresh Carbonaceous Meteorite,28,2017-07-20,1.4,20,WorthPoint
allende-meteorite,Allende CV3 Meteorite 23.86g Crusted Carbonaceous Endcut W/ Dark Inclusion,375,2017-07-15,23.86,15.72,WorthPoint
allende-meteorite,Allende CV3 2.2g | Witnessed Fall Feb. 8th 1969 | Fresh Carbonaceous Meteorite,44,2017-07-07,2.2,20,WorthPoint
allende-meteorite,1969 / 1977 35mm Slides Allende Meteorite 196 Photos ORIGINAL Meteor ALBUM,129.5,2017-07-05,,,WorthPoint
allende-meteorite,NEW! NWA 11241 CV3 0.96g Part Slice Of A New & Very Fresh Carbonaceous CV,14,2017-07-01,0.96,14.58,WorthPoint
allende-meteorite,Allende CV3 0.9g | Witnessed Fall Feb. 8th 1969 | Fresh Carbonaceous Meteorite,18,2017-07-01,0.9,20,WorthPoint
allende-meteorite,NEW! NWA 11241 CV3 6.16g Full Slice Of A New & Very Fresh Carbonaceous CV,117,2017-06-30,6.16,18.99,WorthPoint
allende-meteorite,Allende Meteorite 13.3. Gram Half. CV3 Carbonaceous Chondrite. Very Nice...,249.95,2017-06-27,3,83.32,WorthPoint
allende-meteorite,Allende CV3 1.7g | Witnessed Fall Feb. 8th 1969 | Fresh Carbonaceous Meteorite,34,2017-06-22,1.7,20,WorthPoint
allende-meteorite,2.53 Gram ALLENDE METEORITE End Cut - 1969 MEXICO FALL- CARBONACEOUS (CV3),75.99,2017-06-21,2.53,30.04,WorthPoint
allende-meteorite,NEW! NWA 11241 CV3 4.26g Full Slice Of A New & Very Fresh Carbonaceous CV,82,2017-06-20,4.26,19.25,WorthPoint
allende-meteorite,Allende CV3 Meteorite 11.31g Cool Carbonaceous W/ Crackly Crust,220,2017-06-18,11.31,19.45,WorthPoint
allende-meteorite,NEW! NWA 11241 CV3 7.31g Full Slice Of A New & Very Fresh Carbonaceous CV,108,2017-06-17,7.31,14.77,WorthPoint
allende-meteorite,NEW! NWA 11241 CV3 7.56g Full Slice Of A New & Very Fresh Carbonaceous CV,112,2017-06-10,7.56,14.81,WorthPoint
allende-meteorite,NWA 2086 CV3 0.65g Carbonaceous Chondrite Meteorite Full Slice,20.5,2017-06-10,0.65,31.54,WorthPoint
allende-meteorite,Fantastic 11.1 Gram ALLENDE METEORITE - 1969 MEXICO FALL- CARBONACEOUS (CV3),170,2017-06-09,11.1,15.32,WorthPoint
allende-meteorite,"1969 Feb. 8, Allende CV3.2 Ox Meteorite, Chihuahua, Mexico 7.8 Grams, Great Gift",70,2017-06-07,7.8,8.97,WorthPoint
allende-meteorite,ALLENDE CV3 Carbonaceous End Slice With Fusion Crust Of Meteorite Feb 1969 Rare,76,2017-06-05,,,WorthPoint
allende-meteorite,NEW! NWA 11241 CV3 2.71g Full Slice Of A New & Very Fresh Carbonaceous CV,52,2017-06-03,2.71,19.19,WorthPoint
allende-meteorite,NEW! NWA 11241 CV3 0.79g Full Slice Of A New & Very Fresh Carbonaceous CV,15.5,2017-06-03,0.79,19.62,WorthPoint
allende-meteorite,NWA 2086 CV3 0.41g Carbonaceous Chondrite Meteorite W/ Dark Inclusion,18.5,2017-06-03,0.41,45.12,WorthPoint
allende-meteorite,NEW! NWA 11241 CV3 1.86g Slice Of A New & Very Fresh Carbonaceous CV,37,2017-06-02,1.86,19.89,WorthPoint
allende-meteorite,Mexico 2016 1 Onza Libertad Ounce Of Space Allende Meteorite 1oz BU Au Plated Ag,78,2017-05-24,28.35,2.75,WorthPoint
allende-meteorite,NEW! NWA 11241 CV3 7.53g Endcut Of A New & Very Fresh Carbonaceous CV,111,2017-05-20,7.53,14.74,WorthPoint
allende-meteorite,NEW! NWA 11241 CV3 3.84g Full Slice Of A New & Very Fresh Carbonaceous CV,57,2017-05-20,3.84,14.84,WorthPoint
allende-meteorite,Allende CV3 Meteorite 5.48g Fusion Crusted Carbonaceous Individual,95,2017-05-20,5.48,17.34,WorthPoint
allende-meteorite,NEW! NWA 11241 CV3 1.00g Full Slice Of A New & Very Fresh Carbonaceous CV,20,2017-05-20,1,20,WorthPoint
allende-meteorite,Valle De Allende 9.7g L4 1983 Chihuahua Mexico JayPiatek Meteorite Collection,119,2017-05-19,9.7,12.27,WorthPoint
allende-meteorite,"8.10 Gram Allende, Mexico CV3 Meteorite",66,2017-05-18,8.1,8.15,WorthPoint
allende-meteorite,NEW! NWA 11241 CV3 4.06g Full Slice Of A New & Very Fresh Carbonaceous CV,78,2017-05-13,4.06,19.21,WorthPoint
allende-meteorite,NEW! NWA 11241 CV3 7.74g Full Slice Of A New & Very Fresh Carbonaceous CV,134.49,2017-05-13,7.74,17.38,WorthPoint
allende-meteorite,NEW! NWA 11241 CV3 2.54g Full Slice Of A New & Very Fresh Carbonaceous CV,39,2017-05-13,2.54,15.35,WorthPoint
allende-meteorite,NWA 2086 CV3 0.45g Carbonaceous Chondrite Meteorite W/ Dark Inclusion,10.65,2017-05-13,0.45,23.67,WorthPoint
allende-meteorite,Allende CV3 Meteorite 3.47g Fusion Crusted Carbonaceous Half Stone,61,2017-05-13,3.47,17.58,WorthPoint
allende-meteorite,NEW! NWA 11241 CV3 0.92g Slice Of A New And Very Fresh Carbonaceous CV,12.55,2017-05-13,0.92,13.64,WorthPoint
allende-meteorite,Fantastic 9.38 Gram ALLENDE METEORITE - 1969 MEXICO FALL- CARBONACEOUS (CV3),219,2017-05-10,9.38,23.35,WorthPoint
allende-meteorite,Allende CV3 0.8g | Witnessed Fall Feb. 8th 1969 | Fresh Carbonaceous Meteorite,16,2017-05-08,0.8,20,WorthPoint
allende-meteorite,Extra- Thin 1.49 G ALLENDE METEORITE Slice- 1969 MEXICO FALL- CARBONACEOUS (CV3),49.99,2017-05-07,1.49,33.55,WorthPoint
allende-meteorite,.61 Gram ALLENDE METEORITE Slice - 1969 MEXICO FALL- CARBONACEOUS (CV3),19,2017-05-06,61,0.31,WorthPoint
allende-meteorite,GEOPHYSICAL RESEARCH LETTERS Allende Meteorite Anomalies Wave-Turbulence 10 1974,17.99,2017-05-02,,,WorthPoint
allende-meteorite,Allende CV3 1.3g | Witnessed Fall Feb. 8th 1969 | Fresh Carbonaceous Meteorite,26,2017-04-23,1.3,20,WorthPoint
allende-meteorite,"Allende, Mexico CV3 Carbonaceous Chondrite Meteorite",75,2017-04-10,,,WorthPoint
allende-meteorite,"ALLENDE, Mexico Meteorite: 12.4 Grams, Nice Fresh Complete Specimen!",125,2017-04-09,12.4,10.08,WorthPoint
allende-meteorite,"ALLENDE, Mexico Meteorite: 17.2 Grams, Nice Fresh Complete Specimen!",175,2017-04-07,17.2,10.17,WorthPoint
allende-meteorite,2.5 Gram ALLENDE METEORITE Individual - 1969 MEXICO FALL- CARBONACEOUS (CV3),79.99,2017-03-30,2.5,32,WorthPoint
allende-meteorite,Allende Official Carbonaceous CV3 Chondrite - ALN-0015 - 0.76g COA - Part Slice,15.2,2017-03-24,0.76,20,WorthPoint
allende-meteorite,NWA 2086 CV3 0.29g Carbonaceous Chondrite Meteorite W/ Nice CAIs,13.5,2017-03-11,0.29,46.55,WorthPoint
allende-meteorite,3.47 Gram ALLENDE METEORITE 1/2 Stone - 1969 MEXICO FALL- CARBONACEOUS (CV3),99.99,2017-03-08,3.47,28.82,WorthPoint
allende-meteorite,"1969 Feb. 8, Allende CV3.2 Ox Meteorite, Chihuahua, Mexico 159 Grams, Great Deal",1649,2017-03-07,159,10.37,WorthPoint
allende-meteorite,"ALLENDE, Mexico Meteorite: 18.2 Grams, Nice Fresh Complete Specimen!",185,2017-03-06,18.2,10.16,WorthPoint
allende-meteorite,NWA 2086 CV3 0.49g Carbonaceous Chondrite Meteorite W/ Nice CAIs,14,2017-03-04,0.49,28.57,WorthPoint
allende-meteorite,2.54 Gram ALLENDE METEORITE Individual - 1969 MEXICO FALL- CARBONACEOUS (CV3),79.99,2017-03-04,2.54,31.49,WorthPoint
allende-meteorite,ALLENDE Meteorite CV3 Witnessed Fall Mexico Carbonaceous 3.2 Grams,42,2017-02-28,3.2,13.13,WorthPoint
allende-meteorite,NWA 2086 CV3 0.54g Carbonaceous Chondrite Meteorite W/ Nice CAIs,14.6,2017-02-25,0.54,27.04,WorthPoint
allende-meteorite,NWA 2086 CV3 0.46g Carbonaceous Chondrite Meteorite W/ Nice CAIs,13.09,2017-02-18,0.46,28.46,WorthPoint
allende-meteorite,Allende CV3 Meteorite 0.42g Fresh Fragrant Carbonaceous Fragment Lot,18.79,2017-02-18,0.42,44.74,WorthPoint
allende-meteorite,6.09 Gram ALLENDE METEORITE Individual - 1969 MEXICO FALL- CARBONACEOUS (CV3),129.99,2017-02-14,6.09,21.34,WorthPoint
allende-meteorite,ALLENDE Meteorite CV3 Witnessed Fall Mexico Carbonaceous 4.8 Grams,56.69,2017-02-13,4.8,11.81,WorthPoint
allende-meteorite,1 Peso 2016 Mexico - Ounce Of Space. Allende Meteorite - 1 Oz Silver,79,2017-02-12,28.35,2.79,WorthPoint
allende-meteorite,Meteorite ALLENDE - Fall 1969 Mexico Carbonaceous CV3 - Nice Slice 4.320g,66,2017-02-12,4.32,15.28,WorthPoint
allende-meteorite,NWA 2086 CV3 0.39g Carbonaceous Chondrite Meteorite W/ Nice CAIs,14.5,2017-02-11,0.39,37.18,WorthPoint
allende-meteorite,Allende Official Carbonaceous CV3 Chondrite - ALN-0005 - 2.84g W/COA - End Cut,71,2017-02-10,2.84,25,WorthPoint
allende-meteorite,100% Translucent Seymchan Pallasite Meteorite Slice 135x119mm VERY Last One!,2500,2017-02-10,,,WorthPoint
allende-meteorite,NWA 2086 CV3 0.40g Carbonaceous Chondrite Meteorite W/ Nice CAIs,11.09,2017-02-04,0.4,27.73,WorthPoint
allende-meteorite,Meteorite ALLENDE - Fall 1969 Mexico Carbonaceous CV3 - Large Endcut 11.2g,123.55,2017-01-29,11.2,11.03,WorthPoint
allende-meteorite,Mexico 2016 1 Onza Libertad Ounce Space With Real Allende Meteorite Silver Coin,57.02,2017-01-28,,,WorthPoint
allende-meteorite,Meteorite NWA 8792 - Vigarano Type Carbonaceous Chondrite (CV3),10.52,2017-01-26,,,WorthPoint
allende-meteorite,"Allende Meteorite, CV3 Carbonaceous Chondrite, Fragment, 2.70 Grams",47.99,2017-01-15,2.7,17.77,WorthPoint
allende-meteorite,NWA 2086 CV3 2.65g Carbonaceous Chondrite Meteorite W/ Nice CAIs,13,2017-01-14,2.65,4.91,WorthPoint
allende-meteorite,NWA 2086 CV3 0.44g Carbonaceous Chondrite Meteorite W/ Nice CAIs,12,2017-01-12,0.44,27.27,WorthPoint
allende-meteorite,Allende Meteorite Whole Stone -Fusion Crusted - Apollo Lab,34.55,2016-12-28,,,WorthPoint
allende-meteorite,"Collection Of 21 Meteorites In Case, Many Rare Specimens Including Mars NWA 998",850,2016-12-27,,,WorthPoint
allende-meteorite,"Allende Meteorite, CV3 Carbonaceous Chondrite, Fragment, 2.30 Grams",39.99,2016-12-26,2.3,17.39,WorthPoint
allende-meteorite,"Allende Meteorite, CV3 Carbonaceous Chondrite, Fragment, 1.90 Grams",32.99,2016-12-26,1.9,17.36,WorthPoint
allende-meteorite,"Allende Meteorite, CV3 Carbonaceous Chondrite, Fragment, 2.91 Grams",50.99,2016-12-23,2.91,17.52,WorthPoint
allende-meteorite,1.08 Gram ALLENDE METEORITE End Cut - 1969 MEXICO FALL- CARBONACEOUS (CV3),35.99,2016-12-16,1.08,33.32,WorthPoint
allende-meteorite,2.54 Gram ALLENDE METEORITE Endcut- 1969 MEXICO FALL- CARBONACEOUS (CV3),79.99,2016-12-12,2.54,31.49,WorthPoint
allende-meteorite,"Allende, Stone Cv3 Carbonaceous Chondrite With FUSION CRUST- Fell In 1969 Mexico",495,2016-12-11,,,WorthPoint
allende-meteorite,NWA 2086 CV3 0.35g Carbonaceous Chondrite Meteorite W/ Nice CAIs,32.81,2016-12-10,0.35,93.74,WorthPoint
allende-meteorite,Allende Meteorite Fragment - 6.2 Grams - Internal Fragment CV3 Mexico Fell 1969,120,2016-12-07,6.2,19.35,WorthPoint
allende-meteorite,ALLENDE Meteorite CV3 Witnessed Fall Ex. ASU Specimen 4.5 Grams,59,2016-12-06,4.5,13.11,WorthPoint
allende-meteorite,NWA 2086 CV3 0.47g Carbonaceous Chondrite Meteorite W/ Nice CAIs,13.5,2016-12-03,0.47,28.72,WorthPoint
allende-meteorite,4.78 Gram ALLENDE METEORITE Individual - 1969 MEXICO FALL- CARBONACEOUS (CV3),99.99,2016-12-02,4.78,20.92,WorthPoint
allende-meteorite,4.05 Gram ALLENDE METEORITE Individual - 1969 MEXICO FALL- CARBONACEOUS (CV3),79.99,2016-11-30,4.05,19.75,WorthPoint
allende-meteorite,ALLENDE Meteorite CV3 Witnessed Fall Ex. ASU Specimen 2.8 Grams,38,2016-11-29,2.8,13.57,WorthPoint
allende-meteorite,ALLENDE METEORITE Slice - 1969 MEXICO FALL - CARBONACEOUS (CV3) - IMCA 1633,319.95,2016-11-24,,,WorthPoint
allende-meteorite,2.13 Gram Crusted ALLENDE METEORITE Endcut- 1969 MEXICO FALL- CARBONACEOUS (CV3),69,2016-11-23,2.13,32.39,WorthPoint
allende-meteorite,NWA 2086 CV3 0.31g Carbonaceous Chondrite Meteorite W/ Nice CAIs,13,2016-11-19,0.31,41.94,WorthPoint
allende-meteorite,"Allende Meteorite, CV3 Carbonaceous Chondrite, Fragment, 2.65 Grams",46.99,2016-11-14,2.65,17.73,WorthPoint
allende-meteorite,9.0 Gram Crusted ALLENDE METEORITE Endcut- 1969 MEXICO FALL- CARBONACEOUS (CV3),250,2016-11-13,9,27.78,WorthPoint
allende-meteorite,"Mexico 2016 Allende Meteorite A Series Of ""Ounce Of Space"" 1 OZ Silver Coin",78,2016-11-09,28.35,2.75,WorthPoint
allende-meteorite,NWA 2086 CV3 0.52g Carbonaceous Chondrite Meteorite W/ Nice CAIs,10.5,2016-11-05,0.52,20.19,WorthPoint
allende-meteorite,NWA Xxxx CV3 Meteorite Thin Section,24.95,2016-10-30,,,WorthPoint
allende-meteorite,1.11 Gram ALLENDE METEORITE Slice - 1969 MEXICO FALL- CARBONACEOUS (CV3),29.99,2016-10-29,1.11,27.02,WorthPoint
allende-meteorite,ALLENDE CARBONACEUS CHONDRITE CV3 CHIHUAHUA MEXICO 13.2 Gr,175,2016-10-25,13.2,13.26,WorthPoint
allende-meteorite,Huge Rare Calcium Aluminum Inclusion - .405 Grams - ALLENDE Meteorite CV3 Mexico,12.5,2016-10-23,405,0.03,WorthPoint
allende-meteorite,Allende Meteorite Fragment - 14 Grams - Part Slice And A Chip Mexico Fell 1969,182.5,2016-10-19,14,13.04,WorthPoint
allende-meteorite,"Allende Meteorite, CV3 Carbonaceous Chondrite, Fragment, 1.39 Grams",24.99,2016-10-15,1.39,17.98,WorthPoint
allende-meteorite,.70 Gram ALLENDE METEORITE Slice - 1969 MEXICO FALL- CARBONACEOUS (CV3),20.99,2016-10-14,70,0.3,WorthPoint
allende-meteorite,.62 Gram ALLENDE METEORITE Endcut- 1969 MEXICO FALL- CARBONACEOUS (CV3),19.99,2016-10-14,62,0.32,WorthPoint
allende-meteorite,57 Misc Lot Of Meteorites SOME CHIPS OTHERS A LITTLE BIGGER,31,2016-10-10,,,WorthPoint
allende-meteorite,Allende Meteorite Whole Stone Fully Fusion Crusted Apollo Lab,45,2016-10-09,,,WorthPoint
allende-meteorite,3.4 Gram Crusted ALLENDE METEORITE Endcut- 1969 MEXICO FALL- CARBONACEOUS (CV3),85,2016-10-05,3.4,25,WorthPoint
allende-meteorite,Slide Box Containing Three Meteorite Thin Sections,794.84,2016-10-05,,,WorthPoint
allende-meteorite,Allende Stone Meteorite,413.32,2016-10-05,,,WorthPoint
allende-meteorite,NWA 2086 CV3 2.36g Carbonaceous Chondrite Meteorite W/ Nice CAIs,10.5,2016-10-01,2.36,4.45,WorthPoint
allende-meteorite,Allende CV3 Meteorite 0.55g Fresh Fragrant Carbonaceous Fragment Lot,10.49,2016-10-01,0.55,19.07,WorthPoint
allende-meteorite,2.15 Gram Crusted ALLENDE METEORITE - 1969 MEXICO FALL- CARBONACEOUS (CV3),65,2016-09-30,2.15,30.23,WorthPoint
allende-meteorite,4.56 Gram Crusted ALLENDE METEORITE Endcut- 1969 MEXICO FALL- CARBONACEOUS (CV3),115,2016-09-28,4.56,25.22,WorthPoint
allende-meteorite,3.15 Gram Crusted ALLENDE METEORITE Endcut- 1969 MEXICO FALL- CARBONACEOUS (CV3),99,2016-09-26,3.15,31.43,WorthPoint
allende-meteorite,Allende Meteorite Fragment - 8.9 Grams - Internal Fragment CV3 Mexico Fell 1969,120,2016-09-26,8.9,13.48,WorthPoint
allende-meteorite,Allende CV3 Meteorite 0.87g Fresh Fragrant Carbonaceous Frag/Slice Lot,18.5,2016-09-24,0.87,21.26,WorthPoint
allende-meteorite,"Allende Meteorite, CV3 Carbonaceous Chondrite, Fragment, 5.8 Grams",93.99,2016-09-23,5.8,16.21,WorthPoint
allende-meteorite,Lot Of 10 Meteorites,100,2016-09-21,,,WorthPoint
allende-meteorite,"Ward's Science Meteorite Starter Kit Allende, Tektite, Pallisite, Iron, & Stony",70,2016-09-18,,,WorthPoint
allende-meteorite,"Meteorite**Allende, Mexico**47.6 Grams From ASU",599,2016-09-13,47.6,12.58,WorthPoint
allende-meteorite,NWA 2086 CV3 0.72g Carbonaceous Chondrite Meteorite W/ Nice CAIs,13.5,2016-09-10,0.72,18.75,WorthPoint
allende-meteorite,NWA 2086 CV3 1.85g Carbonaceous Chondrite Meteorite W/ Dark Inclusion,69,2016-09-03,1.85,37.3,WorthPoint
allende-meteorite,Allende Meteorite Fragment - 1.5 Grams - Internal Fragment CV3 Mexico Fell 1969,25,2016-08-28,1.5,16.67,WorthPoint
allende-meteorite,ALLENDE METEORITE SPECIMEN - 10.7g With Micromount & Professional Label,111.01,2016-08-28,10.7,10.37,WorthPoint
allende-meteorite,NWA 2086 CV3 0.85g Carbonaceous Chondrite Meteorite W/ Nice CAIs,21,2016-08-27,0.85,24.71,WorthPoint
allende-meteorite,Allende Meteorite Fragment - 1.9 Grams - Internal Fragment CV3 Mexico Fell 1969,28,2016-08-23,1.9,14.74,WorthPoint
allende-meteorite,Allende Meteorite - Cv3 - 1.2 Grams,30.99,2016-08-20,1.2,25.83,WorthPoint
allende-meteorite,"NWA 2086 CV3 0.53g Carbonaceous Chondrite Meteorite W/ Nice CAIs, AOAs",10.5,2016-08-20,0.53,19.81,WorthPoint
allende-meteorite,"NWA 2086 CV3 4.20g Carbonaceous Endcut Meteorite W/ Nice CAIs, AOAs",13.43,2016-08-13,4.2,3.2,WorthPoint
allende-meteorite,Allende Meteorite Fragment - 2.1 Grams - Internal Fragment CV3 Mexico Fell 1969,18,2016-08-01,2.1,8.57,WorthPoint
allende-meteorite,Allende Meteorite Fragment - 3.2 Grams - Internal Fragment CV3 Mexico Fell 1969,25,2016-08-01,3.2,7.81,WorthPoint
allende-meteorite,"NWA 2086 CV3 0.78g Carbonaceous Chondrite Meteorite W/ Nice CAIs, AOAs",24,2016-07-30,0.78,30.77,WorthPoint
allende-meteorite,Allende CV3 Meteorite 0.52g Fresh Fragrant Carbonaceous Fragment,12,2016-07-30,0.52,23.08,WorthPoint
allende-meteorite,3.8 Gram Crusted ALLENDE METEORITE - 1969 MEXICO FALL - CARBONACEOUS,75,2016-07-27,3.8,19.74,WorthPoint
allende-meteorite,ALLENDE Meteorite CV3 Witnessed Fall Ex. ASU Specimen 2.9 Grams,30,2016-07-26,2.9,10.34,WorthPoint
allende-meteorite,Allende Carbonaceous Chondrite CV3 Nanodiamond Star Dust By Meteorite Men Steve,14.99,2016-07-25,,,WorthPoint
allende-meteorite,Allende Meteorite - Cv3 - 7 Grams *** Fall From Mexico ***,67,2016-07-23,7,9.57,WorthPoint
allende-meteorite,"NWA 2086 CV3 0.65g Carbonaceous Chondrite Meteorite W/ Nice CAIs, AOAs",11.5,2016-07-23,0.65,17.69,WorthPoint
allende-meteorite,Allende CV3 Meteorite 0.11g Fresh Fragrant Carbonaceous Chondrule Lot,10.5,2016-07-23,0.11,95.45,WorthPoint
allende-meteorite,Allende CV3 Meteorite 0.53g Fresh Fragrant Carbonaceous Fragment,16,2016-07-17,0.53,30.19,WorthPoint
allende-meteorite,NWA 2086 CV3 0.62g Carbonaceous Chondrite Meteorite W/ Nice CAIs,12.58,2016-07-16,0.62,20.29,WorthPoint
allende-meteorite,"NWA 2086 CV3 0.43g Carbonaceous Chondrite Meteorite W/ Nice CAIs, AOAs",39.98,2016-07-09,0.43,92.98,WorthPoint
allende-meteorite,ALLENDE Meteorite CV3 Witnessed Fall Ex. ASU Specimen 3.3 Grams,43,2016-07-08,3.3,13.03,WorthPoint
allende-meteorite,"Allende Meteorite, CV3 Carbonaceous Chondrite, Fragment, 1.79 Grams",30.99,2016-07-03,1.79,17.31,WorthPoint
allende-meteorite,"Allende Meteorite, CV3 Carbonaceous Chondrite, Fragment, 5.6 Grams",83.99,2016-07-03,5.6,15,WorthPoint
allende-meteorite,NWA 2086 CV3 1.06g Carbonaceous Chondrite Meteorite W/ Nice CAIs,33.95,2016-07-02,1.06,32.03,WorthPoint
allende-meteorite,12 Gram Small Crusted ALLENDE Meteorite -CV3 With CAI'S - Fall In Mexico 1969,195,2016-07-02,12,16.25,WorthPoint
allende-meteorite,"Allende Meteorite, CV3 Carbonaceous Chondrite, Fragment, 1.42 Grams",24.99,2016-06-20,1.42,17.6,WorthPoint
allende-meteorite,NWA 10055 Carbonaceous CV3 Chondrite - G519-0005 - 4.24g W/COA - Most Beautiful,106,2016-06-20,4.24,25,WorthPoint
allende-meteorite,NWA 10055 Carbonaceous CV3 Chondrite - G519-0008 - 4.71g W/COA - Most Beautiful,117.75,2016-06-20,4.71,25,WorthPoint
allende-meteorite,13.7 Gram Small Crusted ALLENDE Meteorite -CV3 With CAI'S - Fall In Mexico 1969,165.75,2016-06-11,13.7,12.1,WorthPoint
allende-meteorite,NWA 10055 Carbonaceous CV3 Chondrite - G519-0026 - 0.59g W/COA - Most Beautiful,14.75,2016-06-02,0.59,25,WorthPoint
allende-meteorite,NWA 10055 Carbonaceous CV3 Chondrite - G519-0020 - 0.68g W/COA - Most Beautiful,17,2016-06-01,0.68,25,WorthPoint
allende-meteorite,NWA 10055 Carbonaceous CV3 Chondrite - G519-0010 - 1.47g W/COA - Extremely Rare,13.38,2016-05-21,1.47,9.1,WorthPoint
allende-meteorite,NWA 2086 CV3 0.45g Carbonaceous Chondrite Meteorite W/ Nice CAIs,33,2016-05-14,0.45,73.33,WorthPoint
allende-meteorite,Meteorite - Allende Carbonaceous Chondrite (CV3) - Awesome Large Specimen - 131g,1950,2016-05-11,131,14.89,WorthPoint
allende-meteorite,4.78 Gram Small Crusted ALLENDE Meteorite -CV3 With CAI'S - Fall In Mexico 1969,69,2016-05-05,4.78,14.44,WorthPoint
allende-meteorite,NWA 2086 CV3 0.51g Carbonaceous Chondrite Meteorite Endcut,10.5,2016-04-30,0.51,20.59,WorthPoint
allende-meteorite,NWA 2086 CV3 0.50g Carbonaceous Chondrite Meteorite W/ Dark Inclusion,19.49,2016-04-23,0.5,38.98,WorthPoint
allende-meteorite,6.7 Gram Small Crusted ALLENDE Meteorite -CV3 With CAI'S - Fall In Mexico 1969,84.15,2016-04-20,6.7,12.56,WorthPoint
allende-meteorite,NWA 2086 CV3 0.54g Carbonaceous Chondrite Meteorite W/ Dark Inclusion !!,26,2016-04-16,0.54,48.15,WorthPoint
allende-meteorite,NWA 2086 CV3 0.58g Carbonaceous Chondrite Meteorite Full Slice,11.38,2016-04-09,0.58,19.62,WorthPoint
allende-meteorite,"Allende Meteorite, CV3 Carbonaceous Chondrite, Fragment, 2.0 Grams",33.99,2016-04-06,2,17,WorthPoint
allende-meteorite,121.2 Gram Or 4.23oz Crusted W/Inclusion ALLENDE Meteorite Fall In Mexico 1969,790,2016-04-03,121.2,6.52,WorthPoint
allende-meteorite,Allende Meteorite - Cv3 - 5.3 Grams *** Fall From Mexico ***,30,2016-04-02,5.3,5.66,WorthPoint
allende-meteorite,NWA 2086 CV3 0.53g Carbonaceous Chondrite Meteorite W/ Dark Inclusion,26,2016-04-02,0.53,49.06,WorthPoint
allende-meteorite,NWA 2086 CV3 0.75g Carbonaceous Chondrite Meteorite Full Slice,16.38,2016-03-26,0.75,21.84,WorthPoint
allende-meteorite,10.4 Gram Allende Meteorite Wedge - CV3 - Mexico Fall 1969,200,2016-03-23,10.4,19.23,WorthPoint
allende-meteorite,"Allende Meteorite, CV3 Carbonaceous Chondrite, Fragment, 1.6 Grams",27.99,2016-03-23,1.6,17.49,WorthPoint
allende-meteorite,NWA 2086 CV3 0.98g Carbonaceous Chondrite Meteorite Full Slice,51,2016-03-19,0.98,52.04,WorthPoint
allende-meteorite,"Allende Meteorite, CV3 Carbonaceous Chondrite, Fragment, 1.5 Grams",10,2016-03-17,1.5,6.67,WorthPoint
allende-meteorite,"Allende Meteorite, CV3 Carbonaceous Chondrite, Fragment, 5.3 Grams",79.99,2016-03-13,5.3,15.09,WorthPoint
allende-meteorite,NWA 2086 CV3 1.09g Carbonaceous Chondrite Meteorite Full Slice,20.52,2016-03-12,1.09,18.83,WorthPoint
allende-meteorite,ALLENDE Meteorite CV3 Witnessed Fall Ex. ASU Specimen 2.2 Grams,29,2016-03-11,2.2,13.18,WorthPoint
allende-meteorite,NWA 2086 CV3 1.02g Carbonaceous Chondrite Meteorite Full Slice,23.59,2016-02-27,1.02,23.13,WorthPoint
allende-meteorite,NWA 2086 CV3 1.00g Carbonaceous Chondrite Meteorite Full Slice,22.49,2016-02-20,1,22.49,WorthPoint
allende-meteorite,5.1 Gram Allende Meteorite Internal Specimen - CV3 - Mexico Fall 1969,100,2016-02-17,5.1,19.61,WorthPoint
allende-meteorite,NWA 2086 CV3 6.96g Carbonaceous Meteorite Frag - Slice Or Thin Section,91,2016-02-13,6.96,13.07,WorthPoint
allende-meteorite,Allende CV3 Meteorite 1.11g Fresh Fragrant Carbonaceous Slice Lot,11.49,2016-02-06,1.11,10.35,WorthPoint
allende-meteorite,Allende CV3 Meteorite 822g Fresh Fusion Crusted Carbonaceous Individual,8000,2016-02-05,822,9.73,WorthPoint
allende-meteorite,NWA 10055 Carbonaceous CV3 Chondrite - G519-0018 - 0.40g W/COA - Part Slice Spec,10,2016-02-04,0.4,25,WorthPoint
allende-meteorite,NWA 2086 CV3 2.81g Carbonaceous Chondrite Meteorite Full Slice,42,2016-02-04,2.81,14.95,WorthPoint
allende-meteorite,NWA 2086 CV3 2.24g Endcut Of Carbonaceous Chondrite Meteorite,19.49,2016-01-23,2.24,8.7,WorthPoint
allende-meteorite,NWA 2086 CV3 0.93g Slice Of Carbonaceous Chondrite Meteorite,18.75,2016-01-23,0.93,20.16,WorthPoint
allende-meteorite,Mali Stone Meteorite CHERGACH Chondrite 99% Fusion Crusted Individual Specimen,28,2016-01-22,,,WorthPoint
allende-meteorite,NWA 2086 CV3 0.62g Slice Of Carbonaceous Chondrite Meteorite,16,2016-01-16,0.62,25.81,WorthPoint
allende-meteorite,Mundrabilla Iron Meteorite ETCHED SLICE WIDMANSTATTEN Australia Space Rock NR!,39.95,2016-01-14,,,WorthPoint
allende-meteorite,3 Gram (individual) ALLENDE Meteorite -CV3 With CAI'S - Fall In Mexico 1969,49,2016-01-14,3,16.33,WorthPoint
allende-meteorite,Meteorite - Allende Carbonaceous Chondrite (CV3) - Nice Specimen - 6.2g,90,2016-01-11,6.2,14.52,WorthPoint
allende-meteorite,NWA 2086 CV3 1.21g Slice Of Carbonaceous Chondrite Meteorite,20,2016-01-10,1.21,16.53,WorthPoint
allende-meteorite,Allende CV3 Meteorite 10.43g Fresh Carbonaceous 92% Crusted Individual,185.5,2016-01-09,10.43,17.79,WorthPoint
allende-meteorite,NWA 2086 CV3 1.12g Slice Lot Of Carbonaceous Chondrite Meteorite,20,2015-12-19,1.12,17.86,WorthPoint
allende-meteorite,AMAZING Canyon Diablo Meteor Crater Iron Meteorite Specimen W/info Card ARIZONA,10,2015-12-14,,,WorthPoint
allende-meteorite,NWA 2086 CV3 0.54g Slice Of Carbonaceous Chondrite Meteorite,15,2015-12-12,0.54,27.78,WorthPoint
allende-meteorite,NWA 2086 CV3 1.41g Endcut Of Carbonaceous Chondrite Meteorite,21,2015-11-12,1.41,14.89,WorthPoint
allende-meteorite,HUGE Stone Meteorite CARVED Sphere NWA 869 Specimen Marble Crystal Carving Rock,480,2015-10-07,,,WorthPoint
allende-meteorite,4.9 Gram Fragment Of ALLENDE Mexico Witnessed Fall Carbonaceous METEORITE,12.5,2015-10-05,4.9,2.55,WorthPoint
allende-meteorite,Meteorite Collection With Extras,23.49,2015-08-21,,,WorthPoint
allende-meteorite,"Lot: Meteorite Books. 8 Volumes. Allende, Murchison, Tektites, Schreibersite.",52,2015-06-05,,,WorthPoint
allende-meteorite,"Huge Full Slice Of Gladstone, New Mexico H4 Meteorite 30 Cm Across! Brecciation!",1600,2014-11-26,,,WorthPoint
allende-meteorite,A Small ALLENDE Meteorite Fragment! Feb 8 1969 Fall Mexico 0.95gr,14.99,2014-11-25,0.95,15.78,WorthPoint
allende-meteorite,Age Of The Earth - Rare Rock Display,70,2014-11-23,,,WorthPoint
allende-meteorite,"2005 ALLENDE METEORITE Mexico Stamp Mineral Series, Mint NH, Rare Item Thus!",29.78,2014-11-21,,,WorthPoint
allende-meteorite,Allende CV3 Meteorite 2.81g Fresh Fragrant Fragment,37,2014-11-19,2.81,13.17,WorthPoint
allende-meteorite,Allende Cv3 Meteorite A Lovely 2.68 Gram Piece,31.27,2014-11-19,2.68,11.67,WorthPoint
allende-meteorite,.836 Grams Allende - ( Class CV3 ) METEORITE Fragment Found In Mexico,10,2014-11-18,836,0.01,WorthPoint
allende-meteorite,Allende CV3 Carbonaceous Meteorite 3.6g,24.55,2014-11-15,3.6,6.82,WorthPoint
allende-meteorite,"Full Slice NWA 1836 Cumulate Eucrite ""twisted Sister""",700,2014-11-12,,,WorthPoint
allende-meteorite,Huge Full Slice Of NWA 978 R3.8 Meteorite 70 By 67mm!,500,2014-11-12,,,WorthPoint
allende-meteorite,"Slice Of Richfield, KS LL3.7 Meteorite 175 By 118mm",1100,2014-11-08,,,WorthPoint
allende-meteorite,NWA 2086 CV3 2.09g Full Slice Of Carbonaceous Chondrite Meteorite,33,2014-11-08,2.09,15.79,WorthPoint
allende-meteorite,Meteorite Collection - 28 Different Labelled Micromount Specimens In A Display,136,2014-11-06,,,WorthPoint
allende-meteorite,Allende CV3 Meteorite 3.06g Fresh Fragrant Fragment,39,2014-11-03,3.06,12.75,WorthPoint
allende-meteorite,"Allende, Mexico Meteorite (CV3)",36,2014-11-02,,,WorthPoint
allende-meteorite,Allende CV3 Meteorite 3.33g Fresh Fusion Crusted Fragment,35,2014-11-01,3.33,10.51,WorthPoint
allende-meteorite,"Three Rare Meteorites, Vaca Muerta, Allende And Tatahouine",8,2014-10-31,,,WorthPoint
allende-meteorite,ALLENDE CV3 Meteorite Fresh Fragment 2.2 Grams CAI,20,2014-10-26,2.2,9.09,WorthPoint
allende-meteorite,Allende CV3 Meteorite 2.33g Fresh Fusion Crusted Fragment,24,2014-10-25,2.33,10.3,WorthPoint
allende-meteorite,NWA 2086 CV3 3.75g Endcut Of Carbonaceous Chondrite Meteorite,65,2014-10-23,3.75,17.33,WorthPoint
allende-meteorite,Allende CV3 Meteorite 0.46g Fresh Crusted Carbonaceous Slice W/ CAIs,19.49,2014-10-18,0.46,42.37,WorthPoint
allende-meteorite,Carbonaceous Chondrite Meteorite Collection CV3 CR2 CO3.0 CO3.3 CK4 CO3.6 NWA,330.88,2014-10-16,,,WorthPoint
allende-meteorite,NWA 2086 CV3 1.69g Carbonaceous Chondrite Meteorite,33,2014-10-15,1.69,19.53,WorthPoint
allende-meteorite,Allende A Rare CV3 Meteorite From Mexico 1.65 Grams,16.15,2014-10-10,1.65,9.79,WorthPoint
allende-meteorite,Slice Of A Rare Eucrite Meteorite: Dhofar 007,1500,2014-09-28,,,WorthPoint
allende-meteorite,"Allende Slice - The Cosmic Cruise Missle From - ""before""",937.5,2014-09-28,,,WorthPoint
allende-meteorite,Allende Slice - Some Of The Oldest Material In The Universe,3500,2014-09-28,,,WorthPoint
allende-meteorite,"Allende, A Rare CV3 Type Meteorite From Mexico, 3 Grams",34.09,2014-09-12,3,11.36,WorthPoint
allende-meteorite,Meteorite Collection 17 Pcs - Campo Del Cielo - Sikhote Alin - Nantans - Diablo,185.82,2014-07-13,,,WorthPoint
allende-meteorite,Allende CV3 Meteorite 0.81g Fresh Carbonaceous Full Slice,20,2014-07-05,0.81,24.69,WorthPoint
allende-meteorite,"Meteorite! Witnessed Fall! Allende, Mexico - CV3 - 1.78g - CAI + Fusion Crust!!!",31.5,2014-07-05,1.78,17.7,WorthPoint
allende-meteorite,Allende CV3 Meteorite 12.15g Fresh Fusion Crusted Fragment,133,2014-07-05,12.15,10.95,WorthPoint
allende-meteorite,NWA 2086 CV3 0.86g Carbonaceous Chondrite Meteorite Polished Slice,20,2014-07-05,0.86,23.26,WorthPoint
allende-meteorite,ALLENDE Meteorite Fragment Fell Feb 8 1969 In Mexico 1.3 Gr,19.99,2014-07-03,1.3,15.38,WorthPoint
allende-meteorite,Huge Full Slice Of Nwa 869 Meteorite 186x91mm With Interesting Xeonliths,350,2014-07-03,,,WorthPoint
allende-meteorite,Allende Cv3 Meteorite Slice 28x36mm Ships From US,52.5,2014-07-01,,,WorthPoint
allende-meteorite,Allende CV3 Meteorite 1.60g Fresh Carbonaceous Full Slice,33,2014-06-30,1.6,20.63,WorthPoint
allende-meteorite,Allende CV3 Meteorite 2.07g Fresh Carbonaceous Full Slice,31,2014-06-28,2.07,14.98,WorthPoint
allende-meteorite,NWA 2086 CV3 0.74g Carbonaceous Chondrite Meteorite Polished Slice,20,2014-06-23,0.74,27.03,WorthPoint
allende-meteorite,Nice Black ALLENDE Meteorite Fragment 1.6gr! Fell Feb 8 1969 In Mexico,22.99,2014-06-16,1.6,14.37,WorthPoint
allende-meteorite,Allende CV3 Meteorite 0.58g Fresh Carbonaceous Slice W/ Dark Inclusion,17,2014-06-14,0.58,29.31,WorthPoint
allende-meteorite,NWA 2086 CV3 4.98g Carbonaceous Chondrite Meteorite Polished Slice,69,2014-06-14,4.98,13.86,WorthPoint
allende-meteorite,ALLENDE CV3 Meteorite Fresh Fragment 5.1 Grams CAIs,41,2014-06-08,5.1,8.04,WorthPoint
allende-meteorite,NWA 2086 CV3 3.76g Carbonaceous Chondrite Meteorite Polished Slice,50,2014-06-01,3.76,13.3,WorthPoint
allende-meteorite,"Meteorite Thin Section ALLENDE (CV3), Fell 1969 In Mexico! - Very Nice !",72,2014-06-01,,,WorthPoint
allende-meteorite,Allende CV3 Meteorite 1.70g Fresh Fragrant Fragment,15.5,2014-05-24,1.7,9.12,WorthPoint
allende-meteorite,NWA 2086 CV3 3.77g Carbonaceous Chondrite Meteorite Polished Slice,50,2014-05-21,3.77,13.26,WorthPoint
allende-meteorite,"Allende CV3 Meteorite: Beautiful Half Stone With Fusion Crust, 28.23 G!",355,2014-04-23,28.23,12.58,WorthPoint
allende-meteorite,Allende CV3 Meteorite 1.28g Fresh Fragrant Carbonaceous Full Slice,26,2014-04-21,1.28,20.31,WorthPoint
allende-meteorite,Allende CV3 Meteorite 2.43g Fresh Fragrant Fragment,29,2014-04-18,2.43,11.93,WorthPoint
allende-meteorite,Allende CV3 Meteorite Slice 29 X 20mm Ships From The UK,19.5,2014-04-17,,,WorthPoint
allende-meteorite,Allende CV3 Meteorite 0.74g Fresh Fragrant Carbonaceous Full Slice,20,2014-04-13,0.74,27.03,WorthPoint
allende-meteorite,NWA 2086 CV3 0.80g Carbonaceous Chondrite Meteorite Polished Slice,13,2014-04-05,0.8,16.25,WorthPoint
allende-meteorite,A Little ALLENDE Meteorite Fragment! Feb 8 1969 Fall Mexico 1.4gr,29.99,2014-04-04,1.4,21.42,WorthPoint
allende-meteorite,Allende CV3 Meteorite 0.81g Fresh Fragrant Carbonaceous Endcut,20,2014-04-03,0.81,24.69,WorthPoint
allende-meteorite,Meteorite - Carbonaceous Chondrite CV3 - Allende - 1969 Mexico - W Certificate,88.89,2014-04-02,,,WorthPoint
allende-meteorite,Allende CV3 Meteorite 3.14g Fresh Fusion Crusted Fragment,37,2014-04-02,3.14,11.78,WorthPoint
allende-meteorite,Allende CV3 1.5grams,45,2014-03-30,1.5,30,WorthPoint
allende-meteorite,1.07 Grams Allende -Class CV3 Meteorite Fragment In A Gem Case - Found In Mexico,13.5,2014-03-30,1.07,12.62,WorthPoint
allende-meteorite,1.45 Grams Allende -Class CV3 Meteorite Fragment In A Gem Case - Found In Mexico,13.99,2014-03-30,1.45,9.65,WorthPoint
allende-meteorite,â˜…â˜† ALLENDE CV3 Meteorite Fresh Fragment 4.2 Grams,35,2014-03-30,4.2,8.33,WorthPoint
allende-meteorite,Allende 53.74g CRUSTED Fragment Carbonaceous Meteorite Former ASU,550,2014-03-29,53.74,10.23,WorthPoint
allende-meteorite,NWA 2086 CV3 0.79g Carbonaceous Chondrite Meteorite Polished Slice,12,2014-03-29,0.79,15.19,WorthPoint
allende-meteorite,Allende CV3 Meteorite 32.58g Fresh Fusion Crusted Fragment,320,2014-03-29,32.58,9.82,WorthPoint
allende-meteorite,.919 Grams Allende -Class CV3 Meteorite Fragment In A Gem Case - Found In Mexico,15.25,2014-03-28,919,0.02,WorthPoint
allende-meteorite,.718 Grams Allende -Class CV3 Meteorite Fragment In A Gem Case - Found In Mexico,11.5,2014-03-28,718,0.02,WorthPoint
allende-meteorite,"Meteorite Job Lot, Many Different Types. Odessa, Sikhote Alin, Bensour......",99.43,2014-03-28,,,WorthPoint
allende-meteorite,Allende CV3 Meteorite 1.36g Fresh Fragrant Carbonaceous Full Slice,28,2014-03-27,1.36,20.59,WorthPoint
allende-meteorite,"2005 ALLENDE METEORITE Mexico Stamp Mineral Series, MNH",19.98,2014-03-27,,,WorthPoint
allende-meteorite,Meteorite ALLENDE - Fall Mexico - CV3 Carbonaceous - Fresh Crusted Endcut 3.7g,74,2014-03-26,3.7,20,WorthPoint
allende-meteorite,"Meteorite Thin Section ALLENDE (CV3.2), Fell 1969 In Mexico! - Very Nice !",99,2014-03-23,,,WorthPoint
allende-meteorite,Allende CV3 Meteorite 4.38g Fresh Fusion Crusted Fragment,52,2014-03-23,4.38,11.87,WorthPoint
allende-meteorite,Allende CV3 Meteorite 1.79g Fresh Fragrant Carbonaceous Full Slice,35,2014-03-22,1.79,19.55,WorthPoint
allende-meteorite,1.27 Grams With A 7x3mm CAI - Allende - CV3 Meteorite Fragment- Found In Mexico,14.99,2014-03-21,1.27,11.8,WorthPoint
allende-meteorite,â˜…â˜† ALLENDE CV3 Meteorite Fresh Fragment 3.96 Grams,34,2014-03-16,3.96,8.59,WorthPoint
allende-meteorite,Allende CV3 Meteorite 3.17g Fresh Fragrant Carbonaceous Endcut,73,2014-03-15,3.17,23.03,WorthPoint
allende-meteorite,Huge Quarter Slice Of Seymchan Pallasite Meteorite 130 By 118mm!,1800,2014-03-12,,,WorthPoint
allende-meteorite,Allende 14.96g Fragment Carbonaceous Meteorite Former ASU,170,2014-03-12,14.96,11.36,WorthPoint
allende-meteorite,â˜…â˜† ALLENDE NICE CAI CV3 Meteorite Fresh Fragment 4.6 Grams,38,2014-03-09,4.6,8.26,WorthPoint
allende-meteorite,"Meteorite ALLENDE CV3.2 - Mexico, Fell 1969, 0.789 G - Very Thin Full Slice!",57.06,2014-03-09,0.789,72.32,WorthPoint
allende-meteorite,"Meteorite ALLENDE CV 3.2 - Polished Slice - TKW 999kg - 1969 Mexico, 0.18 G",12.5,2014-03-09,0.18,69.44,WorthPoint
allende-meteorite,Huge Full Slice Of Nwa 2932 Mesosiderite 87x75mm Translucent Olivine Grains,600,2014-03-08,,,WorthPoint
allende-meteorite,Huge Full Slice Of NWA 2651 Urelite Meteorite 60 By 50mm! Pallasite Like Urelite,600,2014-03-08,,,WorthPoint
allende-meteorite,NWA 2086 CV3 2.89g Carbonaceous Chondrite Meteorite Polished Slice,34,2014-03-08,2.89,11.76,WorthPoint
allende-meteorite,A Small ALLENDE Meteorite Fragment! Feb 8 1969 Fall Mexico 1.1gr,22.99,2014-03-05,1.1,20.9,WorthPoint
allende-meteorite,Allende CV3 Meteorite 0.60g Fresh Fragrant Carbonaceous Full Slice,16,2014-03-03,0.6,26.67,WorthPoint
allende-meteorite,Allende CV3 Meteorite 2.68g Fresh Fragrant Fragment W/ Impact Markings,23,2014-03-01,2.68,8.58,WorthPoint
allende-meteorite,NWA 2086 CV3 1.54g Carbonaceous Chondrite Meteorite Polished Slice,26,2014-02-24,1.54,16.88,WorthPoint
allende-meteorite,"Meteorite ALLENDE CV3.2 - Mexico, Fell 1969, 0.509 G - Very Thin Full Slice!",12.6,2014-02-23,0.509,24.75,WorthPoint
allende-meteorite,Meteorite Thin Section ALLENDE (CV3) - Stunning!!!,96,2014-02-23,,,WorthPoint
allende-meteorite,ALLENDE Meteorite Fragment Fell Feb 8 1969 In Mexico 1.8gr,24.99,2014-02-06,1.8,13.88,WorthPoint
allende-meteorite,Allende CV3 Carbonaceous Chondrite Meteorite - ALN-0024 - 0.83g Part Slice,16.6,2014-02-04,0.83,20,WorthPoint
allende-meteorite,Allende CV3 Carbonaceous Chondrite Meteorite - ALN-0023 - 0.63g Part Slice,12.6,2014-01-31,0.63,20,WorthPoint
allende-meteorite,"Meteorite! Witnessed Fall! Allende, Mexico - CV3 - 6.04g - CAI + Fusion Crust!!!",108,2014-01-12,6.04,17.88,WorthPoint
allende-meteorite,Allende - Carbonaceous Chondrite Meteorite From Mexico - 1.636 Grams,30,2014-01-09,1.636,18.34,WorthPoint
allende-meteorite,Huge Full Slice Of Nwa 1941 Meteorite 183 By 150mm,400,2014-01-05,,,WorthPoint
allende-meteorite,"Meteorite - Allende, 15g Individual",130.48,2014-01-04,15,8.7,WorthPoint
allende-meteorite,Allende CV3 Meteorite 1.90g Fresh Fragrant Carbonaceous Endcut,30,2014-01-04,1.9,15.79,WorthPoint
allende-meteorite,Allende CV3 Meteorite 0.43g Fresh Fragrant Carbonaceous Full Slice,15,2014-01-04,0.43,34.88,WorthPoint
allende-meteorite,Allende CV3 Meteorite 1.97g Fresh Fragrant Fragment W/ Large CAI,23,2014-01-04,1.97,11.68,WorthPoint
allende-meteorite,Huge Nearly Full Slice Of NWA 1774 R3.8-6 Meteorite 181 By 123mm! Last Big One!,2000,2014-01-02,,,WorthPoint
allende-meteorite,Huge Full Slice Of Nwa 801 CR2 Meteorite 130 By 67mm Fresh And Full Of NiFe!,1200,2013-12-31,,,WorthPoint
allende-meteorite,Untouched Allende Meteorite - 3.5 Grams,21.5,2013-12-22,3.5,6.14,WorthPoint
allende-meteorite,Allende CV3 Meteorite 0.37g Fresh Fragrant Carbonaceous Full Slice,10,2013-12-21,0.37,27.03,WorthPoint
allende-meteorite,Allende CV3 Meteorite 0.34g Fresh Fragrant Carbonaceous Full Slice,12,2013-12-19,0.34,35.29,WorthPoint
allende-meteorite,Huge Half Slice Of NWA 1232 Bicolor CO3 Meteorite 88 By 35mm! Biggest One I Have,600,2013-12-17,,,WorthPoint
allende-meteorite,Huge Quarter Slice Of Seymchan Pallasite Meteorite 213 By 135mm! 9 Inches Across,3000,2013-12-17,,,WorthPoint
allende-meteorite,Huge Full Slice Of Imilac Pallasite 87 By 50mm 100% Translucent,800,2013-12-16,,,WorthPoint
allende-meteorite,Allende CV3 Meteorite 2.16g Fresh Fusion Crusted Fragment W/ Large CAI,25,2013-12-15,2.16,11.57,WorthPoint
allende-meteorite,Allende CV3 Meteorite 7.26g Fresh Fragrant Fragment W/ Large CAI,62,2013-12-14,7.26,8.54,WorthPoint
allende-meteorite,Allende CV3 Meteorite 2.47g Fresh Fragrant Fragment W/ Large CAI,29,2013-12-14,2.47,11.74,WorthPoint
allende-meteorite,"Meteorite Allende. CV3 Nice End Cut 28,2 G",280,2013-12-08,2,140,WorthPoint
allende-meteorite,"Meteorite: 1969 Feb. 8, Allende, Mexico 1.7 Grams From Mark Bostick Collection",15,2013-12-08,1.7,8.82,WorthPoint
allende-meteorite,"Meteorite: 1969 Feb. 8, Allende, Mexico 1.3 Grams From Mark Bostick Collection",14.01,2013-12-07,1.3,10.78,WorthPoint
allende-meteorite,NWA 2086 CV3 0.61g Carbonaceous Chondrite Meteorite Polished Slice,15,2013-12-07,0.61,24.59,WorthPoint
allende-meteorite,Allende CV3 Meteorite 0.33g Fresh Fragrant Carbonaceous Full Slice,12,2013-12-07,0.33,36.36,WorthPoint
allende-meteorite,Allende CV3 Meteorite 0.68g Fresh Fragrant Carbonaceous Full Slice,19,2013-12-01,0.68,27.94,WorthPoint
allende-meteorite,NWA 2086 CV3 0.75g Carbonaceous Chondrite Meteorite Polished Slice,19.11,2013-11-30,0.75,25.48,WorthPoint
allende-meteorite,Huge Full Slice Of Nwa 869 189 By 100mm,300,2013-11-26,,,WorthPoint
allende-meteorite,Huge Full Slice Dhofar 008 H/L 3.2 Meteorite 86 By 43mm,600,2013-11-25,,,WorthPoint
allende-meteorite,HUGE Slice Of Nwa 2737 Chassignite Mars Meteorite 48 By 31mm! LAST ONE!!!,4000,2013-11-25,,,WorthPoint
allende-meteorite,Allende CV3 Meteorite 0.53g Fresh Fragrant Carbonaceous Full Slice,15,2013-11-25,0.53,28.3,WorthPoint
allende-meteorite,â˜…â˜† ALLENDE CV3 Meteorite Fresh Fragment 3.6 Grams,29,2013-11-24,3.6,8.06,WorthPoint
allende-meteorite,Allende Meteorite. 5.8 Gm Quarter-stone. Polished Faces. Nice Crust.,50,2013-11-23,5.8,8.62,WorthPoint
allende-meteorite,Allende CV3 Meteorite 2.35g Fresh Fusion Crusted Fragment W/ Large CAI,27,2013-11-23,2.35,11.49,WorthPoint
allende-meteorite,Allende CV3 Carbonaceous Chondrite Meteorite - ALN-0020 - 0.90g Part Slice,17.95,2013-11-22,0.9,19.94,WorthPoint
allende-meteorite,Allende Meteorite. 6.2 Gm Quarter-stone. Polished Faces. Nice Crust.,65,2013-11-18,6.2,10.48,WorthPoint
allende-meteorite,Allende CV3 Carbonaceous Chondrite Meteorite - ALN-0025 - 0.84g Part Slice,16.8,2013-11-18,0.84,20,WorthPoint
allende-meteorite,NWA 2086 CV3 7.14g Carbonaceous Chondrite Meteorite Fragment,95,2013-11-16,7.14,13.31,WorthPoint
allende-meteorite,NWA 2086 CV3 0.78g Carbonaceous Chondrite Meteorite Polished Slice,12,2013-11-16,0.78,15.38,WorthPoint
allende-meteorite,Allende CV3 Meteorite 3.63g Fresh Fragrant Fragment W/ Large CAI,28,2013-11-16,3.63,7.71,WorthPoint
allende-meteorite,Allende - Carbonaceous Chondrite Meteorite From Mexico - 2.282 Grams,40,2013-11-16,2.282,17.53,WorthPoint
allende-meteorite,Allende CV3 Meteorite 2.32g Fresh Fragrant Carbonaceous Full Slice,54,2013-11-14,2.32,23.28,WorthPoint
allende-meteorite,Allende Meteorite. 7.4 Gm Quarter-stone. Polished Faces. Nice Crust. Metal Bleb.,81,2013-11-13,7.4,10.95,WorthPoint
allende-meteorite,*** Meteorite Allende (CV3) - 3.78 G ***,43,2013-11-13,3.78,11.38,WorthPoint
allende-meteorite,ALLENDE Meteorite Fragment Fell Feb 8 1969 In Mexico .8 Gr,10.99,2013-11-12,8,1.37,WorthPoint
allende-meteorite,Untouched Allende Meteorite - 8.4 Grams,71,2013-11-10,8.4,8.45,WorthPoint
allende-meteorite,Allende CV3 Meteorite 3.34g Fresh Fragrant Fragment W/ Large CAI,26,2013-11-09,3.34,7.78,WorthPoint
allende-meteorite,Huge Full Slice Of NWA 978 R3.8 Meteorite 68 X 67mm!,400,2013-11-07,,,WorthPoint
allende-meteorite,Allende Meteorite. 9.1 Gm Quarter-stone. Polished Faces. Nice Crust. Metal Bleb.,93,2013-11-05,9.1,10.22,WorthPoint
allende-meteorite,Allende CV3 Meteorite 2.72g Fresh Fragrant Fragment W/ Large CAI,31,2013-11-02,2.72,11.4,WorthPoint
allende-meteorite,NWA 2086 CV3 3.04g Carbonaceous Chondrite Meteorite Polished Endcut,40,2013-11-01,3.04,13.16,WorthPoint
allende-meteorite,"Meteorite! Witnessed Fall! - Allende, Mexico - CV3 - 0.578g - Beautiful CAI",16,2013-10-28,0.578,27.68,WorthPoint
allende-meteorite,Allende CV3 Meteorite 0.92g Fresh Fragrant Carbonaceous Full Slice,21,2013-10-27,0.92,22.83,WorthPoint
allende-meteorite,Allende CV3 Meteorite 1.14g Fresh Fragrant Carbonaceous Full Slice,20.5,2013-10-26,1.14,17.98,WorthPoint
allende-meteorite,Nice Almost Black 1.1 Gr ALLENDE Meteorite Feb 8 1969 Fall Mexico,24.99,2013-10-26,1.1,22.72,WorthPoint
allende-meteorite,NWA 2086 CV3 0.92g Carbonaceous Chondrite Meteorite Polished Slice,21,2013-10-24,0.92,22.83,WorthPoint
allende-meteorite,Allende CV3 Meteorite 2.60g Fresh Fragrant Fragment W/ Large CAI,29,2013-10-22,2.6,11.15,WorthPoint
allende-meteorite,Allende CV3 Meteorite 6.53g Fresh Fragrant Fragment W/ Large CAI,38,2013-10-19,6.53,5.82,WorthPoint
allende-meteorite,Allende CV3 Meteorite 0.82g Fresh Fragrant Carbonaceous Full Slice,19,2013-10-19,0.82,23.17,WorthPoint
allende-meteorite,Allende Meteorite. 11.9 Gram Half Stone. Polished Face. Nice Crust.,185.5,2013-10-17,11.9,15.59,WorthPoint
allende-meteorite,*** Meteorite Allende (CV3) - 3.74 G ***,44,2013-10-17,3.74,11.76,WorthPoint
allende-meteorite,ALLENDE METEORITE RARE CV3 CARBONACEOUS 5.03gr POLISHED SLICE,40.5,2013-10-15,5.03,8.05,WorthPoint
allende-meteorite,NWA 2086 CV3 0.94g Carbonaceous Chondrite Meteorite Polished Slice,21,2013-10-15,0.94,22.34,WorthPoint
allende-meteorite,"Meteorite - Allende, 18.4g Partially Crusted CV3 Individual",142.5,2013-10-13,18.4,7.74,WorthPoint
allende-meteorite,"Chondrite CV3 / Mexico : ALLENDE Meteorite 15.9 Grams (fell Feb 8,1969)",100,2013-10-06,15.9,6.29,WorthPoint
allende-meteorite,Nice Almost Black 1.4 Gr ALLENDE Meteorite Feb 8 1969 Fall Mexico,22.99,2013-10-06,1.4,16.42,WorthPoint
allende-meteorite,"METEORITE Allende, Mexico, 1969 - Boxed Display Card",8.03,2013-10-03,,,WorthPoint
allende-meteorite,Allende CV3 Meteorite 6.91g Fresh Fragrant Fragment W/ Large CAI,54,2013-09-28,6.91,7.81,WorthPoint
allende-meteorite,ALLENDE Meteorite - CV3 3.88g - Ex-Fujihara Ex-Haag,55,2013-09-26,3.88,14.18,WorthPoint
allende-meteorite,"Axtell Meteorite CV3 ""THIN SECTION"" From Ron Hartman Collection!",135.5,2013-09-21,,,WorthPoint
allende-meteorite,Allende CV3 Meteorite 0.97g Fresh Fragrant Carbonaceous Full Slice,20,2013-09-21,0.97,20.62,WorthPoint
allende-meteorite,Allende CV3 Meteorite 4.06g Fresh Fusion Crusted Complete Individual,69,2013-09-21,4.06,17,WorthPoint
allende-meteorite,Allende CV3 Meteorite 2.44g Fresh Fragrant Carbonaceous Full Slice,39,2013-09-21,2.44,15.98,WorthPoint
allende-meteorite,Allende Meteorite. 12.5 Gram Quarter Stone. Two Polished Faces. Nice Crust.,129,2013-09-07,12.5,10.32,WorthPoint
allende-meteorite,NWA 2086 CV3 1.02g Carbonaceous Chondrite Meteorite Polished Slice,29.88,2013-09-07,1.02,29.29,WorthPoint
allende-meteorite,Allende CV3 Meteorite 6.74g Fresh Fusion Crusted Complete Individual,153,2013-09-02,6.74,22.7,WorthPoint
allende-meteorite,NWA 2086 CV3 1.08g Carbonaceous Chondrite Meteorite Polished Slice,22,2013-08-30,1.08,20.37,WorthPoint
allende-meteorite,Huge Full Slice Dhofar 125 Acapulcoite Meteorite 96 By 55mm,1300,2013-08-29,,,WorthPoint
allende-meteorite,Allende(CV3)Carbonaceous Chondrite Meteorite 17.4 Gram Specimen!!!,133.5,2013-08-28,17.4,7.67,WorthPoint
allende-meteorite,â˜…â˜†â˜… ALLENDE CV3 Meteorite Fresh Fragment 5.07 Grams,54,2013-08-28,5.07,10.65,WorthPoint
allende-meteorite,â˜…â˜†â˜… ALLENDE CV3 Meteorite Fresh Fragment 2.81 Grams,23,2013-08-25,2.81,8.19,WorthPoint
allende-meteorite,â˜…â˜†â˜… ALLENDE CV3 Meteorite Fresh Fragment 4.49 Grams,47,2013-08-21,4.49,10.47,WorthPoint
allende-meteorite,NWA 2086 CV3 0.88g Carbonaceous Chondrite Meteorite Polished Slice,15,2013-07-14,0.88,17.05,WorthPoint
allende-meteorite,Allende CV3 Meteorite 7.26g Fresh Fragrant Fragment,53,2013-07-13,7.26,7.3,WorthPoint
allende-meteorite,NWA 2086 CV3 1.20g Carbonaceous Chondrite Meteorite Polished Slice,21,2013-07-13,1.2,17.5,WorthPoint
allende-meteorite,Allende Meteorite. 12.3 Gram Half Stone. Polished Faces.,160,2013-07-12,12.3,13.01,WorthPoint
allende-meteorite,Allende Carbonaceous Chondrite Meteorite Fusion Crust Uncut Stone 17.72g 35mm,100,2013-07-09,17.72,5.64,WorthPoint
allende-meteorite,Allende Meteorite CV3 Carbonaceous Chondrite 31.85 Gram Mexico Fell Feb 8th 1969,275,2013-07-06,31.85,8.63,WorthPoint
allende-meteorite,NWA 2086 CV3 1.46g Carbonaceous Chondrite Meteorite Polished Slice,26.25,2013-07-06,1.46,17.98,WorthPoint
allende-meteorite,Allende CV3 Meteorite 2.52g Fresh Fragrant Carbonaceous Partial Slice,39,2013-07-06,2.52,15.48,WorthPoint
allende-meteorite,14.44gram ALLENDE -End Cut - RARE CARBONACEOUS METEORITE With CAI's,190.27,2013-07-05,14.44,13.18,WorthPoint
allende-meteorite,Allende CV3 Meteorite 1.98g Fresh Fragrant Fragment W/ Large CAI,15,2013-07-04,1.98,7.58,WorthPoint
allende-meteorite,Allende Meteorite. 8.6 Gram Quarter Stone. Two Polished Faces.,110,2013-07-02,8.6,12.79,WorthPoint
allende-meteorite,*** ALLENDE CV3 Nice CAI Meteorite Fresh Fragment 5.99 Grams,52.78,2013-06-30,5.99,8.81,WorthPoint
allende-meteorite,*** ALLENDE CV3 Meteorite Fresh Fragment 2.60 Grams,20,2013-06-30,2.6,7.69,WorthPoint
allende-meteorite,NWA 2086 CV3 1.41g Carbonaceous Chondrite Meteorite Polished Slice,25.06,2013-06-29,1.41,17.77,WorthPoint
allende-meteorite,Allende CV3 Meteorite 14.26g Fresh Fragrant Endcut Of A Carbonaceous Fall,175,2013-06-29,14.26,12.27,WorthPoint
allende-meteorite,Allende CV3 Meteorite 1.84g Fresh Fragrant Carbonaceous Partial Slice,37.11,2013-06-29,1.84,20.17,WorthPoint
allende-meteorite,Allende CV3 Meteorite 2.09g Fresh Fragrant Fragment W/ Large CAI,15.11,2013-06-29,2.09,7.23,WorthPoint
allende-meteorite,Cumberland Falls Aubrite Meteorite 6cm POLISHED SLICE!,2500,2013-06-28,,,WorthPoint
allende-meteorite,Allende Meteorite 39.5 Gram - Leonard Collection Markings - CV3 Carbonaceous,1000,2013-06-25,39.5,25.32,WorthPoint
allende-meteorite,Allende CV3 Meteorite 19.60g Fresh Fusion Crusted Endcut W/ Impact Markings,225,2013-06-22,19.6,11.48,WorthPoint
allende-meteorite,Allende CV3 Meteorite 2.29g Fresh Fragrant Carbonaceous Partial Slice,32,2013-06-22,2.29,13.97,WorthPoint
allende-meteorite,Allende CV3 Meteorite 1.87g Fresh Fragrant Fragment W/ Large CAI,10.5,2013-06-22,1.87,5.61,WorthPoint
allende-meteorite,Allende Meteorite. 7.7 Gram Quarter Stone. Two Polished Faces.,99,2013-06-22,7.7,12.86,WorthPoint
allende-meteorite,NWA 2086 CV3 1.06g Carbonaceous Chondrite Meteorite Polished Slice,19,2013-06-15,1.06,17.92,WorthPoint
allende-meteorite,Allende CV3 Meteorite 9.72g Fresh Fragrant Fragment,91,2013-06-15,9.72,9.36,WorthPoint
allende-meteorite,Observed Fall 1969 Allende Cv3 Carbonaceous Chondrite Meteorite Mexico 31,11.5,2013-06-12,,,WorthPoint
allende-meteorite,"Allende Meteorite CV3 Carbonaceous Chondrite 5.3 Gram Mexico Fell Feb. 8th, 1969",29.95,2013-06-08,5.3,5.65,WorthPoint
allende-meteorite,Allende CV3 Meteorite 1.93g Fresh Fusion Crusted Partial Slice,41,2013-06-08,1.93,21.24,WorthPoint
allende-meteorite,Allende Meteorite 1.8 G,18,2013-06-06,1.8,10,WorthPoint
allende-meteorite,"Meteorite: 1969 Feb. 8, Allende CV3.2 Ox, Chihuahua, Mexico 1.16 Grams",21,2013-06-05,1.16,18.1,WorthPoint
allende-meteorite,Huge Full Slice Of Seymchan Pallasite Meteorite 72 By 66mm!,59.99,2013-06-04,,,WorthPoint
allende-meteorite,Part Slice Of Seymchan Pallasite Meteorite 50 By 42mm!,38.65,2013-06-04,,,WorthPoint
allende-meteorite,Huge Full Slice Sahara 97093 EH3 Meteorite 90 By 55mm Rare CAI Inclusion!,1200,2013-05-31,,,WorthPoint
allende-meteorite,Huge Set Diff Erent Type RARE Meteorite Thin Section Slide NEW Quality 18 Slides,344,2013-05-25,,,WorthPoint
allende-meteorite,NWA 2086 CV3 1.34g Meteorite Strange Dual Lithology Polished Slice,17,2013-05-25,1.34,12.69,WorthPoint
allende-meteorite,NWA 2086 CV3 0.83g Meteorite Fresh Polished Slice W/ Awesome CAI,10,2013-05-25,0.83,12.05,WorthPoint
allende-meteorite,Allende CV3 Meteorite 2.80g Fresh Fusion Crusted Partial Slice,41,2013-05-25,2.8,14.64,WorthPoint
allende-meteorite,Allende - Carbonaceous Chondrite (CV3) Meteorite From Mexico - 1.809 Grams,22,2013-05-25,1.809,12.16,WorthPoint
allende-meteorite,"Allende Meteorite CV3 Carbonaceous Chondrite 5.2 Gram Mexico Fell Feb. 8th, 1969",49.95,2013-05-22,5.2,9.61,WorthPoint
allende-meteorite,Inclusions In The Allende Meteorite - Meteorites Asteroids Space Scarce 1st Ed,24.5,2013-05-20,,,WorthPoint
allende-meteorite,*** ALLENDE CV3 Meteorite Fresh Fragment 6.86 Grams,72,2013-05-13,6.86,10.5,WorthPoint
allende-meteorite,NWA 2086 CV3 4.25g Meteorite Fresh Polished Slice W/ Awesome CAI,67,2013-05-11,4.25,15.76,WorthPoint
allende-meteorite,Allende CV3 Meteorite 2.31g Fresh Fusion Crusted Partial Slice,35,2013-05-11,2.31,15.15,WorthPoint
allende-meteorite,Allende Meteorite Carbonaceous Chondrite Type III CV3 Acrylic PaperWeight,50,2013-05-09,,,WorthPoint
allende-meteorite,Nice Black ALLENDE Meteorite Fragment 3.0gr! Fell Feb 8 1969 In Mexico,59.99,2013-05-08,3,20,WorthPoint
allende-meteorite,Carancas Fragment And Assorted Dust Samples By Meteorite Men Steve,49,2013-05-08,,,WorthPoint
allende-meteorite,NWA 2086 CV3 1.58g Meteorite Fresh Polished Slice W/ Awesome CAI,25,2013-05-07,1.58,15.82,WorthPoint
allende-meteorite,NWA 5546 CV3 Carbonaceous Meteorite Like Allende 35.8g Slice 4/g!!,141,2013-04-26,35.8,3.94,WorthPoint
allende-meteorite,Allende Meteorite. 7.8 Gram Quarter Stone. Two Polished Faces.,115,2013-04-24,7.8,14.74,WorthPoint
allende-meteorite,*** ALLENDE CV3 Meteorite Fresh Fragment 7.23 Grams,73,2013-04-21,7.23,10.1,WorthPoint
allende-meteorite,*** ALLENDE CV3 Meteorite Fresh Fragment 3.78 Grams,34,2013-04-21,3.78,8.99,WorthPoint
allende-meteorite,Allende CV3 Meteorite 2.45g Fresh Fragrant Partial Slice,45,2013-04-20,2.45,18.37,WorthPoint
allende-meteorite,Allende CV3 Meteorite 4.53g Fresh Fragrant Fragment,47,2013-04-20,4.53,10.38,WorthPoint
allende-meteorite,Allende CV3 Meteorite 1.96g Fresh Fragrant Fragment,17,2013-04-20,1.96,8.67,WorthPoint
allende-meteorite,Meteorite Thin Section Allende (CV3),49.99,2013-04-17,,,WorthPoint
allende-meteorite,Allende Meteorite. Half Stone. 4.2 Grams. Good Fusion Crust.,81,2013-04-17,4.2,19.29,WorthPoint
allende-meteorite,HUGE Full Slice NWA 2650 Cumulate Eucrite Meteorite,800,2013-04-14,,,WorthPoint
allende-meteorite,Allende Meteorite Fragment - 1.56 Grams - CV3 Carbonaceous Chondrite,25,2013-04-13,1.56,16.03,WorthPoint
allende-meteorite,Allende CV3 Meteorite 3.03g Fresh Fusion Crusted Fragment,35,2013-04-13,3.03,11.55,WorthPoint
allende-meteorite,NWA 2086 CV3 1.41g Meteorite Fresh Polished Full Slice,25,2013-04-10,1.41,17.73,WorthPoint
allende-meteorite,Big ALLENDE Meteorite Carbonaceous Chondrite Meteorite FALL 185g CAI,2000,2013-04-07,185,10.81,WorthPoint
allende-meteorite,1.11 Gram Uncut Fragment Allende CAI Meteorite In A Free Glass Top Display Case,11,2013-04-06,1.11,9.91,WorthPoint
allende-meteorite,Allende CV3 Meteorite 2.30g Fresh Fragrant Partial Slice,35,2013-04-06,2.3,15.22,WorthPoint
allende-meteorite,Allende CV3 Meteorite 2.86g Fresh Fusion Crusted Fragment,35,2013-04-06,2.86,12.24,WorthPoint
allende-meteorite,Allende Meteorite. Half Stone. 4.5 Grams. Good Fusion Crust.,84,2013-04-05,4.5,18.67,WorthPoint
allende-meteorite,Mini Meteorite Collection -- Murchison -- 0.65grams -- & 15 Other Falls,61,2013-03-31,0.65,93.85,WorthPoint
allende-meteorite,*** ALLENDE W/ 3-D Chondrule! Meteorite Fresh Fragment 2.96 Grams,36,2013-03-31,2.96,12.16,WorthPoint
allende-meteorite,*** ALLENDE Meteorite Fresh Fragment 3.03 Grams,31,2013-03-31,3.03,10.23,WorthPoint
allende-meteorite,"NWA 2086 CV3 0.78g Meteorite Fresh Polished Full Slice, Huge Surface To Weight",17,2013-03-30,0.78,21.79,WorthPoint
allende-meteorite,"NWA 2086 CV3 0.68g Meteorite Fresh Polished Full Slice, Huge Surface To Weight",28,2013-03-30,0.68,41.18,WorthPoint
allende-meteorite,Allende CV3 Meteorite 2.17g Fresh Fragrant Partial Slice,33,2013-03-30,2.17,15.21,WorthPoint
allende-meteorite,Allende Meteorite. Half Stone. 8.7 Grams. Nice Crust.,122.5,2013-03-29,8.7,14.08,WorthPoint
allende-meteorite,"Meteorite! Witnessed Fall! - Allende, Mexico - CV3 - 3.19g - Beautiful",29,2013-03-26,3.19,9.09,WorthPoint
allende-meteorite,Meteorite! Allende - CV3 - 2.19g Fragment - Witnessed Fall!,19.5,2013-03-25,2.19,8.9,WorthPoint
allende-meteorite,Allende CV3 Meteorite 12.16g Fresh Fragrant Fragment,127,2013-03-23,12.16,10.44,WorthPoint
allende-meteorite,NWA 2086 CV3 1.44g Meteorite Fresh Polished Full Slice,20,2013-03-23,1.44,13.89,WorthPoint
allende-meteorite,Allende CV3 Meteorite 2.64g Fresh Fusion Crusted Partial Slice,49,2013-03-23,2.64,18.56,WorthPoint
allende-meteorite,Allende CV3 Meteorite 1.58g Fresh Fragrant Partial Slice,24,2013-03-23,1.58,15.19,WorthPoint
allende-meteorite,Allende Meteorite. Half Stone. 7.2 Grams. Nice Crust.,86,2013-03-23,7.2,11.94,WorthPoint
allende-meteorite,Allende CV3 Meteorite 1.92g Fresh Fragrant Fragment,25,2013-03-21,1.92,13.02,WorthPoint
allende-meteorite,Allende CV3 Meteorite 4.44g Fresh Fragrant Fragment,49,2013-03-21,4.44,11.04,WorthPoint
allende-meteorite,Tsarev Meteorite Chondrite Slice,13.57,2013-03-19,,,WorthPoint
allende-meteorite,Allende CV3 Meteorite 1.91g Fresh Fusion Crusted Fragment,23,2013-03-16,1.91,12.04,WorthPoint
allende-meteorite,"NWA 2086 CV3 0.68g Meteorite Polished Full Slice, Huge Surface To Weight Ratio",20,2013-03-10,0.68,29.41,WorthPoint
allende-meteorite,Allende CV3 Meteorite 10.58g Fresh Fragrant Fragment,115,2013-03-09,10.58,10.87,WorthPoint
allende-meteorite,Nice Almost Black 1.9 Gr ALLENDE Meteorite Fell Feb 8 1969 In Mexico,19.99,2013-03-08,1.9,10.52,WorthPoint
allende-meteorite,NWA 2086 CV3 1.53g Meteorite Fresh Polished Full Slice,28,2013-03-05,1.53,18.3,WorthPoint
allende-meteorite,*** ALLENDE Meteorite Fresh Fragment 2.74 Grams,28,2013-03-04,2.74,10.22,WorthPoint
allende-meteorite,Allende CV3 Meteorite 5.29g Fresh Fragrant Fragment,42,2013-03-02,5.29,7.94,WorthPoint
allende-meteorite,*** ALLENDE Meteorite Fresh Fragment 3.46 Grams,35,2013-03-02,3.46,10.12,WorthPoint
allende-meteorite,.745 Gram Uncut Fragment Allende CAI Meteorite In Free Plastic Top Display Case,10,2013-02-28,745,0.01,WorthPoint
allende-meteorite,NWA 5546 CV3 Carbonaceous Meteorite Like Allende 32.3 G Slice 4/g!!,129,2013-02-26,32.3,3.99,WorthPoint
allende-meteorite,Huge Half Slice Of Edmonson (b) Tx H4 Meteorite 157 By 118mm 180mm Across!,400,2013-02-23,,,WorthPoint
allende-meteorite,NWA 2086 CV3 0.89g Meteorite Fresh Polished Full Slice,20,2013-02-23,0.89,22.47,WorthPoint
allende-meteorite,NWA 2086 CV3 1.12g Meteorite Fresh Polished Full Slice W/ Large CAI Inclusion,20,2013-02-23,1.12,17.86,WorthPoint
allende-meteorite,Allende CV3 Meteorite 10.75g Fresh Fragrant Fragment,172.5,2013-02-23,10.75,16.05,WorthPoint
allende-meteorite,Allende CV3 Meteorite 2.49g Fresh Fusion Crusted Fragment W/ CAIs,20.5,2013-02-23,2.49,8.23,WorthPoint
allende-meteorite,Allende CV3 Meteorite 8.68g Fresh Fragrant Fragment,65,2013-02-22,8.68,7.49,WorthPoint
allende-meteorite,"The Allende Mexico Meteorite Shower Smithsonian Earth Sciences Feb 17, 1971 No 5",71,2013-02-21,,,WorthPoint
allende-meteorite,"Meteorite: 1969 Feb 8, Allende, Chihuahua, Mexico .70 Grams",17.75,2013-02-17,70,0.25,WorthPoint
allende-meteorite,Allende CV3 Carbonaceous Chondrite Meteorite Slice 14.6 Grams,112.5,2013-02-16,14.6,7.71,WorthPoint
allende-meteorite,NWA 2086 CV3 0.63g Meteorite Fresh Polished Full Slice W/ Strange Inclusion,20,2013-02-16,0.63,31.75,WorthPoint
allende-meteorite,Allende CV3 Meteorite 11.59g Fresh Fusion Crusted Fragment W/ CAIs,89,2013-02-16,11.59,7.68,WorthPoint
allende-meteorite,Allende CV3 Meteorite 6.05g Fresh Fusion Crusted Fragment W/ CAIs,48,2013-02-16,6.05,7.93,WorthPoint
allende-meteorite,Allende CV3 Meteorite 1.63g Fresh Fusion Crusted Fragment W/ CAIs,15,2013-02-16,1.63,9.2,WorthPoint
allende-meteorite,*** ALLENDE Meteorite Fusion Crust Fresh Fragment 3.66 Grams,37,2013-02-11,3.66,10.11,WorthPoint
allende-meteorite,"Meteorite: ALLENDE, Chihuahua, Mexico - Carbonaceous Chondrite CM3 (13.9g)",170,2013-02-10,13.9,12.23,WorthPoint
allende-meteorite,Allende CV3 Meteorite 11.43g Fresh Fragrant Fragment,82,2013-02-09,11.43,7.17,WorthPoint
allende-meteorite,ALLENDE CV3 METEORITE 4.5g BEAUTIFUL HUGE SLICE WITNESSED FALL 2-8-1969,49.99,2013-02-07,4.5,11.11,WorthPoint
allende-meteorite,Allende CV3 Meteorite 1.45g Fresh Fragrant Partial Slice,30,2013-02-04,1.45,20.69,WorthPoint
allende-meteorite,NWA 2086 CV3 1.43g Meteorite Fresh Polished Full Slice,26,2013-02-03,1.43,18.18,WorthPoint
allende-meteorite,Allende CV3 Meteorite 4.48g Fresh Fragrant Fragment,36,2013-02-02,4.48,8.04,WorthPoint
allende-meteorite,NWA 2086 CV3 1.89g Meteorite Fresh Fragment,15,2013-02-02,1.89,7.94,WorthPoint
allende-meteorite,Allende CV3 22.41g Haag Provenance Fusion Crusted Endcut Meteorite,299,2013-01-31,22.41,13.34,WorthPoint
allende-meteorite,.331 Gram Uncut Fragment Allende CAI Meteorite In A Free Glass Top Display Case,10.5,2013-01-29,331,0.03,WorthPoint
allende-meteorite,Allende CV3 Meteorite 2.39g Fresh Fragrant Partial Slice,35,2013-01-27,2.39,14.64,WorthPoint
allende-meteorite,Allende CV3 Meteorite 0.77g Fresh Fusion Crusted Endcut,15,2013-01-27,0.77,19.48,WorthPoint
allende-meteorite,Allende CV3 Meteorite 4.42g Fresh Fragrant Fragment,32,2013-01-26,4.42,7.24,WorthPoint
allende-meteorite,NWA 2086 CV3 3.93g Meteorite Fresh Fragment,30,2013-01-26,3.93,7.63,WorthPoint
allende-meteorite,Allende CV3 Meteorite 6.53g Fresh Fragrant Endcut,83,2013-01-26,6.53,12.71,WorthPoint
allende-meteorite,Allende CV3 Meteorite 7.49g Fresh Fragrant Fragment,44,2013-01-26,7.49,5.87,WorthPoint
allende-meteorite,Allende Cv3 Meteorite From Mexico (#c5218),16.27,2013-01-24,,,WorthPoint
allende-meteorite,Huge Set Diff Types RARE Meteorite Thin Section Slide NEW Quality BEST OFFER 20p,1500,2013-01-24,,,WorthPoint
allende-meteorite,Allende CV3 Carbonaceous Chondrite Meteorite Slice Fresh 4.5G,36,2013-01-22,4.5,8,WorthPoint
allende-meteorite,Allende CV3 Meteorite 3.21g Fresh Fragrant Fragment,25,2013-01-19,3.21,7.79,WorthPoint
allende-meteorite,Allende CV3 Meteorite 7.30g Fresh Fragrant Fragment,44,2013-01-19,7.3,6.03,WorthPoint
allende-meteorite,Allende CV3 Meteorite 1.73g Fresh Fragrant Fragment,15,2013-01-19,1.73,8.67,WorthPoint
allende-meteorite,Allende Meteorite Fragment - 2.40 Grams - CV3 Carbonaceous Chondrite,30,2013-01-14,2.4,12.5,WorthPoint
allende-meteorite,Allende CV3 Meteorite 16.84g Fresh Fragment W/ CAIs,115,2013-01-14,16.84,6.83,WorthPoint
allende-meteorite,HUGE Full Slice NWA 2129 CK4 Meteorite,800,2013-01-13,,,WorthPoint
allende-meteorite,Carbonaceous Chondrite Meteorite Pueblito De Allende Mexico,58,2013-01-12,,,WorthPoint
allende-meteorite,NWA 2086 CV3 3.22g Meteorite Fresh Polished Full Slice,55,2013-01-12,3.22,17.08,WorthPoint
allende-meteorite,Allende CV3 Meteorite 16.53g Fresh Fusion Crusted Fragment W/ CAIs,100,2013-01-12,16.53,6.05,WorthPoint
allende-meteorite,TSAREV METEORITE CHONDRITE (L5) NICE SMALL INDIVIDUAL SAMPLE 127g,254,2013-01-09,127,2,WorthPoint
allende-meteorite,Allende CV3 Meteorite 1.99g Fresh Fragrant Partial Slice W/ Large Inclusion,39,2013-01-05,1.99,19.6,WorthPoint
allende-meteorite,NWA 2086 CV3 1.37g Meteorite Fresh Polished Full Slice,25,2013-01-05,1.37,18.25,WorthPoint
allende-meteorite,Allende CV3 Meteorite 1.78g Fresh Fragrant Partial Slice W/ Large Inclusion,29,2013-01-05,1.78,16.29,WorthPoint
allende-meteorite,Allende CV3 Meteorite 5.45g Fresh Fragrant Fragment,34,2013-01-05,5.45,6.24,WorthPoint
allende-meteorite,NWA 2086 CV3 2.43g Meteorite Fresh Polished Full Slice,39,2013-01-04,2.43,16.05,WorthPoint
allende-meteorite,Allende Meteorite Endcut - 14.4 Grams - CV3 Carbonaceous Chondrite,300,2013-01-04,14.4,20.83,WorthPoint
allende-meteorite,"Meteorite ALLENDE, Carboneceous Chondrite Type CV3.2, Fell 1969",16.66,2013-01-02,,,WorthPoint
allende-meteorite,Allende CV3 Meteorite 17.45g Fresh Fusion Crusted Fragment W/ CAIs,125,2012-12-30,17.45,7.16,WorthPoint
allende-meteorite,Allende CV3 Meteorite 1.22g Fresh Fragrant Fragment,10,2012-12-29,1.22,8.2,WorthPoint
allende-meteorite,"Superb 8.46 Gram AAA++ ALLENDE CV3 (S1,W0) Stone Meteorite (Mexico) Hit-1969",135,2012-12-26,8.46,15.96,WorthPoint
allende-meteorite,Allende CV3 Meteorite 1.88g Fresh Fragrant Partial Slice,38,2012-12-25,1.88,20.21,WorthPoint
allende-meteorite,NWA 2086 CV3 2.64g Meteorite Fresh Polished Full Slice,45,2012-12-25,2.64,17.05,WorthPoint
allende-meteorite,NWA 1232 Bicolor CO3 Meteorite Aqueous Alteration,600,2012-12-24,,,WorthPoint
allende-meteorite,Allende CV3 Meteorite 1.13g Fresh Fragrant Fragment W/ Huge CAIs,15,2012-12-22,1.13,13.27,WorthPoint
allende-meteorite,Allende CV3 Meteorite 7.03g Fresh Fragrant Fragment,59,2012-12-22,7.03,8.39,WorthPoint
allende-meteorite,Allende Meteorite UCLA Leonard Collection #LC 857 W/Card 98.9g! Orientation Lip!,1100,2012-12-17,98.9,11.12,WorthPoint
allende-meteorite,Allende CV3 Meteorite 1.79g Fresh Fragrant Partial Slice,35,2012-12-17,1.79,19.55,WorthPoint
allende-meteorite,Untouched Allende Meteorite - 2.3 Grams,17.16,2012-12-16,2.3,7.46,WorthPoint
allende-meteorite,Allende Meteorite Fragment --ultra Rare- A Classic Fall!,12.9,2012-12-16,,,WorthPoint
allende-meteorite,Allende CV3 Meteorite 1.16g Fresh Fragrant Fragment,10,2012-12-15,1.16,8.62,WorthPoint
allende-meteorite,Allende CV3 Meteorite 2.26g Fresh Fusion Crusted Fragment W/ CAIs,25,2012-12-15,2.26,11.06,WorthPoint
allende-meteorite,Allende CV3 Meteorite 0.87g Fresh Fragrant Fragment,10.5,2012-12-15,0.87,12.07,WorthPoint
allende-meteorite,NWA 5546 CV3 Carbonaceous Meteorite Like Allende 10.3 G Slice 4/g!!,42.4,2012-12-14,10.3,4.12,WorthPoint
allende-meteorite,*** ALLENDE Meteorite Fresh Fragment CAI 1.89 Grams,19,2012-12-12,1.89,10.05,WorthPoint
allende-meteorite,Allende CV3 Meteorite 12.88g Fresh Fragrant Fragment,115,2012-12-11,12.88,8.93,WorthPoint
allende-meteorite,Allende CV3 Meteorite 2.04g Fresh Fragrant Partial Slice,38,2012-12-08,2.04,18.63,WorthPoint
allende-meteorite,NWA 2086 CV3 2.99g Meteorite Fresh Polished Full Slice,66,2012-12-08,2.99,22.07,WorthPoint
allende-meteorite,Allende CV3 Meteorite 1.74g Fresh Fragrant Partial Slice,27,2012-12-08,1.74,15.52,WorthPoint
allende-meteorite,Allende CV3 Meteorite 5.12g Fresh Fragrant Fragment,43,2012-12-08,5.12,8.4,WorthPoint
allende-meteorite,Allende Meteorite Fragment - 1.64 Grams - CV3 Carbonaceous Chondrite,20,2012-12-08,1.64,12.2,WorthPoint
allende-meteorite,"Very Rare Villalbeto De La PeÃ±a, Spain, Witnessed 2004 Meteorite Fall NZZX9L",19.95,2012-12-06,,,WorthPoint
allende-meteorite,"A Meteorite Sample 1969 Cv3 From Allende Mexico, Boxed",25.63,2012-12-02,,,WorthPoint
allende-meteorite,ALLENDE Meteorite Fragment Fell Feb 8 1969 In Mexico .7 Gr,10.99,2012-11-29,7,1.57,WorthPoint
allende-meteorite,ALLENDE Meteorite Carbonaceous Chondrite Meteorite FALL 4.6g CAI,49.99,2012-11-26,4.6,10.87,WorthPoint
allende-meteorite,Allende CV3 Meteorite 3.55g Fresh Fragrant Fragment,32,2012-11-25,3.55,9.01,WorthPoint
allende-meteorite,Allende CV3 57.19g Haag Provenance Fusion Crusted Individual Meteorite,630,2012-11-20,57.19,11.02,WorthPoint
allende-meteorite,Allende CV3 Meteorite 0.85g Fresh Fragrant Partial Slice,31,2012-11-17,0.85,36.47,WorthPoint
allende-meteorite,Four Allende Meteorite Fragments Fell Feb 8 1969 In Mexico 1.9 Gr With Case,29.99,2012-11-13,1.9,15.78,WorthPoint
allende-meteorite,Allende CV3 2.35g Haag Provenance Fusion Crusted Individual Meteorite,33,2012-11-10,2.35,14.04,WorthPoint
allende-meteorite,Allende Meteorite Fragment - 2.08 Grams - CV3 Carbonaceous Chondrite,22,2012-11-05,2.08,10.58,WorthPoint
allende-meteorite,"Allende Meteorite,Mexico Oriented With 80% Crust Oriened Lipping Ex Big Kahuna",150,2012-10-27,,,WorthPoint
allende-meteorite,Huge Full Slice Of NWA 2137 LL3.7 Meteorite 197 By 170mm,1000,2012-10-27,,,WorthPoint
allende-meteorite,Huge Full Slice Of Wellman (f) Texas Meteorite 210 By 140mm,1000,2012-10-27,,,WorthPoint
allende-meteorite,One Of The Most Spectacular CV3 Meteorite Slices Ever Offered! 23cm Across!,3000,2012-10-26,,,WorthPoint
allende-meteorite,Allende Mexico Meteorite Slice Class: (CV3) 1.3 Grams In Small Display Box,17.19,2012-10-22,1.3,13.22,WorthPoint
allende-meteorite,Allende Meteorite - Containing The Oldest Matter Mankind Can Touch...true Stardust,5000,2012-10-14,,,WorthPoint
allende-meteorite,Allende Meteorite - The Oldest Matter On Earth In One Of The Largest Complete Slices Of The World''s Most Studied Meteorite,20000,2012-10-14,,,WorthPoint
allende-meteorite,Allende CV3 5.65g Haag Provenance Fusion Crusted Individual Meteorite,85,2012-10-13,5.65,15.04,WorthPoint
allende-meteorite,Allende CV3 Meteorite 1.09g Fresh Fragrant Partial Slice,20,2012-10-12,1.09,18.35,WorthPoint
allende-meteorite,*** ALLENDE Meteorite Fresh Fragment CAI 5.68 Grams,49,2012-10-02,5.68,8.63,WorthPoint
allende-meteorite,NWA 2086 CV3 1.70g Meteorite Fresh Polished Endcut,30,2012-10-01,1.7,17.65,WorthPoint
allende-meteorite,NWA 2086 CV3 2.37g Meteorite Fresh Polished Full Slice,43,2012-10-01,2.37,18.14,WorthPoint
allende-meteorite,Allende CV3 Meteorite 0.53g Fresh Fragrant Partial Slice,15.35,2012-09-22,0.53,28.96,WorthPoint
allende-meteorite,Allende CV3 Meteorite 5.96g Fresh Fragrant Fragment,39,2012-09-15,5.96,6.54,WorthPoint
allende-meteorite,Allende CV3 Carbonaceous Meteorite: 4.8 Gram Fragment,51.58,2012-09-01,4.8,10.75,WorthPoint
allende-meteorite,Allende CV3 Meteorite 2.92g Fresh Fusion Crusted Slice,45,2012-08-25,2.92,15.41,WorthPoint
allende-meteorite,Allende Meteorite Fragment - 2.81 Grams - CV3 Carbonaceous Chondrite,20,2012-08-23,2.81,7.12,WorthPoint
allende-meteorite,Allende CV3 Meteorite 13.23g Fresh Fusion Crusted Individual,135,2012-08-18,13.23,10.2,WorthPoint
allende-meteorite,Allende CV3 Meteorite 7.41g Fresh Fusion Crusted Slice,99,2012-08-18,7.41,13.36,WorthPoint
allende-meteorite,Allende Meteorite Fragment - 2.46 Grams - CV3 Carbonaceous Chondrite,18,2012-08-12,2.46,7.32,WorthPoint
allende-meteorite,*** ALLENDE Meteorite Fresh Fragment W/ Big CAI 5.4 Grams,54,2012-08-11,5.4,10,WorthPoint
allende-meteorite,NWA 2086 CV3 0.90g Meteorite Fresh Full Slice,20.59,2012-07-21,0.9,22.88,WorthPoint
allende-meteorite,Allende CV3 Meteorite 3.35g Fresh Fusion Crusted Fragment,25,2012-07-21,3.35,7.46,WorthPoint
allende-meteorite,Huge Full Slice NWA 4502 CV3 Meteorite 121 Mm Across!,600,2012-07-18,,,WorthPoint
allende-meteorite,Allende CV3 Meteorite 1.21g Fresh Fusion Crusted Slice,25,2012-07-15,1.21,20.66,WorthPoint
allende-meteorite,Allende CV3 Meteorite 6.31g Fresh Fragrant Fragment,40,2012-07-14,6.31,6.34,WorthPoint
allende-meteorite,Allende Meteorite UCLA Leonard Collection #LC 852 W/ Card 109.6g! Last One!,1320,2012-07-07,109.6,12.04,WorthPoint
allende-meteorite,"Meteorite ALLENDE, Contains Oldest Solar System Mineral",17.11,2012-07-05,,,WorthPoint
allende-meteorite,"Meteorite: 1969 Feb 8, Allende Mexico CV3.2 Ox 1.23 G",13.49,2012-07-05,1.23,10.97,WorthPoint
allende-meteorite,Allende CV3 Meteorite 2.90g Fresh Fusion Crusted Fragment,30,2012-07-01,2.9,10.34,WorthPoint
allende-meteorite,Nice Almost Black 1.3 Gr ALLENDE Meteorite Fell Feb 8 1969 In Mexico,20.99,2012-06-30,1.3,16.15,WorthPoint
allende-meteorite,Allende CV3 Meteorite 6.66g Fresh Fusion Crusted Fragment,56,2012-06-30,6.66,8.41,WorthPoint
allende-meteorite,Allende Meteorite Fragment 1.747 Grams!,19,2012-06-28,1.747,10.88,WorthPoint
allende-meteorite,Allende CV3 Meteorite 1.78g Fresh Fusion Crusted Fragment,18,2012-06-28,1.78,10.11,WorthPoint
allende-meteorite,Nice Almost Black 4.6 Gr ALLENDE Meteorite Feb 8 1969 Fall Mexico,49.99,2012-06-28,4.6,10.87,WorthPoint
allende-meteorite,Huge Full Slice Of NWA 869 Meteorite 184 By 100mm,300,2012-06-28,,,WorthPoint
allende-meteorite,"Villalbeto De La Pena, SPAIN, Witnessed Fall In 2004 -VERY RARE- VILL09",85,2012-06-26,,,WorthPoint
allende-meteorite,ALLENDE Meteorite 10 Grams,115,2012-06-20,10,11.5,WorthPoint
allende-meteorite,Allende CV3 Meteorite 1.75g Fresh Fragrant Slice,30,2012-06-16,1.75,17.14,WorthPoint
allende-meteorite,NWA 2086 CV3 2.21g Meteorite Fresh Full Slice,25,2012-06-09,2.21,11.31,WorthPoint
allende-meteorite,Allende Meteorites UCLA Leonard Collection #LC496 W/Card&Case 3pcs 50g Total!,550,2012-06-08,50,11,WorthPoint
allende-meteorite,Allende Meteorite Fragment --ultra Rare- A Classic Fall! -,8.05,2012-05-12,,,WorthPoint
allende-meteorite,Untouched Allende Meteorite - 1.9 Grams,16.17,2012-04-22,1.9,8.51,WorthPoint
allende-meteorite,"Meteorite ALLENDE CV3.2 - Mexico, Fell 1969, 1.1 G - Nice!",12.01,2012-04-22,1.1,10.92,WorthPoint
allende-meteorite,Imilac Pallasite Meteorite W/ 100% Translucent Olivines - 87 By 50mm,800,2012-04-22,,,WorthPoint
allende-meteorite,Allende CV3 Meteorite 2.57g Fresh Fragrant Slice,26,2012-04-21,2.57,10.12,WorthPoint
allende-meteorite,Allende CV3 Meteorite 3.29g Fresh Fragrant Fragment,21.5,2012-04-21,3.29,6.53,WorthPoint
allende-meteorite,NWA 2086 CV3 2.19g Meteorite Fresh Full Slice W/ CAIs,13,2012-04-21,2.19,5.94,WorthPoint
allende-meteorite,Allende CV3 Meteorite 14.68g Fresh Fragrant Fragment,110,2012-04-21,14.68,7.49,WorthPoint
allende-meteorite,Allende CV3 Meteorite 3.18g Fresh Fragrant Fragment,28,2012-04-21,3.18,8.81,WorthPoint
allende-meteorite,NWA 2086 CV3 2.23g Meteorite Full Slice W/ CAIs,36,2012-04-20,2.23,16.14,WorthPoint
allende-meteorite,"Allende Meteorite Smithsonian Report 1971, 1982, 1987",25.95,2012-04-18,,,WorthPoint
allende-meteorite,Allende CV3 Meteorite 0.90g Fresh Small Slice In Case,18,2012-04-15,0.9,20,WorthPoint
allende-meteorite,Meteorite Thin Section ALLENDE (CV3) - Stunning!,152.5,2012-04-15,,,WorthPoint
allende-meteorite,"Full Slice Of Santa Vitoria Do Palmar, Brazil Meteorite 193x154mm",1100,2012-04-15,,,WorthPoint
allende-meteorite,Allende CV3 Carbonaceous Meteorite: 3.8 Gram Fragment,11.02,2012-04-14,3.8,2.9,WorthPoint
allende-meteorite,Allende CV3 Meteorite 3.45g Fresh Fragrant Slice,36,2012-04-14,3.45,10.43,WorthPoint
allende-meteorite,Allende CV3 Meteorite 20.17g Fresh Crusted Fragment W/ Dark Inclusion,400,2012-04-10,20.17,19.83,WorthPoint
allende-meteorite,NWA 2086 CV3 2.53g Meteorite Full Slice W/ CAIs,36,2012-04-07,2.53,14.23,WorthPoint
allende-meteorite,Allende CV3 Meteorite 2.26g Fresh Crusted Slice In Case,32.5,2012-04-07,2.26,14.38,WorthPoint
allende-meteorite,Allende CV3 Meteorite 2.56g Fresh Fragrant Fragment,17,2012-04-07,2.56,6.64,WorthPoint
allende-meteorite,Allende CV3 Meteorite 3.63g Fresh Fragrant Slice In Case,38,2012-03-31,3.63,10.47,WorthPoint
allende-meteorite,Allende CV3 Meteorite 1.15g Fresh Crusted Slice In Case,19.49,2012-03-31,1.15,16.95,WorthPoint
allende-meteorite,Allende CV3 Meteorite 2.21g Fresh Fragrant Fragment,15.5,2012-03-31,2.21,7.01,WorthPoint
allende-meteorite,Meteorite Starter Collection 2 - Inc Rare Classes And Lunar,25.55,2012-03-28,,,WorthPoint
allende-meteorite,NWA 2086 CV3 2.83g Carbonaceous Chondrite Meteorite Full Slice,47,2012-03-21,2.83,16.61,WorthPoint
allende-meteorite,Allende Meteorite Historic Fall CV3 Carbonaceous 24g Fresh With Large CAI (ASU),360,2012-03-18,24,15,WorthPoint
allende-meteorite,Allende Meteorite Fragment --ultra Rare- A Classic Fall! - Largest Piece,15.24,2012-03-06,,,WorthPoint
allende-meteorite,Allende CV3 Carbonaceous Meteorite: 8.3 Gram Fragment,68.75,2012-01-03,8.3,8.28,WorthPoint
allende-meteorite,Allende CV3 Meteorite 0.50g Fresh Fragrant Slice In Case,10,2012-01-02,0.5,20,WorthPoint
allende-meteorite,ALLENDE: Carbonaceous Chondrite Meteorite,2000,2011-12-30,,,WorthPoint
allende-meteorite,Allende CV3 Meteorite 2.26g Fresh Fragrant Fragment,20,2011-12-28,2.26,8.85,WorthPoint
allende-meteorite,METEORITE- Carbonaceous Fall From Mexico-ALLENDE - CV3 -Pristine Material- 1.05g,12.6,2011-12-26,1.05,12,WorthPoint
allende-meteorite,Allende CV3 Meteorite 2.23g Fresh Fragrant Slice In Case,27,2011-12-24,2.23,12.11,WorthPoint
allende-meteorite,Allende CV3 Meteorite 50.44g Lot Of Fresh Fragrant Fragments,300,2011-12-24,50.44,5.95,WorthPoint
allende-meteorite,Allende Meteorite Fragment 2.973 Grams!,31,2011-12-24,2.973,10.43,WorthPoint
allende-meteorite,NWA 2086 CV3 2.34g Meteorite Full Slice W/ Crazy Inclusion,25,2011-12-21,2.34,10.68,WorthPoint
allende-meteorite,Allende Carbonaceous Meteorite Slice - 12.7 Grams,150,2011-12-20,12.7,11.81,WorthPoint
allende-meteorite,Allende CV3 Meteorite 4.28g Fresh Fragrant Fragment,30,2011-12-17,4.28,7.01,WorthPoint
allende-meteorite,Allende CV3 Meteorite 1.97g Fresh Fragrant Fragment,10,2011-12-17,1.97,5.08,WorthPoint
allende-meteorite,*** ZAG Meteorite H3-6 Regolith Breccia - 7.8 Grams,19,2011-12-14,7.8,2.44,WorthPoint
allende-meteorite,Allende Mexico CV3.2 Ox Meteorite 12 Grams,108.6,2011-12-13,12,9.05,WorthPoint
allende-meteorite,Seymchan Pallasite Meteorite 100% Translucent Olivine Slice 63 By 44mm,126,2011-12-11,,,WorthPoint
allende-meteorite,Allende CV3 Meteorite 5.43g Fresh Crusted Endcut,66,2011-12-10,5.43,12.15,WorthPoint
allende-meteorite,Nwa 3118 CV3 Meteorite Slice 70 By 62mm,85,2011-12-09,,,WorthPoint
allende-meteorite,"NWA 2651 Uerilite Translucent ""pallasite Like Ureilite",500,2011-12-08,,,WorthPoint
allende-meteorite,HUGE Full Slice NWA 1929 Howardite Meteorite,600,2011-12-08,,,WorthPoint
allende-meteorite,Seymchan Siderite Meteorite Slice 50 By 50mm,10.5,2011-12-08,,,WorthPoint
allende-meteorite,Dhofar 485 Howardite Meteorite Slice With Great Shock Veins 62 By 55mm,56,2011-12-08,,,WorthPoint
allende-meteorite,Fully Translucent Seymchan Pallasite Slice 128 By 101mm - Looks Like IMILAC!,326.5,2011-12-08,,,WorthPoint
allende-meteorite,Imilac Pallasite Meteorite W/ 100% Translucent Olivines,190.27,2011-12-08,,,WorthPoint
allende-meteorite,"*** ALLENDE Meteorite ""Fresh"" Material With A Nice CAI Crust Ex. ASU 1.9 Grams",20,2011-12-07,1.9,10.53,WorthPoint
allende-meteorite,NWA 3118 CV3 Carbonaceous Meteorite Slice HUGE CAIs,600,2011-12-07,,,WorthPoint
allende-meteorite,"*** ALLENDE Meteorite ""Fresh"" Material With A Nice CAI - Ex. ASU 3.69 Grams",37,2011-12-06,3.69,10.03,WorthPoint
allende-meteorite,HUGE Nwa 4024 Winonaite Meteorite Etched Slice - 18cm!,2500,2011-12-05,,,WorthPoint
allende-meteorite,Huge Full Slice Of NWA 1941 Meteorite 170 By 145mm,300,2011-12-04,,,WorthPoint
allende-meteorite,Huge Full Slice Of Zag H3-6 Meteorite 180 By 107mm,300,2011-12-04,,,WorthPoint
allende-meteorite,Allende CV3 Meteorite 1.83g Fresh Fragrant Slice In Case,22,2011-12-03,1.83,12.02,WorthPoint
allende-meteorite,NWA 2086 CV3 2.22g Meteorite Full Slice W/ CAIs,20,2011-12-03,2.22,9.01,WorthPoint
allende-meteorite,Rare Carbonaceous Meteorite Allende (CV3) From Mexico,85,2011-09-15,,,WorthPoint
allende-meteorite,"Meteorite Allende, Mexico 1969 CV3 3.14g Witnessed Fall",40,2011-07-31,3.14,12.74,WorthPoint
allende-meteorite,Allende CV3 Meteorite 4.85g Fresh Crusted Slice In Case,62,2011-07-23,4.85,12.78,WorthPoint
allende-meteorite,Allende CV3 Meteorite 2.14g Fresh Small Slice In Case,25,2011-07-19,2.14,11.68,WorthPoint
allende-meteorite,Allende Carbonaceous Meteorite Slice - 25.0 Grams,200,2011-07-17,25,8,WorthPoint
allende-meteorite,Allende CV3 Meteorite 1.10g Fresh Crusted Fragment,12,2011-07-17,1.1,10.91,WorthPoint
allende-meteorite,Allende CV3 Meteorite 2.74g Fresh Fragment,25,2011-07-10,2.74,9.12,WorthPoint
allende-meteorite,Allende CV3 Meteorite 6.09g Fresh Crusted Slice In Case,58,2011-07-09,6.09,9.52,WorthPoint
allende-meteorite,Allende CV3 Meteorite 1.89g Fresh Small Slice In Case,22.5,2011-07-09,1.89,11.9,WorthPoint
allende-meteorite,Allende CV3 Meteorite 0.96g Fresh Crusted Fragment,10.5,2011-07-09,0.96,10.94,WorthPoint
allende-meteorite,Meteorite- Allende (1/2 Individual) 1969 Fall - 9.33 G,69.99,2011-07-02,9.33,7.5,WorthPoint
allende-meteorite,Allende CV3 Meteorite 5.13g Fresh Crusted Slice In Case,49,2011-07-02,5.13,9.55,WorthPoint
allende-meteorite,"ALLENDE Rare Meteorite, 2.6 Grams",30.89,2011-07-02,2.6,11.88,WorthPoint
allende-meteorite,Allende CV3 Meteorite 1.63g Fresh Slice In Case,20,2011-07-02,1.63,12.27,WorthPoint
allende-meteorite,Esquel Allende Henbury 3 Meteorite Lot 14g 12g 97g,425,2011-06-21,14,30.36,WorthPoint
allende-meteorite,Allende CV3 Meteorite 4.12g Fresh Small Slice In Case,45,2011-06-21,4.12,10.92,WorthPoint
allende-meteorite,Allende CV3 Meteorite Thin Section Slide,80,2011-06-18,,,WorthPoint
allende-meteorite,Allende CV3 Meteorite 2.65g Fresh Crusted Fragment,25,2011-06-18,2.65,9.43,WorthPoint
allende-meteorite,Allende CV3 Meteorite 5.89g Fresh Crusted Slice In Cas,56,2011-06-18,5.89,9.51,WorthPoint
allende-meteorite,HUGE 19cm Across Full Slice Of NWA 869 Meteorite,167.5,2011-06-13,,,WorthPoint
allende-meteorite,NWA 2086 CV3 20.01g Polished Meteorite Endcut,125,2011-06-11,20.01,6.25,WorthPoint
allende-meteorite,NWA 2086 CV3 4.23g Polished Meteorite Endcut,27,2011-06-04,4.23,6.38,WorthPoint
allende-meteorite,Allende CV3 Meteorite 1.53g Fresh Crusted Fragment,12.5,2011-06-04,1.53,8.17,WorthPoint
allende-meteorite,Allende CV3 Meteorite 2.51g Fresh Crusted Slice In Case,30,2011-05-28,2.51,11.95,WorthPoint
allende-meteorite,Meteorite 205.45 Carats Â£.99 No Reserve!!!!!!,5.23,2011-05-27,,,WorthPoint
allende-meteorite,Thin Section - Meteorite Allende Carbonaceous CV3,56.26,2011-05-24,,,WorthPoint
allende-meteorite,Allende CV3 Meteorite 11.21g Fresh Crusted Cornercut,100,2011-05-16,11.21,8.92,WorthPoint
allende-meteorite,Allende CV3 Meteorite 1.78g Fresh Crusted Fragment,17,2011-05-16,1.78,9.55,WorthPoint
allende-meteorite,Meteorite 139.65 Carats Â£.99 No Reserve!!!!!!,5.19,2011-05-14,,,WorthPoint
allende-meteorite,ALLENDE CV3 METEORITE 3g. FUSION CRUSTED WITH CAI'S,36.99,2011-05-13,3,12.33,WorthPoint
allende-meteorite,Full Slice DHO 735 Anomalous CM2 Meteorite MCC Group,600,2011-05-12,,,WorthPoint
allende-meteorite,ALLENDE CV3 METEORITE 21.6g. FUSION CRUSTED Ex/HAAG,219.99,2011-05-08,21.6,10.18,WorthPoint
allende-meteorite,Meteorite CV3 Partslice --most Studied Meteorite 1631mg,30.88,2011-05-08,,,WorthPoint
allende-meteorite,Allende CV3 Meteorite 2.07g Fresh Crusted Fragment,15.5,2011-05-07,2.07,7.49,WorthPoint
allende-meteorite,Allende CV3 Meteorite 10.67g Fresh Slice In Case,95,2011-05-06,10.67,8.9,WorthPoint
allende-meteorite,Allende Stone Meteorite Cv3: Beautiful Crust; 296 Gram,2969.95,2011-05-05,296,10.03,WorthPoint
allende-meteorite,NWA 2086 CV3 6.03g Polished Meteorite Slice,48,2011-05-02,6.03,7.96,WorthPoint
allende-meteorite,Allende CV3 Meteorite 5.16g Fresh Small Slice In Case,49,2011-04-30,5.16,9.5,WorthPoint
allende-meteorite,Allende CV3 Meteorite 5.32g Fresh Small Slice In Case,47,2011-04-30,5.32,8.83,WorthPoint
allende-meteorite,"Meteorite ALLENDE Carbonaceous, CV3 56.80 Grams",610,2011-04-29,56.8,10.74,WorthPoint
allende-meteorite,"Full Slice NWA 859 ""taza"" Octahedrite Meteorite",100,2011-04-26,,,WorthPoint
allende-meteorite,HUGE Zag H3-6 Meteorite Slice 18+ Cm Across,205,2011-04-26,,,WorthPoint
allende-meteorite,Cape York IIIAB Siderite Meteorite Slice,102,2011-04-25,,,WorthPoint
allende-meteorite,Allende CV3 Meteorite 1.73g Fresh Crusted Fragment,18,2011-04-25,1.73,10.4,WorthPoint
allende-meteorite,Perfect Etch On Seymchan Siderite Meteorite Slice,66.99,2011-04-25,,,WorthPoint
allende-meteorite,"Nwa 1685 LL5 Meteorite ""Dean's Blue"" Slice",20.48,2011-04-25,,,WorthPoint
allende-meteorite,Nwa 1936 H4 Meteorite Slice Amazing Chondrules!,55.9,2011-04-25,,,WorthPoint
allende-meteorite,Nwa 1774 R3.8-6 Rumuruti Meteorite Slice,43,2011-04-25,,,WorthPoint
allende-meteorite,HUGE Edmonson (b) Meteorite Slice 17+ Cm Across,83.5,2011-04-25,,,WorthPoint
allende-meteorite,Seymchan Pallasite Meteorite 100% Translucent Olivine,125.5,2011-04-25,,,WorthPoint
allende-meteorite,Slice Of The Highly Shocked Chondrite Meteorite Nwa 066,51,2011-04-25,,,WorthPoint
allende-meteorite,NWA 3118 CV3 Carbonaceous Meteorite Slice 69 By 63mm,102.5,2011-04-25,,,WorthPoint
allende-meteorite,DHOFAR 007 Cumulate Eucrite Meteorite Slice 91 X 55mm,62,2011-04-25,,,WorthPoint
allende-meteorite,Tambo Quemado IIIAB Siderite Meteorite Slice,63.69,2011-04-25,,,WorthPoint
allende-meteorite,Laguna Manantiales IIIAB Octahedrite Meteorite,26,2011-04-25,,,WorthPoint
allende-meteorite,Zacatecas (1969) IIIB Siderite Meteorite Slice,20.5,2011-04-25,,,WorthPoint
allende-meteorite,"Gan Gan, Argentina IVA Octahedrite Siderite Meteorite",34,2011-04-25,,,WorthPoint
allende-meteorite,Full Slice DHO 485 Howardite Meteorite,26.99,2011-04-25,,,WorthPoint
allende-meteorite,"Meteorite ALLENDE CV3.2, Mexico, Fell 1969, 12.3 G!",99,2011-04-24,12.3,8.05,WorthPoint
allende-meteorite,Carbonaceous Chondrite CV3 Allende Meteorite Thin Slice,92,2011-04-23,,,WorthPoint
allende-meteorite,Allende CV3 Meteorite 1.59g Fresh Crusted Fragment,17,2011-04-23,1.59,10.69,WorthPoint
allende-meteorite,Allende CV3 Meteorite 4.95g Fresh Small Slice In Case,41,2011-04-23,4.95,8.28,WorthPoint
allende-meteorite,Allende CV3 Meteorite 1.35g Fresh Fragrant Fragment,11,2011-04-23,1.35,8.15,WorthPoint
allende-meteorite,Allende Type 3 Carbonaceous Chondrite Stone Meteorite,17.02,2011-04-20,,,WorthPoint
allende-meteorite,METEORITE -Rare Fall From Spain-VILLALBETO DE LA PENA,350,2011-04-17,,,WorthPoint
allende-meteorite,Allende CV3 Meteorite 5.41g Fresh Small Slice In Case,47,2011-04-16,5.41,8.69,WorthPoint
allende-meteorite,NWA 2086 CV3 7.58g Polished Meteorite Slice,46,2011-04-16,7.58,6.07,WorthPoint
allende-meteorite,Allende CV3 Meteorite 1.40g Fresh Crusted Fragment,15,2011-04-12,1.4,10.71,WorthPoint
allende-meteorite,Allende CV3 Meteorite 4.70g Fresh Small Slice In Case,56,2011-04-11,4.7,11.91,WorthPoint
allende-meteorite,AUKS ROCKS And The ODD DINOSAUR Smithsonian Nat History,17,2011-04-11,,,WorthPoint
allende-meteorite,Meteorite CV3 Partslice --most Studied Meteorite 1241mg,26,2011-04-10,,,WorthPoint
allende-meteorite,Allende CV3 Meteorite 4.60g Fresh Small Slice In Case,55,2011-04-09,4.6,11.96,WorthPoint
allende-meteorite,Allende CV3 Meteorite 4.31g Fresh Small Slice In Case,50,2011-04-05,4.31,11.6,WorthPoint
allende-meteorite,Allende CV3 Meteorite 4.03g Fresh Small Slice In Case,47,2011-04-02,4.03,11.66,WorthPoint
allende-meteorite,Allende CV3 Meteorite 1.34g Fresh Crusted Fragment,15,2011-04-02,1.34,11.19,WorthPoint
allende-meteorite,NWA 2086 CV3 2.64g Polished Meteorite Slice,21,2011-04-02,2.64,7.95,WorthPoint
allende-meteorite,Allende CV3 Meteorite 25.4g,222.5,2011-04-01,25.4,8.76,WorthPoint
allende-meteorite,Allende CV3 Meteorite 3.87g Fresh Small Slice In Case,46,2011-03-30,3.87,11.89,WorthPoint
allende-meteorite,Allende CV3 Meteorite 6.95g Aromatic Full Slice,67,2011-03-26,6.95,9.64,WorthPoint
allende-meteorite,Allende CV3 Meteorite 3.34g Fresh Small Slice In Case,28,2011-03-26,3.34,8.38,WorthPoint
allende-meteorite,"Meteorite Allende, CV3 Chondrite, Observed Fall",21.5,2011-03-20,,,WorthPoint
allende-meteorite,*** VALLE DE ALLENDE Meteorite Mexico Rare 1983 Find!,17.6,2011-03-20,,,WorthPoint
allende-meteorite,Allende CV3 Meteorite 3.77g Fresh Small Slice In Case,45,2011-03-14,3.77,11.94,WorthPoint
allende-meteorite,Robert A. Haag Meteorite Catalog Volume 7 March 1987,26,2011-03-13,,,WorthPoint
allende-meteorite,"Meteorite Allende, CV3 Chondrite",15.5,2011-03-13,,,WorthPoint
allende-meteorite,"BOOK-""PLANETARY MATERIALS"" By J.J. PAPIKE Editor.",22.5,2011-03-13,,,WorthPoint
allende-meteorite,"Meteorite ALLENDE CV3.2, Mexico, Fell 1969, 15.7 G!",199,2011-03-13,15.7,12.68,WorthPoint
allende-meteorite,Allende CV3 Meteorite 2.73g Fresh Small Slice In Case,32,2011-03-08,2.73,11.72,WorthPoint
allende-meteorite,Sudbury Black Onaping Impact Breccia Thin Section.,39.95,2011-03-06,,,WorthPoint
allende-meteorite,Allende CV3 Meteorite 3.55g Fresh Crusted Fragment,30,2011-03-06,3.55,8.45,WorthPoint
allende-meteorite,Allende CV3 Meteorite 6.27g Fresh Crusted Fragment,45,2011-03-04,6.27,7.18,WorthPoint
allende-meteorite,NWA 2086 CV3 3.66g Polished Meteorite Slice,25,2011-03-04,3.66,6.83,WorthPoint
allende-meteorite,4.95 Gram Thick Slice Allende Meteorite In Display Case,60,2011-02-28,4.95,12.12,WorthPoint
allende-meteorite,"Meteorite ALLENDE, CV 3.2, Mexico, Slice 0.2g",11.52,2011-02-27,0.2,57.6,WorthPoint
allende-meteorite,Allende CV3 Meteorite 2.59g Fresh Small Slice In Case,20,2011-02-26,2.59,7.72,WorthPoint
allende-meteorite,"Meteorite Allende,Mexico,CV 3, Fall 08.Febr.1969",15,2011-02-23,,,WorthPoint
allende-meteorite,"Meteorite Valle De Allende, Mexico L4 Found 1983 49.7g",75,2011-02-21,49.7,1.51,WorthPoint
allende-meteorite,NWA 2086 CV3 2.94g Polished Meteorite Endcut,15,2011-02-19,2.94,5.1,WorthPoint
allende-meteorite,Allende CV3 Meteorite 2.55g Fresh Small Slice In Case,26,2011-02-19,2.55,10.2,WorthPoint
allende-meteorite,Nwa 2932 Mesosiderite Meteorite Slice With Iron Nodules,500,2011-02-17,,,WorthPoint
allende-meteorite,Allende CV3 Meteorite 6.05g Fragrant Fresh Fragment,60,2011-02-13,6.05,9.92,WorthPoint
allende-meteorite,Allende CV3 Meteorite 5.37g Fragrant Fresh Fragment,46,2011-02-12,5.37,8.57,WorthPoint
allende-meteorite,Allende CV3 Meteorite 2.19g Gorgeous Small Slice,27.5,2011-02-12,2.19,12.56,WorthPoint
allende-meteorite,NWA 2086 CV3 6.06g Meteorite Slice W/ Dark Inclusion,75,2010-11-20,6.06,12.38,WorthPoint
allende-meteorite,"Allende CV3 Meteorite 4.57g Nice Slice W/ CAI, Troilite",60.11,2010-11-20,4.57,13.15,WorthPoint
allende-meteorite,NWA 2086 CV3 7.41g Polished Full Slice Meteorite,46,2010-11-13,7.41,6.21,WorthPoint
allende-meteorite,Allende CV3 Meteorite 2.99g AAA Primo Crusted Endcut,40,2010-11-13,2.99,13.38,WorthPoint
allende-meteorite,"Meteorite Allende, Mexico 1969 CV3.2 19.7g Witnes. Fall",150,2010-11-03,19.7,7.61,WorthPoint
allende-meteorite,Allende CV3 Meteorite 2.00g Beautiful Crusted Pea,30,2010-11-01,2,15,WorthPoint
allende-meteorite,ALLENDE Rare Meteorite 7.3 Grams,75,2010-10-30,7.3,10.27,WorthPoint
allende-meteorite,Allende CV3 Meteorite 5.79g Gorgeous Crusted Slice,56,2010-10-30,5.79,9.67,WorthPoint
allende-meteorite,Allende CV3 Meteorite 1.35g Beautiful Crusted Pea,17.1,2010-10-30,1.35,12.67,WorthPoint
allende-meteorite,13.6 Allende Cv3 Individual Approx. 90% Crust,103.5,2010-08-23,,,WorthPoint
allende-meteorite,Allende CV3 Meteorite 4.24g Fragment W/ HUGE CAI,37,2010-08-14,4.24,8.73,WorthPoint
allende-meteorite,Allende Meteorite Crusted Individual - 32.7 Grams,279.5,2010-08-12,32.7,8.55,WorthPoint
allende-meteorite,ALLENDE CV3 METEORITE 2.88g. BEAUTIFUL FRAGMENT,22.99,2010-08-11,2.88,7.98,WorthPoint
allende-meteorite,Allende CV3 Meteorite 3.22g Gorgeous Crusted Slice,31,2010-08-07,3.22,9.63,WorthPoint
allende-meteorite,Allende CV3 Meteorite 3.25g Crusted Slice Dk Inclusion,57,2010-08-07,3.25,17.54,WorthPoint
allende-meteorite,Allende CV3 Meteorite 3.47g Fresh Windowed Fragment,29.04,2010-08-07,3.47,8.37,WorthPoint
allende-meteorite,Allende CV3 Meteorite 6.21g Large Crusted Slab,68,2010-08-06,6.21,10.95,WorthPoint
allende-meteorite,Allende CV3 Meteorite 5.32g Fresh Crusted Fragment,53,2010-07-31,5.32,9.96,WorthPoint
allende-meteorite,Allende CV3 Meteorite 4.29g Gorgeous Slice W/ CAI,40.99,2010-07-31,4.29,9.55,WorthPoint
allende-meteorite,Allende CV3 Meteorite 3.49g Gorgeous Slice W/ CAI,42,2010-07-26,3.49,12.03,WorthPoint
allende-meteorite,Allende CV3 Meteorite Historic Witnessed Fall 5.78 Gram,63.33,2010-07-13,5.78,10.96,WorthPoint
allende-meteorite,Allende Carbonaceous Chondrite CV3 Meteorite Slice 1.6G,12,2010-07-06,1.6,7.5,WorthPoint
allende-meteorite,"Meteorite Allende, Mexico CV3 2/8/69 Witnessed Fall",60,2010-07-05,,,WorthPoint
allende-meteorite,$$$ Meteorite NWA Xxx FRESH CV3 Complete Specimen 37.8g,150,2010-07-03,37.8,3.97,WorthPoint
allende-meteorite,METEORITE ALLENDE-One Of The Most Impressive 2.71 Grams,43.36,2010-06-21,2.71,16,WorthPoint
allende-meteorite,Allende CV3 Meteorite 28.09g AAA 90% Fusion Crusted!,340,2010-06-19,28.09,12.1,WorthPoint
allende-meteorite,Allende CV3 Meteorite 1.94g Fresh Fragment,12.5,2010-06-19,1.94,6.44,WorthPoint
allende-meteorite,Allende CV3 Meteorite 4.07g Fresh Crusted Fragment,50,2010-06-05,4.07,12.29,WorthPoint
allende-meteorite,Allende CV3 Meteorite 2.43g Gorgeous Slice,30,2010-06-05,2.43,12.35,WorthPoint
allende-meteorite,METEORITE ALLENDE-One Of The Most Impressive 1.16 Grams,20,2010-06-01,1.16,17.24,WorthPoint
allende-meteorite,METEORITE ALLENDE-One Of The Most Impressive 2.04 Grams,40.8,2010-06-01,2.04,20,WorthPoint
allende-meteorite,METEORITE ALLENDE-One Of The Most Impressive 2.81 Grams,56.2,2010-06-01,2.81,20,WorthPoint
allende-meteorite,"James Dupont Signed Letters To Elbert King, Meteorites",112.49,2010-05-29,,,WorthPoint
allende-meteorite,METEORITE ALLENDE-One Of The Most Impressive 0.50 Grams,10,2010-05-28,0.5,20,WorthPoint
allende-meteorite,Murchison Meteorite Specimen W/Fusion Crust - 3.6 Grams,395,2010-04-19,3.6,109.72,WorthPoint
allende-meteorite,METEORITE THIN SECTION ALLENDE CV3 Mexico,79,2010-04-06,,,WorthPoint
allende-meteorite,METEORITE ALLENDE-One Of The Most Impressive 3.67 Grams,36.7,2010-03-27,3.67,10,WorthPoint
allende-meteorite,METEORITE ALLENDE-One Of The Most Impressive 2.94 Grams,29.4,2010-03-27,2.94,10,WorthPoint
allende-meteorite,"Allende Meteorite - End Piece Contains The Oldest Matter That Can Be Touched - True ""stardust""",956,2010-01-17,,,WorthPoint
allende-meteorite,Allende - An Individual That Broke Apart In Flight Containing The Oldest Known Matter,1912,2010-01-17,,,WorthPoint
allende-meteorite,Compete Set Of 18 (all #4) Meteorites,260.15,2009-07-16,,,WorthPoint
allende-meteorite,"Meteorite, Rare Allende Meteorite From Mexico",21.5,2009-07-16,,,WorthPoint
allende-meteorite,ALLENDE End Cut 1.8 Grams METEORITE + Glass Top Display,24.99,2009-07-14,1.8,13.88,WorthPoint
allende-meteorite,"Meteorite Carbonaceous Chondrite, Coolidge Type",1165,2009-07-06,,,WorthPoint
allende-meteorite,"Valle De Allende, Mexico, Meteorite Thin Section",29.95,2009-07-03,,,WorthPoint
allende-meteorite,"Allende Meteorite - An End Piece That Contains The Oldest Matter That Can Be Touched, True Stardust",1487.78,2009-01-18,,,WorthPoint
allende-meteorite,Allende Slice HUGE! 275 Grams-Robert Haag Collection,1200,2008-12-19,275,4.36,WorthPoint
allende-meteorite,Allende Meteorite 5.8 Gr. Cuted End Piece 0248,31,2008-12-19,5.8,5.34,WorthPoint
allende-meteorite,Handsome 1746 Gram Chergach Meteorite Fell July 2007!,2000,2008-12-05,1746,1.15,WorthPoint
allende-meteorite,METEORITE: SAH 02503 CV3 - 2.1g Partslice,41,2008-11-29,2.1,19.52,WorthPoint
allende-meteorite,Allende Meteorite 6.91gr. Lot Of 5 Individuals 0188,25.32,2008-11-25,6.91,3.66,WorthPoint
allende-meteorite,Allende Meteorite 7.12 Gr. Lot Of 5 Individuals 0181,43,2008-11-25,7.12,6.04,WorthPoint
allende-meteorite,Allende Meteorite Fusion Crust Oldest Matter On Earth !,50,2008-11-24,,,WorthPoint
allende-meteorite,ALLENDE METEORITE INDIVIDUAL LOT 15.3g C11,63,2008-08-31,15.3,4.12,WorthPoint
allende-meteorite,ALLENDE METEORITE CRUSTED VERY NICE 17.4g C10,150.99,2008-08-31,17.4,8.68,WorthPoint
allende-meteorite,Allende CV3.2 Fall 3.99 G Fragment Meteorite,38.99,2008-08-31,3.99,9.77,WorthPoint
allende-meteorite,Allende CV3.2 Fall 2.34 G Fragment Meteorite,22.99,2008-08-21,2.34,9.82,WorthPoint
allende-meteorite,"Rare METEORITE MAGAZINE, November 2003, Out Of Print",45,2008-08-17,,,WorthPoint
allende-meteorite,Allende Meteorite 3.82 Gr. Nice Individual 0049,26.99,2008-08-15,3.82,7.07,WorthPoint
allende-meteorite,Allende Meteorite - Complete Individual 21.6g Ex Haag,176.1,2008-08-05,21.6,8.15,WorthPoint
allende-meteorite,Allende Meteorite Individual Oldest Matter On Earth !,33,2008-07-13,,,WorthPoint
allende-meteorite,Allende CV3.2 Fall 5.96 G Windowed Fragment Meteorite,53.5,2008-07-04,5.96,8.98,WorthPoint
allende-meteorite,Allende CV3.2 Fall 9.00 G Whole Meteorite,81,2008-06-13,9,9,WorthPoint
allende-meteorite,Allende CV3.2 Fall 4.27 G Fragment Meteorite,38.5,2008-06-11,4.27,9.02,WorthPoint
allende-meteorite,"Dar Al Gani 749"" CARBONACEOUS Meteorite, CO3 DaG Libya",19.5,2008-06-09,,,WorthPoint
allende-meteorite,Allende - Large Complete Slice Containing The Oldest Matter Known To Exist,5377.5,2008-06-08,,,WorthPoint
allende-meteorite,Allende CV3.2 Fall 22.36 G Fragment Meteorite,199.99,2008-05-30,22.36,8.94,WorthPoint
allende-meteorite,ALLENDE/76 Gram Full Slice,575,2008-05-09,76,7.57,WorthPoint
allende-meteorite,"Meteorite Allende, CV3 Chondrite, Slice 2.6 G",11.5,2008-04-06,2.6,4.42,WorthPoint
allende-meteorite,"Meteorite ALLENDE, Carbonaceous Chondrite, Half Indiv.",62.9,2008-03-30,,,WorthPoint
allende-meteorite,Allende Meteorite Slice 28 Grams,144.91,2008-03-22,28,5.18,WorthPoint
allende-meteorite,Allende CV3.2 Fall 10.21 G Whole Meteorite,91,2008-03-21,10.21,8.91,WorthPoint
allende-meteorite,"METEORITE Allende,fall 1969 Feb 8 ,Mexico,CV 3,slice",51,2008-03-04,,,WorthPoint
allende-meteorite,ALLENDE Rare Meteorite 15.4 Grams,139.86,2008-02-20,15.4,9.08,WorthPoint
allende-meteorite,Allende CV3.2 Fall 2.65 G Fragment Meteorite,12.67,2008-01-29,2.65,4.78,WorthPoint
allende-meteorite,"Meteorite, Allende, Large 40 Grams, Rare CV3",249.28,2008-01-29,40,6.23,WorthPoint
allende-meteorite,Meteorite NWA 3133 Very Important New PAC Meteorite 1g,75,2008-01-02,1,75,WorthPoint
allende-meteorite,Park Forest Meteorite Hammer Stone Fresh Crust Too !!!,87,2007-12-27,,,WorthPoint
allende-meteorite,Meteorite Allende Big Slice With Crust,500,2007-11-22,,,WorthPoint
allende-meteorite,"Meteorite Allende, CV3 Chondrite, Slice 1.9 G",22,2007-11-18,1.9,11.58,WorthPoint
allende-meteorite,Allende Meteorite End Piece W16,56,2007-11-18,,,WorthPoint
allende-meteorite,"Meteorite ALLENDE, Carbonaceous CV 3.2, 9.5 Grams!",86,2007-11-18,9.5,9.05,WorthPoint
allende-meteorite,Meteorite Allende CV3 Chondrite 3.54 Ultra Thin Slice,59.99,2007-11-05,,,WorthPoint
allende-meteorite,Allende CV3.2 Fall 4.49 G Fragment Meteorite,31,2007-10-18,4.49,6.9,WorthPoint
allende-meteorite,ALLENDE Meteorite - RESEARCH VIAL - Dr. King Collection,32,2007-10-14,,,WorthPoint
allende-meteorite,Allende CV3.2 Fall 5.78 G Fragment Meteorite,40,2007-10-06,5.78,6.92,WorthPoint
allende-meteorite,"Meteorite ALLENDE, Carbonaceous Chondrite CV3, 6.7g",43,2007-09-30,6.7,6.42,WorthPoint
allende-meteorite,Allende Meteorite - FRESH Dr. E. King Collection,19.99,2007-09-02,,,WorthPoint
allende-meteorite,"Meteorite Allende, CV3 Chondrite, Endcut 2.6 G",18.49,2007-09-02,2.6,7.11,WorthPoint
allende-meteorite,Allende CV3.2 Fall 2.03 G Fragment Meteorite,14.5,2007-08-31,2.03,7.14,WorthPoint
allende-meteorite,Allende CV3.2 Fall 6.20 G Fragment Meteorite,35,2007-08-25,6.2,5.65,WorthPoint
allende-meteorite,$$$ Meteorite NWA 4838 [CV3] Rare DARK INCLUSION 2.66g,91,2007-08-08,2.66,34.21,WorthPoint
allende-meteorite,Allende CV3.2 Fall 2.92 G Fragment Meteorite,15.09,2007-08-02,2.92,5.17,WorthPoint
allende-meteorite,Allende CV3.2 Fall 2.1 G Fragment Meteorite King Colln,24.99,2007-08-02,2.1,11.9,WorthPoint
allende-meteorite,Allende CV3.2 Fall 2.51 G Fragment Meteorite,11.27,2007-07-26,2.51,4.49,WorthPoint
allende-meteorite,"Meteorite ALLENDE, Carbonaceous Chondrite CV3.2, Slice",34,2007-07-15,,,WorthPoint
allende-meteorite,Allende Meteorite - Fresh Crust! LAST & BEST 10.8 Grams,88,2007-07-08,10.8,8.15,WorthPoint
allende-meteorite,Allende Meteorite - Fresh Crusted Specimen! 16.8 Grams,135.5,2007-07-01,16.8,8.07,WorthPoint
allende-meteorite,Allende Meteorite - Fresh Crusted Specimen! 15 Grams,91,2007-06-17,15,6.07,WorthPoint
allende-meteorite,Allende Meteorite 5 Gram Endcut,31.99,2007-05-07,5,6.4,WorthPoint
allende-meteorite,Allende Mexico Meteorite CV3 (Fall) 28 Grams,150,2007-05-04,28,5.36,WorthPoint
allende-meteorite,"Meteorite Allende, CV3 Chondrite, Endcut 5.3 G",48,2007-04-29,5.3,9.06,WorthPoint
allende-meteorite,Allende Meteorite - Beautiful Fresh Individual Specimen,33.5,2007-04-29,,,WorthPoint
allende-meteorite,"Meteorite Allende, CV3 Chondrite, Endcut 2.7 G",11.37,2007-04-15,2.7,4.21,WorthPoint
allende-meteorite,"Meteorite Allende, CV3 Chondrite, Endcut 6.2 G",42.27,2007-04-08,6.2,6.82,WorthPoint
allende-meteorite,"METEORITE Allende,fall 1969 Feb 8 ,Mexico, CV 3",10.5,2007-04-05,,,WorthPoint
allende-meteorite,"NWA 3118 Carbonaceous METEORITE, CV3 Baby Individual!",15.99,2007-04-04,,,WorthPoint
allende-meteorite,"Meteorite Allende, CV3 Chondrite, Slice 2.4 G",34.56,2007-04-01,2.4,14.4,WorthPoint
allende-meteorite,"Meteorite Slice, Allende, CV3 Chondrite, 2.6g",32,2007-03-25,2.6,12.31,WorthPoint
allende-meteorite,Allende Meteorite 6.08 Gm - Slice,31.5,2007-03-24,6.08,5.18,WorthPoint
allende-meteorite,Allende Meteorite 13.0 Gm - Complete Individual,57.5,2007-03-24,13,4.42,WorthPoint
allende-meteorite,Allende Meteorite - Complete Individual 8.5g,44,2007-03-23,8.5,5.18,WorthPoint
allende-meteorite,ALLENDE Rare Meteorite 13.6 Grams,100.29,2007-03-11,13.6,7.37,WorthPoint
allende-meteorite,Allende CV3 Meteorite Fall 1969 Mexico 15.2 Gram - NR,82,2007-03-10,15.2,5.39,WorthPoint
allende-meteorite,Allende Meteorite - Beautiful Fresh Crusted Half Stone,71,2007-03-03,,,WorthPoint
allende-meteorite,Allende/46 Gram Fragment,225,2007-02-12,46,4.89,WorthPoint
allende-meteorite,Meteorite Allende Mexico CV3 1969 Witnessed Fall!,910,2007-02-08,,,WorthPoint
allende-meteorite,Meteorite SAH 02503 (Tioulaoualene)-CV3-1.6g Partslice,20.5,2007-02-03,1.6,12.81,WorthPoint
allende-meteorite,ALLENDE Rare Meteorite 10.9 Grams,68.89,2007-01-28,10.9,6.32,WorthPoint
allende-meteorite,Meteorite SAH 02503 (Tioulaoualene)-CV3-10.6g SLICE,67,2007-01-27,10.6,6.32,WorthPoint
allende-meteorite,Allende Meteorite 20.4 Grams CV3,127.5,2007-01-20,20.4,6.25,WorthPoint
allende-meteorite,Meteorite SAH 02503 (Tioulaoualene)-CV3-10.1g Slice,56,2007-01-20,10.1,5.54,WorthPoint
allende-meteorite,ALLENDE Rare Meteorite 7.1 Grams,52.35,2007-01-05,7.1,7.37,WorthPoint
allende-meteorite,Meteorite Allende Fall 1969 CV3.2 Mexico,84.22,2007-01-01,,,WorthPoint
allende-meteorite,Meteorite SAH 02503 (Tioulaoualene)-CV3-1.8g Partslice,10.8,2006-12-23,1.8,6,WorthPoint
allende-meteorite,"Seven Meteorites With Names, Including Orgueil",13.47,2006-12-17,,,WorthPoint
allende-meteorite,Meteorite SAH 02503 (Tioulaoualene)-CV3-4.1g Partslice,27.66,2006-12-09,4.1,6.75,WorthPoint
allende-meteorite,"Meteorite Allende, Carbonaceous Chondrite CV3.2",37.2,2006-11-26,,,WorthPoint
allende-meteorite,Meteorite SAH 02503 (Tioulaoualene)-CV3-10.7g Endcut,67.22,2006-11-25,10.7,6.28,WorthPoint
allende-meteorite,Allende Carbonaceous Meteorite Slice 15.6g,100,2006-11-11,15.6,6.41,WorthPoint
allende-meteorite,Meteorite SAH 02503 (Tioulaoualene)-CV3-11.0g Partslice,72.11,2006-11-11,11,6.56,WorthPoint
allende-meteorite,Allende CV3.2 Fall 3.03 G Fragment Meteorite,17.5,2006-11-10,3.03,5.78,WorthPoint
