material_slug,title,price_usd,sale_date,weight_grams,price_per_gram,source
australite,"Tektites, Var. Australitie - Kalgoorlie, Western Australia. Weight = 30,0 Gram",288,2026-01-13,,,WorthPoint
australite,Western Australian North Eastern Goldfields Australite/Meteorite Tektites,97.07,2026-01-03,,,WorthPoint
australite,"""r365-10) 1-1/2"""" Fulgurite Lightning Strike Beach Sand Glass Georgia Fulgurites""",15.99,2025-12-20,,,WorthPoint
australite,"Australite,Tektite Button Shaped From Goldfields Western Australia 9.77g",33.01,2025-12-20,9.77,3.38,WorthPoint
australite,"""(r365-56) 1-3/4"""" Fulgurite Lightning Strike Beach Sand Glass Georgia Fulgurites""",16.49,2025-11-29,,,WorthPoint
australite,Western Australia Indochinites Meteorites Tektites .5 Oz,12.99,2025-11-27,141.75,0.09,WorthPoint
australite,"Philippinite Tektite 43.14g Subtly Grooved Biscuit, Made By Meteorite Impactite",33,2025-11-26,43.14,0.76,WorthPoint
australite,"""(r365-55) 1-3/4"""" Fulgurite Lightning Strike Beach Sand Glass Georgia Fulgurites""",16.49,2025-10-26,,,WorthPoint
australite,"Flanged Button Replica - Australite Tektite, From Meteorite Impact",26,2025-10-11,,,WorthPoint
australite,"""(R399-17-1) 4"""" Fossil Fulgurite Petrified Lightning Strike Beach Sand Glass GA""",26.99,2025-09-30,,,WorthPoint
australite,"""r365-13) 1-1/2"""" Fulgurite Lightning Strike Beach Sand Glass Georgia Fulgurites""",15.99,2025-08-31,,,WorthPoint
australite,"""r365-11) 1-1/2"""" Fulgurite Lightning Strike Beach Sand Glass Georgia Fulgurites""",15.99,2025-08-31,,,WorthPoint
australite,"""(r364-118) 1-1/8"""" Fulgurite Lightning Strike Beach Sand Glass Georgia Fulgurites""",14.99,2025-08-03,,,WorthPoint
australite,"""r365-1) 1-1/2"""" Fulgurite Lightning Strike Beach Sand Glass Georgia Fulgurites""",15.99,2025-07-27,,,WorthPoint
australite,"""(r365-34) 1-3/4"""" Fulgurite Lightning Strike Beach Sand Glass Georgia Fulgurites""",16.49,2025-07-24,,,WorthPoint
australite,"3pc. 77g Australite Tektite Meteorite Impact Glass Mineral Specimens, Australia",14.99,2025-07-24,77,0.19,WorthPoint
australite,"""(r365-41) 1-3/4"""" Fulgurite Lightning Strike Beach Sand Glass Georgia Fulgurites""",16.49,2025-07-15,,,WorthPoint
australite,"""(r365-53) 1-3/4"""" Fulgurite Lightning Strike Beach Sand Glass Georgia Fulgurites""",16.49,2025-07-14,,,WorthPoint
australite,"""(r365-42) 1-3/4"""" Fulgurite Lightning Strike Beach Sand Glass Georgia Fulgurites""",16.49,2025-06-27,,,WorthPoint
australite,"""r365-3) 1-1/2"""" Fulgurite Lightning Strike Beach Sand Glass Georgia Fulgurites""",15.99,2025-06-25,,,WorthPoint
australite,"""(r365-54) 1-3/4"""" Fulgurite Lightning Strike Beach Sand Glass Georgia Fulgurites""",16.49,2025-06-24,,,WorthPoint
australite,"""(r365-36) 1-3/4"""" Fulgurite Lightning Strike Beach Sand Glass Georgia Fulgurites""",16.49,2025-06-03,,,WorthPoint
australite,"""(r366-22) 2-1/8"""" Fulgurite Lightning Strike Beach Sand Glass Georgia Fulgurites""",18.99,2025-05-25,,,WorthPoint
australite,"""(r365-48) 1-3/4"""" Fulgurite Lightning Strike Beach Sand Glass Georgia Fulgurites""",16.49,2025-05-25,,,WorthPoint
australite,"""(r365-35) 1-3/4"""" Fulgurite Lightning Strike Beach Sand Glass Georgia Fulgurites""",16.49,2025-05-25,,,WorthPoint
australite,"""(r365-50) 1-3/4"""" Fulgurite Lightning Strike Beach Sand Glass Georgia Fulgurites""",16.49,2025-05-25,,,WorthPoint
australite,"""(r364-117) 1-1/8"""" Fulgurite Lightning Strike Beach Sand Glass Georgia Fulgurites""",14.99,2025-05-19,,,WorthPoint
australite,"""r365-6) 1-1/2"""" Fulgurite Lightning Strike Beach Sand Glass Georgia Fulgurites""",15.99,2025-05-06,,,WorthPoint
australite,"""(r364-113) 1-1/8"""" Fulgurite Lightning Strike Beach Sand Glass Georgia Fulgurites""",14.99,2025-05-05,,,WorthPoint
australite,Astralite Tektite Great Surface Features 1.42g,13.99,2025-04-22,1.42,9.85,WorthPoint
australite,"""(r365-45) 1-3/4"""" Fulgurite Lightning Strike Beach Sand Glass Georgia Fulgurites""",16.49,2025-04-09,,,WorthPoint
australite,"""(R399-17-4) 4"""" Fossil Fulgurite Petrified Lightning Strike Beach Sand Glass GA""",26.99,2025-03-24,,,WorthPoint
australite,"""(r365-44) 1-3/4"""" Fulgurite Lightning Strike Beach Sand Glass Georgia Fulgurites""",16.49,2025-03-04,,,WorthPoint
australite,"""(r365-37) 1-3/4"""" Fulgurite Lightning Strike Beach Sand Glass Georgia Fulgurites""",16.49,2025-03-03,,,WorthPoint
australite,"""r365-32-6) 1-1/2"""" Fulgurite Lightning Strike Beach Sand Glass Georgia Fulgurites""",15.99,2025-02-21,,,WorthPoint
australite,"""Tektite (""""Australite"""") - Darwin, Northern Territory, Australia""",10,2025-02-09,,,WorthPoint
australite,"""(r362-50) 4 Piece Set 1/2-1-1/8"""" Fulgurites Lightning Strike Beach Sand Glass GA""",22.99,2025-02-08,,,WorthPoint
australite,"""(r364-132) 1-1/8"""" Fulgurite Lightning Strike Beach Sand Glass Georgia Fulgurites""",14.99,2025-01-22,,,WorthPoint
australite,"""r365-4) 1-1/2"""" Fulgurite Lightning Strike Beach Sand Glass Georgia Fulgurites""",15.99,2025-01-22,,,WorthPoint
australite,"""r365-8) 1-1/2"""" Fulgurite Lightning Strike Beach Sand Glass Georgia Fulgurites""",15.99,2025-01-22,,,WorthPoint
australite,"""r365-2) 1-1/2"""" Fulgurite Lightning Strike Beach Sand Glass Georgia Fulgurites""",15.99,2025-01-11,,,WorthPoint
australite,"""(r364-138) 1-1/8"""" Fulgurite Lightning Strike Beach Sand Glass Georgia Fulgurites""",14.99,2024-12-19,,,WorthPoint
australite,"Philippinite Tektite 136.14g Deeply Grooved Biscuit, By Meteorite Impact",69,2024-12-14,136.14,0.51,WorthPoint
australite,"""r365-32-4) 1-1/2"""" Fulgurite Lightning Strike Beach Sand Glass Georgia Fulgurites""",15.99,2024-12-12,,,WorthPoint
australite,"""(r364-134) 1-1/8"""" Fulgurite Lightning Strike Beach Sand Glass Georgia Fulgurites""",14.99,2024-11-05,,,WorthPoint
australite,"""(r365-23) 1-1/2"""" Fulgurite Lightning Strike Beach Sand Glass Georgia Fulgurites""",15.99,2024-11-02,,,WorthPoint
australite,"""(r366-24) 2-1/8"""" Fulgurite Lightning Strike Beach Sand Dune Glass GA Fulgurites""",18.99,2024-10-10,,,WorthPoint
australite,"Meteorite**Australite, Tektite**2.410 Gram Partial Flanged Button!!! Top Quality",699.99,2024-09-20,2.41,290.45,WorthPoint
australite,"(r363-19) 2 Fulgurites 1-1/8"" Lightning Strike Beach Sand Dune Glass Georgia",18.99,2024-09-17,,,WorthPoint
australite,"(r364-112) 1-1/8"" Fulgurite Lightning Strike Beach Sand Glass Georgia Fulgurites",14.99,2024-08-24,,,WorthPoint
australite,"Australian Meteorite + Australite Lot- Oriented Camel Donga, Partial Australite",500,2024-08-12,,,WorthPoint
australite,"(r364-29) 2 Fulgurites 1-5/8"" Lightning Strike Beach Sand Glass Georgia Set",22.99,2024-07-29,,,WorthPoint
australite,"(r365-24) 1-1/2"" Fulgurite Lightning Strike Beach Sand Glass Georgia Fulgurites",15.99,2024-07-29,,,WorthPoint
australite,"(r365-22) 1-1/2"" Fulgurite Lightning Strike Beach Sand Glass Georgia Fulgurites",15.99,2024-07-06,,,WorthPoint
australite,"(r365-18) 1-1/2"" Fulgurite Lightning Strike Beach Sand Glass Georgia Fulgurites",15.99,2024-06-08,,,WorthPoint
australite,"(r364-114) 1-1/8"" Fulgurite Lightning Strike Beach Sand Glass Georgia Fulgurites",14.99,2024-05-26,,,WorthPoint
australite,"(r365-43) 1-3/4"" Fulgurite Lightning Strike Beach Sand Glass Georgia Fulgurites",16.49,2024-05-09,,,WorthPoint
australite,"(r365-17) 1-1/2"" Fulgurite Lightning Strike Beach Sand Glass Georgia Fulgurites",15.99,2024-05-06,,,WorthPoint
australite,"R362-51) 4 Piece Set 1/2 1-1/8"" Fulgurites Lightning Strike Beach Sand Glass GA",22.99,2024-04-29,,,WorthPoint
australite,"Darwin Glass, Australite, Darwinite , Impactite, Tektite, Tektites, 2.32 Grams",18,2024-04-11,2.32,7.76,WorthPoint
australite,"(r364-130) 1-1/8"" Fulgurite Lightning Strike Beach Sand Glass Georgia Fulgurites",14.99,2024-04-04,,,WorthPoint
australite,"(r363-20) 2 Fulgurites 1-1/8"" Lightning Strike Beach Sand Glass Georgia Set",18.99,2024-03-27,,,WorthPoint
australite,"(r364-109) 1-1/8"" Fulgurite Lightning Strike Beach Sand Glass Georgia Fulgurites",14.99,2024-03-27,,,WorthPoint
australite,"R365-32-2) 1-1/2"" Fulgurite Lightning Strike Beach Sand Glass Georgia Fulgurites",15.99,2024-03-25,,,WorthPoint
australite,"(r363-14) 2 Fulgurites 1-5/8"" Lightning Strike Beach Sand Glass Georgia Set",18.99,2024-03-22,,,WorthPoint
australite,"(r364-31) 2 Fulgurites 1-5/8"" Lightning Strike Beach Sand Glass Georgia Set",22.99,2024-02-18,,,WorthPoint
australite,"Philippinite Tektite 111.30g Deeply Grooved Biscuit, Made By Meteorite Impactite",37,2024-02-03,111.3,0.33,WorthPoint
australite,"(r364-135) 1-1/8"" Fulgurite Lightning Strike Beach Sand Glass Georgia Fulgurites",14.99,2024-01-31,,,WorthPoint
australite,"(r365-26) 1-1/2"" Fulgurite Lightning Strike Beach Sand Glass Georgia Fulgurites",15.99,2024-01-05,,,WorthPoint
australite,"(r365-15) 1-1/2"" Fulgurite Lightning Strike Beach Sand Glass Georgia Fulgurites",15.99,2024-01-01,,,WorthPoint
australite,"(r364-2) 2 Fulgurites 1-5/8"" Lightning Strike Beach Sand Glass Georgia Set",22.99,2023-12-31,,,WorthPoint
australite,"(r365-25) 1-1/2"" Fulgurite Lightning Strike Beach Sand Glass Georgia Fulgurites",15.99,2023-12-22,,,WorthPoint
australite,"(r364-21) 2 Fulgurites 1-5/8"" Lightning Strike Beach Sand Glass Georgia Set",22.99,2023-12-05,,,WorthPoint
australite,"(r364-6) 2 Fulgurites 1-5/8"" Lightning Strike Beach Sand Glass Georgia Set",22.99,2023-11-29,,,WorthPoint
australite,"(r364-17) 2 Fulgurites 1-5/8"" Lightning Strike Beach Sand Glass Georgia Set",22.99,2023-11-29,,,WorthPoint
australite,"(r371-2) 2-3/4"" Fulgurite Lightning Strike Beach Sand Glass Georgia Specimen",29.99,2023-11-29,,,WorthPoint
australite,"(r366-37) 2-1/8"" Fulgurite Lightning Strike Beach Sand Glass Georgia Fulgurites",18.99,2023-11-29,,,WorthPoint
australite,"(r365-31) 1-1/2"" Fulgurite Lightning Strike Beach Sand Glass Georgia Fulgurites",15.99,2023-11-29,,,WorthPoint
australite,"(r365-123) 1-7/8"" Fulgurite Lightning Strike Beach Sand Glass Georgia Fulgurites",16.99,2023-11-16,,,WorthPoint
australite,"(r365-16) 1-1/2"" Fulgurite Lightning Strike Beach Sand Glass Georgia Fulgurites",15.99,2023-11-01,,,WorthPoint
australite,"R365-32-7) 1-1/2"" Fulgurite Lightning Strike Beach Sand Glass Georgia Fulgurites",15.99,2023-10-28,,,WorthPoint
australite,"R365-32-5) 1-1/2"" Fulgurite Lightning Strike Beach Sand Glass Georgia Fulgurites",15.99,2023-10-28,,,WorthPoint
australite,"(r364-128) 1-1/8"" Fulgurite Lightning Strike Beach Sand Glass Georgia Fulgurites",14.99,2023-10-23,,,WorthPoint
australite,"R362-36) 4 Piece Set 1/2 1-1/8"" Fulgurites Lightning Strike Beach Sand Glass GA",22.99,2023-10-23,,,WorthPoint
australite,"Australite Tektite - 7.1 Gram - Plug Shape - Likely Motpena Station, Australia",90,2023-10-11,7.1,12.68,WorthPoint
australite,"Australite Tektite - 2.53 Gram - Shield - Likely Motpena Station, Australia",50,2023-10-10,2.53,19.76,WorthPoint
australite,"(r364-136) 1-1/8"" Fulgurite Lightning Strike Beach Sand Glass Georgia Fulgurites",14.99,2023-10-07,,,WorthPoint
australite,"(r364-116) 1-1/8"" Fulgurite Lightning Strike Beach Sand Glass Georgia Fulgurites",14.99,2023-09-30,,,WorthPoint
australite,"(r365-85) 1-7/8"" Fulgurite Lightning Strike Beach Sand Glass Georgia Fulgurites",16.99,2023-09-10,,,WorthPoint
australite,"R362-52) 4 Piece Set 1/2 1-1/8"" Fulgurites Lightning Strike Beach Sand Glass GA",22.99,2023-08-20,,,WorthPoint
australite,Philippinite Tektite 125.32g Deeply Grooved Soccer Ball From Meteorite Impact,51,2023-08-19,125.32,0.41,WorthPoint
australite,"(r365-37) 1-3/4"" Fulgurite Lightning Strike Beach Sand Glass Georgia Fulgurites",16.49,2023-07-27,,,WorthPoint
australite,"(r365-110) 1-7/8"" Fulgurite Lightning Strike Beach Sand Glass Georgia Fulgurites",16.99,2023-07-17,,,WorthPoint
australite,"(r365-46) 1-3/4"" Fulgurite Lightning Strike Beach Sand Glass Georgia Fulgurites",16.49,2023-07-06,,,WorthPoint
australite,"R362-49) 4 Piece Set 1/2 1-1/8"" Fulgurites Lightning Strike Beach Sand Glass GA",22.99,2023-06-24,,,WorthPoint
australite,"Australite Tektite - Kalgoorlie, Australia 5.1g",39.99,2023-06-16,5.1,7.84,WorthPoint
australite,Set Of 2 Tektites! Indochinite & Australite!,36,2023-06-11,,,WorthPoint
australite,"R362-39) 4 Piece Set 1/2 1-1/8"" Fulgurites Lightning Strike Beach Sand Glass GA",22.99,2023-05-13,,,WorthPoint
australite,"R365-32-3) 1-1/2"" Fulgurite Lightning Strike Beach Sand Glass Georgia Fulgurites",15.99,2023-04-10,,,WorthPoint
australite,"(r366-44) 2-1/8"" Fulgurite Lightning Strike Beach Sand Glass Georgia Fulgurites",18.99,2023-04-08,,,WorthPoint
australite,"(r365-39) 1-3/4"" Fulgurite Lightning Strike Beach Sand Glass Georgia Fulgurites",16.49,2023-01-28,,,WorthPoint
australite,"Flanged Button Replica LAST ONE - Australite Tektite, From Meteorite Impact",25,2023-01-21,,,WorthPoint
australite,"(r365-54) 1-3/4"" Fulgurite Lightning Strike Beach Sand Glass Georgia Fulgurites",16.49,2022-12-23,,,WorthPoint
australite,"(r364-124) 1-1/8"" Fulgurite Lightning Strike Beach Sand Glass Georgia Fulgurites",14.99,2022-12-20,,,WorthPoint
australite,"(r365-56) 1-3/4"" Fulgurite Lightning Strike Beach Sand Glass Georgia Fulgurites",16.49,2022-12-18,,,WorthPoint
australite,"(r366-50) 2-1/8"" Fulgurite Lightning Strike Beach Sand Dune Glass GA Fulgurites",18.99,2022-12-18,,,WorthPoint
australite,"(r367-3) 2-1/4"" Fulgurite Lightning Strike Beach Sand Glass Georgia Specimen",20.99,2022-12-18,,,WorthPoint
australite,"(r365-38) 1-3/4"" Fulgurite Lightning Strike Beach Sand Glass Georgia Fulgurites",16.49,2022-12-16,,,WorthPoint
australite,"(r365-61) 1-7/8"" Fulgurite Lightning Strike Beach Sand Glass Georgia Fulgurites",16.99,2022-12-14,,,WorthPoint
australite,"(r364-18) 2 Fulgurites 1-5/8"" Lightning Strike Beach Sand Glass Georgia Set",22.99,2022-12-13,,,WorthPoint
australite,"(r365-125) 1-7/8"" Fulgurite Lightning Strike Beach Sand Glass Georgia Fulgurites",16.99,2022-12-04,,,WorthPoint
australite,"(r369-5) 2-1/2"" Fulgurite Lightning Strike Beach Sand Glass GA Display Specimen",24.99,2022-11-26,,,WorthPoint
australite,"(r365-33) 1-3/4"" Fulgurite Lightning Strike Beach Sand Glass Georgia Fulgurites",16.49,2022-11-12,,,WorthPoint
australite,"R362-42) 4 Piece Set 1/2 1-1/8"" Fulgurites Lightning Strike Beach Sand Glass GA",22.99,2022-11-02,,,WorthPoint
australite,"(r364-28) 2 Fulgurites 1-5/8"" Lightning Strike Beach Sand Glass Georgia Set",22.99,2022-10-28,,,WorthPoint
australite,"(r364-125) 1-1/8"" Fulgurite Lightning Strike Beach Sand Glass Georgia Fulgurites",14.99,2022-10-27,,,WorthPoint
australite,"R362-40) 4 Piece Set 1/2 1-1/8"" Fulgurites Lightning Strike Beach Sand Glass GA",22.99,2022-10-12,,,WorthPoint
australite,"R362-37) 4 Piece Set 1/2 1-1/8"" Fulgurites Lightning Strike Beach Sand Glass GA",22.99,2022-10-11,,,WorthPoint
australite,"(r365-45) 1-3/4"" Fulgurite Lightning Strike Beach Sand Glass Georgia Fulgurites",16.49,2022-10-08,,,WorthPoint
australite,"R362-38) 4 Piece Set 1/2 1-1/8"" Fulgurites Lightning Strike Beach Sand Glass GA",22.99,2022-09-25,,,WorthPoint
australite,"(r364-27) 2 Fulgurites 1-5/8"" Lightning Strike Beach Sand Glass Georgia Set",22.99,2022-09-25,,,WorthPoint
australite,"R399-19-3) 5.25"" Fossil Fulgurite Petrified Lightning Strike Beach Sand Glass GA",35.99,2022-09-11,,,WorthPoint
australite,"(r364-9) 2 Fulgurites 1-5/8"" Lightning Strike Beach Sand Glass Georgia Set",22.99,2022-09-08,,,WorthPoint
australite,"(r364-16) 2 Fulgurites 1-5/8"" Lightning Strike Beach Sand Glass Georgia Set",22.99,2022-09-04,,,WorthPoint
australite,"(r365-135) 1-7/8"" Fulgurite Lightning Strike Beach Sand Glass Georgia Fulgurites",16.99,2022-08-21,,,WorthPoint
australite,"(r365-63) 1-7/8"" Fulgurite Lightning Strike Beach Sand Glass GA Fulgurites Piece",16.99,2022-08-21,,,WorthPoint
australite,"(r367-7) 2-1/4"" Fulgurite Lightning Strike Beach Sand Dune Glass GA Specimen",20.99,2022-08-21,,,WorthPoint
australite,"(r365-128) 1-7/8"" Fulgurite Lightning Strike Beach Sand Glass Georgia Fulgurites",16.99,2022-08-21,,,WorthPoint
australite,"(r364-26) 2 Fulgurites 1-5/8"" Lightning Strike Beach Sand Glass Georgia Set",22.99,2022-08-21,,,WorthPoint
australite,"IMPACTITE Zhaminshin, Kzakhstan Slice Layered Impact Glass Bomb 30-gr. (1.2-oz.)",19.95,2022-08-13,30,0.66,WorthPoint
australite,"SUPER RARE - AUSTRALITE ""METEORITE TEKTITE BUTTON"" From Australia",400,2022-08-10,,,WorthPoint
australite,"(r365-124) 1-7/8"" Fulgurite Lightning Strike Beach Sand Glass Georgia Fulgurites",16.99,2022-07-18,,,WorthPoint
australite,"(r365-129) 1-7/8"" Fulgurite Lightning Strike Beach Sand Glass Georgia Fulgurites",16.99,2022-07-15,,,WorthPoint
australite,"(r365-32) 1-1/2"" Fulgurite Lightning Strike Beach Sand Glass Georgia Fulgurites",15.99,2022-07-10,,,WorthPoint
australite,"(R399-8-9) 2"" Fossil Fulgurite Petrified Lightning Strike Beach Sand Glass GA",18.99,2022-07-07,,,WorthPoint
australite,"(r365-35) 1-3/4"" Fulgurite Lightning Strike Beach Sand Glass Georgia Fulgurites",16.49,2022-07-01,,,WorthPoint
australite,"(r364-24) 2 Fulgurites 1-5/8"" Lightning Strike Beach Sand Glass Georgia Set",22.99,2022-06-22,,,WorthPoint
australite,"(r365-132) 1-7/8"" Fulgurite Lightning Strike Beach Sand Glass Georgia Fulgurites",16.99,2022-05-26,,,WorthPoint
australite,"(r364-19) 2 Fulgurites 1-5/8"" Lightning Strike Beach Sand Glass Georgia Set",22.99,2022-05-26,,,WorthPoint
australite,"(r365-34) 1-3/4"" Fulgurite Lightning Strike Beach Sand Glass Georgia Fulgurites",16.49,2022-05-06,,,WorthPoint
australite,7 Orig Offprints TEKTITES - AUSTRALITES By Baker 1960-69 Australia Meteorites,99,2022-05-06,,,WorthPoint
australite,"Flanged Australite Button Partial - 0.6 G - Motpena Station, Australia Tektite",300,2022-04-25,0.6,500,WorthPoint
australite,"(r364-127) 1-1/8"" Fulgurite Lightning Strike Beach Sand Glass Georgia Fulgurites",14.99,2022-04-18,,,WorthPoint
australite,"(r365-44) 1-3/4"" Fulgurite Lightning Strike Beach Sand Glass Georgia Fulgurites",16.49,2022-04-17,,,WorthPoint
australite,"(r364-13) 2 Fulgurites 1-5/8"" Lightning Strike Beach Sand Glass Georgia Set",22.99,2022-04-17,,,WorthPoint
australite,"R365-32-6) 1-1/2"" Fulgurite Lightning Strike Beach Sand Glass Georgia Fulgurites",15.99,2022-04-08,,,WorthPoint
australite,"R365-32-8) 1-1/2"" Fulgurite Lightning Strike Beach Sand Glass Georgia Fulgurites",15.99,2022-04-01,,,WorthPoint
australite,"(r364-123) 1-1/8"" Fulgurite Lightning Strike Beach Sand Glass Georgia Fulgurites",14.99,2022-04-01,,,WorthPoint
australite,"(r365-53) 1-3/4"" Fulgurite Lightning Strike Beach Sand Glass Georgia Fulgurites",16.49,2022-04-01,,,WorthPoint
australite,"(r365-57) 1-3/4"" Fulgurite Lightning Strike Beach Sand Glass Georgia Fulgurites",16.49,2022-04-01,,,WorthPoint
australite,"(r364-122) 1-1/8"" Fulgurite Lightning Strike Beach Sand Glass Georgia Fulgurites",14.99,2022-04-01,,,WorthPoint
australite,"(r364-14) 2 Fulgurites 1-5/8"" Lightning Strike Beach Sand Glass Georgia Set",22.99,2022-03-18,,,WorthPoint
australite,"(r365-23) 1-1/2"" Fulgurite Lightning Strike Beach Sand Glass Georgia Fulgurites",15.99,2022-03-02,,,WorthPoint
australite,"(r364-129) 1-1/8"" Fulgurite Lightning Strike Beach Sand Glass Georgia Fulgurites",14.99,2022-03-02,,,WorthPoint
australite,"(r365-50) 1-3/4"" Fulgurite Lightning Strike Beach Sand Glass Georgia Fulgurites",16.49,2022-02-27,,,WorthPoint
australite,"(r365-51) 1-3/4"" Fulgurite Lightning Strike Beach Sand Glass Georgia Fulgurites",16.49,2022-02-11,,,WorthPoint
australite,"(r365-41) 1-3/4"" Fulgurite Lightning Strike Beach Sand Glass Georgia Fulgurites",16.49,2022-02-11,,,WorthPoint
australite,"(r368-2) 2-3/8"" Fulgurite Lightning Strike Beach Sand Dune Glass GA Specimen",22.99,2022-02-05,,,WorthPoint
australite,"(r364-15) 2 Fulgurites 1-5/8"" Lightning Strike Beach Sand Glass Georgia Set",22.99,2022-02-03,,,WorthPoint
australite,Collection Of AUSTRALITE TEKTITES - Flanged Button And Core Types,295,2022-01-27,,,WorthPoint
australite,"(r365-55) 1-3/4"" Fulgurite Lightning Strike Beach Sand Glass Georgia Fulgurites",16.49,2022-01-14,,,WorthPoint
australite,"R362-43) 4 Piece Set 1/2 1-1/8"" Fulgurites Lightning Strike Beach Sand Glass GA",22.99,2022-01-09,,,WorthPoint
australite,"(r365-65) 1-7/8"" Fulgurite Lightning Strike Beach Sand Glass Georgia Fulgurites",16.99,2022-01-08,,,WorthPoint
australite,"(r365-49) 1-3/4"" Fulgurite Lightning Strike Beach Sand Glass Georgia Fulgurites",16.49,2022-01-06,,,WorthPoint
australite,"(two) 1-3/4"" Fulgurites Lightning Strike Beach Sand Glass Georgia Fulgurites",32,2022-01-03,,,WorthPoint
australite,"(r365-48) 1-3/4"" Fulgurite Lightning Strike Beach Sand Glass Georgia Fulgurites",16.49,2022-01-03,,,WorthPoint
australite,"(r364-115) 1-1/8"" Fulgurite Lightning Strike Beach Sand Glass Georgia Fulgurites",14.99,2022-01-03,,,WorthPoint
australite,"(r365-64) 1-7/8"" Fulgurite Lightning Strike Beach Sand Glass Georgia Fulgurites",16.99,2022-01-03,,,WorthPoint
australite,"(r367-19) 2-1/4"" Fulgurite Lightning Strike Beach Sand Dune Glass GA Specimen",20.99,2022-01-03,,,WorthPoint
australite,"(r365-133) 1-7/8"" Fulgurite Lightning Strike Beach Sand Glass Georgia Fulgurites",16.99,2022-01-03,,,WorthPoint
australite,"(r365-127) 1-7/8"" Fulgurite Lightning Strike Beach Sand Glass Georgia Fulgurites",16.99,2021-12-29,,,WorthPoint
australite,"(r364-11) 2 Fulgurites 1-5/8"" Lightning Strike Beach Sand Glass Georgia Set",22.99,2021-12-29,,,WorthPoint
australite,"(r365-126) 1-7/8"" Fulgurite Lightning Strike Beach Sand Glass Georgia Fulgurites",16.99,2021-12-23,,,WorthPoint
australite,"(r364-113) 1-1/8"" Fulgurite Lightning Strike Beach Sand Glass Georgia Fulgurites",14.99,2021-12-22,,,WorthPoint
australite,"(r365-42) 1-3/4"" Fulgurite Lightning Strike Beach Sand Glass Georgia Fulgurites",16.49,2021-12-20,,,WorthPoint
australite,"(r363-24) 2 Fulgurites 1-1/8"" Lightning Strike Beach Sand Glass Georgia Set",18.99,2021-12-16,,,WorthPoint
australite,"(r365-52) 1-3/4"" Fulgurite Lightning Strike Beach Sand Glass Georgia Fulgurites",16.49,2021-11-29,,,WorthPoint
australite,"(r364-138) 1-1/8"" Fulgurite Lightning Strike Beach Sand Glass Georgia Fulgurites",14.99,2021-11-26,,,WorthPoint
australite,"(r366-30) 2-1/8"" Fulgurite Lightning Strike Beach Sand Glass Georgia Fulgurites",18.99,2021-11-17,,,WorthPoint
australite,"(r362-42) 4 Fulgurites 1/2-1-1/8"" Lightning Strike Beach Sand Glass GA Specimens",22.99,2021-10-30,,,WorthPoint
australite,"(r365-47) 1-3/4"" Fulgurite Lightning Strike Beach Sand Glass Georgia Fulgurites",16.49,2021-10-26,,,WorthPoint
australite,"(r365-140) 1-7/8"" Fulgurite Lightning Strike Beach Sand Glass Georgia Fulgurites",16.99,2021-10-20,,,WorthPoint
australite,"(r363-17) 2 Fulgurites 1-1/8"" Lightning Strike Beach Sand Glass Georgia Set",18.99,2021-10-20,,,WorthPoint
australite,"R362-47) 4 Fulgurites 1/2to1-1/8"" Lightning Strike Beach Sand Glass GA Specimens",22.99,2021-10-20,,,WorthPoint
australite,"(r366-40) 2-1/8"" Fulgurite Lightning Strike Beach Sand Glass Georgia Fulgurites",18.99,2021-10-20,,,WorthPoint
australite,"(r371-7) 2-3/4"" Fulgurite Lightning Strike Beach Sand Glass Georgia Specimen",29.99,2021-10-14,,,WorthPoint
australite,"(r367-14) 2-1/4"" Fulgurite Lightning Strike Beach Sand Dune Glass GA Specimen",20.99,2021-10-13,,,WorthPoint
australite,"(r365-138) 1-7/8"" Fulgurite Lightning Strike Beach Sand Glass Georgia Fulgurites",16.99,2021-10-11,,,WorthPoint
australite,"R365-32-4) 1-1/2"" Fulgurite Lightning Strike Beach Sand Glass Georgia Fulgurites",15.99,2021-10-11,,,WorthPoint
australite,"(r365-60) 1-7/8"" Fulgurite Lightning Strike Beach Sand Glass Georgia Fulgurites",16.99,2021-10-11,,,WorthPoint
australite,"(r365-78) 1-7/8"" Fulgurite Lightning Strike Beach Sand Glass Georgia Fulgurites",16.99,2021-10-01,,,WorthPoint
australite,"(r364-120) 1-1/8"" Fulgurite Lightning Strike Beach Sand Glass Georgia Fulgurites",14.99,2021-10-01,,,WorthPoint
australite,"(r365-19) 1-1/2"" Fulgurite Lightning Strike Beach Sand Glass Georgia Fulgurites",15.99,2021-10-01,,,WorthPoint
australite,"(r365-93) 1-7/8"" Fulgurite Lightning Strike Beach Sand Glass Georgia Fulgurites",16.99,2021-10-01,,,WorthPoint
australite,"(r367-18) 2-1/4"" Fulgurite Lightning Strike Beach Sand Dune Glass GA Specimen",20.99,2021-10-01,,,WorthPoint
australite,"(r365-134) 1-7/8"" Fulgurite Lightning Strike Beach Sand Glass Georgia Fulgurites",16.99,2021-09-23,,,WorthPoint
australite,"Australite Tektite 0.77 Grams Nullarbor Plain Hughes, South Australia",89,2021-09-13,0.77,115.58,WorthPoint
australite,"(R399-8) 2.5"" Fossil Fulgurite Petrified Lightning Strike Beach Sand Glass GA",18.99,2021-08-12,,,WorthPoint
australite,"(r365-131) 1-7/8"" Fulgurite Lightning Strike Beach Sand Glass Georgia Fulgurites",16.99,2021-08-02,,,WorthPoint
australite,"(r365-29) 1-1/2"" Fulgurite Lightning Strike Beach Sand Glass Georgia Fulgurites",15.99,2021-07-15,,,WorthPoint
australite,"(r363-21) 2 Fulgurites 1-1/8"" Lightning Strike Beach Sand Dune Glass Georgia",18.99,2021-07-14,,,WorthPoint
australite,"(r364-121) 1-1/8"" Fulgurite Lightning Strike Beach Sand Glass Georgia Fulgurites",14.99,2021-07-12,,,WorthPoint
australite,"(r364-3) 2 Fulgurites 1-5/8"" Lightning Strike Beach Sand Glass Georgia Set",22.99,2021-07-12,,,WorthPoint
australite,"(r364-13o) 1-1/8"" Fulgurite Lightning Strike Beach Sand Glass Georgia Fulgurites",14.99,2021-07-12,,,WorthPoint
australite,"R399-14-4 Fossil Fulgurite 3-1/4"" Petrified Lightning Strike Beach Sand Glass GA",22.99,2021-07-11,,,WorthPoint
australite,"(r365-70) 1-7/8"" Fulgurite Lightning Strike Beach Sand Glass Georgia Fulgurites",16.99,2021-07-03,,,WorthPoint
australite,"(r362-23) 4 Fulgurites 1/2-1-1/8"" Lightning Strike Beach Sand Dune Glass Georgia",22.99,2021-07-01,,,WorthPoint
australite,"(r364-8) 2 Fulgurites 1-5/8"" Lightning Strike Beach Sand Glass Georgia Set",22.99,2021-06-19,,,WorthPoint
australite,"(r371-6) 2-3/4"" Fulgurite Lightning Strike Beach Sand Glass Georgia Specimen",29.99,2021-06-19,,,WorthPoint
australite,"(r366-41) 2-1/8"" Fulgurite Lightning Strike Beach Sand Glass Georgia Fulgurites",18.99,2021-06-19,,,WorthPoint
australite,"(r374-2) 3-1/8"" Fulgurite Lightning Strike Beach Sand Glass GA Display Specimen",36.99,2021-06-16,,,WorthPoint
australite,"(r366-43) 2-1/8"" Fulgurite Lightning Strike Beach Sand Dune Glass GA Fulgurites",18.99,2021-06-03,,,WorthPoint
australite,"(r364-4) 2 Fulgurites 1-5/8"" Lightning Strike Beach Sand Glass Georgia Set",22.99,2021-05-30,,,WorthPoint
australite,"(r362-45) 4 Fulgurites 1/2-1-1/8"" Lightning Strike Beach Sand Glass GA Specimens",22.99,2021-04-30,,,WorthPoint
australite,AUSTRALIA TEKTITE Australite From Meteorite Impact Collectible AT-6,62,2021-04-29,,,WorthPoint
australite,"Australite Tektite - 3.02 Gram - Motpena Station, Australia",60,2021-04-27,3.02,19.87,WorthPoint
australite,"29 Different IMPACTITES, Some Rare, 814-grams (1¾-pounds) From All Over",76,2021-04-26,814,0.09,WorthPoint
australite,"(r364-7) 2 Fulgurites 1-5/8"" Lightning Strike Beach Sand Glass Georgia Set",22.99,2021-04-26,,,WorthPoint
australite,"(r364-119) 1-1/8"" Fulgurite Lightning Strike Beach Sand Glass Georgia Fulgurites",14.99,2021-04-25,,,WorthPoint
australite,"(r365-10) 1-1/2"" Fulgurite Lightning Strike Beach Sand Glass Georgia Fulgurites",15.99,2021-04-18,,,WorthPoint
australite,"(R399-9) 3-1/4"" Fossil Fulgurite Petrified Lightning Strike Beach Sand Glass GA",22.99,2021-04-01,,,WorthPoint
australite,"(r371-14) 2-3/4"" Fulgurite Lightning Strike Beach Sand Glass Georgia Specimen",29.99,2021-03-31,,,WorthPoint
australite,"(r362-49) 4 Fulgurites 1/2-1-1/8"" Lightning Strike Beach Sand Dune Glass Georgia",22.99,2021-03-29,,,WorthPoint
australite,"(r364-101) 1-1/8"" Fulgurite Lightning Strike Beach Sand Glass Georgia Fulgurites",14.99,2021-03-24,,,WorthPoint
australite,"(r364-23) 2 Fulgurites 1-5/8"" Lightning Strike Beach Sand Glass Georgia Set",22.99,2021-03-23,,,WorthPoint
australite,"(r362-40) 4 Fulgurites 1/2-1/1-8"" Lightning Strike Beach Sand Glass GA Specimen",22.99,2021-03-23,,,WorthPoint
australite,"(r362-37) 4 Fulgurites 1/2-1-1/8"" Lightning Strike Beach Sand Glass GA Specimens",22.99,2021-03-22,,,WorthPoint
australite,"(r363-15) 2 Fulgurites 1-1/8"" Lightning Strike Beach Sand Glass Georgia Set",18.99,2021-03-22,,,WorthPoint
australite,"(r365-101) 1-7/8"" Fulgurite Lightning Strike Beach Sand Glass Georgia Fulgurites",16.99,2021-03-17,,,WorthPoint
australite,"(r362-33) 4 Fulgurites 1/2-1-1/8"" Lightning Strike Beach Sand Glass GA Display",22.99,2021-03-17,,,WorthPoint
australite,"(r365-98) 1-7/8"" Fulgurite Lightning Strike Beach Sand Glass Georgia Fulgurites",16.99,2021-03-15,,,WorthPoint
australite,"(r364-118) 1-1/8"" Fulgurite Lightning Strike Beach Sand Glass Georgia Fulgurites",14.99,2021-03-12,,,WorthPoint
australite,"(r364-108) 1-1/8"" Fulgurite Lightning Strike Beach Sand Glass Georgia Fulgurites",14.99,2021-03-10,,,WorthPoint
australite,"(r363-16) 2 Fulgurites 1-1/8"" Lightning Strike Beach Sand Glass Georgia Set",18.99,2021-03-09,,,WorthPoint
australite,"(r364-25) 2 Fulgurites 1-5/8"" Lightning Strike Beach Sand Glass GA Specimens",22.99,2021-02-28,,,WorthPoint
australite,"(r362-38) 4 Fulgurites 1/2-1-1/8"" Lightning Strike Beach Sand Glass GA Specimens",22.99,2021-02-25,,,WorthPoint
australite,"Australite Tektite 0.4 Grams Nullarbor Plain Hughes, South Australia",50,2021-02-23,0.4,125,WorthPoint
australite,"(R399-2) 2.5"" Fossil Fulgurite Petrified Lightning Strike Beach Sand Glass GA",18.99,2021-02-09,,,WorthPoint
australite,"(r365-66) 1-7/8"" Fulgurite Lightning Strike Beach Sand Glass Georgia Fulgurites",16.99,2021-02-01,,,WorthPoint
australite,"(r366-48) 2-1/8"" Fulgurite Lightning Strike Beach Sand Glass Georgia Fulgurites",18.99,2021-01-22,,,WorthPoint
australite,Philippinite Tektite 160.76g Deeply Grooved Biscuit From Meteorite Impact,72,2021-01-16,160.76,0.45,WorthPoint
australite,"(r365-122) 1-7/8"" Fulgurite Lightning Strike Beach Sand Glass Georgia Fulgurites",16.99,2021-01-15,,,WorthPoint
australite,"(r365-112) 1-7/8"" Fulgurite Lightning Strike Beach Sand Glass Georgia Fulgurites",16.99,2021-01-03,,,WorthPoint
australite,"(r365-36) 1-3/4"" Fulgurite Lightning Strike Beach Sand Glass Georgia Fulgurites",16.49,2021-01-03,,,WorthPoint
australite,"(r364-117) 1-1/8"" Fulgurite Lightning Strike Beach Sand Glass Georgia Fulgurites",14.99,2020-12-30,,,WorthPoint
australite,Australite Tektite Australia Partial Flanged Button 2.30 Grams,152.5,2020-12-17,2.3,66.3,WorthPoint
australite,"(r362-39) 4 Fulgurites 1/2-1-1/8"" Lightning Strike Beach Sand Glass GA Specimens",22.99,2020-12-15,,,WorthPoint
australite,"(r362-46) 4 Fulgurites 1/2-1-1/8"" Lightning Strike Beach Sand Glass GA Specimens",22.99,2020-12-15,,,WorthPoint
australite,"(r365-114) 1-7/8"" Fulgurite Lightning Strike Beach Sand Glass Georgia Fulgurites",16.99,2020-12-15,,,WorthPoint
australite,"(r362-48) 4 Fulgurites 1/2-1-1/8"" Lightning Strike Beach Sand Dune Glass Georgia",22.99,2020-12-14,,,WorthPoint
australite,"(r373-12) 3"" Fulgurite Lightning Strike Beach Sand Glass GA Display Specimen",33.99,2020-12-13,,,WorthPoint
australite,"(r365-117) 1-7/8"" Fulgurite Lightning Strike Beach Sand Glass Georgia Fulgurites",16.99,2020-12-11,,,WorthPoint
australite,Philippinite Tektite 208.58g AAA Deeply Grooved Soccer Ball From Meteorite Impac,81,2020-12-05,208.58,0.39,WorthPoint
australite,"(R399-20) 6-3/8"" Fossil Fulgurite Petrified Lightning Strike Beach Sand Glass GA",48.99,2020-11-26,,,WorthPoint
australite,"(r362-53) 4 Fulgurites 1/2-1-1/8"" Lightning Strike Beach Sand Dune Glass Georgia",22.99,2020-11-12,,,WorthPoint
australite,Australite Tektite Australia 1.63 Grams Partial Flanged Button,66,2020-11-12,1.63,40.49,WorthPoint
australite,"Australite Core Tektite Faint Flange - 1.46 G - Motpena Station, Australia",120,2020-11-11,1.46,82.19,WorthPoint
australite,"(r365-89) 1-7/8"" Fulgurite Lightning Strike Beach Sand Glass Georgia Fulgurites",16.99,2020-11-05,,,WorthPoint
australite,"(R399-14) 3-1/4"" Fossil Fulgurite Petrified Lightning Strike Beach Sand Glass GA",22.99,2020-10-02,,,WorthPoint
australite,"(r365-116) 1-7/8"" Fulgurite Lightning Strike Beach Sand Glass Georgia Fulgurites",16.99,2020-09-21,,,WorthPoint
australite,"(r365-120) 1-7/8"" Fulgurite Lightning Strike Beach Sand Glass Georgia Fulgurites",16.99,2020-09-13,,,WorthPoint
australite,"(R399-17-5) 4"" Fossil Fulgurite Petrified Lightning Strike Beach Sand Glass GA",26.99,2020-09-13,,,WorthPoint
australite,"(r362-52) 4 Fulgurites 1/2-1-1/8"" Lightning Strike Beach Sand Dune Glass Georgia",22.99,2020-09-09,,,WorthPoint
australite,"(r363-10) 2 Fulgurites 1-5/8"" Lightning Strike Beach Sand Glass Georgia Set",18.99,2020-09-02,,,WorthPoint
australite,"(r365-74) 1-7/8"" Fulgurite Lightning Strike Beach Sand Glass Georgia Fulgurites",16.99,2020-09-02,,,WorthPoint
australite,Philippinite Tektite 124.58g Happy Face Biscuit Impactite - Not Meteorite,32,2020-08-29,124.58,0.26,WorthPoint
australite,"(r364-5) 2 Fulgurites 1-5/8"" Lightning Strike Beach Dune Sand Glass Georgia",22.99,2020-08-26,,,WorthPoint
australite,"(r365-11) 1-1/2"" Fulgurite Lightning Strike Beach Sand Glass Georgia Fulgurites",15.99,2020-08-26,,,WorthPoint
australite,"Flanged Australite Button Partial - 2.0 G - Motpena Station, Australia Tektite",499,2020-08-23,2,249.5,WorthPoint
australite,"(r365-92) 1-7/8"" Fulgurite Lightning Strike Beach Sand Glass Georgia Fulgurites",16.99,2020-08-17,,,WorthPoint
australite,"(r365-24) 1-3/4"" Fulgurite Lightning Strike Beach Sand Glass Georgia Fulgurites",16.49,2020-08-17,,,WorthPoint
australite,"(r367-29) 2-1/4"" Fulgurite Lightning Strike Beach Sand Dune Glass GA Specimen",20.99,2020-08-14,,,WorthPoint
australite,"(r363-16) 2 Fulgurites 1-5/8"" Lightning Strike Beach Sand Dune Glass Georgia",18.99,2020-08-12,,,WorthPoint
australite,"(r365-32) 1-3/4"" Fulgurite Lightning Strike Beach Sand Glass Georgia Fulgurites",16.49,2020-08-10,,,WorthPoint
australite,"(r365-28) 1-3/4"" Fulgurite Lightning Strike Beach Sand Glass Georgia Fulgurites",16.49,2020-08-04,,,WorthPoint
australite,"(r362-54) 4 Fulgurites 1/2-1-1/8"" Lightning Strike Beach Sand Dune Glass Georgia",22.99,2020-08-04,,,WorthPoint
australite,"(r365-121) 1-7/8"" Fulgurite Lightning Strike Beach Sand Glass Georgia Fulgurites",16.99,2020-08-01,,,WorthPoint
australite,"(R399-13) 3-1/4"" Fossil Fulgurite Petrified Lightning Strike Beach Sand Glass GA",22.99,2020-08-01,,,WorthPoint
australite,"(r363-13) 2 Fulgurites 1-5/8"" Lightning Strike Beach Sand Glass Georgia Set",18.99,2020-07-28,,,WorthPoint
australite,"(r365-119) 1-7/8"" Fulgurite Lightning Strike Beach Sand Glass Georgia Fulgurites",16.99,2020-07-28,,,WorthPoint
australite,"(r365-3) 1-1/2"" Fulgurite Lightning Strike Beach Sand Glass Georgia Fulgurites",15.99,2020-07-19,,,WorthPoint
australite,"Australite Core Tektite With Faint Rim - 1.3 G - Motpena Station, Australia",60,2020-07-10,1.3,46.15,WorthPoint
australite,"Meteorite**Tektite, Australite**8.998 Gram Flang Buttons; Old Estate Lot!!!",499,2020-07-08,8.998,55.46,WorthPoint
australite,"(r367-4) 2-1/4"" Fulgurite Lightning Strike Beach Sand Glass Georgia Specimen",20.99,2020-07-01,,,WorthPoint
australite,"(r367-28) 2-1/4"" Fulgurite Lightning Strike Beach Sand Dune Glass GA Specimen",20.99,2020-06-25,,,WorthPoint
australite,"(r365-118) 1-7/8"" Fulgurite Lightning Strike Beach Sand Glass Georgia Fulgurites",16.99,2020-06-17,,,WorthPoint
australite,"(r364-107) 1-1/8"" Fulgurite Lightning Strike Beach Sand Glass Georgia Fulgurites",14.99,2020-06-16,,,WorthPoint
australite,"(r373-8) 3"" Fulgurite Lightning Strike Beach Sand Hill Glass GA Display Specimen",33.99,2020-06-16,,,WorthPoint
australite,"Australite Core Tektite - 1.01 G - Motpena Station, Australia",30,2020-06-12,1.01,29.7,WorthPoint
australite,"Australite Core Tektite - 1.57 G - Motpena Station, Australia",40,2020-06-11,1.57,25.48,WorthPoint
australite,"Australite Core Tektite - 0.83 G - Motpena Station, Australia",30,2020-06-09,0.83,36.14,WorthPoint
australite,"R362-26) 4 Piece Set 1/2 1-1/8"" Fulgurites Lightning Strike Beach Sand Glass GA",22.99,2020-05-30,,,WorthPoint
australite,"(r364-106) 1-1/8"" Fulgurite Lightning Strike Beach Sand Glass Georgia Fulgurites",14.99,2020-05-28,,,WorthPoint
australite,"(r365-113) 1-7/8"" Fulgurite Lightning Strike Beach Sand Glass Georgia Fulgurites",16.99,2020-05-18,,,WorthPoint
australite,"(r365-45) 1-7/8"" Fulgurite Lightning Strike Beach Sand Dune Glass GA Fulgurites",16.99,2020-05-16,,,WorthPoint
australite,"(r364-105) 1-1/8"" Fulgurite Lightning Strike Beach Sand Glass Georgia Fulgurites",14.99,2020-05-12,,,WorthPoint
australite,"(r385-1) 4-5/8"" Fulgurite Lightning Strike Beach Sand Glass GA Display Specimen",58.99,2020-05-10,,,WorthPoint
australite,"(R399-12) 3-1/4"" Fossil Fulgurite Petrified Lightning Strike Beach Sand Glass GA",22.99,2020-04-26,,,WorthPoint
australite,Three Australite Button Tektite Specimens 9 Grams Total,24.5,2020-04-23,9,2.72,WorthPoint
australite,"(r365-105) 1-7/8"" Fulgurite Lightning Strike Beach Sand Glass Georgia Fulgurites",16.99,2020-04-17,,,WorthPoint
australite,"(R399-8-8) 2"" Fossil Fulgurite Petrified Lightning Strike Beach Sand Glass GA",18.99,2020-03-31,,,WorthPoint
australite,"(r378-3) 3-5/8"" Fulgurite Lightning Strike Beach Sand Glass GA Display Specimen",46.99,2020-03-18,,,WorthPoint
australite,"(r366-45) 2-1/8"" Fulgurite Lightning Strike Beach Sand Glass Georgia Fulgurites",18.99,2020-03-15,,,WorthPoint
australite,"(r365-54) 1-7/8"" Fulgurite Lightning Strike Beach Sand Glass Georgia Fulgurites",16.99,2020-03-01,,,WorthPoint
australite,"(r372-14) 2-7/8"" Fulgurite Lightning Strike Beach Sand Glass GA Display Specimen",31.99,2020-03-01,,,WorthPoint
australite,"(r366-52) 2-1/8"" Fulgurite Lightning Strike Beach Sand Dune Glass GA Fulgurites",18.99,2020-02-26,,,WorthPoint
australite,"(r370-4) 2-5/8"" Fulgurite Lightning Strike Beach Sand Glass Georgia Specimen",27.99,2020-02-20,,,WorthPoint
australite,"(R399-17-3) 4"" Fossil Fulgurite Petrified Lightning Strike Beach Sand Glass GA",26.99,2020-02-20,,,WorthPoint
australite,Historic Tektite John Kennett Charlotte Waters Boat (Meteorite Related),45,2020-02-17,,,WorthPoint
australite,"(r365-95) 1-7/8"" Fulgurite Lightning Strike Beach Sand Glass Georgia Fulgurites",16.99,2020-02-14,,,WorthPoint
australite,"(r363-15) 2 Fulgurites 1-5/8"" Lightning Strike Beach Sand Glass Georgia Set",18.99,2020-02-06,,,WorthPoint
australite,"Set Of 34 DIFFERENT Asteroid IMPACTITES, Total Weight 758-grams (~ 1#, 11-oz.)",103.3,2020-01-29,758,0.14,WorthPoint
australite,"13 Different, Unusual Fine IMPACTITES From Many Asteroid Impact Craters",29.5,2020-01-23,,,WorthPoint
australite,"(r365-107) 1-7/8"" Fulgurite Lightning Strike Beach Sand Glass Georgia Fulgurites",16.99,2020-01-17,,,WorthPoint
australite,"Meteorite**Tektite, Bediasite**21.00 Grams, Museum Quality!!! Rare, Oldest Ever!",189.99,2020-01-13,21,9.05,WorthPoint
australite,"(R399-17-6) 4"" Fossil Fulgurite Petrified Lightning Strike Beach Sand Glass GA",26.99,2020-01-03,,,WorthPoint
australite,"(r365-1) 1-1/2"" Fulgurite Lightning Strike Beach Sand Glass Georgia Fulgurites",15.99,2019-11-30,,,WorthPoint
australite,"(r363-11) 2 Fulgurites 1-5/8"" Lightning Strike Beach Sand Glass Georgia Set",18.99,2019-11-13,,,WorthPoint
australite,"(r363-19) 2 Fulgurites 1-5/8"" Lightning Strike Beach Sand Glass Georgia Set",18.99,2019-11-13,,,WorthPoint
australite,TEKTITE Glass Meteorite 40-60 Grams SHAPE MAY VARY,12.99,2019-10-31,60,0.22,WorthPoint
australite,"(r365-19) 1-3/4"" Fulgurite Lightning Strike Beach Sand Glass Georgia Fulgurites",16.49,2019-10-10,,,WorthPoint
australite,Philippinite Tektite 255.53g AAA Deeply Grooved Soccer Ball From Meteorite Impac,215,2019-10-01,255.53,0.84,WorthPoint
australite,"AUSTRALITE-Australian Tektite- Extremely Rare Shape- 4.25"" X 3.75"" X 7/16"" DISC",400,2019-09-27,,,WorthPoint
australite,"(r362-35) 4 Fulgurites 1/2-1-1/8"" Lightning Strike Beach Sand Glass GA Specimens",22.99,2019-09-23,,,WorthPoint
australite,Philippinite Tektite 176.86g AAA Deeply Grooved Soccer Ball From Meteorite Impac,176.5,2019-09-07,176.86,1,WorthPoint
australite,"(r368-8) 2-3/8"" Fulgurite Lightning Strike Beach Sand Glass Georgia Specimen",22.99,2019-08-26,,,WorthPoint
australite,"12 Gram Thailandite Tektite: Australasian Strewn Field, Thailand - Nr!",18.5,2019-08-26,12,1.54,WorthPoint
australite,"(r365-106) 1-7/8"" Fulgurite Lightning Strike Beach Sand Glass Georgia Fulgurites",16.99,2019-08-25,,,WorthPoint
australite,Philippinite Tektite 153.01g AAA Deeply Grooved Soccer Ball From Meteorite Impac,129,2019-08-25,153.01,0.84,WorthPoint
australite,"(r365-109) 1-7/8"" Fulgurite Lightning Strike Beach Sand Glass Georgia Fulgurites",16.99,2019-08-20,,,WorthPoint
australite,"“TEKTITES: WITNESSES OF COSMIC CATASTROPHES” ~ 222 Pages ~ 9.5” X 6"" ~ New",20,2019-08-15,,,WorthPoint
australite,"(r365-22) 1-3/4"" Fulgurite Lightning Strike Beach Sand Glass Georgia Fulgurites",16.49,2019-08-11,,,WorthPoint
australite,12 Different Smaller IMPACTITES From Hyper-Velocity Asteroid & Comet Impacts,12.5,2019-08-10,,,WorthPoint
australite,"(r365-108) 1-7/8"" Fulgurite Lightning Strike Beach Sand Glass Georgia Fulgurites",16.99,2019-08-05,,,WorthPoint
australite,"Philippinite Tektite 57.33g Deeply Grooved Biscuit, Made By Meteorite Impactite",26,2019-08-03,57.33,0.45,WorthPoint
australite,"(r365-82) 1-7/8"" Fulgurite Lightning Strike Beach Sand Glass Georgia Fulgurites",16.99,2019-07-31,,,WorthPoint
australite,"(r365-8) 1-1/2"" Fulgurite Lightning Strike Beach Sand Glass Georgia Fulgurites",15.99,2019-07-30,,,WorthPoint
australite,13 Different Smaller IMPACTITES From Hyper-Velocity Asteroid & Comet Impacts,36,2019-07-27,,,WorthPoint
australite,"(r365-75) 1-7/8"" Fulgurite Lightning Strike Beach Sand Glass Georgia Fulgurites",16.99,2019-07-23,,,WorthPoint
australite,"(r364-29) 2 Fulgurites 1-5/8"" Lightning Strike Beach Dune Sand Glass Georgia",22.99,2019-07-22,,,WorthPoint
australite,"(r363-12) 2 Fulgurites 1-5/8"" Lightning Strike Beach Sand Glass Georgia Set",18.99,2019-07-02,,,WorthPoint
australite,"(r365-111) 1-7/8"" Fulgurite Lightning Strike Beach Sand Glass Georgia Fulgurites",16.99,2019-06-28,,,WorthPoint
australite,"(r365-9) 1-1/2"" Fulgurite Lightning Strike Beach Sand Glass Georgia Fulgurites",15.99,2019-06-23,,,WorthPoint
australite,"Philippinite Tektite 113.92g AAA Deeply Grooved Biscuit, Made By Meteorite Impac",111,2019-06-23,113.92,0.97,WorthPoint
australite,"(r365-4) 1-1/2"" Fulgurite Lightning Strike Beach Sand Glass Georgia Fulgurites",15.99,2019-06-18,,,WorthPoint
australite,"(r364-104) 1-1/8"" Fulgurite Lightning Strike Beach Sand Glass Georgia Fulgurites",14.99,2019-06-10,,,WorthPoint
australite,"(r364-111) 1-1/8"" Fulgurite Lightning Strike Beach Sand Glass Georgia Fulgurites",14.99,2019-06-07,,,WorthPoint
australite,"Philippinite Tektite 59.69g AAA Deeply Grooved Biscuit, Made By Meteorite Impact",39,2019-06-01,59.69,0.65,WorthPoint
australite,"(r365-7) 1-1/2"" Fulgurite Lightning Strike Beach Sand Glass Georgia Fulgurites",15.99,2019-05-28,,,WorthPoint
australite,"(r365-77) 1-7/8"" Fulgurite Lightning Strike Beach Sand Glass Georgia Fulgurites",16.99,2019-05-16,,,WorthPoint
australite,23 Different Smaller IMPACTITES From Hyper-Velocity Asteroid & Comet Impacts,63.65,2019-05-08,,,WorthPoint
australite,Australite- Tektite From Australia Complete 4.3 Grams Nice!,15.99,2019-05-05,4.3,3.72,WorthPoint
australite,Australite- Tektite From Australia Complete 4.4 Grams Really Nice!,21.99,2019-05-05,4.4,5,WorthPoint
australite,Australite- Tektite From Australia Complete 2.9 Grams Nice!,15.99,2019-05-05,2.9,5.51,WorthPoint
australite,Australite Tektite Meteorite,49.99,2019-05-01,,,WorthPoint
australite,Australite- Tektite From Australia Complete 4.2 Grams Nice!,15.99,2019-05-01,4.2,3.81,WorthPoint
australite,"Philippinite Tektite 103.83g AAA Deeply Grooved Biscuit, Made By Meteorite Impac",111,2019-04-08,103.83,1.07,WorthPoint
australite,Philippinite Tektite 40.69g Astounding Assymetrical Burger Impactite,15,2019-04-06,40.69,0.37,WorthPoint
australite,"(r363-9) 2 Fulgurites 1-5/8"" Lightning Strike Beach Sand Glass Georgia Set",18.99,2019-04-01,,,WorthPoint
australite,"(r365-30) 1-3/4"" Fulgurite Lightning Strike Beach Sand Glass Georgia Fulgurites",16.49,2019-03-31,,,WorthPoint
australite,"Philippinite Tektite 106.08g AAA Deeply Grooved Biscuit, Made By Meteorite Impac",152.5,2019-03-30,106.08,1.44,WorthPoint
australite,Fifteen Different Smaller IMPACTITES From Earth's Asteroid Or Comet Crater Sites,37.05,2019-03-27,,,WorthPoint
australite,Philippinite Tektite 205.22g AAA Deeply Grooved Soccer Ball From Meteorite Impac,325,2019-03-18,205.22,1.58,WorthPoint
australite,"11 DIFFERENT Small Lightweight RARE IMPACTITES From Craters, 19-gr.(0.65-oz.)",40,2019-03-17,19,2.11,WorthPoint
australite,"Philippinite Tektite 71.16g Beautiful Assymetrical, Deeply Grooved Biscuit Impac",77,2019-03-16,71.16,1.08,WorthPoint
australite,"(r365-2) 1-1/2"" Fulgurite Lightning Strike Beach Sand Glass Georgia Fulgurites",15.99,2019-03-12,,,WorthPoint
australite,20 DIFFERENT Asteroid Impact RARE Small Lightweight IMPACTITES 97.5-gr.(3.4-oz.),102,2019-03-07,97.5,1.05,WorthPoint
australite,Philippinite Tektite 73.16g Beautiful Biscuit Impactite,23,2019-03-02,73.16,0.31,WorthPoint
australite,"15 Different Small IMPACTITES From Earth's Asteroid, Comet Impact Craters 39-gr.",44,2019-02-26,39,1.13,WorthPoint
australite,"(r365-31) 1-3/4"" Fulgurite Lightning Strike Beach Sand Glass Georgia Fulgurites",16.49,2019-02-18,,,WorthPoint
australite,23 Different Small IMPACTITES From Earth's Asteroid And Comet Impact Craters,72.85,2019-02-17,,,WorthPoint
australite,Philippinite Tektite 71.06g Beautiful Assymetrical Biscuit Impactite,17,2019-02-09,71.06,0.24,WorthPoint
australite,"(r365-13) 1-1/2"" Fulgurite Lightning Strike Beach Sand Glass Georgia Fulgurites",15.99,2019-02-08,,,WorthPoint
australite,15 Different Small IMPACTITES From Some Of Earth's Asteroid Impact Craters,57.78,2019-01-29,,,WorthPoint
australite,Philippinite Tektite 32.80g Beautiful Assymetrical Biscuit Impactite,10,2019-01-26,32.8,0.3,WorthPoint
australite,Philippinite Tektite 61.79g Beautiful Assymetrical Biscuit Impactite,20,2019-01-19,61.79,0.32,WorthPoint
australite,"(r365-71) 1-7/8"" Fulgurite Lightning Strike Beach Sand Glass Georgia Fulgurites",16.99,2019-01-14,,,WorthPoint
australite,"(r365-72) 1-7/8"" Fulgurite Lightning Strike Beach Sand Glass Georgia Fulgurites",16.99,2019-01-10,,,WorthPoint
australite,"(r364-20) 1-5/8"" - 2 Fulgurites Lightning Strike Beach Sand Glass GA Fulgurite",22.99,2019-01-08,,,WorthPoint
australite,Philippinite Tektite 64.58g Beautiful Assymetrical Biscuit Impactite,15,2019-01-05,64.58,0.23,WorthPoint
australite,"(r365-76) 1-7/8"" Fulgurite Lightning Strike Beach Sand Glass Georgia Fulgurites",16.99,2019-01-05,,,WorthPoint
australite,"R399-19-1) 5.25"" Fossil Fulgurite Petrified Lightning Strike Beach Sand Glass GA",35.99,2019-01-02,,,WorthPoint
australite,Tektite Flanged Massive UFO Button Meteor,175,2019-01-01,,,WorthPoint
australite,Philippinite Tektite 41.49g Beautiful Bisquit Shaped Impactite,13,2018-12-28,41.49,0.31,WorthPoint
australite,Philippinite Tektite 42.93g Beautiful Rod Shaped Impactite,13,2018-12-22,42.93,0.3,WorthPoint
australite,"(R399-5) 2"" Fossil Fulgurite Petrified Lightning Strike Beach Sand Glass GA",18.99,2018-12-22,,,WorthPoint
australite,"(r365-43) 1-7/8"" Fulgurite Lightning Strike Beach Sand Dune Glass GA Fulgurites",16.99,2018-12-19,,,WorthPoint
australite,"(r364-103) 1-1/8"" Fulgurite Lightning Strike Beach Sand Glass Georgia Fulgurites",14.99,2018-12-18,,,WorthPoint
australite,"(r366-53) 2-1/8"" Fulgurite Lightning Strike Beach Sand Dune Glass GA Fulgurites",18.99,2018-12-18,,,WorthPoint
australite,"(r365-79) 1-7/8"" Fulgurite Lightning Strike Beach Sand Glass Georgia Fulgurites",16.99,2018-12-18,,,WorthPoint
australite,"(r364-100) 1-1/8"" Fulgurite Lightning Strike Beach Sand Glass Georgia Fulgurites",14.99,2018-12-17,,,WorthPoint
australite,Philippinite Tektite 51.74g Beautiful Biscuit Shape Impactite,20,2018-12-09,51.74,0.39,WorthPoint
australite,Philippinite Tektite 158.35g Magnificent Mushroom Shape Impactite,51,2018-12-08,158.35,0.32,WorthPoint
australite,Philippinite Tektite 32.83g Beautiful Biscuit Shape Impactite,21.5,2018-12-08,32.83,0.65,WorthPoint
australite,Australite Tektite - Button With Flange Remnants And Ring Waves,85,2018-11-30,,,WorthPoint
australite,Philippinite Tektite 177.02g Beautiful Breadcrust Shape Impactite,46,2018-11-27,177.02,0.26,WorthPoint
australite,"Philippinite Tektite 196.16g Unique, Anomalous Shape Impactite",41,2018-11-24,196.16,0.21,WorthPoint
australite,Philippinite Tektite 168.66g Beautiful Soccerball Shape Impactite,46,2018-11-18,168.66,0.27,WorthPoint
australite,Natural Czechoslovakia Moldavite Rough,20,2018-11-16,,,WorthPoint
australite,"Philippinite Tektite 219.80g Unique, Anomalous Shape Impactite",46,2018-11-14,219.8,0.21,WorthPoint
australite,"(R399-17) 4-1/4"" Fossil Fulgurite Petrified Lightning Strike Beach Sand Glass GA",26.99,2018-11-14,,,WorthPoint
australite,"(r365-6) 1-1/2"" Fulgurite Lightning Strike Beach Sand Glass Georgia Fulgurites",15.99,2018-11-12,,,WorthPoint
australite,"(r365-14) 1-1/2"" Fulgurite Lightning Strike Beach Sand Glass Georgia Fulgurites",15.99,2018-11-08,,,WorthPoint
australite,Philippinite Tektite 204.83g Beautiful Breadcrusted Scarab Impactite,50,2018-10-20,204.83,0.24,WorthPoint
australite,"(r368-10) 2-3/8"" Fulgurite Lightning Strike Beach Sand Glass Georgia Specimen",22.99,2018-10-17,,,WorthPoint
australite,"(r366-34) 2-1/8"" Fulgurite Lightning Strike Beach Sand Dune Glass GA Fulgurites",18.99,2018-10-14,,,WorthPoint
australite,Philippinite Tektite 92.85g Impactite W/ Intriguingly Anomalous Shape,26,2018-10-13,92.85,0.28,WorthPoint
australite,Philippinite Tektite 254.47g Beautiful Breadcrusted Soccerball Impactite,65,2018-10-13,254.47,0.26,WorthPoint
australite,"(r365-5) 1-1/2"" Fulgurite Lightning Strike Beach Sand Glass Georgia Fulgurites",15.99,2018-10-11,,,WorthPoint
australite,"(R399-21) 9"" Fossil Fulgurite Petrified Lightning Strike Beach Sand Glass GA",55.99,2018-10-03,,,WorthPoint
australite,"Australite Core - 3.6 Grams - Motpena Station, Australia Tektite",100,2018-09-26,3.6,27.78,WorthPoint
australite,"(r365-27) 1-3/4"" Fulgurite Lightning Strike Beach Sand Glass Georgia Fulgurites",16.49,2018-09-20,,,WorthPoint
australite,* Australite* RARE AUSTRALIAN TEKTITE HIGH VIBE Core SPACE Rock,72.22,2018-09-11,,,WorthPoint
australite,"(r365-12) 1-1/2"" Fulgurite Lightning Strike Beach Sand Glass Georgia Fulgurites",15.99,2018-09-01,,,WorthPoint
australite,15.3g BICOLITE TEKTITE AAA Grade Meteor Impact Glass!! From The Phillippines!S,15.99,2018-09-01,15.3,1.05,WorthPoint
australite,"MOLDAVITE 2.4grams * FINE GREEN TEKTITE !!! Lipi, CZECH REPUBLIC",10.5,2018-08-26,2.4,4.38,WorthPoint
australite,"(r365-26) 1-3/4"" Fulgurite Lightning Strike Beach Sand Glass Georgia Fulgurites",16.49,2018-08-25,,,WorthPoint
australite,"MOLDAVITE * FINE GREEN TEKTITE !!! Koroseky, CZECH REPUBLIC",10.5,2018-08-20,,,WorthPoint
australite,"MOLDAVITE 5.4grams * FINE GREEN TEKTITE !!! Lipi, CZECH REPUBLIC",20.52,2018-08-17,5.4,3.8,WorthPoint
australite,"MOLDAVITE * 9.2 Grams !!! Vrabce, CZECH REPUBLIC",69.99,2018-07-27,9.2,7.61,WorthPoint
australite,"MOLDAVITE DROP * 4.5 Grams !!! Brusna, CZECH REPUBLIC",49.99,2018-07-20,4.5,11.11,WorthPoint
australite,"HISTORIC TEKTITE: Australites Described As ""molten Chips From The Moon""",300,2018-07-18,,,WorthPoint
australite,"Tektite Australite: Port Campbell, Western Victoria, Australia. Weight = 2,14 G",118.5,2018-07-09,14,8.46,WorthPoint
australite,"(r367-30) 2-1/4"" Fulgurite Lightning Strike Beach Sand Dune Glass GA Specimen",20.99,2018-07-08,,,WorthPoint
australite,Philippinite Tektite 25.76g Impactite W/ Intriguingly Anomalous Shape,26,2018-07-02,25.76,1.01,WorthPoint
australite,"HISTORIC TEKTITE: 5 Australites, Ex. South Australian Museum, Kennett, Bartlett",490,2018-06-30,,,WorthPoint
australite,"(r365-18r) 1-1/2"" Fulgurite Lightning Strike Beach Sand Glass Georgia Fulgurites",15.99,2018-06-29,,,WorthPoint
australite,"TWISTED MOLDAVITE * SUPER !!! Jakule, CZECH REPUBLIC",90,2018-06-23,,,WorthPoint
australite,Philippinite Tektite 159.59g Beautiful Breadcrusted Soccerball Impactite,150,2018-06-23,159.59,0.94,WorthPoint
australite,Philippinite Tektite 18.80g Bisquit Impactite,13,2018-06-18,18.8,0.69,WorthPoint
australite,Philippinite Tektite 35.65g Bisquit Impactite,10,2018-06-16,35.65,0.28,WorthPoint
australite,"(r383-2) 4-3/8"" Fulgurite Lightning Strike Beach Sand Glass GA Display Specimen",58.99,2018-06-10,,,WorthPoint
australite,"(r364-102) 1-1/8"" Fulgurite Lightning Strike Beach Sand Glass Georgia Fulgurites",14.99,2018-06-09,,,WorthPoint
australite,"CURVED MOLDAVITE * SUPER !!! Nesmen, CZECH REPUBLIC",300,2018-06-04,,,WorthPoint
australite,"TWISTED MOLDAVITE !!! PERFECT !!! Nesmen, CZECH REPUBLIC",24.99,2018-05-28,,,WorthPoint
australite,R398-6) 2 Pieces Fossil Fulgurite Petrified Lightning Strike Beach Sand Glass GA,18.99,2018-05-25,,,WorthPoint
australite,"(R399-16) 4"" Fossil Fulgurite Petrified Lightning Strike Beach Sand Glass GA",26.99,2018-05-25,,,WorthPoint
australite,Tektite Australite: Boat Core 10.5g,262.5,2018-05-22,10.5,25,WorthPoint
australite,"MOLDAVITE ! Vrabce, CZECH REPUBLIC",15.5,2018-05-07,,,WorthPoint
australite,"MOLDAVITE * NICE ! Nesmen, CZECH REPUBLIC",39.99,2018-05-02,,,WorthPoint
australite,"MOLDAVITE * 6.3 Grams * SUPER !!! Chlum, CZECH REPUBLIC",130,2018-05-01,6.3,20.63,WorthPoint
australite,"MOLDAVITE * 13 Grams ! Vrabce, CZECH REPUBLIC",127.5,2018-05-01,13,9.81,WorthPoint
australite,"(R399-17-2) 4"" Fossil Fulgurite Petrified Lightning Strike Beach Sand Glass GA",26.99,2018-04-26,,,WorthPoint
australite,"MOLDAVITE * NICE !!! Nesmen, CZECH REPUBLIC",130,2018-04-16,,,WorthPoint
australite,"MOLDAVITE * VERY NICE !!! Dolni Chrastany, CZECH REPUBLIC",49.99,2018-04-06,,,WorthPoint
australite,"(r365-103) 1-7/8"" Fulgurite Lightning Strike Beach Sand Glass Georgia Fulgurites",16.99,2018-04-06,,,WorthPoint
australite,"(r365-102) 1-7/8"" Fulgurite Lightning Strike Beach Sand Glass Georgia Fulgurites",16.99,2018-04-06,,,WorthPoint
australite,"MOLDAVITE * 3.8 Grams ! Vrabce, CZECH REPUBLIC",24.99,2018-04-04,3.8,6.58,WorthPoint
australite,"MOLDAVITE * 3.2 Grams ! Vrabce, CZECH REPUBLIC",15.5,2018-03-25,3.2,4.84,WorthPoint
australite,"MOLDAVITE !!! Vrabce, CZECH REPUBLIC",13.01,2018-03-23,,,WorthPoint
australite,"MOLDAVITE 7.6 Grams !!! Slavce, CZECH REPUBLIC",29.99,2018-03-23,7.6,3.95,WorthPoint
australite,"MOLDAVITE * 10 Grams !!! Kvitkovice, CZECH REPUBLIC",180,2018-03-22,10,18,WorthPoint
australite,"(r365-29) 1-3/4"" Fulgurite Lightning Strike Beach Sand Glass Georgia Fulgurites",16.49,2018-03-21,,,WorthPoint
australite,64g NICE RIZALITE PHILIPPINITE TEKTITE(Meteorite)SPACE ROCK #sf050,42.3,2018-03-05,64,0.66,WorthPoint
australite,38g NICE RIZALITE PHILIPPINITE TEKTITE(Meteorite)SPACE ROCK #sf054,31.05,2018-03-04,38,0.82,WorthPoint
australite,"(r367-24) 2-1/4"" Fulgurite Lightning Strike Beach Sand Dune Glass GA Specimen",20.99,2018-03-03,,,WorthPoint
australite,"MOLDAVITE * 4.8 Grams ! Vrabce, CZECH REPUBLIC",20.5,2018-03-01,4.8,4.27,WorthPoint
australite,69g BAR RIZALITE PHILIPPINITE TEKTITE(Meteorite)SPACE ROCK #sf049,51.3,2018-02-26,69,0.74,WorthPoint
australite,"MOLDAVITE * 4.5 Grams ! Vrabce, CZECH REPUBLIC",25,2018-02-23,4.5,5.56,WorthPoint
australite,"MOLDAVITE * 14.1 Grams !!! Dolni Chrastany, CZECH REPUBLIC",99.99,2018-02-19,14.1,7.09,WorthPoint
australite,"(R399-3) 2.5"" Fossil Fulgurite Petrified Lightning Strike Beach Sand Glass GA",18.99,2018-02-16,,,WorthPoint
australite,MOLDAVITE - 4.4g Impact Glass Gemstone Tektite - Top Meteorite,65,2018-02-12,4.4,14.77,WorthPoint
australite,"MOLDAVITE * 5.1 Grams ! Vrabce, CZECH REPUBLIC",14.99,2018-02-11,5.1,2.94,WorthPoint
australite,"(r365-20) 1-3/4"" Fulgurite Lightning Strike Beach Sand Glass Georgia Fulgurites",16.49,2018-02-05,,,WorthPoint
australite,60g NICE RIZALITE PHILIPPINITE TEKTITE(Meteorite)SPACE ROCK #sf051,70.5,2018-01-31,60,1.18,WorthPoint
australite,"MOLDAVITE * 16.4 Grams !!! Vrabce, CZECH REPUBLIC",49.99,2018-01-30,16.4,3.05,WorthPoint
australite,"MOLDAVITE * 2.3 Grams * PERFECT !!! Nesmen, CZECH REPUBLIC",49.99,2018-01-29,2.3,21.73,WorthPoint
australite,"CURVED MOLDAVITE * NICE !!! Vrabce, CZECH REPUBLIC",19.5,2018-01-25,,,WorthPoint
australite,"MOLDAVITE * VERY NICE ! Nesmen, CZECH REPUBLIC",24.5,2018-01-22,,,WorthPoint
australite,"(r365-104) 1-7/8"" Fulgurite Lightning Strike Beach Sand Glass Georgia Fulgurites",16.99,2018-01-21,,,WorthPoint
australite,"Australite Core - 2.3 Grams - Motpena Station, Australia Tektite",30,2018-01-21,2.3,13.04,WorthPoint
australite,"Australite Core - 1.5 Grams - Motpena Station, Australia Tektite",30,2018-01-21,1.5,20,WorthPoint
australite,"MOLDAVITE * PERFECT !!! Nesmen, CZECH REPUBLIC",51,2018-01-20,,,WorthPoint
australite,R398-2) 2 Pieces Fossil Fulgurite Petrified Lightning Strike Beach Sand Glass GA,18.99,2018-01-18,,,WorthPoint
australite,"MOLDAVITE * VERY NICE !!! Nesmen, CZECH REPUBLIC",13.5,2018-01-15,,,WorthPoint
australite,"MOLDAVITE !!! Nesmen, CZECH REPUBLIC",12,2018-01-05,,,WorthPoint
australite,"(r365-21) 1-3/4"" Fulgurite Lightning Strike Beach Sand Glass Georgia Fulgurites",16.49,2018-01-01,,,WorthPoint
australite,"(r365-100) 1-7/8"" Fulgurite Lightning Strike Beach Sand Glass Georgia Fulgurites",16.99,2017-12-30,,,WorthPoint
australite,"(r366-49) 2-1/8"" Fulgurite Lightning Strike Beach Sand Glass Georgia Fulgurites",18.99,2017-12-27,,,WorthPoint
australite,"MOLDAVITE DROP * 9.6g !!! Kvitkovice, CZECH REPUBLIC",140,2017-12-21,9.6,14.58,WorthPoint
australite,Australite Tektite - Boat Shape With Remnant Flange And Ring Waves,21.5,2017-12-16,,,WorthPoint
australite,Tektite With A Big Internal Bubble - A Rare And Unique Specimen,43,2017-12-16,,,WorthPoint
australite,BICOLITE TEKTITE 43.2g Meteor Impact Glass AAA Grade!! From The Philippines!!,15.99,2017-12-15,43.2,0.37,WorthPoint
australite,BICOLITE TEKTITE 13.7g AAA Grade Meteor Impact Glass!! From The Phillippines!S,15.99,2017-12-15,13.7,1.17,WorthPoint
australite,"(r366-54) 2-1/8"" Fulgurite Lightning Strike Beach Sand Dune Glass GA Fulgurites",18.99,2017-12-10,,,WorthPoint
australite,"MOLDAVITE 8.1 Grams !!! Slavce, CZECH REPUBLIC",49.99,2017-12-09,8.1,6.17,WorthPoint
australite,"MOLDAVITE FROM Slavce, CZECH REPUBLIC",10.5,2017-12-07,,,WorthPoint
australite,"(R399-11) 3-1/4"" Fossil Fulgurite Petrified Lightning Strike Beach Sand Glass GA",22.99,2017-12-02,,,WorthPoint
australite,"Australite Tektite's, 4.5 Grams, Australia ( 22.5 Ct )",19.95,2017-12-01,4.5,4.43,WorthPoint
australite,"2 Australite Tektite's, 21.9 Grams & 4.3 Grams, Australia",24.08,2017-12-01,21.9,1.1,WorthPoint
australite,"(r378-1) 3-5/8"" Fulgurite Lightning Strike Beach Sand Glass GA Display Specimen",47.99,2017-11-28,,,WorthPoint
australite,"(r365-63) 1-7/8"" Fulgurite Lightning Strike Beach Sand Dune Glass GA Fulgurites",16.99,2017-11-26,,,WorthPoint
australite,"Colombianite, 4.9 G, Of VERY RARE Beautiful Colombianite From Cali, Columbia.",27,2017-11-26,4.9,5.51,WorthPoint
australite,"(r365-81) 1-7/8"" Fulgurite Lightning Strike Beach Sand Glass Georgia Fulgurites",16.99,2017-11-12,,,WorthPoint
australite,"(r368-15) 2-3/8"" Fulgurite Lightning Strike Beach Sand Dune Glass GA Specimen",22.99,2017-10-16,,,WorthPoint
australite,"(r365-68) 1-7/8"" Fulgurite Lightning Strike Beach Sand Glass Georgia Fulgurites",16.99,2017-10-16,,,WorthPoint
australite,BICOLITE TEKTITE 19.6g Meteorite Impact Glass AAA GRADE From The Philippines!,16.99,2017-10-14,19.6,0.87,WorthPoint
australite,"(r365-67) 1-7/8"" Fulgurite Lightning Strike Beach Sand Glass Georgia Fulgurites",16.99,2017-09-28,,,WorthPoint
australite,"(r368-13) 2-3/8"" Fulgurite Lightning Strike Beach Sand Dune Glass GA Specimen",22.99,2017-09-27,,,WorthPoint
australite,"(r363-24) 2 Fulgurites 1-5/8"" Lightning Strike Beach Sand Glass GA Specimens",18.99,2017-09-13,,,WorthPoint
australite,"(r371-5) 2-3/4"" Fulgurite Lightning Strike Beach Sand Glass Georgia Specimen",29.99,2017-09-11,,,WorthPoint
australite,"(r365-83) 1-7/8"" Fulgurite Lightning Strike Beach Sand Glass Georgia Fulgurites",16.99,2017-09-05,,,WorthPoint
australite,Historic Kennett Australite Charlotte Waters Boat Tektite Ex Museum Meteorite,45,2017-09-03,,,WorthPoint
australite,"(r365-41) 1-7/8"" Fulgurite Lightning Strike Beach Sand Glass Georgia Fulgurites",16.99,2017-08-30,,,WorthPoint
australite,"(r365-94) 1-7/8"" Fulgurite Lightning Strike Beach Sand Glass Georgia Fulgurites",16.99,2017-08-29,,,WorthPoint
australite,"(R399-92) 10"" Fossil Fulgurite Petrified Lightning Strike Beach Sand Glass GA",88.99,2017-08-28,,,WorthPoint
australite,R398-7) 3 Pieces Fossil Fulgurite Petrified Lightning Strike Beach Sand Glass GA,18.99,2017-08-28,,,WorthPoint
australite,"(r365-90) 1-7/8"" Fulgurite Lightning Strike Beach Sand Glass Georgia Fulgurites",16.99,2017-08-26,,,WorthPoint
australite,"(r365-91) 1-7/8"" Fulgurite Lightning Strike Beach Sand Glass Georgia Fulgurites",16.99,2017-08-26,,,WorthPoint
australite,"(r366-2) 2-1/8"" Fulgurite Lightning Strike Beach Sand Dune Glass GA Fulgurites",18.99,2017-08-24,,,WorthPoint
australite,"(r365-69) 1-7/8"" Fulgurite Lightning Strike Beach Sand Glass Georgia Fulgurites",16.99,2017-08-24,,,WorthPoint
australite,"(r365-80) 1-7/8"" Fulgurite Lightning Strike Beach Sand Glass Georgia Fulgurites",16.99,2017-08-24,,,WorthPoint
australite,"(r365-73) 1-7/8"" Fulgurite Lightning Strike Beach Sand Glass Georgia Fulgurites",16.99,2017-08-18,,,WorthPoint
australite,Austrailite Flanged ButtonTektite 2g 17x15x8mm From Meteorite Impact! IMCA,135,2017-08-07,2,67.5,WorthPoint
australite,"(r385-7) 4-5/8"" Fulgurite Lightning Strike Beach Sand Glass GA Display Specimen",52.99,2017-07-23,,,WorthPoint
australite,"(R399-19) 5-3/4"" Fossil Fulgurite Petrified Lightning Strike Beach Sand Glass GA",35.99,2017-07-22,,,WorthPoint
australite,"(r365-56) 1-7/8"" Fulgurite Lightning Strike Beach Sand Glass Georgia Fulgurites",16.99,2017-07-17,,,WorthPoint
australite,"(r363-13) 2 Fulgurites 1-5/8"" Lightning Strike Beach Sand Dune Glass Georgia",18.99,2017-07-16,,,WorthPoint
australite,"(r365-33) 1-7/8"" Fulgurite Lightning Strike Beach Sand Glass Georgia Fulgurites",16.99,2017-07-14,,,WorthPoint
australite,"(r365-57) 1-7/8"" Fulgurite Lightning Strike Beach Sand Glass Georgia Fulgurites",16.99,2017-07-08,,,WorthPoint
australite,"(r365-87) 1-7/8"" Fulgurite Lightning Strike Beach Sand Glass Georgia Fulgurites",16.99,2017-07-06,,,WorthPoint
australite,"(r365-99) 1-7/8"" Fulgurite Lightning Strike Beach Sand Glass Georgia Fulgurites",16.99,2017-07-06,,,WorthPoint
australite,One Lot 27 Smaller Rare Diverse IMPACTITES From Asteroid And Comet Impacts,31,2017-07-03,,,WorthPoint
australite,"(r366-51) 2-1/8"" Fulgurite Lightning Strike Beach Sand Dune Glass GA Fulgurites",18.99,2017-06-26,,,WorthPoint
australite,"(r365-58) 1-7/8"" Fulgurite Lightning Strike Beach Sand Glass Georgia Fulgurites",16.99,2017-06-26,,,WorthPoint
australite,R398-5) 3 Pieces Fossil Fulgurite Petrified Lightning Strike Beach Sand Glass GA,18.99,2017-06-16,,,WorthPoint
australite,"Australite Core - 3.1 Grams - Motpena Station, Australia Tektite",60,2017-06-15,3.1,19.35,WorthPoint
australite,Australite Flange Section - Associated - Lake Eyre - Australia Tektite,400,2017-06-15,,,WorthPoint
australite,"(r365-96) 1-7/8"" Fulgurite Lightning Strike Beach Sand Glass Georgia Fulgurites",16.99,2017-06-12,,,WorthPoint
australite,"(r365-97) 1-7/8"" Fulgurite Lightning Strike Beach Sand Glass Georgia Fulgurites",16.99,2017-06-03,,,WorthPoint
australite,"(r371-11) 2-3/4"" Fulgurite Lightning Strike Beach Sand Glass Georgia Specimen",29.99,2017-05-21,,,WorthPoint
australite,One Lot ELEVEN Small Diverse IMPACTITES From Asteroid/Comet Impacts,20.5,2017-05-20,,,WorthPoint
australite,"(r365-86) 1-7/8"" Fulgurite Lightning Strike Beach Sand Glass Georgia Fulgurites",16.99,2017-05-12,,,WorthPoint
australite,"(r365-88) 1-7/8"" Fulgurite Lightning Strike Beach Sand Glass Georgia Fulgurites",16.99,2017-05-06,,,WorthPoint
australite,"(r365-49) 1-7/8"" Fulgurite Lightning Strike Beach Sand Glass Georgia Fulgurites",16.99,2017-04-30,,,WorthPoint
australite,One Lot Seven Small Diverse IMPACTITES,38,2017-04-30,,,WorthPoint
australite,"(r365-40) 1-7/8"" Fulgurite Lightning Strike Beach Sand Glass Georgia Fulgurites",16.99,2017-04-24,,,WorthPoint
australite,Australite And Darwin Glass Slices - Australian Tektite And Impact Glass Set,24.99,2017-04-18,,,WorthPoint
australite,"(r367-15) 2-1/4"" Fulgurite Lightning Strike Beach Sand Dune Glass GA Specimen",20.99,2017-04-14,,,WorthPoint
australite,"(r365-59) 1-7/8"" Fulgurite Lightning Strike Beach Sand Glass Georgia Fulgurites",16.99,2017-04-11,,,WorthPoint
australite,"Flanged Button Partial 1.11g Australite Tektite Lot, From Meteorite Impact",22.5,2017-03-25,1.11,20.27,WorthPoint
australite,"(r364-30) 1-5/8"" - 2 Fulgurites Lightning Strike Beach Sand Glass GA Fulgurite",22.99,2017-03-22,,,WorthPoint
australite,"Zhamanshan Impactite, Impact Melt Glass End-Cut Triangular Slice",26,2017-03-22,,,WorthPoint
australite,"(r365-53) 1-7/8"" Fulgurite Lightning Strike Beach Sand Glass Georgia Fulgurites",16.99,2017-03-19,,,WorthPoint
australite,"(r365-37) 1-7/8"" Fulgurite Lightning Strike Beach Sand Glass Georgia Fulgurites",16.99,2017-03-06,,,WorthPoint
australite,"(r365-32) 1-7/8"" Fulgurite Lightning Strike Beach Sand Dune Glass GA Fulgurites",16.99,2017-03-02,,,WorthPoint
australite,"(r365-51) 1-7/8"" Fulgurite Lightning Strike Beach Sand Glass Georgia Fulgurites",16.99,2017-02-19,,,WorthPoint
australite,"MOLDAVITE DROP * 6.0 Grams !!! Kvitkovice, CZECH REPUBLIC",49.99,2017-02-17,6,8.33,WorthPoint
australite,"MOLDAVITE * 2.7 Grams * VERY NICE !!! Nesmen, CZECH REPUBLIC",39.99,2017-02-16,2.7,14.81,WorthPoint
australite,"MOLDAVITE * 4.2 Grams * NICE !!! Nesmen, CZECH REPUBLIC",39.99,2017-02-12,4.2,9.52,WorthPoint
australite,"MOLDAVITE * 8.9 Grams * NICE !!! Nesmen, CZECH REPUBLIC",49.99,2017-02-09,8.9,5.62,WorthPoint
australite,"MOLDAVITE * 2.4 Grams * VERY NICE !!! Nesmen, CZECH REPUBLIC",39.99,2017-02-08,2.4,16.66,WorthPoint
australite,"MOLDAVITE * 2.0 Grams * VERY NICE !!! Nesmen, CZECH REPUBLIC",51,2017-02-07,2,25.5,WorthPoint
australite,"(r367-26) 2-1/4"" Fulgurite Lightning Strike Beach Sand Dune Glass GA Specimen",20.99,2017-02-05,,,WorthPoint
australite,"MOLDAVITE * 4.7 Grams !!! Nesmen, CZECH REPUBLIC",29.99,2017-02-04,4.7,6.38,WorthPoint
australite,"MOLDAVITE * 2.0 Grams * PERFECT !!! Nesmen, CZECH REPUBLIC",31.99,2017-01-31,2,16,WorthPoint
australite,"MOLDAVITE DROP * NICE ! Nesmen, CZECH REPUBLIC",49.99,2017-01-30,,,WorthPoint
australite,"MOLDAVITE * 1.7 Grams * PERFECT !!! Nesmen, CZECH REPUBLIC",24.99,2017-01-29,1.7,14.7,WorthPoint
australite,"MOLDAVITE * 4.6 Grams * NICE !!! Nesmen, CZECH REPUBLIC",49.99,2017-01-25,4.6,10.87,WorthPoint
australite,"MOLDAVITE !!! Jankov, CZECH REPUBLIC",22.5,2017-01-24,,,WorthPoint
australite,"MOLDAVITE * 6.1 Grams * VERY NICE !!! Nesmen, CZECH REPUBLIC",90,2017-01-24,6.1,14.75,WorthPoint
australite,"(r365-39) 1-7/8"" Fulgurite Lightning Strike Beach Sand Glass Georgia Fulgurites",16.99,2017-01-11,,,WorthPoint
australite,"(r365-10) 1-7/8"" Fulgurite Lightning Strike Beach Sand Glass Georgia Fulgurites",16.99,2017-01-09,,,WorthPoint
australite,"R399-19-2) 5.25"" Fossil Fulgurite Petrified Lightning Strike Beach Sand Glass GA",35.99,2017-01-08,,,WorthPoint
australite,"(r365-27) 1-7/8"" Fulgurite Lightning Strike Beach Sand Glass Georgia Fulgurites",16.99,2017-01-05,,,WorthPoint
australite,"(r376-2) 3-3/8"" Fulgurite Lightning Strike Beach Sand Glass GA Display Specimen",45.99,2016-12-29,,,WorthPoint
australite,"(r365-34) 1-7/8"" Fulgurite Lightning Strike Beach Sand Glass Georgia Fulgurites",16.99,2016-12-28,,,WorthPoint
australite,"(r367-27) 2-1/4"" Fulgurite Lightning Strike Beach Sand Dune Glass GA Specimen",20.99,2016-12-25,,,WorthPoint
australite,"(r365-36) 1-7/8"" Fulgurite Lightning Strike Beach Sand Glass Georgia Fulgurites",16.99,2016-12-20,,,WorthPoint
australite,"Australite Core - 1.9 Grams - Motpena Station, Australia Tektite",30,2016-12-17,1.9,15.79,WorthPoint
australite,"(r367-21) 2-1/4"" Fulgurite Lightning Strike Beach Sand Dune Glass GA Specimen",20.99,2016-12-16,,,WorthPoint
australite,"(r365-29) 1-7/8"" Fulgurite Lightning Strike Beach Sand Glass Georgia Fulgurites",16.99,2016-12-15,,,WorthPoint
australite,"(r365-30) 1-7/8"" Fulgurite Lightning Strike Beach Sand Glass Georgia Fulgurites",16.99,2016-12-13,,,WorthPoint
australite,"(r370-1) 2-5/8"" Fulgurite Lightning Strike Beach Sand Glass Georgia Specimen",27.99,2016-12-11,,,WorthPoint
australite,"(r371-13) 2-3/4"" Fulgurite Lightning Strike Beach Sand Glass Georgia Specimen",29.99,2016-12-05,,,WorthPoint
australite,"Flanged Button Partial 0.24g Australite Tektite, From Meteorite Impact",102,2016-12-03,0.24,425,WorthPoint
australite,"(r367-23) 2-1/4"" Fulgurite Lightning Strike Beach Sand Dune Glass GA Specimen",20.99,2016-12-02,,,WorthPoint
australite,"(R399-1) 2.5"" Fossil Fulgurite Petrified Lightning Strike Beach Sand Glass GA",18.99,2016-11-30,,,WorthPoint
australite,"(R399-18) 5-3/4"" Fossil Fulgurite Petrified Lightning Strike Beach Sand Glass GA",35.99,2016-11-24,,,WorthPoint
australite,"(r364-9) 2 Fulgurites 1-5/8"" Lightning Strike Beach Dune Sand Glass Georgia",22.99,2016-11-22,,,WorthPoint
australite,"(r365-21) 1-7/8"" Fulgurite Lightning Strike Beach Sand Glass Georgia Fulgurites",16.99,2016-11-21,,,WorthPoint
australite,"(r368-12) 2-3/8"" Fulgurite Lightning Strike Beach Sand Dune Glass GA Specimen",22.99,2016-11-21,,,WorthPoint
australite,"(r365-48) 1-7/8"" Fulgurite Lightning Strike Beach Sand Glass Georgia Fulgurites",16.99,2016-11-21,,,WorthPoint
australite,"(r365-42) 1-7/8"" Fulgurite Lightning Strike Beach Sand Glass Georgia Fulgurites",16.99,2016-11-21,,,WorthPoint
australite,"(r365-35) 1-7/8"" Fulgurite Lightning Strike Beach Sand Glass Georgia Fulgurites",16.99,2016-11-21,,,WorthPoint
australite,"(r368-25) 2-3/8"" Fulgurite Lightning Strike Beach Sand Dune Glass GA Specimen",22.99,2016-11-21,,,WorthPoint
australite,"(r368-3) 2-3/8"" Fulgurite Lightning Strike Beach Sand Glass Georgia Specimen",22.99,2016-11-21,,,WorthPoint
australite,"(r367-25) 2-1/4"" Fulgurite Lightning Strike Beach Sand Dune Glass GA Specimen",20.99,2016-11-18,,,WorthPoint
australite,"(r365-28) 1-7/8"" Fulgurite Lightning Strike Beach Sand Glass Georgia Fulgurites",16.99,2016-11-06,,,WorthPoint
australite,"(r367-17) 2-1/4"" Fulgurite Lightning Strike Beach Sand Dune Glass GA Specimen",20.99,2016-11-05,,,WorthPoint
australite,Colombianite,45,2016-11-05,,,WorthPoint
australite,"Australite Core - 2.2 Grams - Motpena Station, Australia Tektite",45,2016-11-03,2.2,20.45,WorthPoint
australite,Thailand Tektite - Can't Quite Figure Out What Happened To This One,306.99,2016-10-20,,,WorthPoint
australite,Stretched Thailand Tektite With Multiple Deep Skin Splits,15,2016-10-20,,,WorthPoint
australite,Twisted Thailand Tektite With Multiple Skin Splits - Interesting Little Piece,15,2016-10-20,,,WorthPoint
australite,Stretched (Taffy Core) Thailand Tektite - Double Stretch,150,2016-10-20,,,WorthPoint
australite,Large Stretched (Taffy Core) Thailand Tektite With Translucent Stretch,99.99,2016-10-20,,,WorthPoint
australite,Australite Tektite - Core With Partial Flange And Ring Wave,40,2016-10-20,,,WorthPoint
australite,"T. Lot Of 8 MISC METEORITES CHERGACH, GIBEON, DONG UJIMQIN AUSTRALITE, IRGIZITE",64,2016-10-14,,,WorthPoint
australite,16 Misc Lot Of Meteorites SOME CHIPS OTHERS A LITTLE BIGGER AUSTRALITE ECT...,133.5,2016-10-10,,,WorthPoint
australite,LG Moldavite Meteorite Impact Impactite Tektite Large Besednice A+ NICE TEXTURE,60,2016-10-06,,,WorthPoint
australite,"(r378-4) 3-5/8"" Fulgurite Lightning Strike Beach Sand Glass GA Display Specimen",47.99,2016-10-02,,,WorthPoint
australite,"7.0-gram Australite Tektite Nosecone Button, Nullarbor Plains, Australia",68,2016-09-28,7,9.71,WorthPoint
australite,"Australite , Australian Tektite Button Core From Meteorite. 3.690 Grams",20.5,2016-09-27,3.69,5.56,WorthPoint
australite,"(r365-55) 1-7/8"" Fulgurite Lightning Strike Beach Sand Glass Georgia Fulgurites",16.99,2016-09-10,,,WorthPoint
australite,"(r365-52) 1-7/8"" Fulgurite Lightning Strike Beach Sand Glass Georgia Fulgurites",16.99,2016-09-09,,,WorthPoint
australite,Rare Crystal Collection Synergy 12 Phenacite Herderite Rainbow Lattice Sunstone,500,2016-09-08,,,WorthPoint
australite,"(r365-25) 1-7/8"" Fulgurite Lightning Strike Beach Sand Dune Glass GA Fulgurites",16.99,2016-09-05,,,WorthPoint
australite,"(r365-46) 1-7/8"" Fulgurite Lightning Strike Beach Sand Dune Glass GA Fulgurites",16.99,2016-08-22,,,WorthPoint
australite,"(r365-31) 1-7/8"" Fulgurite Lightning Strike Beach Sand Dune Glass GA Fulgurites",16.99,2016-08-16,,,WorthPoint
australite,"(R399-14) 4-1/4"" Fossil Fulgurite Petrified Lightning Strike Beach Sand Glass GA",26.99,2016-08-14,,,WorthPoint
australite,"(r365-47) 1-7/8"" Fulgurite Lightning Strike Beach Sand Glass Georgia Fulgurites",16.99,2016-08-14,,,WorthPoint
australite,"(R399-5) 2.5"" Fossil Fulgurite Petrified Lightning Strike Beach Sand Glass GA",18.99,2016-08-14,,,WorthPoint
australite,"(r365-26) 1-7/8"" Fulgurite Lightning Strike Beach Sand Glass Georgia Fulgurites",16.99,2016-08-13,,,WorthPoint
australite,"(r367-22) 2-1/4"" Fulgurite Lightning Strike Beach Sand Dune Glass GA Specimen",20.99,2016-08-10,,,WorthPoint
australite,"(r365-2) 1-7/8"" Fulgurite Lightning Strike Beach Sand Glass Georgia Fulgurites",16.99,2016-08-08,,,WorthPoint
australite,"(R399-22) 11"" Fossil Fulgurite Petrified Lightning Strike Beach Sand Glass GA",66.99,2016-08-03,,,WorthPoint
australite,"(r365-12) 1-7/8"" Fulgurite Lightning Strike Beach Sand Glass Georgia Fulgurites",16.99,2016-08-01,,,WorthPoint
australite,"(r364-26) 1-5/8"" - 2 Fulgurites Lightning Strike Beach Sand Glass GA Fulgurite",22.99,2016-07-26,,,WorthPoint
australite,"8 Authentic Small IMPACTITES From Asteroid, Large Meteorite And Comet Impacts",20.5,2016-07-21,,,WorthPoint
australite,"(r365-5) 1-7/8"" Fulgurite Lightning Strike Beach Sand Dune Glass GA Fulgurites",16.99,2016-07-20,,,WorthPoint
australite,"(r366-42) 2-1/8"" Fulgurite Lightning Strike Beach Sand Glass Georgia Fulgurites",18.99,2016-07-19,,,WorthPoint
australite,"(r366-39) 2-1/8"" Fulgurite Lightning Strike Beach Sand Glass Georgia Fulgurites",18.99,2016-07-19,,,WorthPoint
australite,"(r366-38) 2-1/8"" Fulgurite Lightning Strike Beach Sand Dune Glass GA Fulgurites",18.99,2016-07-15,,,WorthPoint
australite,"(r369-2) 2-1/2"" Fulgurite Lightning Strike Beach Sand Glass GA Display Specimen",24.99,2016-07-15,,,WorthPoint
australite,"(r366-8) 2-1/8"" Fulgurite Lightning Strike Beach Sand Glass GA Fulgurites",18.99,2016-07-15,,,WorthPoint
australite,"(r365-17) 1-7/8"" Fulgurite Lightning Strike Beach Sand Glass Georgia Specimen",16.99,2016-07-15,,,WorthPoint
australite,"(r366-5) 2-1/8"" Fulgurite Lightning Strike Beach Sand Dune Glass GA Fulgurites",18.99,2016-07-15,,,WorthPoint
australite,"(r365-4) 1-7/8"" Fulgurite Lightning Strike Beach Sand Dune Glass GA Fulgurites",16.99,2016-07-15,,,WorthPoint
australite,"(r365-8) 1-7/8"" Fulgurite Lightning Strike Beach Sand Dune Glass GA Fulgurites",16.99,2016-07-15,,,WorthPoint
australite,"(r366-6) 2-1/8"" Fulgurite Lightning Strike Beach Sand Dune Glass GA Fulgurites",18.99,2016-07-15,,,WorthPoint
australite,"(r368-16) 2-3/8"" Fulgurite Lightning Strike Beach Sand Dune Glass GA Specimen",22.99,2016-07-15,,,WorthPoint
australite,"(r366-7) 2-1/8"" Fulgurite Lightning Strike Beach Sand Dune Glass GA Fulgurites",18.99,2016-07-15,,,WorthPoint
australite,"(r365-3) 1-7/8"" Fulgurite Lightning Strike Beach Sand Dune Glass GA Fulgurites",16.99,2016-07-15,,,WorthPoint
australite,"(r366-9) 2-1/8"" Fulgurite Lightning Strike Beach Sand Dune Glass GA Fulgurites",18.99,2016-07-15,,,WorthPoint
australite,"(r366-31) 2-1/8"" Fulgurite Lightning Strike Beach Sand Glass Georgia Fulgurites",18.99,2016-07-15,,,WorthPoint
australite,"R364-11) 1-5/8, 1-3/4"" Fulgurites Lightning Strike Beach Sand Glass GA Fulgurite",22.99,2016-07-15,,,WorthPoint
australite,"(r370-5) 2-5/8"" Fulgurite Lightning Strike Beach Sand Glass Georgia Specimen",27.99,2016-07-15,,,WorthPoint
australite,"SEVEN Small IMPACTITES From Asteroid, Large Meteorite And Comet Impacts",55.5,2016-07-08,,,WorthPoint
australite,RARE A+ Moldavite Meteorite Impact Glass Tektite Besedinice RARE ARCH FORMATION,133.33,2016-07-07,,,WorthPoint
australite,"(r383-10) 4-3/8"" Fulgurite Lightning Strike Beach Sand Glass GA Display Specimen",47.99,2016-07-06,,,WorthPoint
australite,"(r365-2) 1-7/8"" Fulgurite Lightning Strike Beach Sand Dune Glass GA Fulgurites",16.99,2016-06-27,,,WorthPoint
australite,"(r366-19) 2-1/8"" Fulgurite Lightning Strike Beach Sand Glass Georgia Fulgurites",18.99,2016-06-19,,,WorthPoint
australite,"(r364-7) 1-5/8"" - 2 Fulgurites Lightning Strike Beach Sand Glass GA Fulgurite",22.99,2016-06-13,,,WorthPoint
australite,RARE Faceted Moldavite Meteorite Impact Impactite Tektite Loose Gemstone Jewelry,49,2016-06-10,,,WorthPoint
australite,"(r366-10) 2-1/8"" Fulgurite Lightning Strike Beach Sand Dune Glass GA Fulgurites",18.99,2016-06-10,,,WorthPoint
australite,"(r365-11) 1-7/8"" Fulgurite Lightning Strike Beach Sand Glass Georgia Fulgurites",16.99,2016-06-03,,,WorthPoint
australite,"27 Different Big IMPACTITES From Asteroid, Large Meteorite And Comet IMPACTS",66,2016-05-23,,,WorthPoint
australite,"(r365-1) 1-7/8"" Fulgurite Lightning Strike Beach Sand Dune Glass GA Fulgurites",16.99,2016-05-20,,,WorthPoint
australite,"(r365-14) 1-7/8"" Fulgurite Lightning Strike Beach Sand Glass Georgia Fulgurites",16.99,2016-05-15,,,WorthPoint
australite,"(r366-3) 2-1/8"" Fulgurite Lightning Strike Beach Sand Dune Glass GA Fulgurites",18.99,2016-05-15,,,WorthPoint
australite,"(r377-1) 3-1/2"" Fulgurite Lightning Strike Beach Sand Glass GA Display Specimen",47.99,2016-05-12,,,WorthPoint
australite,"(r366-1) 2-1/8"" Fulgurite Lightning Strike Beach Sand Dune Glass GA Fulgurites",18.99,2016-05-10,,,WorthPoint
australite,"(r368-11) 2-3/8"" Fulgurite Lightning Strike Beach Sand Dune Glass GA Specimen",22.99,2016-05-07,,,WorthPoint
australite,"(r365-15) 1-7/8"" Fulgurite Lightning Strike Beach Sand Glass Georgia Fulgurites",16.99,2016-05-03,,,WorthPoint
australite,"(r365-7) 1-7/8"" Fulgurite Lightning Strike Beach Sand Dune Glass GA Fulgurites",16.99,2016-04-27,,,WorthPoint
australite,"(r365-9) 1-7/8"" Fulgurite Lightning Strike Beach Sand Dune Glass GA Fulgurites",16.99,2016-04-23,,,WorthPoint
australite,"(r365-16) 1-7/8"" Fulgurite Lightning Strike Beach Sand Glass Georgia Fulgurites",16.99,2016-04-21,,,WorthPoint
australite,"(r369-1) 2-1/2"" Fulgurite Lightning Strike Beach Sand Glass GA Display Specimen",24.99,2016-04-15,,,WorthPoint
australite,"(r366-4) 2-1/8"" Fulgurite Lightning Strike Beach Sand Dune Glass GA Fulgurites",18.99,2016-04-10,,,WorthPoint
australite,"(r365-13) 1-7/8"" Fulgurite Lightning Strike Beach Sand Glass Georgia Fulgurites",16.99,2016-04-09,,,WorthPoint
australite,"(r365-6) 1-7/8"" Fulgurite Lightning Strike Beach Sand Dune Glass GA Fulgurites",16.99,2016-04-05,,,WorthPoint
australite,9.8 Gram 49 Carat Besednice Moldavite Hedgehog,175,2016-04-04,9.8,17.86,WorthPoint
australite,Rare Crystal Collection Azeztulites Phenacite Herderite Synergy 12 Sedona,600,2016-03-31,,,WorthPoint
australite,"(r371-1) 2-3/4"" Fulgurite Lightning Strike Beach Sand Glass Georgia Specimen",29.99,2016-03-14,,,WorthPoint
australite,"(r363-7) 2 Fulgurites 1-5/8"" Lightning Strike Beach Sand Glass GA Fulgurite Set",16.14,2016-02-27,,,WorthPoint
australite,"(r370-12) 2-5/8"" Fulgurite Lightning Strike Beach Sand Glass Georgia Specimen",27.99,2016-02-22,,,WorthPoint
australite,"(r369-9) 2-1/2"" Fulgurite Lightning Strike Beach Sand Glass GA Display Piece",24.99,2016-02-22,,,WorthPoint
australite,"(r369-6) 2-1/2"" Fulgurite Lightning Strike Beach Sand Glass GA Display Specimen",24.99,2016-02-22,,,WorthPoint
australite,"(r368-24) 2-3/8"" Fulgurite Lightning Strike Beach Sand Dune Glass GA Specimen",22.99,2016-02-14,,,WorthPoint
australite,"(r366-47) 2-1/8"" Fulgurite Lightning Strike Beach Sand Glass Georgia Fulgurites",18.99,2016-02-09,,,WorthPoint
australite,"(r373-17) 3"" Fulgurite Lightning Strike Beach Sand Glass GA Display Specimen",33.99,2016-02-07,,,WorthPoint
australite,"(r368-27) 2-3/8"" Fulgurite Lightning Strike Beach Sand Dune Glass GA Specimen",22.99,2016-02-07,,,WorthPoint
australite,RARE Libyan Desert Glass Carving Meteorite Impactite Cabochon Tektite Pendant,36,2016-01-20,,,WorthPoint
australite,7.4 Gram 37 Carat Besednice Moldavite Hedgehog,47,2016-01-18,7.4,6.35,WorthPoint
australite,Libyan Desert Glass NATURAL HOLE Meteorite Impact Impactite Tektite Egypt Sahara,175,2016-01-13,,,WorthPoint
australite,MOLDAVITE Meteorite Tektite Natural Impact Glass FREE SET Display Case Info Card,10.5,2016-01-11,,,WorthPoint
australite,PREMIUM A++ GEM Libyan Desert Glass Meteorite 2 OZ Impact Tektite Sahara Desert,260,2015-12-31,56.7,4.59,WorthPoint
australite,"(r396-600) Huge 8-1/4"" Fulgurite Lightning Strike Sand Glass GA Display Specimen",224.99,2015-12-30,,,WorthPoint
australite,7 Piece Meteorite Impact Glass / Material Set - Aouelloul Darwin Bedaisite NR,13.03,2015-12-20,,,WorthPoint
australite,Libyan Desert Impact Glass Meteorite Tektite Impactite Sahara Egypt Crystal Gem,20.51,2015-10-08,,,WorthPoint
australite,"(r370-19) 2-5/8"" Fulgurite Lightning Strike Beach Sand Glass Georgia Specimen",27.99,2015-10-03,,,WorthPoint
australite,"MOLDAVITE * GREEN TEKTITE * NICE !!! Vrabce, CZECH REPUBLIC",33.33,2014-11-27,,,WorthPoint
australite,"1830's Australite Tektite, SOUTH AUSTRALIA .76 Grams",12,2014-11-26,76,0.16,WorthPoint
australite,"MOLDAVITE * GREEN TEKTITE * NICE !!! Kvitkovice, CZECH REPUBLIC",14.99,2014-11-24,,,WorthPoint
australite,Australite Tektite 1/3 Button Rare Roll Over Edge 1.64,149,2014-11-24,,,WorthPoint
australite,"MOLDAVITE * GREEN TEKTITE * SUPER !!! Besednice, CZECH REPUBLIC",50,2014-11-22,,,WorthPoint
australite,"(r368-23) 2-3/8"" Fulgurite Lightning Strike Beach Sand Dune Glass GA Specimen",22.99,2014-11-19,,,WorthPoint
australite,"MOLDAVITE * GREEN TEKTITE * SUPER !!! Vrabce, CZECH REPUBLIC",199.99,2014-11-11,,,WorthPoint
australite,"(r372-2) 2-7/8"" Fulgurite Lightning Strike Beach Sand Glass GA Display Specimen",31.99,2014-11-08,,,WorthPoint
australite,"MOLDAVITE * GREEN TEKTITE !!! Radomilice, CZECH REPUBLIC",10.49,2014-10-26,,,WorthPoint
australite,"(r375-5) 3-1/4"" Fulgurite Lightning Strike Beach Sand Glass GA Display Specimen",38.99,2014-10-25,,,WorthPoint
australite,"MOLDAVITE * GREEN TEKTITE !!! Vrabce, CZECH REPUBLIC",10.01,2014-10-21,,,WorthPoint
australite,"(r381-6) 4"" Fulgurite Lightning Strike Beach Sand Dune Glass GA Display Specimen",45.99,2014-10-18,,,WorthPoint
australite,"(r367-20) 2-1/4"" Fulgurite Lightning Strike Beach Sand Dune Glass GA Specimen",20.99,2014-10-16,,,WorthPoint
australite,"MOLDAVITE * FINE GREEN TEKTITE * SUPER !!! Besednice, CZECH REPUBLIC",14.99,2014-10-16,,,WorthPoint
australite,Flanged Oval Australite Tektite Meningina Station Australia,100,2014-10-14,,,WorthPoint
australite,"MOLDAVITE DROP * GREEN TEKTITE * NICE !!! Kvitkovice, CZECH REPUBLIC",19.99,2014-10-14,,,WorthPoint
australite,"(r365-43) 1-7/8"" Fulgurite Lightning Strike Beach Sand Glass Georgia Specimen",16.99,2014-07-03,,,WorthPoint
australite,"(r364-2) 1-5/8"" - 2 Fulgurites Lightning Strike Beach Sand Glass GA Fulgurite",22.99,2014-07-03,,,WorthPoint
australite,"MOLDAVITE * GREEN TEKTITE * NICE ! ! ! Vrabce, CZECH REPUBLIC",39.99,2014-07-03,,,WorthPoint
australite,"(r370-15) 2-5/8"" Fulgurite Lightning Strike Beach Sand Glass GA Display Piece",27.99,2014-07-01,,,WorthPoint
australite,"(r370-16) 2-5/8"" Fulgurite Lightning Strike Beach Sand Glass GA Display Piece",27.99,2014-06-30,,,WorthPoint
australite,"MOLDAVITE * GREEN TEKTITE * NICE !!! Jakule, CZECH REPUBLIC",29.99,2014-06-27,,,WorthPoint
australite,"MOLDAVITE * NICE GREEN TEKTITE !!! Kvitkovice, CZECH REPUBLIC",14.99,2014-06-23,,,WorthPoint
australite,"(r370-21) 2-5/8"" Fulgurite Lightning Strike Beach Sand Glass GA Display Piece",27.99,2014-06-17,,,WorthPoint
australite,"MOLDAVITE * GREEN TEKTITE * SUPER ! ! ! Kvitkovice, CZECH REPUBLIC",110,2014-06-16,,,WorthPoint
australite,"MOLDAVITE * GREEN TEKTITE * NICE !!! Jankov, CZECH REPUBLIC",19.99,2014-06-16,,,WorthPoint
australite,"MOLDAVITE * GREEN TEKTITE ! Vrabce, CZECH REPUBLIC",21.5,2014-06-14,,,WorthPoint
australite,"SQUIGGLY MOLDAVITE !!! RARE * Chlum, CZECH REPUBLIC",35,2014-06-14,,,WorthPoint
australite,"(r365-13) 1-7/8"" Fulgurite Lightning Strike Beach Sand Dune Glass GA Fulgurites",16.99,2014-06-13,,,WorthPoint
australite,"MOLDAVITE * QUARTER OF DISC !!! Chlum, CZECH REPUBLIC",24.99,2014-06-10,,,WorthPoint
australite,"MOLDAVITE * GREEN TEKTITE - HALF OF DISC ! ! ! Vrabce, CZECH REPUBLIC",200,2014-06-09,,,WorthPoint
australite,"MOLDAVITE * VERY FINE SCULPTURED GREEN TEKTITE * SUPER !!! Chlum, CZECH REPUBLIC",120,2014-06-08,,,WorthPoint
australite,"(r362-25) Four 1/2"" Fulgurites Lightning Strike Beach Sand Glass GA Fulgurite",22.99,2014-06-06,,,WorthPoint
australite,"MOLDAVITE * GREEN TEKTITE * NICE !!! Slavce, CZECH REPUBLIC",23,2014-06-03,,,WorthPoint
australite,"MOLDAVITE * NICE GREEN TEKTITE !!! Jakule, CZECH REPUBLIC",30,2014-06-02,,,WorthPoint
australite,"MOLDAVITE * GREEN TEKTITE !!! Jakule, CZECH REPUBLIC",25.49,2014-06-01,,,WorthPoint
australite,"MOLDAVITE * FINE GREEN TEKTITE !!! Chlum, CZECH REPUBLIC",24.67,2014-05-31,,,WorthPoint
australite,"(r367-36) 2-1/4"" Fulgurite Lightning Strike Beach Sand Dune Glass GA Specimen",20.99,2014-05-22,,,WorthPoint
australite,"MOLDAVITE * GREEN TEKTITE * SUPER !!! Chlum, CZECH REPUBLIC",110,2014-05-22,,,WorthPoint
australite,"MOLDAVITE * GREEN TEKTITE * SUPER !!! Jankov, CZECH REPUBLIC",130,2014-05-22,,,WorthPoint
australite,"MOLDAVITE * GREEN TEKTITE * SUPER ! ! ! Vrabce, CZECH REPUBLIC",90,2014-05-22,,,WorthPoint
australite,"MOLDAVITE * GREEN TEKTITE * SUPER !!! Kvitkovice, CZECH REPUBLIC",100,2014-05-22,,,WorthPoint
australite,"(r376-3) 3-3/8"" Fulgurite Lightning Strike Beach Sand Glass GA Display Specimen",45.99,2014-05-21,,,WorthPoint
australite,"(r370-20) 2-5/8"" Fulgurite Lightning Strike Beach Sand Glass Georgia Specimen",27.99,2014-04-23,,,WorthPoint
australite,6.32 Grams RARE AUSTRALITE TEKTITE NULLABOR PLAINS WESTERN AUSTRALIA,30,2014-04-21,6.32,4.75,WorthPoint
australite,"MOLDAVITE * SUPER HEDGEHOG !!! Chlum, CZECH REPUBLIC",180,2014-04-20,,,WorthPoint
australite,"(r372-6) 2-7/8"" Fulgurite Lightning Strike Beach Sand Glass GA Display Specimen",31.99,2014-04-19,,,WorthPoint
australite,Czech Moldavites Nesmen 15.7gr & 14.3gr & 7.3gr Excelent Quality (3x Moldavite),450,2014-04-18,15.7,28.66,WorthPoint
australite,"MOLDAVITE * GREEN TEKTITE * SUPER COLOR !!! Jakule, CZECH REPUBLIC",14.99,2014-04-13,,,WorthPoint
australite,"MOLDAVITE WITH BUBBLE * NICE GREEN TEKTITE !!! Kvitkovice, CZECH REPUBLIC",29.99,2014-04-12,,,WorthPoint
australite,"(r383-8) 4-3/8"" Fulgurite Lightning Strike Beach Sand Glass GA Display Specimen",47.99,2014-03-27,,,WorthPoint
australite,"(r367-31) 2-1/4"" Fulgurite Lightning Strike Beach Sand Dune Glass GA Specimen",20.99,2014-03-24,,,WorthPoint
australite,"(r366-33) 2-1/8"" Fulgurite Lightning Strike Beach Sand Dune Glass GA Fulgurites",18.99,2014-03-22,,,WorthPoint
australite,"(r370-11) 2-5/8"" Fulgurite Lightning Strike Beach Sand Glass Georgia Specimen",27.99,2014-03-07,,,WorthPoint
australite,"(r364-22) 1-5/8"" - 2 Fulgurites Lightning Strike Beach Sand Glass GA Fulgurite",22.99,2014-03-07,,,WorthPoint
australite,"(r376-4) 3-3/8"" Fulgurite Lightning Strike Beach Sand Glass GA Display Specimen",45.99,2014-03-03,,,WorthPoint
australite,"(r385-4) 4-5/8"" Fulgurite Lightning Strike Beach Sand Glass GA Display Specimen",58.99,2014-03-03,,,WorthPoint
australite,"(r386-1) 4-3/4"" Fulgurite Lightning Strike Sand Dune Glass GA Display Specimen",72.99,2014-02-25,,,WorthPoint
australite,"(r370-13) 2-5/8"" Fulgurite Lightning Strike Beach Sand Glass GA Display Piece",27.99,2014-02-18,,,WorthPoint
australite,"MOLDAVITE * GREEN TEKTITE * NICE !!! Chlum, CZECH REPUBLIC",22.6,2014-02-09,,,WorthPoint
australite,"(r366-21) 2-1/8"" Fulgurite Lightning Strike Beach Sand Dune Glass GA Fulgurites",18.99,2014-02-04,,,WorthPoint
australite,"MOLDAVITE * GREEN TEKTITE !!! Jankov, CZECH REPUBLIC",21.55,2014-02-02,,,WorthPoint
australite,"MOLDAVITE * VERY NICE GREEN TEKTITE !!! Kvitkovice, CZECH REPUBLIC",14.99,2014-02-01,,,WorthPoint
australite,"(r363-18) 1-1/8"" - 2 Fulgurites Lightning Strike Beach Sand Glass GA Fulgurite",18.99,2014-02-01,,,WorthPoint
australite,"(r366-12) 2-1/8"" Fulgurite Lightning Strike Beach Sand Glass GA Fulgurites",18.99,2014-02-01,,,WorthPoint
australite,"(r366-29) 2-1/8"" Fulgurite Lightning Strike Beach Sand Glass Georgia Fulgurites",18.99,2014-02-01,,,WorthPoint
australite,"(r363-1) 2 Piece Set 1-5/8"" Fulgurites Lightning Strike Beach Sand Glass GA",18.99,2014-02-01,,,WorthPoint
australite,"(r372-10) 2-7/8"" Fulgurite Lightning Strike Beach Sand Glass GA Display Specimen",31.99,2014-01-31,,,WorthPoint
australite,"(r381-2) 4"" Fulgurite Lightning Strike Beach Sand Dune Glass GA Display Specimen",47.99,2014-01-16,,,WorthPoint
australite,"MOLDAVITE * GREEN TEKTITE * SUPER !!! Jakule, CZECH REPUBLIC",30,2014-01-07,,,WorthPoint
australite,"(r367-37) 2-1/4"" Fulgurite Lightning Strike Beach Sand Dune Glass GA Specimen",16.79,2014-01-05,,,WorthPoint
australite,"(r387-3) 4-7/8"" Fulgurite Lightning Strike Sand Dune Glass GA Display Specimen",54.39,2014-01-03,,,WorthPoint
australite,"(r392-2) 5-3/8"" Fulgurite Lightning Strike Sand Dune Glass GA Display Specimen",80.79,2014-01-03,,,WorthPoint
australite,"(r394-200) 6-3/8"" Fulgurite Lightning Strike Sand Dune Glass GA Display Specimen",90.39,2014-01-02,,,WorthPoint
australite,"(r365-50) 1-7/8"" Fulgurite Lightning Strike Beach Sand Glass Georgia Specimen",13.59,2014-01-01,,,WorthPoint
australite,"MOLDAVITE * GREEN TEKTITE * SUPER ! ! ! Jakule, CZECH REPUBLIC",30.99,2014-01-01,,,WorthPoint
australite,"(r362-41) 4 Piece Set 1/2"" Fulgurites Lightning Strike Beach Sand Glass GA",22.99,2014-01-01,,,WorthPoint
australite,"(r363-6) 2 Fulgurites 1-5/8"" Lightning Strike Beach Sand Glass Georgia Pieces",18.99,2013-12-31,,,WorthPoint
australite,"MOLDAVITE * LIGHT GREEN TEKTITE * NICE !!! Jakule, CZECH REPUBLIC",16.07,2013-12-31,,,WorthPoint
australite,"MOLDAVITE * FINE GREEN TEKTITE * Chlum, CZECH REPUBLIC",10.5,2013-12-29,,,WorthPoint
australite,"(r367-33) 2-1/4"" Fulgurite Lightning Strike Beach Sand Dune Glass GA Specimen",17.84,2013-12-28,,,WorthPoint
australite,"(r366-20) 2-1/8"" Fulgurite Lightning Strike Beach Sand Glass GA Fulgurites",16.14,2013-12-27,,,WorthPoint
australite,"MOLDAVITE * FINE SCULPTURED GREEN TEKTITE * SUPER ! Kvitkovice, CZECH REP",60,2013-12-25,,,WorthPoint
australite,"(r367-39) 2-1/4"" Fulgurite Lightning Strike Beach Sand Dune Glass GA Specimen",20.99,2013-12-24,,,WorthPoint
australite,"(r369-21) 2-1/2"" Fulgurite Lightning Strike Beach Sand Glass GA Display Specimen",21.24,2013-12-21,,,WorthPoint
australite,"(r362-34) 4 Fulgurites 1/2"" Lightning Strike Beach Sand Glass GA Fulgurite",19.54,2013-12-21,,,WorthPoint
australite,"(r369-26) 2-1/2"" Fulgurite Lightning Strike Beach Sand Glass GA Display Specimen",21.24,2013-12-20,,,WorthPoint
australite,"MOLDAVITE * GREEN TEKTITE * NICE ! Jakule, CZECH REPUBLIC",49.99,2013-12-18,,,WorthPoint
australite,"MOLDAVITE * GREEN TEKTITE * SUPER !!! Locenice, CZECH REPUBLIC",220,2013-12-17,,,WorthPoint
australite,"(r367-38) 2-1/4"" Fulgurite Lightning Strike Beach Sand Dune Glass GA Specimen",20.99,2013-12-15,,,WorthPoint
australite,"(r363-28) 1-5/8"" - 2 Fulgurites Lightning Strike Beach Sand Glass GA Specimens",18.99,2013-12-15,,,WorthPoint
australite,"(r367-40) 2-1/4"" Fulgurite Lightning Strike Beach Sand Dune Glass GA Specimen",20.99,2013-12-09,,,WorthPoint
australite,"(r367-32) 2-1/4"" Fulgurite Lightning Strike Beach Sand Dune Glass GA Specimen",20.99,2013-12-09,,,WorthPoint
australite,"MOLDAVITE * LIGHT GREEN TEKTITE * SUPER !!! Jakule, CZECH REPUBLIC",15.49,2013-12-06,,,WorthPoint
australite,"(r390-4) 5-1/4"" Fulgurite Lightning Strike Sand Dune Glass GA Display Specimen",92.99,2013-12-03,,,WorthPoint
australite,"(r388-2) 5"" Fulgurite Lightning Strike Sand Dune Hill Glass GA Display Specimen",72.99,2013-12-02,,,WorthPoint
australite,"MOLDAVITE * GREEN TEKTITE * Vrabce, CZECH REPUBLIC",21.5,2013-12-02,,,WorthPoint
australite,"MOLDAVITE * NICE GREEN TEKTITE * SUPER !!! Vrabce, CZECH REPUBLIC",60,2013-11-18,,,WorthPoint
australite,Czech Moldavite Jankov 51.5gr (257.5ct.),579,2013-11-18,51.5,11.24,WorthPoint
australite,"(r373-6) 3"" Fulgurite Lightning Strike Beach Sand Hill Glass GA Display Specimen",33.99,2013-11-11,,,WorthPoint
australite,"MOLDAVITE * FINE GREEN TEKTITE * NICE !!! Chlum, CZECH REPUBLIC",39.99,2013-11-08,,,WorthPoint
australite,"(r372-8) 2-7/8"" Fulgurite Lightning Strike Beach Sand Glass GA Display Specimen",31.99,2013-11-05,,,WorthPoint
australite,"MOLDAVITE * PERFECT DROP WITH LARGE BUBBLE !!! Jankov, CZECH REPUBLIC",180,2013-10-30,,,WorthPoint
australite,"MOLDAVITE * PERFECT GREEN TEKTITE !!! Chlum, CZECH REPUBLIC",45,2013-10-25,,,WorthPoint
australite,"MOLDAVITE * GREEN TEKTITE !!! Chlum, CZECH REPUBLIC",21,2013-10-23,,,WorthPoint
australite,"MOLDAVITE * FINE GREEN TEKTITE * Vrabce, CZECH REPUBLIC",14.99,2013-10-19,,,WorthPoint
australite,"MOLDAVITE * FINE SCULPTURED GREEN TEKTITE * SUPER !!! Chlum, CZECH REPUBLIC",19.99,2013-10-11,,,WorthPoint
australite,"MOLDAVITE FROM RARE LOCALITY - Slavice, Moravia, CZECH REPUBLIC !!!",39.99,2013-10-08,,,WorthPoint
australite,"SQUIGGLY MOLDAVITE !!! RARE * Jankov, CZECH REPUBLIC",29.99,2013-10-04,,,WorthPoint
australite,"(r374-3) 3-1/8"" Fulgurite Lightning Strike Beach Sand Glass GA Display Specimen",31.44,2013-09-21,,,WorthPoint
australite,"(r375-6) 3-1/4"" Fulgurite Lightning Strike Beach Sand Glass GA Display Specimen",33.14,2013-09-20,,,WorthPoint
australite,"MOLDAVITE * PERFECT GREEN TEKTITE * SUPER !!! Chlum, CZECH REPUBLIC",15.49,2013-09-07,,,WorthPoint
australite,"(r393-51) Big 6"" Fulgurite Lightning Strike Sand Dune Glass GA Display Specimen",134.99,2013-09-06,,,WorthPoint
australite,"MOLDAVITE * A LOT OF GREEN TEKTITES !!! Vrabce, CZECH REPUBLIC",76,2013-09-06,,,WorthPoint
australite,"MOLDAVITE *** SUPER *** !!! Vrabce, CZECH REPUBLIC",120,2013-08-25,,,WorthPoint
australite,"S.V.F - Australite Tektite, 1.28g, Australia - Orientated",28.05,2013-08-24,1.28,21.91,WorthPoint
australite,"MOLDAVITE * GREEN TEKTITE * 27.5g !!! Krasejovka, CZECH REPUBLIC",280,2013-08-22,27.5,10.18,WorthPoint
australite,GEM Faceted Moldavite Meteorite Impact Impactite Tektite Loose Gemstone Jewelry,49.5,2013-08-18,,,WorthPoint
australite,GEM Libyan Desert Glass Meteorite Impact Impactite Tektite Sahara Desert Egypt,15.25,2013-08-18,,,WorthPoint
australite,TEKTITE 3 CORE Sections Australite VERY Rare Meteorite Australia,32,2013-08-18,,,WorthPoint
australite,"(r396-200) Big 7-3/8"" Fulgurite Lightning Strike Sand Glass GA Display Specimen",196.99,2013-08-18,,,WorthPoint
australite,"(r386-3) 4-3/4"" Fulgurite Lightning Strike Sand Dune Glass GA Display Specimen",69.99,2013-07-13,,,WorthPoint
australite,"(r365-46) 1-7/8"" Fulgurite Lightning Strike Beach Sand Glass Georgia Specimen",16.99,2013-07-12,,,WorthPoint
australite,"MOLDAVITE * GREEN TEKTITE * PERFECT !!! Chlum, CZECH REPUBLIC",29.99,2013-07-09,,,WorthPoint
australite,"MOLDAVITE * GREEN TEKTITE - DROP !!! Chlum, CZECH REPUBLIC",24.99,2013-07-09,,,WorthPoint
australite,"(r365-4) 1-7/8"" Fulgurite Lightning Strike Beach Sand Glass Georgia Specimen",16.99,2013-06-28,,,WorthPoint
australite,"(r367-12) 2-1/4"" Fulgurite Lightning Strike Beach Sand Glass Georgia Specimen",20.99,2013-06-22,,,WorthPoint
australite,"MOLDAVITE * NICE GREEN TEKTITE !!! Vrabce, CZECH REPUBLIC",14.99,2013-06-21,,,WorthPoint
australite,"(r370-3) 2-5/8"" Fulgurite Lightning Strike Beach Sand Glass GA Display Piece",22.39,2013-06-19,,,WorthPoint
australite,"(r363-3) 1-5/8"" 2 Fulgurites Lightning Strike Beach Sand Glass Georgia Fulgurite",15.19,2013-06-18,,,WorthPoint
australite,"(r363-30) 1-5/8"" - 2 Fulgurites Lightning Strike Beach Sand Glass GA Fulgurite",16.14,2013-06-10,,,WorthPoint
australite,"MOLDAVITE * FINE GREEN TEKTITE !!! Vrabce, CZECH REPUBLIC",10.49,2013-06-05,,,WorthPoint
australite,"MOLDAVITE * VERY FINE GREEN TEKTITE * Chlum, CZECH REPUBLIC",14.99,2013-05-23,,,WorthPoint
australite,"MOLDAVITE * CURVED GREEN TEKTITE * SUPER !!! Chlum, CZECH REPUBLIC",50,2013-05-23,,,WorthPoint
australite,"(r362-24) Four 1/2"" Fulgurites Lightning Strike Beach Sand Glass GA Fulgurite",22.99,2013-05-23,,,WorthPoint
australite,"(r375-4) 3-1/4"" Fulgurite Lightning Strike Beach Sand Glass GA Display Specimen",29.24,2013-05-21,,,WorthPoint
australite,"(r396-1) 6-5/8"" Fulgurite Lightning Strike Sand Dune Glass GA Display Specimen",101.24,2013-05-21,,,WorthPoint
australite,"(r386-5) 4-3/4"" Fulgurite Lightning Strike Sand Dune Glass GA Display Specimen",49.49,2013-05-21,,,WorthPoint
australite,"MOLDAVITE * NICE GREEN TEKTITE * Vrabce, CZECH REPUBLIC",10.5,2013-05-19,,,WorthPoint
australite,"MOLDAVITE * QUARTER OF DISC !!! Jankov, CZECH REPUBLIC",19.5,2013-05-17,,,WorthPoint
australite,"(r369-23) 2-1/2"" Fulgurite Lightning Strike Beach Sand Glass GA Display Specimen",24.99,2013-05-11,,,WorthPoint
australite,"(r375-1) 3-1/4"" Fulgurite Lightning Strike Beach Sand Glass GA Display Specimen",38.99,2013-05-11,,,WorthPoint
australite,"(r373-20) 3"" Fulgurite Lightning Strike Beach Sand Glass GA Display Specimen",33.99,2013-05-11,,,WorthPoint
australite,"(r369-18) 2-1/2"" Fulgurite Lightning Strike Beach Sand Glass GA Display Specimen",24.99,2013-05-11,,,WorthPoint
australite,"(r394-201) 6-3/8"" Fulgurite Lightning Strike Sand Dune Glass GA Display Specimen",112.99,2013-05-11,,,WorthPoint
australite,"(r381-5) 4"" Fulgurite Lightning Strike Beach Sand Dune Glass GA Display Specimen",47.99,2013-05-08,,,WorthPoint
australite,"(r394-1) 6-1/8"" Fulgurite Lightning Strike Sand Dune Glass GA Display Specimen",162.99,2013-05-07,,,WorthPoint
australite,"Australite Tektite 7.0 Grams , Great Shape And Flow!",23.75,2013-05-05,7,3.39,WorthPoint
australite,"MOLDAVITE * FIVE PIECES OF GREEN TEKTITES !!! Vrabce, CZECH REPUBLIC",10,2013-04-25,,,WorthPoint
australite,"MOLDAVITE * CURVED GREEN TEKTITE * SUPER !!! Vrabce, CZECH REPUBLIC",10.49,2013-04-23,,,WorthPoint
australite,"(r369-13) 2-1/2"" Fulgurite Lightning Strike Beach Sand Glass GA Display Specimen",24.99,2013-04-18,,,WorthPoint
australite,"(r365-5) 1-7/8"" Fulgurite Lightning Strike Beach Sand Glass Georgia Specimen",16.99,2013-04-12,,,WorthPoint
australite,"MOLDAVITE * NICE GREEN TEKTITE * SUPER !!! Kvitkovice, CZECH REPUBLIC",24.99,2013-04-10,,,WorthPoint
australite,"MOLDAVITE * NICE GREEN TEKTITE * PERFECT !!! Vrabce, CZECH REPUBLIC",11.47,2013-04-03,,,WorthPoint
australite,"MOLDAVITE * FINE GREEN TEKTITE * SUPER !!! Nesmen, CZECH REPUBLIC",14.99,2013-03-30,,,WorthPoint
australite,"Flanged Button Partial 2.6g Australite Tektite, From Meteorite Impact",150,2013-03-30,2.6,57.69,WorthPoint
australite,Large Australite Tektite 13.4 Gm With Flight Rim Shows Oriented Flight Meteorite,40,2013-03-29,13.4,2.99,WorthPoint
australite,"MOLDAVITE * NICE GREEN TEKTITE * Kvitkovice, CZECH REPUBLIC",10.5,2013-03-28,,,WorthPoint
australite,"(r363-29) 1-5/8"" - 2 Fulgurites Lightning Strike Beach Sand Glass GA Specimens",18.99,2013-03-26,,,WorthPoint
australite,"MOLDAVITE * FINE GREEN TEKTITE * SUPER !!! Vrabce, CZECH REPUBLIC",12.5,2013-03-25,,,WorthPoint
australite,"(r365-3) 1-7/8"" Fulgurite Lightning Strike Beach Sand Glass Georgia Specimen",16.99,2013-03-20,,,WorthPoint
australite,"(r373-22) 3"" Fulgurite Lightning Strike Beach Sand Glass GA Display Specimen",33.99,2013-03-19,,,WorthPoint
australite,Lot Of 5 TEKTITE Pieces Glass Meteorite Total Weight 12 Ounces 335 Grams,39.99,2013-03-11,335,0.12,WorthPoint
australite,"(r388-1) 5"" Fulgurite Lightning Strike Sand Dune Hill Glass GA Display Specimen",69.99,2013-03-09,,,WorthPoint
australite,"MOLDAVITE * FINE GREEN TEKTITE * SUPER !!! Kvitkovice, CZECH REPUBLIC",10.99,2013-03-07,,,WorthPoint
australite,"(r365-18) 1-7/8"" Fulgurite Lightning Strike Beach Sand Glass Georgia Fulgurites",16.99,2013-03-06,,,WorthPoint
australite,"MOLDAVITE * FINE GREEN TEKTITE * Kvitkovice, CZECH REPUBLIC",24.99,2013-03-06,,,WorthPoint
australite,"S.V.F - Australite Tektite, 5.20g, Australia",30.22,2013-03-06,5.2,5.81,WorthPoint
australite,RARE Faceted Moldavite Meteorite Tektite Impactite A++ GRADE Gemstone Jewelry,40,2013-03-04,,,WorthPoint
australite,"(r382-1) 4-1/4"" Fulgurite Lightning Strike Beach Sand Glass GA Display Specimen",47.99,2013-03-04,,,WorthPoint
australite,"S.V.F - Australite Tektite, 2.61g, Australia Partial Button",67.53,2013-03-02,2.61,25.87,WorthPoint
australite,"(r365-7) 1-7/8"" Fulgurite Lightning Strike Beach Sand Glass Georgia Specimen",16.99,2013-03-01,,,WorthPoint
australite,"MOLDAVITE * FINE GREEN TEKTITE * PERFECT !!! Nesmen, CZECH REPUBLIC",34,2013-02-27,,,WorthPoint
australite,"MOLDAVITE * FINE GREEN TEKTITE !!! Kvitkovice, CZECH REPUBLIC",24.99,2013-02-20,,,WorthPoint
australite,"MOLDAVITE * FINE CURVED GREEN TEKTITE * SUPER !!! Vrabce, CZECH REPUBLIC",26,2013-02-19,,,WorthPoint
australite,"(r366-17) 2-1/8"" Fulgurite Lightning Strike Beach Sand Glass Georgia Fulgurites",18.99,2013-02-11,,,WorthPoint
australite,Moldavite Meteorite Green Tektite Impactite Crystal Specimen A++ Gem GRADE! NR!,19,2013-02-10,,,WorthPoint
australite,"MOLDAVITE * FINE SCULPTURED GREEN TEKTITE * Kvitkovice, CZECH REPUBLIC",19.45,2013-02-10,,,WorthPoint
australite,"MOLDAVITE * NATURALLY SCULPTURED GREEN TEKTITE * Chlum, CZECH REPUBLIC",10.01,2013-02-10,,,WorthPoint
australite,"(r378-6) 3-5/8"" Fulgurite Lightning Strike Beach Sand Glass GA Display Specimen",47.99,2013-02-09,,,WorthPoint
australite,"MOLDAVITE * FINE SCULPTURED LIGHT GREEN TEKTITE * SUPER ! Chlum, CZECH REPUBLIC",50,2013-02-06,,,WorthPoint
australite,"(r383-3) 4-3/8"" Fulgurite Lightning Strike Beach Sand Glass GA Display Specimen",56.99,2013-02-04,,,WorthPoint
australite,"MOLDAVITE * FINE GREEN TEKTITE * PERFECT !!! Chlum, CZECH REPUBLIC",11,2013-02-03,,,WorthPoint
australite,"S.V.F - Australite Tektite, 1.10g, Australia",6.28,2013-02-02,1.1,5.71,WorthPoint
australite,"MOLDAVITE * NICE SCULPTURED GREEN TEKTITE * Kvitkovice, CZECH REPUBLIC",10.49,2013-02-01,,,WorthPoint
australite,"MOLDAVITE * NICE SCULPTURED LIGHT GREEN TEKTITE ! Kvitkovice, CZECH REPUBLIC",30,2013-02-01,,,WorthPoint
australite,"S.V.F - Australite Tektite, 1.49g, Australia",12.67,2013-02-01,1.49,8.5,WorthPoint
australite,"(r367-10) 2-1/4"" Fulgurite Lightning Strike Beach Sand Glass Georgia Specimen",20.99,2013-01-31,,,WorthPoint
australite,"(r369-7) 2-1/2"" Fulgurite Lightning Strike Beach Sand Glass GA Display Specimen",24.99,2013-01-31,,,WorthPoint
australite,"(r380-1) 3-7/8"" Fulgurite Lightning Strike Beach Sand Glass GA Display Specimen",47.99,2013-01-30,,,WorthPoint
australite,"MOLDAVITE * FINE SCULPTURED GREEN TEKTITE !!! Kvitkovice, CZECH REPUBLIC",22.5,2013-01-27,,,WorthPoint
australite,"(r396-500) Awesome 8"" Fulgurite Lightning Strike Sand Glass GA Display Specimen",274.99,2013-01-17,,,WorthPoint
australite,"MOLDAVITE * FIVE PIECES OF GREEN TEKTITES !!! Kvitkovice, CZECH REPUBLIC",13.52,2013-01-17,,,WorthPoint
australite,"(r369-8) 2-1/2"" Fulgurite Lightning Strike Beach Sand Glass GA Display Specimen",24.99,2013-01-16,,,WorthPoint
australite,"MOLDAVITE * FINE SCULPTURED LIGHT GREEN TEKTITE * Vrabce, CZECH REPUBLIC",15.5,2013-01-14,,,WorthPoint
australite,"(r374-5) 3-1/8"" Fulgurite Lightning Strike Beach Sand Glass GA Display Specimen",36.99,2013-01-13,,,WorthPoint
australite,"MOLDAVITE * NICE SCULPTURED LIGHT GREEN TEKTITE * Kvitkovice, CZECH REPUBLIC",13.5,2013-01-12,,,WorthPoint
australite,"(r383-4) 4-3/8"" Fulgurite Lightning Strike Beach Sand Glass GA Display Specimen",56.99,2013-01-10,,,WorthPoint
australite,"MOLDAVITE * SIX PIECES OF GREEN TEKTITES !!! Kvitkovice, CZECH REPUBLIC",13.5,2013-01-09,,,WorthPoint
australite,"(r367-1) 2-1/4"" Fulgurite Lightning Strike Beach Sand Glass Georgia Specimen",20.99,2013-01-04,,,WorthPoint
australite,"(r370-8) 2-5/8"" Fulgurite Lightning Strike Beach Sand Glass Georgia Specimen",27.99,2013-01-04,,,WorthPoint
australite,"(r371-10) 2-3/4"" Fulgurite Lightning Strike Beach Sand Dune Glass GA Specimen",29.99,2013-01-02,,,WorthPoint
australite,"(r365-1) 1-7/8"" Fulgurite Lightning Strike Beach Sand Glass Georgia Fulgurites",16.99,2012-12-31,,,WorthPoint
australite,"MOLDAVITE * FINE SCULPTURED GREEN TEKTITE * NICE COLOR ! Kvitkovice, CZECH REP",24.99,2012-12-26,,,WorthPoint
australite,"MOLDAVITE * FINE SCULPTURED GREEN TEKTITE * AS FROZEN ! Brusna, CZECH REPUBLIC",11.5,2012-12-26,,,WorthPoint
australite,"MOLDAVITE * FINE SCULPTURED GREEN TEKTITE * NICE !!! Nesmen, CZECH REPUBLIC",12,2012-12-25,,,WorthPoint
australite,"MOLDAVITE * NICE SCULPTURED GREEN TEKTITE !!! Kvitkovice, CZECH REPUBLIC",10.5,2012-12-23,,,WorthPoint
australite,"MOLDAVITE * NATURALLY PERFORATED GREEN TEKTITE * Kvitkovice, CZECH REPUBLIC",15.5,2012-12-23,,,WorthPoint
australite,"(r381-3) 4"" Fulgurite Lightning Strike Beach Sand Dune Glass GA Display Specimen",47.99,2012-12-22,,,WorthPoint
australite,"Powerful, Rich Green, MOLDAVITE SPECIMEN From The Czech Republic**",22.99,2012-12-22,,,WorthPoint
australite,"(r368-9) 2-3/8"" Fulgurite Lightning Strike Beach Sand Glass Georgia Specimen",22.99,2012-12-15,,,WorthPoint
australite,"MOLDAVITE * FINE SCULPTURED GREEN TEKTITE * Chlum, CZECH REPUBLIC",26,2012-12-14,,,WorthPoint
australite,"(r395-2) 6-1/2"" Fulgurite Lightning Strike Sand Dune Glass GA Display Specimen",134.99,2012-12-13,,,WorthPoint
australite,"(r381-4) 4"" Fulgurite Lightning Strike Beach Sand Dune Glass GA Display Specimen",47.99,2012-12-11,,,WorthPoint
australite,"MOLDAVITE * FINE SCULPTURED LIGHT GREEN TEKTITE * NICE ! Nesmen, CZECH REPUBLIC",18,2012-12-10,,,WorthPoint
australite,"(r373-5) 3"" Fulgurite Lightning Strike Beach Sand Hill Glass GA Display Specimen",33.99,2012-12-10,,,WorthPoint
australite,"(r394-100) 6-1/4"" Fulgurite Lightning Strike Sand Dune Glass GA Display Specimen",156.99,2012-12-10,,,WorthPoint
australite,"(r385-6) 4-5/8"" Fulgurite Lightning Strike Sand Dune Glass GA Display Specimen",58.99,2012-12-10,,,WorthPoint
australite,"MOLDAVITE * FINE SCULPTURED GREEN TEKTITE * SUPER !!! Kvitkovice, CZECH REPUBLIC",14.99,2012-12-08,,,WorthPoint
australite,"MOLDAVITE * FINE SCULPTURED LIGHT GREEN TEKTITE * NICE !! Nesmen, CZECH REPUBLIC",10.51,2012-12-08,,,WorthPoint
australite,"(r362-22) Four 1/2"" Fulgurites Lightning Strike Beach Sand Glass GA Fulgurite",22.99,2012-12-06,,,WorthPoint
australite,"(r372-4) 2-7/8"" Fulgurite Lightning Strike Beach Sand Glass GA Display Specimen",31.99,2012-12-05,,,WorthPoint
australite,"(r389-2) 5-1/8"" Fulgurite Lightning Strike Sand Dune Glass GA Display Specimen",87.99,2012-12-04,,,WorthPoint
australite,"(r370-17) 2-5/8"" Fulgurite Lightning Strike Beach Sand Glass GA Display Piece",27.99,2012-12-01,,,WorthPoint
australite,"(r384-1) 4-1/2"" Fulgurite Lightning Strike Beach Sand Glass GA Display Specimen",56.99,2012-12-01,,,WorthPoint
australite,"MOLDAVITE PIECE FROM CZECH REPUBLIC 9,5 G",95,2012-11-29,5,19,WorthPoint
australite,"(r365-15) 1-7/8"" Fulgurite Lightning Strike Beach Sand Dune Glass GA Fulgurites",16.99,2012-11-29,,,WorthPoint
australite,"(r369-22) 2-1/2"" Fulgurite Lightning Strike Beach Sand Glass GA Display Specimen",24.99,2012-11-27,,,WorthPoint
australite,"(r365-33) 1-7/8"" Fulgurite Lightning Strike Beach Sand Dune Glass GA Piece",16.99,2012-11-26,,,WorthPoint
australite,"(r370-7) 2-5/8"" Fulgurite Lightning Strike Beach Sand Glass GA Display Piece",27.99,2012-11-25,,,WorthPoint
australite,"(r366-26) 2-1/8"" Fulgurite Lightning Strike Beach Sand Glass Georgia Fulgurites",18.99,2012-11-22,,,WorthPoint
australite,"(r385-2) 4-5/8"" Fulgurite Lightning Strike Beach Sand Glass GA Display Specimen",58.99,2012-11-21,,,WorthPoint
australite,"(r387-2) 4-7/8"" Fulgurite Lightning Strike Sand Dune Glass GA Display Specimen",67.99,2012-11-20,,,WorthPoint
australite,"(r373-3) 3"" Fulgurite Lightning Strike Beach Sand Hill Glass GA Display Specimen",33.99,2012-11-19,,,WorthPoint
australite,"S.V.F - Australite Tektite, 0.84g, Australia",6.32,2012-11-18,0.84,7.52,WorthPoint
australite,"(r396-100) 7-1/4"" Fulgurite Lightning Double Strike Sand GA Display Specimen",173.99,2012-11-16,,,WorthPoint
australite,"(r369-25) 2-1/2"" Fulgurite Lightning Strike Beach Sand Glass GA Display Specimen",24.99,2012-11-13,,,WorthPoint
australite,"(r385-10) 4-5/8"" Fulgurite Lightning Strike Sand Dune Glass GA Display Specimen",60.99,2012-11-13,,,WorthPoint
australite,"(r370-10) 2-5/8"" Fulgurite Lightning Strike Beach Sand Glass Georgia Specimen",27.99,2012-11-09,,,WorthPoint
australite,"(r396-300) Big 7-1/2"" Fulgurite Lightning Strike Sand Glass GA Display Specimen",196.99,2012-11-08,,,WorthPoint
australite,"(r366-27) 2-1/8"" Fulgurite Piece Lightning Strike Beach Sand Glass Georgia",18.99,2012-11-07,,,WorthPoint
australite,"S.V.F - Australite Tektite, 1.44g, Australia",6.37,2012-11-06,1.44,4.42,WorthPoint
australite,"(r370-18) 2-5/8"" Fulgurite Lightning Strike Beach Sand Glass Georgia Specimen",27.99,2012-11-05,,,WorthPoint
australite,"(r385-11) 4-5/8"" Fulgurite Lightning Strike Sand Dune Glass GA Display Specimen",65.99,2012-11-04,,,WorthPoint
australite,"(r373-18) 3"" Fulgurite Lightning Strike Beach Sand Glass GA Display Specimen",33.99,2012-11-03,,,WorthPoint
australite,(r366-13) Fulgurite Lightning Strike Beach Sand Glass GA Fulgurites Specimen,18.99,2012-11-01,,,WorthPoint
australite,"(r370-9) 2-5/8"" Fulgurite Lightning Strike Beach Sand Glass Georgia Specimen",27.99,2012-10-23,,,WorthPoint
australite,"(r372-9) 2-7/8"" Fulgurite Lightning Strike Beach Sand Glass GA Display Specimen",31.99,2012-10-23,,,WorthPoint
australite,"(r363-27) 1-5/8"" - 2 Fulgurites Lightning Strike Beach Sand Glass GA Fulgurite",18.99,2012-10-15,,,WorthPoint
australite,"(r369-16) 2-1/2"" Fulgurite Lightning Strike Beach Sand Glass GA Display Specimen",24.99,2012-10-12,,,WorthPoint
australite,"(r369-24) 2-1/2"" Fulgurite Lightning Strike Beach Sand Glass GA Display Specimen",24.99,2012-10-11,,,WorthPoint
australite,"(r365-20) 1-7/8"" Fulgurite Lightning Strike Beach Sand Glass Georgia Fulgurites",16.99,2012-10-10,,,WorthPoint
australite,"(r369-3) 2-1/2"" Fulgurite Lightning Strike Beach Sand Glass Georgia Specimen",24.99,2012-10-10,,,WorthPoint
australite,"(r384-2) 4-1/2"" Fulgurite Lightning Strike Beach Sand Glass GA Display Specimen",54.99,2012-10-09,,,WorthPoint
australite,"(r374-4) 3-1/8"" Fulgurite Lightning Strike Beach Sand Glass GA Display Specimen",36.99,2012-10-07,,,WorthPoint
australite,"(r393-50) Big 6"" Fulgurite Lightning Strike Sand Dune Glass GA Display Specimen",123.99,2012-10-05,,,WorthPoint
australite,"(r372-11) 2-7/8"" Fulgurite Lightning Strike Beach Sand Glass GA Display Specimen",31.99,2012-10-03,,,WorthPoint
australite,"MOLDAVITE * GREEN OVAL TEKTITE * NICE !!! Chlum, CZECH REPUBLIC",70,2012-10-02,,,WorthPoint
australite,"(r373-4) 3"" Fulgurite Lightning Strike Beach Sand Hill Glass GA Display Specimen",33.99,2012-10-02,,,WorthPoint
australite,"MOLDAVITE * FINE SCULPTURED GREEN TEKTITE !!! Chlum, CZECH REPUBLIC",20,2012-10-01,,,WorthPoint
australite,"(r369-19) 2-1/2"" Fulgurite Lightning Strike Beach Sand Glass GA Display Specimen",24.99,2012-09-30,,,WorthPoint
australite,"(r366-9) 2-1/8"" Fulgurite Lightning Strike Beach Sand Glass Georgia Fulgurites",18.99,2012-09-21,,,WorthPoint
australite,"(r366-7) 2-1/8"" Fulgurite Lightning Strike Beach Sand Glass GA Specimen",18.99,2012-09-19,,,WorthPoint
australite,"(r364-12) 2 Fulgurites 1-5/8"" Lightning Strike Beach Sand Glass GA Fulgurite",22.99,2012-09-17,,,WorthPoint
australite,"(r381-1) 4"" Fulgurite Lightning Strike Beach Sand Dune Glass GA Display Specimen",56.99,2012-09-16,,,WorthPoint
australite,"Moldavite * Six Pieces Of Green Tektites !!! Brusna + Chlum, Czech Republic",30,2012-09-09,,,WorthPoint
australite,"MOLDAVITE * FINE SCULPTURED GREEN TEKTITE * SUPER ! Chlum, CZECH REPUBLIC",45,2012-09-06,,,WorthPoint
australite,"MOLDAVITE * FINE OVAL GREEN TEKTITE * SUPER !!! Chlum, CZECH REPUBLIC",50,2012-09-03,,,WorthPoint
australite,"S.V.F - Australite Tektite, 1.80g, Australia",11.1,2012-09-02,1.8,6.17,WorthPoint
australite,"(r362-20) Four 1/2"" Fulgurites Lightning Strike Beach Sand Glass GA Fulgurite",22.99,2012-09-02,,,WorthPoint
australite,"(r389-1) 5-1/8"" Fulgurite Lightning Strike Sand Dune Glass GA Display Specimen",80.99,2012-08-30,,,WorthPoint
australite,"(r367-2) 2-1/4"" Fulgurite Lightning Strike Beach Sand Glass Georgia Specimen",20.99,2012-08-23,,,WorthPoint
australite,"(r362-32) 4 Fulgurites 1/2"" Lightning Strike Beach Sand Glass GA Fulgurite",22.99,2012-08-20,,,WorthPoint
australite,"(r396-400) Big 7-5/8"" Fulgurite Lightning Strike Sand Glass GA Display Specimen",213.99,2012-08-06,,,WorthPoint
australite,"(r369-12) 2-1/2"" Fulgurite Lightning Strike Beach Sand Glass GA Display Specimen",24.99,2012-07-27,,,WorthPoint
australite,"(r395-1) 6-1/2"" Fulgurite Lightning Strike Beach Sand Glass Georgia Specimen",112.99,2012-07-26,,,WorthPoint
australite,"(r399-1) 9-1/2"" Fulgurite Lightning Strike Beach Sand Glass Georgia Specimen",190.99,2012-07-26,,,WorthPoint
australite,"(r363-25) 1-5/8"" - 2 Fulgurites Lightning Strike Beach Sand Glass GA Fulgurite",18.99,2012-07-23,,,WorthPoint
australite,"MOLDAVITE * FINE SCULPTURED LIGHT GREEN TEKTITE * NICE COLOR !!! Chlum, CZECH",10.08,2012-07-14,,,WorthPoint
australite,"(r362-30) 4 Fulgurites 1/2"" Lightning Strike Beach Sand Glass GA Fulgurite",22.99,2012-07-07,,,WorthPoint
australite,"MOLDAVITE * FINE SCULPTURED GREEN TEKTITE 5.4gr !!! Chlum, CZECH REPUBLIC",17.48,2012-07-04,5.4,3.24,WorthPoint
australite,"S.V.F - Australite Tektite, 1.41g, Australia",9.4,2012-07-03,1.41,6.67,WorthPoint
australite,"MOLDAVITE * PERFECTLY SCULPTURED LIGHT GREEN TEKTITE * WOW !!! Chlum, CZECH REP",12.03,2012-06-24,,,WorthPoint
australite,"MOLDAVITE * FINE SCULPTURED GREEN TEKTITE * AS FROZEN !!! Brusna, CZECH REPUBLIC",17.5,2012-06-23,,,WorthPoint
australite,"MOLDAVITE * NICE SCULPTURED GREEN TEKTITE * SUPER !!! Chlum, CZECH REPUBLIC",14.5,2012-06-23,,,WorthPoint
australite,"(r368-5) 2-3/8"" Fulgurite Lightning Strike Beach Sand Dune Glass GA Specimen",22.99,2012-06-18,,,WorthPoint
australite,"MOLDAVITE * NICE SCULPTURED LIGHT GREEN TEKTITE * SUPER ! Chlum, CZECH REPUBLIC",17.55,2012-06-16,,,WorthPoint
australite,"(r369-10) 2-1/2"" Fulgurite Lightning Strike Beach Sand Glass GA Display Piece",24.99,2012-06-16,,,WorthPoint
australite,"MOLDAVITE *FINE SCULPTURED LIGHT GREEN TEKTITE *PERFECT COLOR ! Chlum, CZECH REP",24.99,2012-06-14,,,WorthPoint
australite,"(r371-4) 2-3/4"" Fulgurite Lightning Strike Beach Sand Glass GA Display Specimen",29.99,2012-06-13,,,WorthPoint
australite,"(r366-1) 2-1/8"" Fulgurite Lightning Strike Beach Sand Glass Georgia Fulgurites",18.99,2012-06-08,,,WorthPoint
australite,"MOLDAVITE * NICE SCULPTURED CURVED LIGHT GREEN TEKTITE * WOW ! Chlum, CZECH REP",21.5,2012-06-06,,,WorthPoint
australite,"MOLDAVITE DROP * FINE SCULPTURED GREEN TEKTITE * SUPER ! Chlum, CZECH REPUBLIC",59.99,2012-06-05,,,WorthPoint
australite,"(r373-1) 3"" Fulgurite Lightning Strike Beach Sand Glass Georgia Display Specimen",33.99,2012-06-03,,,WorthPoint
australite,"S.V.F - Australite Tektite, 1.91g, Australia",10.72,2012-06-02,1.91,5.61,WorthPoint
australite,"S.V.F - Australite Tektite, 2.55g, Australia",12.25,2012-06-02,2.55,4.8,WorthPoint
australite,"MOLDAVITE * FINE CURVED GREEN TEKTITE * SUPER !!! Chlum, CZECH REPUBLIC",12.72,2012-06-01,,,WorthPoint
australite,"(r372-1) 2-7/8"" Fulgurite Lightning Strike Beach Sand Glass GA Display Specimen",31.99,2012-06-01,,,WorthPoint
australite,"S.V.F - Australite Tektite, 1.71g, Australia",11.05,2012-05-20,1.71,6.46,WorthPoint
australite,"S.V.F - Australite Tektite, 1.69g, Australia",11.05,2012-05-20,1.69,6.54,WorthPoint
australite,"S.V.F - Australite Tektite, 1.98g, Australia",11.05,2012-05-20,1.98,5.58,WorthPoint
australite,"S.V.F - Australite Tektite, 2.06g, Australia",13.31,2012-05-07,2.06,6.46,WorthPoint
australite,"S.V.F - Australite Tektite, 2.80g, Australia",9.68,2012-05-07,2.8,3.46,WorthPoint
australite,"S.V.F - Australite Tektite, 1.20g, Australia",6.45,2012-05-05,1.2,5.38,WorthPoint
australite,"S.V.F - Australite Tektite, 0.91g, Australia",6.48,2012-04-28,0.91,7.12,WorthPoint
australite,30.75 Ct Rare Tektite Meteorite Australite Nullabor Plain Western Australia,29,2012-04-22,6.15,4.72,WorthPoint
australite,"MOLDAVITE * GREEN TEKTITE * Jankov, CZECH REPUBLIC",22.05,2012-04-21,,,WorthPoint
australite,"MOLDAVITE * FINE SCULPTURED LIGHT-GREEN TEKTITE * SUPER !! Chlum, CZECH REPUBLIC",28.45,2012-04-20,,,WorthPoint
australite,Moldavite * Six Pieces Of Green Tektites * Rare !!! Brusna - Czech Republic,15,2012-04-19,,,WorthPoint
australite,"MOLDAVITE * NATURE SCULPTURED GREEN TEKTITE * SUPER !!! Vrabce, CZECH REPUBLIC",15,2012-04-15,,,WorthPoint
australite,"MOLDAVITE * SPHERIC GREEN TEKTITE * SUPER !!! Jankov, CZECH REPUBLIC",22.5,2012-04-11,,,WorthPoint
australite,"MOLDAVITE * FINE SCULPTURED LIGHT-GREEN TEKTITE * Chlum, CZECH REPUBLIC",19.99,2012-04-09,,,WorthPoint
australite,"(r366-3) 2-1/8"" Fulgurite Lightning Strike Beach Sand Glass Georgia Fulgurites",18.99,2012-04-09,,,WorthPoint
australite,"(r365-8) 1-7/8"" Fulgurite Lightning Strike Beach Sand Glass Georgia Specimen",16.99,2012-04-06,,,WorthPoint
australite,"(r374-1) 3-1/8"" Fulgurite Lightning Strike Beach Sand Glass GA Display Specimen",36.99,2012-04-03,,,WorthPoint
australite,"(r367-5) 2-1/4"" Fulgurite Lightning Strike Beach Sand Glass Georgia Specimen",20.99,2012-04-03,,,WorthPoint
australite,Super Little Boxed Australite - A Rare Australian Tektite. ONLY A FEW AVAILABLE,19.02,2012-03-22,,,WorthPoint
australite,"MOLDAVITE * FINE SCULPTURED GREEN TEKTITE * SUPER !!! Jakule, CZECH REPUBLIC",12.54,2012-03-21,,,WorthPoint
australite,"Australite Tektite, 2.46g, Australia",12.64,2012-02-19,2.46,5.14,WorthPoint
australite,"Australite Tektite, 4.40g, Australia",17.02,2012-01-11,4.4,3.87,WorthPoint
australite,"Australite Tektite, 7.29g, Australia",23.1,2012-01-08,7.29,3.17,WorthPoint
australite,"Australite Tektite, 6.96g, Australia",23.1,2012-01-07,6.96,3.32,WorthPoint
australite,Moldavite * Nature Fine Sculptured Green Tektite * Super !!! Brusna - Czech Rep,25,2012-01-03,,,WorthPoint
australite,Australite: Rare Australian Meteorite Tektite 6 Grams,11.5,2011-12-31,6,1.92,WorthPoint
australite,"MOLDAVITE * NATURE SCULPTURED GREEN TEKTITE * Slavce, CZECH REPUBLIC",17.5,2011-12-29,,,WorthPoint
australite,Moldavite *nature Sculptured Green Tektite *rare* Czech,50,2011-12-25,,,WorthPoint
australite,MOLDAVITE * NATURE SCULPTURED GREEN TEKTITE * RARE ! Krasejovka - CZECH REPUBLIC,50,2011-12-25,,,WorthPoint
australite,"MOLDAVITE * NATURE SCULPTURED GREEN TEKTITE * Chlum, CZECH REPUBLIC",70,2011-12-24,,,WorthPoint
australite,Moldavite * Nature Fine Sculptured Green Tektite * Rare ! Chlum - Czech Republic,12.5,2011-12-21,,,WorthPoint
australite,Australite: Rare Aust. Meteorite Tektite W/rim Gram,11.05,2011-12-02,,,WorthPoint
australite,Australite: 8 Rare Aust. Meteorite Tektites 21 Grams,11.5,2011-12-02,21,0.55,WorthPoint
australite,Australite: 8 Rare Aust. Meteorite Tektites 25 Grams,18.5,2011-12-02,25,0.74,WorthPoint
australite,AMAZING RARE Libyan Desert Glass Meteorite Impactite Tektite EGG Carving UNIQUE,61,2011-11-06,,,WorthPoint
australite,Moldavite Meteorite Tektite Crystal Specimen A++ GRADE!,12.5,2011-07-24,,,WorthPoint
australite,GEM Libyan Desert Glass Meteorite Impactite Tektite NR!,11.99,2011-07-24,,,WorthPoint
australite,AUSTRALITE! Lot Of 11!! W/ PARTIALLY FLANGED BUTTON,65,2011-07-10,,,WorthPoint
australite,Moldavite * Curved Green Tektite * Rare !!! Czech,15.01,2011-07-08,,,WorthPoint
australite,BIG GEM Libyan Desert Glass Meteorite Impactite Tektite,30.95,2011-06-19,,,WorthPoint
australite,Moldavite * Nature Sculptured Green Tektite * Wow !!!,12.27,2011-05-30,,,WorthPoint
australite,Moldavite *nature Sculptured Green Tektite *wow ! Czech,15,2011-05-15,,,WorthPoint
australite,Curved Moldavite !!! Nature Sculptured Green Tektite,110,2011-04-28,,,WorthPoint
australite,MOLDAVITE * LOT OF 3pcs GREEN TEKTITES !!! CZECH REP,32.57,2011-04-05,,,WorthPoint
australite,"MOLDAVITE * 33x25x15mm , 13grams !!! CZECH REPUBLIC",45,2011-04-03,13,3.46,WorthPoint
australite,MOLDAVITE * LOT OF 8pcs GREEN TEKTITES !!! CZECH REP,26,2011-03-27,,,WorthPoint
australite,Australite: Rare Australian Meteorite Tektite 10 Grams,14.49,2011-03-17,10,1.45,WorthPoint
australite,Australite: 6 Rare Aust. Meteorite Tektites 74 Grams,27,2011-02-26,74,0.36,WorthPoint
australite,Australite: 8 Rare Aust. Meteorite Tektites 41 Grams,13.99,2011-02-26,41,0.34,WorthPoint
australite,Australite: 8 Rare Aust. Meteorite Tektites 39 Grams,12.99,2011-02-26,39,0.33,WorthPoint
australite,Australite: 8 Rare Aust. Meteorite Tektites 31 Grams,11.99,2011-02-26,31,0.39,WorthPoint
australite,Australite: 8 Rare Aust. Meteorite Tektites 15 Grams,27.1,2011-02-26,15,1.81,WorthPoint
australite,Australite: Rare Australian Meteorite Tektite 11 Grams,12.06,2011-02-26,11,1.1,WorthPoint
australite,"★ TEKTITES Book! - Meteorites, Space Glass, Moon Rocks★",39.5,2011-02-24,,,WorthPoint
australite,Flanged Button Australite--Very Rare Tektite...2.1 Grms,750,2011-02-20,2.1,357.14,WorthPoint
australite,Australite: 10 Rare Aust. Meteorite Tektites 45 Grams,20.5,2011-02-11,45,0.46,WorthPoint
australite,Australite: Rare Australian Meteorite Tektite 15 Grams,21.5,2011-02-11,15,1.43,WorthPoint
australite,Australite: Rare Australian Meteorite Tektite 2 Grams,10.5,2011-02-11,2,5.25,WorthPoint
australite,Australite: Rare Aust. Meteorite Tektite W/rim 3 Grams,16,2011-02-11,3,5.33,WorthPoint
australite,Australite: Rare Aust. Meteorite Tektite W/rim 4 Grams,27.56,2011-02-11,4,6.89,WorthPoint
australite,Australite: Rare Aust. Meteorite Tektite W/rim 2 Grams,10.99,2011-02-11,2,5.5,WorthPoint
australite,Australite: 8 Rare Aust. Meteorite Tektites 11 Grams,10.01,2010-08-12,11,0.91,WorthPoint
australite,Australite: 8 Rare Aust. Meteorite Tektites 30 Grams,14.5,2010-08-12,30,0.48,WorthPoint
australite,Australite: 5 Rare Aust. Meteorite Tektites 50 Grams,54,2010-08-12,50,1.08,WorthPoint
australite,Australite: Rare Aust. Meteorite Tektite W/rim 1 Gram,13.3,2010-08-12,1,13.3,WorthPoint
australite,Australite: Rare Aust. Meteorite Tektite W/rim 6 Grams,29.88,2010-08-12,6,4.98,WorthPoint
australite,Australite: Rare Aust. Meteorite Tektite W/rim 5 Grams,139.5,2010-08-12,5,27.9,WorthPoint
australite,Australite: Rare Australian Meteorite Tektite 5 Grams,59.8,2010-08-12,5,11.96,WorthPoint
australite,Australite: Rare Australian Meteorite Tektite 23 Grams,42.56,2010-08-12,23,1.85,WorthPoint
australite,Australite: Rare Australian Meteorite Tektite 24 Grams,20.28,2010-08-12,24,0.85,WorthPoint
australite,AUSTRALITE FULLY FLANGED BUTTON Tektite Meteorite 3.95g,2999,2010-07-16,3.95,759.24,WorthPoint
australite,Green MOLDAVITE TEKTITE METEORITE LARGE Rough CZECH,38.25,2009-09-02,,,WorthPoint
australite,Chiang Khan Meteorite - Exotic Oriented Meteorite From Thailand,4780,2009-05-18,,,WorthPoint
australite,GREAT TEKTITE COLLECTION~ METEORITE With BOX #tw48,99.99,2009-03-17,,,WorthPoint
australite,Libyan Desert Glass - When An Asteroid And The Earth Collide,776.75,2009-01-18,,,WorthPoint
australite,1 Australian Meteorite Flanged Australite Replica Pair,12.5,2008-12-29,,,WorthPoint
australite,Australite: Rare Australian Meteorite Tektite 7 Grams,12.5,2008-09-03,7,1.79,WorthPoint
australite,Australite: Rare Australian Meteorite Tektite 13 Grams,13.5,2008-07-24,13,1.04,WorthPoint
australite,Australite: Rare Aust. Meteorite Tektite W/rim 1 Grams,11.49,2008-07-18,1,11.49,WorthPoint
australite,Australite: Rare Aust. Meteorite Tektite W/rim < 1 Gram,10.63,2008-07-05,1,10.63,WorthPoint
australite,Australite: Rare Australian Meteorite Tektite 1 Gram,28,2008-06-25,1,28,WorthPoint
australite,"Tektite - Exceedingly Rare, Complete Flanged-button Australite",4481.25,2008-06-08,,,WorthPoint
australite,Australite: Rare Australian Meteorite Tektite 4 Grams,10,2008-05-29,4,2.5,WorthPoint
australite,Australite: Rare Australian Meteorite Tektite 3 Grams,18.5,2008-05-21,3,6.17,WorthPoint
australite,Australite: 5 Rare Aust. Meteorite Tektites 30 Grams,16.26,2008-05-06,30,0.54,WorthPoint
australite,Australite: Rare Aust. Meteorite Tektite W/rim <1 Gram,213.5,2008-04-20,1,213.5,WorthPoint
australite,Australite: 5 Rare Aust. Meteorite Tektites 9 Grams,15.5,2008-04-02,9,1.72,WorthPoint
australite,Australite: 5 Rare Aust. Meteorite Tektites 20 Grams,17.7,2008-04-02,20,0.89,WorthPoint
australite,Australite: Rare Australian Meteorite Tektite 17 Grams,19.5,2008-03-25,17,1.15,WorthPoint
australite,Australite: 5 Rare Aust. Meteorite Tektites 39 Grams,13.05,2008-01-05,39,0.33,WorthPoint
australite,Australite: 5 Rare Aust. Meteorite Tektites 28 Grams,11.5,2007-12-18,28,0.41,WorthPoint
australite,Australite: Rare Australian Meteorite Tektite 8 Grams,15.53,2007-12-10,8,1.94,WorthPoint
australite,Choice Pair Of Australite Tektite Meteorite 7.48 Grams,10.5,2007-11-25,7.48,1.4,WorthPoint
australite,CZECH MOLDAVITE TEKTITE METEORITE Rough Piece 24 Ct NR,16.5,2007-11-20,4.8,3.44,WorthPoint
australite,Green CZECH MOLDAVITE TEKTITE METEORITE Rough 26 Ct NR,45,2007-11-02,5.2,8.65,WorthPoint
australite,Green CZECH MOLDAVITE TEKTITE METEORITE Rough 32 Ct NR,55,2007-10-21,6.4,8.59,WorthPoint
australite,CZECH MOLDAVITE TEKTITE METEORITE Rough Piece 25 Ct NR,11.5,2007-10-15,5,2.3,WorthPoint
australite,Green MOLDAVITE TEKTITE METEORITE LARGE Rough 28 Ct NR,19.49,2007-09-12,5.6,3.48,WorthPoint
australite,Green MOLDAVITE TEKTITE METEORITE LARGE Rough 39 Ct NR,20.5,2007-09-12,7.8,2.63,WorthPoint
australite,Australite Rare Australian Tektites,18.5,2007-09-01,,,WorthPoint
australite,Green MOLDAVITE TEKTITE METEORITE LARGE Rough 11 Ct NR,23.49,2007-08-22,2.2,10.68,WorthPoint
australite,Green MOLDAVITE TEKTITE METEORITE LARGE Rough 32 Ct NR,26.98,2007-08-22,6.4,4.22,WorthPoint
australite,Green MOLDAVITE TEKTITE METEORITE LARGE Rough 27 Ct NR,20.5,2007-08-22,5.4,3.8,WorthPoint
australite,20 Large IMPACTITES From 17 METEORITE IMPACT CRATERS,47.89,2007-08-21,,,WorthPoint
australite,Australite: 5 Rare Aust. Meteorite Tektites 15 Grams,10.1,2007-08-13,15,0.67,WorthPoint
australite,Australite: Rare Aust. Meteorite Tektite W/tim 2 Grams,21.76,2007-07-29,2,10.88,WorthPoint
australite,"10 Really BIG Meteorite Impactites >3-KILOS (6#, 11-oz)",60.95,2007-07-04,,,WorthPoint
australite,Australite: 10 Rare Aust. Meteorite Tektites 11 Gms,10.49,2007-06-23,11,0.95,WorthPoint
australite,Australite: 3 Rare Aust. Meteorite Tektites W/rim 9 Gms,10.49,2007-06-23,9,1.17,WorthPoint
australite,Australite: 5 Rare Aust. Meteorite Tektites 7 Grams,22.5,2007-06-23,7,3.21,WorthPoint
australite,Australite: 3 Rare Aust. Meteorite Tektites W/rim 6 Gms,10.61,2007-06-15,6,1.77,WorthPoint
australite,Australite: Rare Australian Meteorite Tektite 9 Grams,19.39,2007-06-15,9,2.15,WorthPoint
australite,Green MOLDAVITE TEKTITE METEORITE LARGE Rough 24 Ct NR,20.49,2007-06-06,4.8,4.27,WorthPoint
australite,Australite: 8 Rare Aust. Meteorite Tektites 27 Grams,11.06,2007-05-25,27,0.41,WorthPoint
australite,Australite: 8 Rare Aust. Meteorite Tektites 22 Grams,12.52,2007-05-25,22,0.57,WorthPoint
australite,Australite: Rare Australian Meteorite Tektite 12 Grams,26,2007-05-18,12,2.17,WorthPoint
australite,Australite: 8 Rare Aust. Meteorite Tektite 20 Grams,10.5,2007-05-18,20,0.53,WorthPoint
australite,Australite: 8 Rare Aust. Meteorite Tektite 18 Grams,15.5,2007-05-18,18,0.86,WorthPoint
australite,1 Australian Meteorite Tektite Australite Button Big,12,2007-05-10,,,WorthPoint
australite,Australite: 8 Rare Aust. Meteorite Tektites 19 Grams,12.49,2007-05-09,19,0.66,WorthPoint
australite,Australite: 8 Rare Aust. Meteorite Tektites 23 Grams,29,2007-05-09,23,1.26,WorthPoint
australite,Australite: 8 Rare Aust. Meteorite Tektites 9 Grams,20.5,2007-04-23,9,2.28,WorthPoint
australite,Australite: Rare Australian Meteorite Tektite 18 Grams,13,2007-04-23,18,0.72,WorthPoint
australite,Australite: 8 Rare Aust. Meteorite Tektites 13 Grams,28,2007-04-09,13,2.15,WorthPoint
australite,Australite: 2 Rare Aust. Meteorite Tektites W/rim 3 Gms,36,2007-04-09,3,12,WorthPoint
australite,Australite: 8 Rare Aust. Meteorite Tektites 12 Grams,18.55,2007-03-31,12,1.55,WorthPoint
australite,Australite: Rare Australian Meteorite Tektite 21 Grams,15.5,2007-03-31,21,0.74,WorthPoint
australite,Australian Meteorite Flanged Australite Replica,10.5,2007-03-30,,,WorthPoint
australite,Green MOLDAVITE TEKTITE METEORITE LARGE Rough 31 Ct NR,55,2007-03-29,6.2,8.87,WorthPoint
australite,Australite: 10 Rare Aust. Meteorite Tektites 23 Grams,15.5,2007-03-24,23,0.67,WorthPoint
australite,Australite: 10 Rare Aust Meteorite Tektites 20 Grams,13.49,2007-03-24,20,0.67,WorthPoint
australite,Australite: Rare Australian Meteorite Tektite 20 Grams,36.01,2007-02-16,20,1.8,WorthPoint
australite,Australite: Rare Aust. Meteorite Tektites 15 Grams,20.5,2007-02-16,15,1.37,WorthPoint
australite,Australite: 8 Rare Aust. Meteorite Tektites 14 Grams,11.02,2007-02-16,14,0.79,WorthPoint
australite,Green MOLDAVITE TEKTITE METEORITE LARGE Rough 30 Ct NR,65,2007-02-14,6,10.83,WorthPoint
australite,Tektite -Australite Rare Collection Of Australites,12.73,2007-02-08,,,WorthPoint
australite,Australite: 8 Rare Aust. Meteorite Tektites 10 Grams,11.5,2007-01-31,10,1.15,WorthPoint
australite,Australite: 8 Rare Aust. Meteorite Tektites 24 Grams,10.72,2007-01-24,24,0.45,WorthPoint
australite,Australite: Rare Aust. Meteorite Tektite 11 Grams,10.5,2007-01-24,11,0.95,WorthPoint
australite,Australian Meteorite Flanged Australite Replica Pair,10,2007-01-20,,,WorthPoint
australite,Tektite -Australite 7mm Bowl With Gas Bubble,18,2007-01-20,,,WorthPoint
australite,Australite: Rare Aust. Meteorite Tektite 5 Grams,10.5,2007-01-16,5,2.1,WorthPoint
australite,Australite: Rare Aust. Meteorite Tektite Rim 2 Grams,11.5,2007-01-16,2,5.75,WorthPoint
australite,"Flanged-Button-Australite, Lake Torrens, Australia",13,2007-01-09,,,WorthPoint
australite,Tektite -Australite 7mm Bowl With Flange,36.16,2006-12-19,,,WorthPoint
australite,Tektite -Australite 10mm Bowl With Flange,15.5,2006-12-19,,,WorthPoint
australite,Tektite -Australite 8mm Teardrop,21.75,2006-12-19,,,WorthPoint
australite,Australian Meteorite Tektite Australite Approx.2 G X 3,15,2006-12-18,2,7.5,WorthPoint
australite,Tektite -Australite 8mm Bowl With Gas Bubble Holes,32.25,2006-12-11,,,WorthPoint
australite,Australite: 10 Rare Aust. Meteorite Tektites 14 Grams,10.5,2006-12-07,14,0.75,WorthPoint
australite,Tektite -Australite 8mm Bowl,25.55,2006-12-06,,,WorthPoint
australite,Tektite -Australite Bowl,20.5,2006-12-04,,,WorthPoint
australite,Australite:7 Rare Aust. Meteorite Tektites 16 Grams,12.5,2006-11-28,16,0.78,WorthPoint
australite,Tektite -Australite 9mm Bowl,46,2006-11-28,,,WorthPoint
australite,Tektite -Australite 7mm Bowl,22.01,2006-11-28,,,WorthPoint
australite,Tektite -Australite 10mm Seed??,45.01,2006-11-28,,,WorthPoint
australite,Tektite -Australite 16mm X 10mm Boat,37.71,2006-11-26,,,WorthPoint
australite,Green MOLDAVITE TEKTITE METEORITE LARGE Rough 25 Ct NR,16.36,2006-11-07,5,3.27,WorthPoint
australite,Tektite -Australite 8mm Button,56,2006-11-06,,,WorthPoint
