material_slug,title,price_usd,sale_date,weight_grams,price_per_gram,source
bediasite,"""r365-10) 1-1/2"""" Fulgurite Lightning Strike Beach Sand Glass Georgia Fulgurites""",15.99,2025-12-20,,,WorthPoint
bediasite,Texas Bediasite Tektite Fossil Meteor Specimen 25g,299.99,2025-12-08,25,12,WorthPoint
bediasite,"""(r365-56) 1-3/4"""" Fulgurite Lightning Strike Beach Sand Glass Georgia Fulgurites""",16.49,2025-11-29,,,WorthPoint
bediasite,"""(r365-55) 1-3/4"""" Fulgurite Lightning Strike Beach Sand Glass Georgia Fulgurites""",16.49,2025-10-26,,,WorthPoint
bediasite,"Bediasite Tektite 3.73g Texas Impactite, Made By Meteorite Impact",75,2025-10-18,3.73,20.11,WorthPoint
bediasite,"Bediasite Tektite 3.11g Translucent Impactite, Made By Meteorite Impact",45,2025-10-18,3.11,14.47,WorthPoint
bediasite,"Bediasite Tektite 17.34g Translucent Impactite, Made By Meteorite Impact",364,2025-10-11,17.34,20.99,WorthPoint
bediasite,"Bediasite Tektite 1.83g Texas Impactite, Made By Meteorite Impact",33,2025-10-11,1.83,18.03,WorthPoint
bediasite,"Bediasite Tektite 7.69g Texas Impactite, Made By Meteorite Impact",150,2025-10-07,7.69,19.51,WorthPoint
bediasite,"Bediasite Tektite 12.40g Texas Impactite, Made By Meteorite Impact",246,2025-10-05,12.4,19.84,WorthPoint
bediasite,"""(R399-17-1) 4"""" Fossil Fulgurite Petrified Lightning Strike Beach Sand Glass GA""",26.99,2025-09-30,,,WorthPoint
bediasite,"""r365-13) 1-1/2"""" Fulgurite Lightning Strike Beach Sand Glass Georgia Fulgurites""",15.99,2025-08-31,,,WorthPoint
bediasite,"""r365-11) 1-1/2"""" Fulgurite Lightning Strike Beach Sand Glass Georgia Fulgurites""",15.99,2025-08-31,,,WorthPoint
bediasite,"""(r364-118) 1-1/8"""" Fulgurite Lightning Strike Beach Sand Glass Georgia Fulgurites""",14.99,2025-08-03,,,WorthPoint
bediasite,"""r365-1) 1-1/2"""" Fulgurite Lightning Strike Beach Sand Glass Georgia Fulgurites""",15.99,2025-07-27,,,WorthPoint
bediasite,"""(r365-34) 1-3/4"""" Fulgurite Lightning Strike Beach Sand Glass Georgia Fulgurites""",16.49,2025-07-24,,,WorthPoint
bediasite,"Tektite Variety Bediasite, Grimes Co. Texas (Steve Garza)",40,2025-07-18,,,WorthPoint
bediasite,"""(r365-41) 1-3/4"""" Fulgurite Lightning Strike Beach Sand Glass Georgia Fulgurites""",16.49,2025-07-15,,,WorthPoint
bediasite,"""(r365-53) 1-3/4"""" Fulgurite Lightning Strike Beach Sand Glass Georgia Fulgurites""",16.49,2025-07-14,,,WorthPoint
bediasite,"""(r365-42) 1-3/4"""" Fulgurite Lightning Strike Beach Sand Glass Georgia Fulgurites""",16.49,2025-06-27,,,WorthPoint
bediasite,"""r365-3) 1-1/2"""" Fulgurite Lightning Strike Beach Sand Glass Georgia Fulgurites""",15.99,2025-06-25,,,WorthPoint
bediasite,"""(r365-54) 1-3/4"""" Fulgurite Lightning Strike Beach Sand Glass Georgia Fulgurites""",16.49,2025-06-24,,,WorthPoint
bediasite,"""(r365-36) 1-3/4"""" Fulgurite Lightning Strike Beach Sand Glass Georgia Fulgurites""",16.49,2025-06-03,,,WorthPoint
bediasite,"""(r366-22) 2-1/8"""" Fulgurite Lightning Strike Beach Sand Glass Georgia Fulgurites""",18.99,2025-05-25,,,WorthPoint
bediasite,"""(r365-48) 1-3/4"""" Fulgurite Lightning Strike Beach Sand Glass Georgia Fulgurites""",16.49,2025-05-25,,,WorthPoint
bediasite,"""(r365-35) 1-3/4"""" Fulgurite Lightning Strike Beach Sand Glass Georgia Fulgurites""",16.49,2025-05-25,,,WorthPoint
bediasite,"""(r365-50) 1-3/4"""" Fulgurite Lightning Strike Beach Sand Glass Georgia Fulgurites""",16.49,2025-05-25,,,WorthPoint
bediasite,"""(r364-117) 1-1/8"""" Fulgurite Lightning Strike Beach Sand Glass Georgia Fulgurites""",14.99,2025-05-19,,,WorthPoint
bediasite,"""r365-6) 1-1/2"""" Fulgurite Lightning Strike Beach Sand Glass Georgia Fulgurites""",15.99,2025-05-06,,,WorthPoint
bediasite,"""(r364-113) 1-1/8"""" Fulgurite Lightning Strike Beach Sand Glass Georgia Fulgurites""",14.99,2025-05-05,,,WorthPoint
bediasite,"""(r365-45) 1-3/4"""" Fulgurite Lightning Strike Beach Sand Glass Georgia Fulgurites""",16.49,2025-04-09,,,WorthPoint
bediasite,"""(R399-17-4) 4"""" Fossil Fulgurite Petrified Lightning Strike Beach Sand Glass GA""",26.99,2025-03-24,,,WorthPoint
bediasite,"""(r365-44) 1-3/4"""" Fulgurite Lightning Strike Beach Sand Glass Georgia Fulgurites""",16.49,2025-03-04,,,WorthPoint
bediasite,"""(r365-37) 1-3/4"""" Fulgurite Lightning Strike Beach Sand Glass Georgia Fulgurites""",16.49,2025-03-03,,,WorthPoint
bediasite,"""r365-32-6) 1-1/2"""" Fulgurite Lightning Strike Beach Sand Glass Georgia Fulgurites""",15.99,2025-02-21,,,WorthPoint
bediasite,"""(r362-50) 4 Piece Set 1/2-1-1/8"""" Fulgurites Lightning Strike Beach Sand Glass GA""",22.99,2025-02-08,,,WorthPoint
bediasite,"""(r364-132) 1-1/8"""" Fulgurite Lightning Strike Beach Sand Glass Georgia Fulgurites""",14.99,2025-01-22,,,WorthPoint
bediasite,"""r365-4) 1-1/2"""" Fulgurite Lightning Strike Beach Sand Glass Georgia Fulgurites""",15.99,2025-01-22,,,WorthPoint
bediasite,"""r365-8) 1-1/2"""" Fulgurite Lightning Strike Beach Sand Glass Georgia Fulgurites""",15.99,2025-01-22,,,WorthPoint
bediasite,"""r365-2) 1-1/2"""" Fulgurite Lightning Strike Beach Sand Glass Georgia Fulgurites""",15.99,2025-01-11,,,WorthPoint
bediasite,"""(r364-138) 1-1/8"""" Fulgurite Lightning Strike Beach Sand Glass Georgia Fulgurites""",14.99,2024-12-19,,,WorthPoint
bediasite,"""r365-32-4) 1-1/2"""" Fulgurite Lightning Strike Beach Sand Glass Georgia Fulgurites""",15.99,2024-12-12,,,WorthPoint
bediasite,"""(r364-134) 1-1/8"""" Fulgurite Lightning Strike Beach Sand Glass Georgia Fulgurites""",14.99,2024-11-05,,,WorthPoint
bediasite,"""(r365-23) 1-1/2"""" Fulgurite Lightning Strike Beach Sand Glass Georgia Fulgurites""",15.99,2024-11-02,,,WorthPoint
bediasite,"""(r366-24) 2-1/8"""" Fulgurite Lightning Strike Beach Sand Dune Glass GA Fulgurites""",18.99,2024-10-10,,,WorthPoint
bediasite,"(r363-19) 2 Fulgurites 1-1/8"" Lightning Strike Beach Sand Dune Glass Georgia",18.99,2024-09-17,,,WorthPoint
bediasite,"(r364-112) 1-1/8"" Fulgurite Lightning Strike Beach Sand Glass Georgia Fulgurites",14.99,2024-08-24,,,WorthPoint
bediasite,"(r364-29) 2 Fulgurites 1-5/8"" Lightning Strike Beach Sand Glass Georgia Set",22.99,2024-07-29,,,WorthPoint
bediasite,"(r365-24) 1-1/2"" Fulgurite Lightning Strike Beach Sand Glass Georgia Fulgurites",15.99,2024-07-29,,,WorthPoint
bediasite,"(r365-22) 1-1/2"" Fulgurite Lightning Strike Beach Sand Glass Georgia Fulgurites",15.99,2024-07-06,,,WorthPoint
bediasite,"(r365-18) 1-1/2"" Fulgurite Lightning Strike Beach Sand Glass Georgia Fulgurites",15.99,2024-06-08,,,WorthPoint
bediasite,"(r364-114) 1-1/8"" Fulgurite Lightning Strike Beach Sand Glass Georgia Fulgurites",14.99,2024-05-26,,,WorthPoint
bediasite,"Tektite Variety Bediasite, Grimes Co., Texas, (Steve Garza)",102.5,2024-05-14,,,WorthPoint
bediasite,"(r365-43) 1-3/4"" Fulgurite Lightning Strike Beach Sand Glass Georgia Fulgurites",16.49,2024-05-09,,,WorthPoint
bediasite,"(r365-17) 1-1/2"" Fulgurite Lightning Strike Beach Sand Glass Georgia Fulgurites",15.99,2024-05-06,,,WorthPoint
bediasite,"R362-51) 4 Piece Set 1/2 1-1/8"" Fulgurites Lightning Strike Beach Sand Glass GA",22.99,2024-04-29,,,WorthPoint
bediasite,"(r364-130) 1-1/8"" Fulgurite Lightning Strike Beach Sand Glass Georgia Fulgurites",14.99,2024-04-04,,,WorthPoint
bediasite,"Tektite Variety Bediasite, Grimes County, Texas (Steve Garza)",69.88,2024-03-27,,,WorthPoint
bediasite,"(r363-20) 2 Fulgurites 1-1/8"" Lightning Strike Beach Sand Glass Georgia Set",18.99,2024-03-27,,,WorthPoint
bediasite,"(r364-109) 1-1/8"" Fulgurite Lightning Strike Beach Sand Glass Georgia Fulgurites",14.99,2024-03-27,,,WorthPoint
bediasite,"R365-32-2) 1-1/2"" Fulgurite Lightning Strike Beach Sand Glass Georgia Fulgurites",15.99,2024-03-25,,,WorthPoint
bediasite,"(r363-14) 2 Fulgurites 1-5/8"" Lightning Strike Beach Sand Glass Georgia Set",18.99,2024-03-22,,,WorthPoint
bediasite,"Tektite Variety Bediasite, Grimes County, Texas, (Steve Garza)",19.87,2024-03-10,,,WorthPoint
bediasite,"(r364-31) 2 Fulgurites 1-5/8"" Lightning Strike Beach Sand Glass Georgia Set",22.99,2024-02-18,,,WorthPoint
bediasite,"Tektite Var. Bediasite, Grimes County, Texas, (Steve Garza)....",68.88,2024-02-13,,,WorthPoint
bediasite,"(r364-135) 1-1/8"" Fulgurite Lightning Strike Beach Sand Glass Georgia Fulgurites",14.99,2024-01-31,,,WorthPoint
bediasite,"(r365-26) 1-1/2"" Fulgurite Lightning Strike Beach Sand Glass Georgia Fulgurites",15.99,2024-01-05,,,WorthPoint
bediasite,"(r365-15) 1-1/2"" Fulgurite Lightning Strike Beach Sand Glass Georgia Fulgurites",15.99,2024-01-01,,,WorthPoint
bediasite,"(r364-2) 2 Fulgurites 1-5/8"" Lightning Strike Beach Sand Glass Georgia Set",22.99,2023-12-31,,,WorthPoint
bediasite,"(r365-25) 1-1/2"" Fulgurite Lightning Strike Beach Sand Glass Georgia Fulgurites",15.99,2023-12-22,,,WorthPoint
bediasite,"(r364-21) 2 Fulgurites 1-5/8"" Lightning Strike Beach Sand Glass Georgia Set",22.99,2023-12-05,,,WorthPoint
bediasite,"(r364-6) 2 Fulgurites 1-5/8"" Lightning Strike Beach Sand Glass Georgia Set",22.99,2023-11-29,,,WorthPoint
bediasite,"(r364-17) 2 Fulgurites 1-5/8"" Lightning Strike Beach Sand Glass Georgia Set",22.99,2023-11-29,,,WorthPoint
bediasite,"(r371-2) 2-3/4"" Fulgurite Lightning Strike Beach Sand Glass Georgia Specimen",29.99,2023-11-29,,,WorthPoint
bediasite,"(r366-37) 2-1/8"" Fulgurite Lightning Strike Beach Sand Glass Georgia Fulgurites",18.99,2023-11-29,,,WorthPoint
bediasite,"(r365-31) 1-1/2"" Fulgurite Lightning Strike Beach Sand Glass Georgia Fulgurites",15.99,2023-11-29,,,WorthPoint
bediasite,"(r365-123) 1-7/8"" Fulgurite Lightning Strike Beach Sand Glass Georgia Fulgurites",16.99,2023-11-16,,,WorthPoint
bediasite,"(r365-16) 1-1/2"" Fulgurite Lightning Strike Beach Sand Glass Georgia Fulgurites",15.99,2023-11-01,,,WorthPoint
bediasite,"R365-32-7) 1-1/2"" Fulgurite Lightning Strike Beach Sand Glass Georgia Fulgurites",15.99,2023-10-28,,,WorthPoint
bediasite,"R365-32-5) 1-1/2"" Fulgurite Lightning Strike Beach Sand Glass Georgia Fulgurites",15.99,2023-10-28,,,WorthPoint
bediasite,"(r364-128) 1-1/8"" Fulgurite Lightning Strike Beach Sand Glass Georgia Fulgurites",14.99,2023-10-23,,,WorthPoint
bediasite,"R362-36) 4 Piece Set 1/2 1-1/8"" Fulgurites Lightning Strike Beach Sand Glass GA",22.99,2023-10-23,,,WorthPoint
bediasite,"(r364-136) 1-1/8"" Fulgurite Lightning Strike Beach Sand Glass Georgia Fulgurites",14.99,2023-10-07,,,WorthPoint
bediasite,"(r364-116) 1-1/8"" Fulgurite Lightning Strike Beach Sand Glass Georgia Fulgurites",14.99,2023-09-30,,,WorthPoint
bediasite,"(r365-85) 1-7/8"" Fulgurite Lightning Strike Beach Sand Glass Georgia Fulgurites",16.99,2023-09-10,,,WorthPoint
bediasite,"R362-52) 4 Piece Set 1/2 1-1/8"" Fulgurites Lightning Strike Beach Sand Glass GA",22.99,2023-08-20,,,WorthPoint
bediasite,"Tektite Var. Bediasite, Grimes County, TX, (Steve Garza)",320,2023-08-04,,,WorthPoint
bediasite,"(r365-37) 1-3/4"" Fulgurite Lightning Strike Beach Sand Glass Georgia Fulgurites",16.49,2023-07-27,,,WorthPoint
bediasite,"(r365-110) 1-7/8"" Fulgurite Lightning Strike Beach Sand Glass Georgia Fulgurites",16.99,2023-07-17,,,WorthPoint
bediasite,"(r365-46) 1-3/4"" Fulgurite Lightning Strike Beach Sand Glass Georgia Fulgurites",16.49,2023-07-06,,,WorthPoint
bediasite,"R362-49) 4 Piece Set 1/2 1-1/8"" Fulgurites Lightning Strike Beach Sand Glass GA",22.99,2023-06-24,,,WorthPoint
bediasite,"R362-39) 4 Piece Set 1/2 1-1/8"" Fulgurites Lightning Strike Beach Sand Glass GA",22.99,2023-05-13,,,WorthPoint
bediasite,"R365-32-3) 1-1/2"" Fulgurite Lightning Strike Beach Sand Glass Georgia Fulgurites",15.99,2023-04-10,,,WorthPoint
bediasite,"(r366-44) 2-1/8"" Fulgurite Lightning Strike Beach Sand Glass Georgia Fulgurites",18.99,2023-04-08,,,WorthPoint
bediasite,"Bediasite, Tektite Meteor, Brazos County, Texas, Meteorite Fossil",182.5,2023-03-06,,,WorthPoint
bediasite,"(r365-39) 1-3/4"" Fulgurite Lightning Strike Beach Sand Glass Georgia Fulgurites",16.49,2023-01-28,,,WorthPoint
bediasite,"Tektite Var. Bediasite, Grimes County, TX, 6.45 Grams. (Steve Garza Collection)",39.88,2023-01-03,6.45,6.18,WorthPoint
bediasite,"Rare AZUARA, SPAIN Impactite PITTED & SHATTERED Cobblestone 186-gram (6.5-oz.)",22.95,2022-12-25,186,0.12,WorthPoint
bediasite,"(r365-54) 1-3/4"" Fulgurite Lightning Strike Beach Sand Glass Georgia Fulgurites",16.49,2022-12-23,,,WorthPoint
bediasite,"(r364-124) 1-1/8"" Fulgurite Lightning Strike Beach Sand Glass Georgia Fulgurites",14.99,2022-12-20,,,WorthPoint
bediasite,"(r365-56) 1-3/4"" Fulgurite Lightning Strike Beach Sand Glass Georgia Fulgurites",16.49,2022-12-18,,,WorthPoint
bediasite,"(r366-50) 2-1/8"" Fulgurite Lightning Strike Beach Sand Dune Glass GA Fulgurites",18.99,2022-12-18,,,WorthPoint
bediasite,"(r367-3) 2-1/4"" Fulgurite Lightning Strike Beach Sand Glass Georgia Specimen",20.99,2022-12-18,,,WorthPoint
bediasite,"(r365-38) 1-3/4"" Fulgurite Lightning Strike Beach Sand Glass Georgia Fulgurites",16.49,2022-12-16,,,WorthPoint
bediasite,"(r365-61) 1-7/8"" Fulgurite Lightning Strike Beach Sand Glass Georgia Fulgurites",16.99,2022-12-14,,,WorthPoint
bediasite,"Tektite Var. Bediasite, Grimes County, Texas, (Steve Garza Collection)...",22.16,2022-12-14,,,WorthPoint
bediasite,"(r364-18) 2 Fulgurites 1-5/8"" Lightning Strike Beach Sand Glass Georgia Set",22.99,2022-12-13,,,WorthPoint
bediasite,"(r365-125) 1-7/8"" Fulgurite Lightning Strike Beach Sand Glass Georgia Fulgurites",16.99,2022-12-04,,,WorthPoint
bediasite,"(r369-5) 2-1/2"" Fulgurite Lightning Strike Beach Sand Glass GA Display Specimen",24.99,2022-11-26,,,WorthPoint
bediasite,"Tektite Var Bediasite, Grimes County, TX, From Outer Space, (Steve Garza Coll.)",31.31,2022-11-14,,,WorthPoint
bediasite,"(r365-33) 1-3/4"" Fulgurite Lightning Strike Beach Sand Glass Georgia Fulgurites",16.49,2022-11-12,,,WorthPoint
bediasite,"R362-42) 4 Piece Set 1/2 1-1/8"" Fulgurites Lightning Strike Beach Sand Glass GA",22.99,2022-11-02,,,WorthPoint
bediasite,"(r364-28) 2 Fulgurites 1-5/8"" Lightning Strike Beach Sand Glass Georgia Set",22.99,2022-10-28,,,WorthPoint
bediasite,"(r364-125) 1-1/8"" Fulgurite Lightning Strike Beach Sand Glass Georgia Fulgurites",14.99,2022-10-27,,,WorthPoint
bediasite,"Tektite Variety Bediasite, Grimes Co. TX, Curves Bottom-side (Steve Garza)....",31,2022-10-26,,,WorthPoint
bediasite,"R362-40) 4 Piece Set 1/2 1-1/8"" Fulgurites Lightning Strike Beach Sand Glass GA",22.99,2022-10-12,,,WorthPoint
bediasite,"R362-37) 4 Piece Set 1/2 1-1/8"" Fulgurites Lightning Strike Beach Sand Glass GA",22.99,2022-10-11,,,WorthPoint
bediasite,"(r365-45) 1-3/4"" Fulgurite Lightning Strike Beach Sand Glass Georgia Fulgurites",16.49,2022-10-08,,,WorthPoint
bediasite,"R362-38) 4 Piece Set 1/2 1-1/8"" Fulgurites Lightning Strike Beach Sand Glass GA",22.99,2022-09-25,,,WorthPoint
bediasite,"(r364-27) 2 Fulgurites 1-5/8"" Lightning Strike Beach Sand Glass Georgia Set",22.99,2022-09-25,,,WorthPoint
bediasite,"R399-19-3) 5.25"" Fossil Fulgurite Petrified Lightning Strike Beach Sand Glass GA",35.99,2022-09-11,,,WorthPoint
bediasite,"(r364-9) 2 Fulgurites 1-5/8"" Lightning Strike Beach Sand Glass Georgia Set",22.99,2022-09-08,,,WorthPoint
bediasite,"(r364-16) 2 Fulgurites 1-5/8"" Lightning Strike Beach Sand Glass Georgia Set",22.99,2022-09-04,,,WorthPoint
bediasite,"(r365-135) 1-7/8"" Fulgurite Lightning Strike Beach Sand Glass Georgia Fulgurites",16.99,2022-08-21,,,WorthPoint
bediasite,"(r365-63) 1-7/8"" Fulgurite Lightning Strike Beach Sand Glass GA Fulgurites Piece",16.99,2022-08-21,,,WorthPoint
bediasite,"(r367-7) 2-1/4"" Fulgurite Lightning Strike Beach Sand Dune Glass GA Specimen",20.99,2022-08-21,,,WorthPoint
bediasite,"(r365-128) 1-7/8"" Fulgurite Lightning Strike Beach Sand Glass Georgia Fulgurites",16.99,2022-08-21,,,WorthPoint
bediasite,"(r364-26) 2 Fulgurites 1-5/8"" Lightning Strike Beach Sand Glass Georgia Set",22.99,2022-08-21,,,WorthPoint
bediasite,"SLICE Rubielos De La Cérida, Spain IMPACT BRECCIA Impactite 56-gram (2.0-oz.)",19.95,2022-08-11,56,0.36,WorthPoint
bediasite,"DECATURVILLE, Missouri, USA IMPACTITE Melt With Breccia 112-gr. (3.9-oz.) Endcut",18.5,2022-08-08,112,0.17,WorthPoint
bediasite,"(r365-124) 1-7/8"" Fulgurite Lightning Strike Beach Sand Glass Georgia Fulgurites",16.99,2022-07-18,,,WorthPoint
bediasite,"(r365-129) 1-7/8"" Fulgurite Lightning Strike Beach Sand Glass Georgia Fulgurites",16.99,2022-07-15,,,WorthPoint
bediasite,"Rubielos De La Cérida, Spain IMPACT MELT Carbonate Impactite 32-gram (1.2-oz.)",14.95,2022-07-11,32,0.47,WorthPoint
bediasite,"(r365-32) 1-1/2"" Fulgurite Lightning Strike Beach Sand Glass Georgia Fulgurites",15.99,2022-07-10,,,WorthPoint
bediasite,"(R399-8-9) 2"" Fossil Fulgurite Petrified Lightning Strike Beach Sand Glass GA",18.99,2022-07-07,,,WorthPoint
bediasite,"(r365-35) 1-3/4"" Fulgurite Lightning Strike Beach Sand Glass Georgia Fulgurites",16.49,2022-07-01,,,WorthPoint
bediasite,"Bediasite Tektite 2.75g Translucen Well Detailed Impactite, Made By Meteorite Im",30,2022-06-28,2.75,10.91,WorthPoint
bediasite,"Bediasite Tektite 7.42g Stunningly Well Detailed Impactite, Made By Meteorite Im",72,2022-06-27,7.42,9.7,WorthPoint
bediasite,"(r364-24) 2 Fulgurites 1-5/8"" Lightning Strike Beach Sand Glass Georgia Set",22.99,2022-06-22,,,WorthPoint
bediasite,"(r365-132) 1-7/8"" Fulgurite Lightning Strike Beach Sand Glass Georgia Fulgurites",16.99,2022-05-26,,,WorthPoint
bediasite,"(r364-19) 2 Fulgurites 1-5/8"" Lightning Strike Beach Sand Glass Georgia Set",22.99,2022-05-26,,,WorthPoint
bediasite,Large CHARLEVOIX Impactite IMPACT MELT BRECCIA 211-gram (7.5-oz.) SLICE,18.5,2022-05-15,211,0.09,WorthPoint
bediasite,"(r365-34) 1-3/4"" Fulgurite Lightning Strike Beach Sand Glass Georgia Fulgurites",16.49,2022-05-06,,,WorthPoint
bediasite,"(r364-127) 1-1/8"" Fulgurite Lightning Strike Beach Sand Glass Georgia Fulgurites",14.99,2022-04-18,,,WorthPoint
bediasite,"(r365-44) 1-3/4"" Fulgurite Lightning Strike Beach Sand Glass Georgia Fulgurites",16.49,2022-04-17,,,WorthPoint
bediasite,"(r364-13) 2 Fulgurites 1-5/8"" Lightning Strike Beach Sand Glass Georgia Set",22.99,2022-04-17,,,WorthPoint
bediasite,"Great ALAMO, NEVADA USA Impactite IMPACT MELT 182-gram (6.4-oz.) END-CUT",24.95,2022-04-16,182,0.14,WorthPoint
bediasite,Large CHARLEVOIX Impactite IMPACT MELT BRECCIA 288-gram (10.2-oz.) End-cut,17.95,2022-04-14,288,0.06,WorthPoint
bediasite,Great CHARLEVOIX Impactite IMPACT MELT BRECCIA 124-gram (4.4-oz.) End-cut,20.5,2022-04-11,124,0.17,WorthPoint
bediasite,"R365-32-6) 1-1/2"" Fulgurite Lightning Strike Beach Sand Glass Georgia Fulgurites",15.99,2022-04-08,,,WorthPoint
bediasite,158-gr. (5.6-oz.) WANAPITEI LAKE Impactite SUEVITE With MYSTERIOUS SHATTER CONES,19.95,2022-04-05,158,0.13,WorthPoint
bediasite,"BRUSSELS HILL, Wisconsin, Impactite IMPACT BRECCIA 94-gram (3.3-oz.) SLICE",46,2022-04-02,94,0.49,WorthPoint
bediasite,"R365-32-8) 1-1/2"" Fulgurite Lightning Strike Beach Sand Glass Georgia Fulgurites",15.99,2022-04-01,,,WorthPoint
bediasite,"(r364-123) 1-1/8"" Fulgurite Lightning Strike Beach Sand Glass Georgia Fulgurites",14.99,2022-04-01,,,WorthPoint
bediasite,"(r365-53) 1-3/4"" Fulgurite Lightning Strike Beach Sand Glass Georgia Fulgurites",16.49,2022-04-01,,,WorthPoint
bediasite,"(r365-57) 1-3/4"" Fulgurite Lightning Strike Beach Sand Glass Georgia Fulgurites",16.49,2022-04-01,,,WorthPoint
bediasite,"(r364-122) 1-1/8"" Fulgurite Lightning Strike Beach Sand Glass Georgia Fulgurites",14.99,2022-04-01,,,WorthPoint
bediasite,"RIES, GERMANY Impactite Polysingen Quarry SUEVITE 96-gram (3.4-oz.) END-CUT",15.01,2022-04-01,96,0.16,WorthPoint
bediasite,"Rubielos De La Cérida, Spain IMPACT MELT BRECCIA Impactite 72-gram (2.6-oz.)",26,2022-04-01,72,0.36,WorthPoint
bediasite,Great WEAUBLEAU Impactite IMPACT MELT 426-gram (15-oz.) Rectangular Prism,25.95,2022-03-31,426,0.06,WorthPoint
bediasite,"BRUSSELS HILL, WI, USA, Impactite POLISHED RESURGE BRECCIA 586-gr. (1#, 4.7-oz.)",44.95,2022-03-27,586,0.08,WorthPoint
bediasite,Bediasite Tektite,1125,2022-03-25,,,WorthPoint
bediasite,"BRUSSELS HILL, Wisconsin, Impactite IMPACT BRECCIA 68-gram (2.4-oz.) THIN SLICE",86,2022-03-22,68,1.26,WorthPoint
bediasite,Great CHARLEVOIX Impactite IMPACT MELT BRECCIA 66-gram (2.3-oz.) SLICE,12.95,2022-03-20,66,0.2,WorthPoint
bediasite,"(r364-14) 2 Fulgurites 1-5/8"" Lightning Strike Beach Sand Glass Georgia Set",22.99,2022-03-18,,,WorthPoint
bediasite,"Great RIES, GERMANY Impactite Polysingen Quarry Suevite 165-gram (5.9-oz.) SLICE",25,2022-03-18,165,0.15,WorthPoint
bediasite,"BRUSSELS HILL, Wisconsin, USA Impactite IMPACT BRECCIA 96-gram (3.4-oz.) SLICE",32.75,2022-03-15,96,0.34,WorthPoint
bediasite,"Great ALAMO, NEVADA USA Impactite IMPACT MELT 194-gram (6.8-oz.) SLICE",25.45,2022-03-07,194,0.13,WorthPoint
bediasite,"Great BRENT, Ontario, Canada Impactite IMPACT MELT 576-gram (1# 4.3-oz.) Endcut",51,2022-03-04,576,0.09,WorthPoint
bediasite,"(r365-23) 1-1/2"" Fulgurite Lightning Strike Beach Sand Glass Georgia Fulgurites",15.99,2022-03-02,,,WorthPoint
bediasite,"(r364-129) 1-1/8"" Fulgurite Lightning Strike Beach Sand Glass Georgia Fulgurites",14.99,2022-03-02,,,WorthPoint
bediasite,"(r365-50) 1-3/4"" Fulgurite Lightning Strike Beach Sand Glass Georgia Fulgurites",16.49,2022-02-27,,,WorthPoint
bediasite,Great WEAUBLEAU Impactite IMPACT MELT 229.0-gram (8-oz.) Rectangular Prism Wand,31,2022-02-18,229,0.14,WorthPoint
bediasite,"(r365-51) 1-3/4"" Fulgurite Lightning Strike Beach Sand Glass Georgia Fulgurites",16.49,2022-02-11,,,WorthPoint
bediasite,"(r365-41) 1-3/4"" Fulgurite Lightning Strike Beach Sand Glass Georgia Fulgurites",16.49,2022-02-11,,,WorthPoint
bediasite,Great WEAUBLEAU Impactite IMPACT MELT 119-gram (4.2-oz.) Rectangular Prism,69.85,2022-02-08,119,0.59,WorthPoint
bediasite,"(r368-2) 2-3/8"" Fulgurite Lightning Strike Beach Sand Dune Glass GA Specimen",22.99,2022-02-05,,,WorthPoint
bediasite,"(r364-15) 2 Fulgurites 1-5/8"" Lightning Strike Beach Sand Glass Georgia Set",22.99,2022-02-03,,,WorthPoint
bediasite,Great CHARLEVOIX Impactite IMPACT MELT BRECCIA 203-gram (7.1-oz.) Rough Pyramid,47,2022-01-25,203,0.23,WorthPoint
bediasite,Great WEAUBLEAU Impactite IMPACT MELT 384-gram (13.5-oz.) Rectangular Prism,218.5,2022-01-25,384,0.57,WorthPoint
bediasite,Great GLOVER BLUFF Impactite IMPACT MELT BRECCIA 118-grams (4.2 -oz.) End Cut,25.95,2022-01-25,118,0.22,WorthPoint
bediasite,"(r365-55) 1-3/4"" Fulgurite Lightning Strike Beach Sand Glass Georgia Fulgurites",16.49,2022-01-14,,,WorthPoint
bediasite,"R362-43) 4 Piece Set 1/2 1-1/8"" Fulgurites Lightning Strike Beach Sand Glass GA",22.99,2022-01-09,,,WorthPoint
bediasite,"(r365-65) 1-7/8"" Fulgurite Lightning Strike Beach Sand Glass Georgia Fulgurites",16.99,2022-01-08,,,WorthPoint
bediasite,"(r365-49) 1-3/4"" Fulgurite Lightning Strike Beach Sand Glass Georgia Fulgurites",16.49,2022-01-06,,,WorthPoint
bediasite,"(two) 1-3/4"" Fulgurites Lightning Strike Beach Sand Glass Georgia Fulgurites",32,2022-01-03,,,WorthPoint
bediasite,"(r365-48) 1-3/4"" Fulgurite Lightning Strike Beach Sand Glass Georgia Fulgurites",16.49,2022-01-03,,,WorthPoint
bediasite,"(r364-115) 1-1/8"" Fulgurite Lightning Strike Beach Sand Glass Georgia Fulgurites",14.99,2022-01-03,,,WorthPoint
bediasite,"(r365-64) 1-7/8"" Fulgurite Lightning Strike Beach Sand Glass Georgia Fulgurites",16.99,2022-01-03,,,WorthPoint
bediasite,"(r367-19) 2-1/4"" Fulgurite Lightning Strike Beach Sand Dune Glass GA Specimen",20.99,2022-01-03,,,WorthPoint
bediasite,"(r365-133) 1-7/8"" Fulgurite Lightning Strike Beach Sand Glass Georgia Fulgurites",16.99,2022-01-03,,,WorthPoint
bediasite,"(r365-127) 1-7/8"" Fulgurite Lightning Strike Beach Sand Glass Georgia Fulgurites",16.99,2021-12-29,,,WorthPoint
bediasite,"(r364-11) 2 Fulgurites 1-5/8"" Lightning Strike Beach Sand Glass Georgia Set",22.99,2021-12-29,,,WorthPoint
bediasite,"(r365-126) 1-7/8"" Fulgurite Lightning Strike Beach Sand Glass Georgia Fulgurites",16.99,2021-12-23,,,WorthPoint
bediasite,"(r364-113) 1-1/8"" Fulgurite Lightning Strike Beach Sand Glass Georgia Fulgurites",14.99,2021-12-22,,,WorthPoint
bediasite,"(r365-42) 1-3/4"" Fulgurite Lightning Strike Beach Sand Glass Georgia Fulgurites",16.49,2021-12-20,,,WorthPoint
bediasite,"(r363-24) 2 Fulgurites 1-1/8"" Lightning Strike Beach Sand Glass Georgia Set",18.99,2021-12-16,,,WorthPoint
bediasite,"(r365-52) 1-3/4"" Fulgurite Lightning Strike Beach Sand Glass Georgia Fulgurites",16.49,2021-11-29,,,WorthPoint
bediasite,"Bediasite Tektite 1.82g Stunningly Well Detailed Impactite, Made By Meteorite Im",33,2021-11-27,1.82,18.13,WorthPoint
bediasite,"Bediasite Tektite 9.14g Extraordinary Impactite, Made By Meteorite Impact",98,2021-11-27,9.14,10.72,WorthPoint
bediasite,"Bediasite Tektite 15.77g Stunningly Well Detailed Impactite, Made By Meteorite I",150,2021-11-27,15.77,9.51,WorthPoint
bediasite,"(r364-138) 1-1/8"" Fulgurite Lightning Strike Beach Sand Glass Georgia Fulgurites",14.99,2021-11-26,,,WorthPoint
bediasite,"Bediasite Tektite 5.17g Stunningly Well Detailed Impactite, Made By Meteorite Im",68,2021-11-20,5.17,13.15,WorthPoint
bediasite,"(r366-30) 2-1/8"" Fulgurite Lightning Strike Beach Sand Glass Georgia Fulgurites",18.99,2021-11-17,,,WorthPoint
bediasite,"Bediasite Tektite 0.80g Stunningly Well Detailed Impactite, Made By Meteorite Im",16,2021-11-13,0.8,20,WorthPoint
bediasite,"Bediasite Tektite 9.78g Extraordinary Impactite, Made By Meteorite Impact",98,2021-11-13,9.78,10.02,WorthPoint
bediasite,"Bediasite Tektite 8.89g Stunningly Well Detailed Impactite, Made By Meteorite Im",93,2021-11-08,8.89,10.46,WorthPoint
bediasite,"Bediasite Tektite 11.61g Extraordinary Impactite, Made By Meteorite Impact",120,2021-10-30,11.61,10.34,WorthPoint
bediasite,"Bediasite Tektite 3.91g Stunningly Well Detailed Impactite, Made By Meteorite Im",46,2021-10-30,3.91,11.76,WorthPoint
bediasite,"Bediasite Tektite 14.95g Stunningly Well Detailed Impactite, Made By Meteorite I",232.5,2021-10-30,14.95,15.55,WorthPoint
bediasite,"Bediasite Tektite 12.91 Extraordinary Hedgehog Impactite, Made By Meteorite Impa",199,2021-10-30,,,WorthPoint
bediasite,"(r362-42) 4 Fulgurites 1/2-1-1/8"" Lightning Strike Beach Sand Glass GA Specimens",22.99,2021-10-30,,,WorthPoint
bediasite,"(r365-47) 1-3/4"" Fulgurite Lightning Strike Beach Sand Glass Georgia Fulgurites",16.49,2021-10-26,,,WorthPoint
bediasite,"Bediasite Tektite 31.06g Stunningly Well Detailed Impactite, Made By Meteorite I",251.5,2021-10-26,31.06,8.1,WorthPoint
bediasite,"Bediasite Tektite 1.83g Stunningly Well Detailed Impactite, Made By Meteorite Im",24,2021-10-24,1.83,13.11,WorthPoint
bediasite,"(r365-140) 1-7/8"" Fulgurite Lightning Strike Beach Sand Glass Georgia Fulgurites",16.99,2021-10-20,,,WorthPoint
bediasite,"(r363-17) 2 Fulgurites 1-1/8"" Lightning Strike Beach Sand Glass Georgia Set",18.99,2021-10-20,,,WorthPoint
bediasite,"R362-47) 4 Fulgurites 1/2to1-1/8"" Lightning Strike Beach Sand Glass GA Specimens",22.99,2021-10-20,,,WorthPoint
bediasite,"(r366-40) 2-1/8"" Fulgurite Lightning Strike Beach Sand Glass Georgia Fulgurites",18.99,2021-10-20,,,WorthPoint
bediasite,"Bediasite Tektite 2.96g Stunningly Well Detailed Impactite, Made By Meteorite Im",38,2021-10-19,2.96,12.84,WorthPoint
bediasite,"(r371-7) 2-3/4"" Fulgurite Lightning Strike Beach Sand Glass Georgia Specimen",29.99,2021-10-14,,,WorthPoint
bediasite,"(r367-14) 2-1/4"" Fulgurite Lightning Strike Beach Sand Dune Glass GA Specimen",20.99,2021-10-13,,,WorthPoint
bediasite,"(r365-138) 1-7/8"" Fulgurite Lightning Strike Beach Sand Glass Georgia Fulgurites",16.99,2021-10-11,,,WorthPoint
bediasite,"R365-32-4) 1-1/2"" Fulgurite Lightning Strike Beach Sand Glass Georgia Fulgurites",15.99,2021-10-11,,,WorthPoint
bediasite,"(r365-60) 1-7/8"" Fulgurite Lightning Strike Beach Sand Glass Georgia Fulgurites",16.99,2021-10-11,,,WorthPoint
bediasite,"(r365-78) 1-7/8"" Fulgurite Lightning Strike Beach Sand Glass Georgia Fulgurites",16.99,2021-10-01,,,WorthPoint
bediasite,"(r364-120) 1-1/8"" Fulgurite Lightning Strike Beach Sand Glass Georgia Fulgurites",14.99,2021-10-01,,,WorthPoint
bediasite,"(r365-19) 1-1/2"" Fulgurite Lightning Strike Beach Sand Glass Georgia Fulgurites",15.99,2021-10-01,,,WorthPoint
bediasite,"(r365-93) 1-7/8"" Fulgurite Lightning Strike Beach Sand Glass Georgia Fulgurites",16.99,2021-10-01,,,WorthPoint
bediasite,"(r367-18) 2-1/4"" Fulgurite Lightning Strike Beach Sand Dune Glass GA Specimen",20.99,2021-10-01,,,WorthPoint
bediasite,"(r365-134) 1-7/8"" Fulgurite Lightning Strike Beach Sand Glass Georgia Fulgurites",16.99,2021-09-23,,,WorthPoint
bediasite,"(R399-8) 2.5"" Fossil Fulgurite Petrified Lightning Strike Beach Sand Glass GA",18.99,2021-08-12,,,WorthPoint
bediasite,"(r365-131) 1-7/8"" Fulgurite Lightning Strike Beach Sand Glass Georgia Fulgurites",16.99,2021-08-02,,,WorthPoint
bediasite,"(r365-29) 1-1/2"" Fulgurite Lightning Strike Beach Sand Glass Georgia Fulgurites",15.99,2021-07-15,,,WorthPoint
bediasite,"(r363-21) 2 Fulgurites 1-1/8"" Lightning Strike Beach Sand Dune Glass Georgia",18.99,2021-07-14,,,WorthPoint
bediasite,"(r364-121) 1-1/8"" Fulgurite Lightning Strike Beach Sand Glass Georgia Fulgurites",14.99,2021-07-12,,,WorthPoint
bediasite,"(r364-3) 2 Fulgurites 1-5/8"" Lightning Strike Beach Sand Glass Georgia Set",22.99,2021-07-12,,,WorthPoint
bediasite,"(r364-13o) 1-1/8"" Fulgurite Lightning Strike Beach Sand Glass Georgia Fulgurites",14.99,2021-07-12,,,WorthPoint
bediasite,"R399-14-4 Fossil Fulgurite 3-1/4"" Petrified Lightning Strike Beach Sand Glass GA",22.99,2021-07-11,,,WorthPoint
bediasite,"(r365-70) 1-7/8"" Fulgurite Lightning Strike Beach Sand Glass Georgia Fulgurites",16.99,2021-07-03,,,WorthPoint
bediasite,"(r362-23) 4 Fulgurites 1/2-1-1/8"" Lightning Strike Beach Sand Dune Glass Georgia",22.99,2021-07-01,,,WorthPoint
bediasite,"(r364-8) 2 Fulgurites 1-5/8"" Lightning Strike Beach Sand Glass Georgia Set",22.99,2021-06-19,,,WorthPoint
bediasite,"(r371-6) 2-3/4"" Fulgurite Lightning Strike Beach Sand Glass Georgia Specimen",29.99,2021-06-19,,,WorthPoint
bediasite,"(r366-41) 2-1/8"" Fulgurite Lightning Strike Beach Sand Glass Georgia Fulgurites",18.99,2021-06-19,,,WorthPoint
bediasite,"(r374-2) 3-1/8"" Fulgurite Lightning Strike Beach Sand Glass GA Display Specimen",36.99,2021-06-16,,,WorthPoint
bediasite,"(r366-43) 2-1/8"" Fulgurite Lightning Strike Beach Sand Dune Glass GA Fulgurites",18.99,2021-06-03,,,WorthPoint
bediasite,"(r364-4) 2 Fulgurites 1-5/8"" Lightning Strike Beach Sand Glass Georgia Set",22.99,2021-05-30,,,WorthPoint
bediasite,"(r362-45) 4 Fulgurites 1/2-1-1/8"" Lightning Strike Beach Sand Glass GA Specimens",22.99,2021-04-30,,,WorthPoint
bediasite,"(r364-7) 2 Fulgurites 1-5/8"" Lightning Strike Beach Sand Glass Georgia Set",22.99,2021-04-26,,,WorthPoint
bediasite,"(r364-119) 1-1/8"" Fulgurite Lightning Strike Beach Sand Glass Georgia Fulgurites",14.99,2021-04-25,,,WorthPoint
bediasite,"(r365-10) 1-1/2"" Fulgurite Lightning Strike Beach Sand Glass Georgia Fulgurites",15.99,2021-04-18,,,WorthPoint
bediasite,"(R399-9) 3-1/4"" Fossil Fulgurite Petrified Lightning Strike Beach Sand Glass GA",22.99,2021-04-01,,,WorthPoint
bediasite,"(r371-14) 2-3/4"" Fulgurite Lightning Strike Beach Sand Glass Georgia Specimen",29.99,2021-03-31,,,WorthPoint
bediasite,"(r362-49) 4 Fulgurites 1/2-1-1/8"" Lightning Strike Beach Sand Dune Glass Georgia",22.99,2021-03-29,,,WorthPoint
bediasite,"(r364-101) 1-1/8"" Fulgurite Lightning Strike Beach Sand Glass Georgia Fulgurites",14.99,2021-03-24,,,WorthPoint
bediasite,"(r364-23) 2 Fulgurites 1-5/8"" Lightning Strike Beach Sand Glass Georgia Set",22.99,2021-03-23,,,WorthPoint
bediasite,"(r362-40) 4 Fulgurites 1/2-1/1-8"" Lightning Strike Beach Sand Glass GA Specimen",22.99,2021-03-23,,,WorthPoint
bediasite,"(r362-37) 4 Fulgurites 1/2-1-1/8"" Lightning Strike Beach Sand Glass GA Specimens",22.99,2021-03-22,,,WorthPoint
bediasite,"(r363-15) 2 Fulgurites 1-1/8"" Lightning Strike Beach Sand Glass Georgia Set",18.99,2021-03-22,,,WorthPoint
bediasite,"(r365-101) 1-7/8"" Fulgurite Lightning Strike Beach Sand Glass Georgia Fulgurites",16.99,2021-03-17,,,WorthPoint
bediasite,"(r362-33) 4 Fulgurites 1/2-1-1/8"" Lightning Strike Beach Sand Glass GA Display",22.99,2021-03-17,,,WorthPoint
bediasite,"(r365-98) 1-7/8"" Fulgurite Lightning Strike Beach Sand Glass Georgia Fulgurites",16.99,2021-03-15,,,WorthPoint
bediasite,"(r364-118) 1-1/8"" Fulgurite Lightning Strike Beach Sand Glass Georgia Fulgurites",14.99,2021-03-12,,,WorthPoint
bediasite,"(r364-108) 1-1/8"" Fulgurite Lightning Strike Beach Sand Glass Georgia Fulgurites",14.99,2021-03-10,,,WorthPoint
bediasite,"(r363-16) 2 Fulgurites 1-1/8"" Lightning Strike Beach Sand Glass Georgia Set",18.99,2021-03-09,,,WorthPoint
bediasite,"(r364-25) 2 Fulgurites 1-5/8"" Lightning Strike Beach Sand Glass GA Specimens",22.99,2021-02-28,,,WorthPoint
bediasite,"(r362-38) 4 Fulgurites 1/2-1-1/8"" Lightning Strike Beach Sand Glass GA Specimens",22.99,2021-02-25,,,WorthPoint
bediasite,"(R399-2) 2.5"" Fossil Fulgurite Petrified Lightning Strike Beach Sand Glass GA",18.99,2021-02-09,,,WorthPoint
bediasite,"(r365-66) 1-7/8"" Fulgurite Lightning Strike Beach Sand Glass Georgia Fulgurites",16.99,2021-02-01,,,WorthPoint
bediasite,"(r366-48) 2-1/8"" Fulgurite Lightning Strike Beach Sand Glass Georgia Fulgurites",18.99,2021-01-22,,,WorthPoint
bediasite,"(r365-122) 1-7/8"" Fulgurite Lightning Strike Beach Sand Glass Georgia Fulgurites",16.99,2021-01-15,,,WorthPoint
bediasite,"(r365-112) 1-7/8"" Fulgurite Lightning Strike Beach Sand Glass Georgia Fulgurites",16.99,2021-01-03,,,WorthPoint
bediasite,"(r365-36) 1-3/4"" Fulgurite Lightning Strike Beach Sand Glass Georgia Fulgurites",16.49,2021-01-03,,,WorthPoint
bediasite,"(r364-117) 1-1/8"" Fulgurite Lightning Strike Beach Sand Glass Georgia Fulgurites",14.99,2020-12-30,,,WorthPoint
bediasite,"(r362-39) 4 Fulgurites 1/2-1-1/8"" Lightning Strike Beach Sand Glass GA Specimens",22.99,2020-12-15,,,WorthPoint
bediasite,"(r362-46) 4 Fulgurites 1/2-1-1/8"" Lightning Strike Beach Sand Glass GA Specimens",22.99,2020-12-15,,,WorthPoint
bediasite,"(r365-114) 1-7/8"" Fulgurite Lightning Strike Beach Sand Glass Georgia Fulgurites",16.99,2020-12-15,,,WorthPoint
bediasite,"(r362-48) 4 Fulgurites 1/2-1-1/8"" Lightning Strike Beach Sand Dune Glass Georgia",22.99,2020-12-14,,,WorthPoint
bediasite,"(r373-12) 3"" Fulgurite Lightning Strike Beach Sand Glass GA Display Specimen",33.99,2020-12-13,,,WorthPoint
bediasite,"(r365-117) 1-7/8"" Fulgurite Lightning Strike Beach Sand Glass Georgia Fulgurites",16.99,2020-12-11,,,WorthPoint
bediasite,"(R399-20) 6-3/8"" Fossil Fulgurite Petrified Lightning Strike Beach Sand Glass GA",48.99,2020-11-26,,,WorthPoint
bediasite,"(r362-53) 4 Fulgurites 1/2-1-1/8"" Lightning Strike Beach Sand Dune Glass Georgia",22.99,2020-11-12,,,WorthPoint
bediasite,"(r365-89) 1-7/8"" Fulgurite Lightning Strike Beach Sand Glass Georgia Fulgurites",16.99,2020-11-05,,,WorthPoint
bediasite,Texas Bediasites Tektites,20,2020-10-02,,,WorthPoint
bediasite,"(R399-14) 3-1/4"" Fossil Fulgurite Petrified Lightning Strike Beach Sand Glass GA",22.99,2020-10-02,,,WorthPoint
bediasite,"(r365-116) 1-7/8"" Fulgurite Lightning Strike Beach Sand Glass Georgia Fulgurites",16.99,2020-09-21,,,WorthPoint
bediasite,"(r365-120) 1-7/8"" Fulgurite Lightning Strike Beach Sand Glass Georgia Fulgurites",16.99,2020-09-13,,,WorthPoint
bediasite,"(R399-17-5) 4"" Fossil Fulgurite Petrified Lightning Strike Beach Sand Glass GA",26.99,2020-09-13,,,WorthPoint
bediasite,"(r362-52) 4 Fulgurites 1/2-1-1/8"" Lightning Strike Beach Sand Dune Glass Georgia",22.99,2020-09-09,,,WorthPoint
bediasite,"(r363-10) 2 Fulgurites 1-5/8"" Lightning Strike Beach Sand Glass Georgia Set",18.99,2020-09-02,,,WorthPoint
bediasite,"(r365-74) 1-7/8"" Fulgurite Lightning Strike Beach Sand Glass Georgia Fulgurites",16.99,2020-09-02,,,WorthPoint
bediasite,"(r364-5) 2 Fulgurites 1-5/8"" Lightning Strike Beach Dune Sand Glass Georgia",22.99,2020-08-26,,,WorthPoint
bediasite,"(r365-11) 1-1/2"" Fulgurite Lightning Strike Beach Sand Glass Georgia Fulgurites",15.99,2020-08-26,,,WorthPoint
bediasite,"(r365-92) 1-7/8"" Fulgurite Lightning Strike Beach Sand Glass Georgia Fulgurites",16.99,2020-08-17,,,WorthPoint
bediasite,"(r365-24) 1-3/4"" Fulgurite Lightning Strike Beach Sand Glass Georgia Fulgurites",16.49,2020-08-17,,,WorthPoint
bediasite,"(r367-29) 2-1/4"" Fulgurite Lightning Strike Beach Sand Dune Glass GA Specimen",20.99,2020-08-14,,,WorthPoint
bediasite,"(r363-16) 2 Fulgurites 1-5/8"" Lightning Strike Beach Sand Dune Glass Georgia",18.99,2020-08-12,,,WorthPoint
bediasite,"(r365-32) 1-3/4"" Fulgurite Lightning Strike Beach Sand Glass Georgia Fulgurites",16.49,2020-08-10,,,WorthPoint
bediasite,"(r365-28) 1-3/4"" Fulgurite Lightning Strike Beach Sand Glass Georgia Fulgurites",16.49,2020-08-04,,,WorthPoint
bediasite,"(r362-54) 4 Fulgurites 1/2-1-1/8"" Lightning Strike Beach Sand Dune Glass Georgia",22.99,2020-08-04,,,WorthPoint
bediasite,"(r365-121) 1-7/8"" Fulgurite Lightning Strike Beach Sand Glass Georgia Fulgurites",16.99,2020-08-01,,,WorthPoint
bediasite,"(R399-13) 3-1/4"" Fossil Fulgurite Petrified Lightning Strike Beach Sand Glass GA",22.99,2020-08-01,,,WorthPoint
bediasite,"(r363-13) 2 Fulgurites 1-5/8"" Lightning Strike Beach Sand Glass Georgia Set",18.99,2020-07-28,,,WorthPoint
bediasite,"(r365-119) 1-7/8"" Fulgurite Lightning Strike Beach Sand Glass Georgia Fulgurites",16.99,2020-07-28,,,WorthPoint
bediasite,"Bediasite Tektite 2.86g Impactite, Made By Meteorite Impact W/ Finder's Notes",26,2020-07-27,2.86,9.09,WorthPoint
bediasite,"(r365-3) 1-1/2"" Fulgurite Lightning Strike Beach Sand Glass Georgia Fulgurites",15.99,2020-07-19,,,WorthPoint
bediasite,"Bediasite Tektite 8.45g Impactite, Made By Meteorite Impact W/ Finder's Notes",55,2020-07-18,8.45,6.51,WorthPoint
bediasite,"Bediasite Tektite 16.61g Impactite, Made By Meteorite Impact W/ Finder's Notes",99,2020-07-11,16.61,5.96,WorthPoint
bediasite,"(r367-4) 2-1/4"" Fulgurite Lightning Strike Beach Sand Glass Georgia Specimen",20.99,2020-07-01,,,WorthPoint
bediasite,"Bediasite Tektite 6.47g Impactite, Made By Meteorite Impact W/ Finder's Notes",46,2020-06-28,6.47,7.11,WorthPoint
bediasite,"Bediasite Tektite 3.76g Impactite, Made By Meteorite Impact W/ Finder's Notes",30,2020-06-27,3.76,7.98,WorthPoint
bediasite,"(r367-28) 2-1/4"" Fulgurite Lightning Strike Beach Sand Dune Glass GA Specimen",20.99,2020-06-25,,,WorthPoint
bediasite,"Bediasite Tektite 9.70g Impactite, Made By Meteorite Impact W/ Finder's Notes",58,2020-06-24,9.7,5.98,WorthPoint
bediasite,"Bediasite Tektite 19.09g Impactite, Made By Meteorite Impact W/ Finder's Notes",150,2020-06-18,19.09,7.86,WorthPoint
bediasite,"(r365-118) 1-7/8"" Fulgurite Lightning Strike Beach Sand Glass Georgia Fulgurites",16.99,2020-06-17,,,WorthPoint
bediasite,"(r364-107) 1-1/8"" Fulgurite Lightning Strike Beach Sand Glass Georgia Fulgurites",14.99,2020-06-16,,,WorthPoint
bediasite,"(r373-8) 3"" Fulgurite Lightning Strike Beach Sand Hill Glass GA Display Specimen",33.99,2020-06-16,,,WorthPoint
bediasite,"R362-26) 4 Piece Set 1/2 1-1/8"" Fulgurites Lightning Strike Beach Sand Glass GA",22.99,2020-05-30,,,WorthPoint
bediasite,"(r364-106) 1-1/8"" Fulgurite Lightning Strike Beach Sand Glass Georgia Fulgurites",14.99,2020-05-28,,,WorthPoint
bediasite,"(r365-113) 1-7/8"" Fulgurite Lightning Strike Beach Sand Glass Georgia Fulgurites",16.99,2020-05-18,,,WorthPoint
bediasite,"(r365-45) 1-7/8"" Fulgurite Lightning Strike Beach Sand Dune Glass GA Fulgurites",16.99,2020-05-16,,,WorthPoint
bediasite,"(r364-105) 1-1/8"" Fulgurite Lightning Strike Beach Sand Glass Georgia Fulgurites",14.99,2020-05-12,,,WorthPoint
bediasite,"(r385-1) 4-5/8"" Fulgurite Lightning Strike Beach Sand Glass GA Display Specimen",58.99,2020-05-10,,,WorthPoint
bediasite,"(R399-12) 3-1/4"" Fossil Fulgurite Petrified Lightning Strike Beach Sand Glass GA",22.99,2020-04-26,,,WorthPoint
bediasite,"Two Bediasite Tektite Specimens 17.2 Grams Total Grimes County, Texas",76,2020-04-23,17.2,4.42,WorthPoint
bediasite,"(r365-105) 1-7/8"" Fulgurite Lightning Strike Beach Sand Glass Georgia Fulgurites",16.99,2020-04-17,,,WorthPoint
bediasite,"(R399-8-8) 2"" Fossil Fulgurite Petrified Lightning Strike Beach Sand Glass GA",18.99,2020-03-31,,,WorthPoint
bediasite,"(r378-3) 3-5/8"" Fulgurite Lightning Strike Beach Sand Glass GA Display Specimen",46.99,2020-03-18,,,WorthPoint
bediasite,"(r366-45) 2-1/8"" Fulgurite Lightning Strike Beach Sand Glass Georgia Fulgurites",18.99,2020-03-15,,,WorthPoint
bediasite,"Bediasite Tektite 26.66g Impactite, Made By Meteorite Impact W/ Finderâs Notes",149,2020-03-07,26.66,5.59,WorthPoint
bediasite,"(r365-54) 1-7/8"" Fulgurite Lightning Strike Beach Sand Glass Georgia Fulgurites",16.99,2020-03-01,,,WorthPoint
bediasite,"(r372-14) 2-7/8"" Fulgurite Lightning Strike Beach Sand Glass GA Display Specimen",31.99,2020-03-01,,,WorthPoint
bediasite,"(r366-52) 2-1/8"" Fulgurite Lightning Strike Beach Sand Dune Glass GA Fulgurites",18.99,2020-02-26,,,WorthPoint
bediasite,"(r370-4) 2-5/8"" Fulgurite Lightning Strike Beach Sand Glass Georgia Specimen",27.99,2020-02-20,,,WorthPoint
bediasite,"(R399-17-3) 4"" Fossil Fulgurite Petrified Lightning Strike Beach Sand Glass GA",26.99,2020-02-20,,,WorthPoint
bediasite,"(r365-95) 1-7/8"" Fulgurite Lightning Strike Beach Sand Glass Georgia Fulgurites",16.99,2020-02-14,,,WorthPoint
bediasite,"(r363-15) 2 Fulgurites 1-5/8"" Lightning Strike Beach Sand Glass Georgia Set",18.99,2020-02-06,,,WorthPoint
bediasite,"Bediasite Tektite 27.64g Impactite, Made By Meteorite Impact W/ Finderâs Notes",199,2020-01-25,27.64,7.2,WorthPoint
bediasite,"Bediasite Tektite 22.61g Impactite, Made By Meteorite Impact W/ Finderâs Notes",228,2020-01-20,22.61,10.08,WorthPoint
bediasite,"(r365-107) 1-7/8"" Fulgurite Lightning Strike Beach Sand Glass Georgia Fulgurites",16.99,2020-01-17,,,WorthPoint
bediasite,"Meteorite**Tektite, Bediasite**21.00 Grams, Museum Quality!!! Rare, Oldest Ever!",189.99,2020-01-13,21,9.05,WorthPoint
bediasite,"Bediasite Tektite 3.49g Translucent Impactite, Made By Meteorite Impact W/ Finde",38,2020-01-04,3.49,10.89,WorthPoint
bediasite,"(R399-17-6) 4"" Fossil Fulgurite Petrified Lightning Strike Beach Sand Glass GA",26.99,2020-01-03,,,WorthPoint
bediasite,"Bediasite Tektite 0.89g Translucent Impactite, Made By Meteorite Impact W/ Finde",16,2019-12-28,0.89,17.98,WorthPoint
bediasite,"Bediasite Tektite 33.78g Impactite, Made By Meteorite Impact W/ Finderâs Notes",185,2019-12-21,33.78,5.48,WorthPoint
bediasite,"Bediasite Tektite 17.86g Impactite, Made By Meteorite Impact W/ Finderâs Notes",129,2019-11-30,17.86,7.22,WorthPoint
bediasite,"(r365-1) 1-1/2"" Fulgurite Lightning Strike Beach Sand Glass Georgia Fulgurites",15.99,2019-11-30,,,WorthPoint
bediasite,"(r363-11) 2 Fulgurites 1-5/8"" Lightning Strike Beach Sand Glass Georgia Set",18.99,2019-11-13,,,WorthPoint
bediasite,"(r363-19) 2 Fulgurites 1-5/8"" Lightning Strike Beach Sand Glass Georgia Set",18.99,2019-11-13,,,WorthPoint
bediasite,"(r365-19) 1-3/4"" Fulgurite Lightning Strike Beach Sand Glass Georgia Fulgurites",16.49,2019-10-10,,,WorthPoint
bediasite,"(r362-35) 4 Fulgurites 1/2-1-1/8"" Lightning Strike Beach Sand Glass GA Specimens",22.99,2019-09-23,,,WorthPoint
bediasite,"Bediasite Tektite 1.78g Translucent Impactite, Made By Meteorite Impact W/ Finde",24,2019-09-13,1.78,13.48,WorthPoint
bediasite,"(r368-8) 2-3/8"" Fulgurite Lightning Strike Beach Sand Glass Georgia Specimen",22.99,2019-08-26,,,WorthPoint
bediasite,"(r365-106) 1-7/8"" Fulgurite Lightning Strike Beach Sand Glass Georgia Fulgurites",16.99,2019-08-25,,,WorthPoint
bediasite,"Bediasite Tektite 8.18g Translucent Impactite, Made By Meteorite Impact W/ Finde",85,2019-08-20,8.18,10.39,WorthPoint
bediasite,"(r365-109) 1-7/8"" Fulgurite Lightning Strike Beach Sand Glass Georgia Fulgurites",16.99,2019-08-20,,,WorthPoint
bediasite,"(r365-22) 1-3/4"" Fulgurite Lightning Strike Beach Sand Glass Georgia Fulgurites",16.49,2019-08-11,,,WorthPoint
bediasite,"(r365-108) 1-7/8"" Fulgurite Lightning Strike Beach Sand Glass Georgia Fulgurites",16.99,2019-08-05,,,WorthPoint
bediasite,"Bediasite Tektite 3.31g Translucent Impactite, Made By Meteorite Impact W/ Finde",43,2019-08-04,3.31,12.99,WorthPoint
bediasite,"Bediasite Tektite 2.52g Translucent Impactite, Made By Meteorite Impact W/ Finde",50,2019-08-03,2.52,19.84,WorthPoint
bediasite,"(r365-82) 1-7/8"" Fulgurite Lightning Strike Beach Sand Glass Georgia Fulgurites",16.99,2019-07-31,,,WorthPoint
bediasite,"(r365-8) 1-1/2"" Fulgurite Lightning Strike Beach Sand Glass Georgia Fulgurites",15.99,2019-07-30,,,WorthPoint
bediasite,"Classic TEKTITES Book By John O'Keefe (1963) Ex-Library In Good Condition, No DJ",16.5,2019-07-25,,,WorthPoint
bediasite,"Bediasite Tektite 5.51g Translucent Impactite, Made By Meteorite Impact W/ Hunte",58,2019-07-24,5.51,10.53,WorthPoint
bediasite,"(r365-75) 1-7/8"" Fulgurite Lightning Strike Beach Sand Glass Georgia Fulgurites",16.99,2019-07-23,,,WorthPoint
bediasite,"(r364-29) 2 Fulgurites 1-5/8"" Lightning Strike Beach Dune Sand Glass Georgia",22.99,2019-07-22,,,WorthPoint
bediasite,"Bediasite Tektite 4.41g Translucent Impactite, Made By Meteorite Impact W/ Finde",39,2019-07-15,4.41,8.84,WorthPoint
bediasite,"(r363-12) 2 Fulgurites 1-5/8"" Lightning Strike Beach Sand Glass Georgia Set",18.99,2019-07-02,,,WorthPoint
bediasite,"(r365-111) 1-7/8"" Fulgurite Lightning Strike Beach Sand Glass Georgia Fulgurites",16.99,2019-06-28,,,WorthPoint
bediasite,"(r365-9) 1-1/2"" Fulgurite Lightning Strike Beach Sand Glass Georgia Fulgurites",15.99,2019-06-23,,,WorthPoint
bediasite,"(r365-4) 1-1/2"" Fulgurite Lightning Strike Beach Sand Glass Georgia Fulgurites",15.99,2019-06-18,,,WorthPoint
bediasite,"Moldavite, Tektite Green Translucent, Nice Markings 10 Grams Or 50ct",52,2019-06-12,10,5.2,WorthPoint
bediasite,"Moldavite, Tektite Green Translucent, Nice Markings 2 Grams",31,2019-06-12,2,15.5,WorthPoint
bediasite,"Moldavite, Tektite Green Translucent, Nice Markings 4 Grams",41,2019-06-12,4,10.25,WorthPoint
bediasite,"(r364-104) 1-1/8"" Fulgurite Lightning Strike Beach Sand Glass Georgia Fulgurites",14.99,2019-06-10,,,WorthPoint
bediasite,"(r364-111) 1-1/8"" Fulgurite Lightning Strike Beach Sand Glass Georgia Fulgurites",14.99,2019-06-07,,,WorthPoint
bediasite,"(r365-7) 1-1/2"" Fulgurite Lightning Strike Beach Sand Glass Georgia Fulgurites",15.99,2019-05-28,,,WorthPoint
bediasite,"(r365-77) 1-7/8"" Fulgurite Lightning Strike Beach Sand Glass Georgia Fulgurites",16.99,2019-05-16,,,WorthPoint
bediasite,"Bediasite Tektite 20.93g Impactite, Made By Meteorite Impact W/ Finder’s Notes",114.5,2019-04-27,20.93,5.47,WorthPoint
bediasite,"Bediasite Tektite 24.09g Impactite, Made By Meteorite Impact W/ Finder’s Notes",207.03,2019-04-20,24.09,8.59,WorthPoint
bediasite,"Bediasite Tektite 23.14g Impactite, Made By Meteorite Impact W/ Finder’s Notes",115,2019-04-13,23.14,4.97,WorthPoint
bediasite,"Bediasite Tektite 29.61g Impactite, Made By Meteorite Impact W/ Finder’s Notes",189,2019-04-04,29.61,6.38,WorthPoint
bediasite,"(r363-9) 2 Fulgurites 1-5/8"" Lightning Strike Beach Sand Glass Georgia Set",18.99,2019-04-01,,,WorthPoint
bediasite,"(r365-30) 1-3/4"" Fulgurite Lightning Strike Beach Sand Glass Georgia Fulgurites",16.49,2019-03-31,,,WorthPoint
bediasite,"Bediasite Tektite 34.01g Impactite, Made By Meteorite Impact W/ Hunter Find Note",228,2019-03-30,34.01,6.7,WorthPoint
bediasite,"Bediasite Tektite 33.76g Impactite, Made By Meteorite Impact W/ Finder’s Notes",166,2019-03-23,33.76,4.92,WorthPoint
bediasite,"Bediasite Tektite 5.85g Impactite, Made By Meteorite Impact W/ Find Coordinates",38,2019-03-14,5.85,6.5,WorthPoint
bediasite,"(r365-2) 1-1/2"" Fulgurite Lightning Strike Beach Sand Glass Georgia Fulgurites",15.99,2019-03-12,,,WorthPoint
bediasite,"Bediasite Tektite 9.45g Impactite, Made By Meteorite Impact W/ Find Coordinates",62,2019-03-04,9.45,6.56,WorthPoint
bediasite,"Bediasite Tektite 13.36g Impactite, Made By Meteorite Impact W/ Find Coordinates",88,2019-02-27,13.36,6.59,WorthPoint
bediasite,"Bediasite Tektite 17.91g Impactite, Made By Meteorite Impact W/ Find Coordinates",116,2019-02-24,17.91,6.48,WorthPoint
bediasite,"Bediasite Tektite 18.66g Impactite, Made By Meteorite Impact W/ Find Coordinates",116,2019-02-19,18.66,6.22,WorthPoint
bediasite,"(r365-31) 1-3/4"" Fulgurite Lightning Strike Beach Sand Glass Georgia Fulgurites",16.49,2019-02-18,,,WorthPoint
bediasite,"Bediasite Tektite 17.79g Impactite, Made By Meteorite Impact W/ Find Coordinates",111,2019-02-17,17.79,6.24,WorthPoint
bediasite,"Bediasite Tektite 7.90g Impactite, Made By Meteorite Impact W/ Find Coordinates",54,2019-02-10,7.9,6.84,WorthPoint
bediasite,"(r365-13) 1-1/2"" Fulgurite Lightning Strike Beach Sand Glass Georgia Fulgurites",15.99,2019-02-08,,,WorthPoint
bediasite,"Bediasite Tektite 6.54g Impactite, Made By Meteorite Impact W/ Find Coordinates",45,2019-02-06,6.54,6.88,WorthPoint
bediasite,"(TN) TEKTITE Var. BEDIASITE, BEDIAS, GRIMES COUNTY, TEXAS",45,2019-01-28,,,WorthPoint
bediasite,"Bediasite Tektite 13.94g Impactite, Made By Meteorite Impact W/ Find Coordinates",94,2019-01-27,13.94,6.74,WorthPoint
bediasite,"Bediasite Tektite 14.16g Impactite, Made By Meteorite Impact W/ Find Coordinates",95,2019-01-23,14.16,6.71,WorthPoint
bediasite,"Bediasite Tektite 10.77g Impactite, Made By Meteorite Impact W/ Find Coordinates",73,2019-01-16,10.77,6.78,WorthPoint
bediasite,"(r365-71) 1-7/8"" Fulgurite Lightning Strike Beach Sand Glass Georgia Fulgurites",16.99,2019-01-14,,,WorthPoint
bediasite,"(r365-72) 1-7/8"" Fulgurite Lightning Strike Beach Sand Glass Georgia Fulgurites",16.99,2019-01-10,,,WorthPoint
bediasite,"(r364-20) 1-5/8"" - 2 Fulgurites Lightning Strike Beach Sand Glass GA Fulgurite",22.99,2019-01-08,,,WorthPoint
bediasite,"(r365-76) 1-7/8"" Fulgurite Lightning Strike Beach Sand Glass Georgia Fulgurites",16.99,2019-01-05,,,WorthPoint
bediasite,"R399-19-1) 5.25"" Fossil Fulgurite Petrified Lightning Strike Beach Sand Glass GA",35.99,2019-01-02,,,WorthPoint
bediasite,"Bediasite Tektite 9.08g Impactite, Made By Meteorite Impact W/ Find Coordinates",50,2018-12-22,9.08,5.51,WorthPoint
bediasite,"(R399-5) 2"" Fossil Fulgurite Petrified Lightning Strike Beach Sand Glass GA",18.99,2018-12-22,,,WorthPoint
bediasite,"(r365-43) 1-7/8"" Fulgurite Lightning Strike Beach Sand Dune Glass GA Fulgurites",16.99,2018-12-19,,,WorthPoint
bediasite,"(r364-103) 1-1/8"" Fulgurite Lightning Strike Beach Sand Glass Georgia Fulgurites",14.99,2018-12-18,,,WorthPoint
bediasite,"(r366-53) 2-1/8"" Fulgurite Lightning Strike Beach Sand Dune Glass GA Fulgurites",18.99,2018-12-18,,,WorthPoint
bediasite,"(r365-79) 1-7/8"" Fulgurite Lightning Strike Beach Sand Glass Georgia Fulgurites",16.99,2018-12-18,,,WorthPoint
bediasite,"(r364-100) 1-1/8"" Fulgurite Lightning Strike Beach Sand Glass Georgia Fulgurites",14.99,2018-12-17,,,WorthPoint
bediasite,"Bediasite Tektite 8.63g Stunningly Well Detailed Impactite, Made By Meteorite Im",47,2018-12-08,8.63,5.45,WorthPoint
bediasite,"Bediasite Tektite 10.10g Stunningly Well Detailed Impactite, Made By Meteorite I",57,2018-12-01,10.1,5.64,WorthPoint
bediasite,"Bediasite Tektite 7.37g Stunningly Well Detailed Impactite, Made By Meteorite Im",39,2018-11-17,7.37,5.29,WorthPoint
bediasite,"(R399-17) 4-1/4"" Fossil Fulgurite Petrified Lightning Strike Beach Sand Glass GA",26.99,2018-11-14,,,WorthPoint
bediasite,"(r365-6) 1-1/2"" Fulgurite Lightning Strike Beach Sand Glass Georgia Fulgurites",15.99,2018-11-12,,,WorthPoint
bediasite,"(r365-14) 1-1/2"" Fulgurite Lightning Strike Beach Sand Glass Georgia Fulgurites",15.99,2018-11-08,,,WorthPoint
bediasite,"Bediasite Tektite 10.29g Stunningly Well Detailed Impactite, Made By Meteorite I",71,2018-11-05,10.29,6.9,WorthPoint
bediasite,"Bediasite Tektite 7.76g Stunningly Well Detailed Impactite, Made By Meteorite Im",41,2018-10-27,7.76,5.28,WorthPoint
bediasite,"(r368-10) 2-3/8"" Fulgurite Lightning Strike Beach Sand Glass Georgia Specimen",22.99,2018-10-17,,,WorthPoint
bediasite,"(r366-34) 2-1/8"" Fulgurite Lightning Strike Beach Sand Dune Glass GA Fulgurites",18.99,2018-10-14,,,WorthPoint
bediasite,"(r365-5) 1-1/2"" Fulgurite Lightning Strike Beach Sand Glass Georgia Fulgurites",15.99,2018-10-11,,,WorthPoint
bediasite,"Bediasite Tektite 12.10g Stunningly Well Detailed Impactite, Made By Meteorite I",85,2018-10-08,12.1,7.02,WorthPoint
bediasite,"Bediasite Tektite 9.35g Stunningly Well Detailed Impactite, Made By Meteorite Im",61,2018-10-06,9.35,6.52,WorthPoint
bediasite,"Bediasite Tektite 2.45g Stunningly Well Detailed Impactite, Made By Meteorite Im",15,2018-10-06,2.45,6.12,WorthPoint
bediasite,"(R399-21) 9"" Fossil Fulgurite Petrified Lightning Strike Beach Sand Glass GA",55.99,2018-10-03,,,WorthPoint
bediasite,"(r365-27) 1-3/4"" Fulgurite Lightning Strike Beach Sand Glass Georgia Fulgurites",16.49,2018-09-20,,,WorthPoint
bediasite,"Bediasite Tektite 8.16g Stunningly Well Detailed Impactite, Made By Meteorite Im",41,2018-09-15,8.16,5.02,WorthPoint
bediasite,"Bediasite Tektite 3.90g Stunningly Well Detailed, Translucent Impactite",23,2018-09-15,3.9,5.9,WorthPoint
bediasite,"Bediasite Tektite 6.86g Well Detailed Impactite, Made By Meteorite Impact",36,2018-09-08,6.86,5.25,WorthPoint
bediasite,"Bediasite Tektite 1.07g Translucent Impactite, Made By Meteorite Impact",16.51,2018-09-08,1.07,15.43,WorthPoint
bediasite,Bediasite Tektite 11.31g Stunningly Well Detailed Impactite,65,2018-09-01,11.31,5.75,WorthPoint
bediasite,"(r365-12) 1-1/2"" Fulgurite Lightning Strike Beach Sand Glass Georgia Fulgurites",15.99,2018-09-01,,,WorthPoint
bediasite,"(r365-26) 1-3/4"" Fulgurite Lightning Strike Beach Sand Glass Georgia Fulgurites",16.49,2018-08-25,,,WorthPoint
bediasite,"(r367-30) 2-1/4"" Fulgurite Lightning Strike Beach Sand Dune Glass GA Specimen",20.99,2018-07-08,,,WorthPoint
bediasite,Bediasite Tektite 5.83g Stunningly Well Detailed Impactite,32,2018-07-07,5.83,5.49,WorthPoint
bediasite,"(r365-18r) 1-1/2"" Fulgurite Lightning Strike Beach Sand Glass Georgia Fulgurites",15.99,2018-06-29,,,WorthPoint
bediasite,"(r383-2) 4-3/8"" Fulgurite Lightning Strike Beach Sand Glass GA Display Specimen",58.99,2018-06-10,,,WorthPoint
bediasite,"(r364-102) 1-1/8"" Fulgurite Lightning Strike Beach Sand Glass Georgia Fulgurites",14.99,2018-06-09,,,WorthPoint
bediasite,Bediasite Tektite 7.15g Stunningly Well Detailed Impactite,46,2018-06-02,7.15,6.43,WorthPoint
bediasite,Bediasite Tektite 33.05g Stunningly Well Detailed Impactite,195,2018-05-28,33.05,5.9,WorthPoint
bediasite,R398-6) 2 Pieces Fossil Fulgurite Petrified Lightning Strike Beach Sand Glass GA,18.99,2018-05-25,,,WorthPoint
bediasite,"(R399-16) 4"" Fossil Fulgurite Petrified Lightning Strike Beach Sand Glass GA",26.99,2018-05-25,,,WorthPoint
bediasite,My Home Town: Local History Of Bedias Texas ~ 1953 Grimes County ~ Tektites!,23.15,2018-05-22,1953,0.01,WorthPoint
bediasite,Bediasite Tektite 6.13g Stunningly Well Detailed Impactite,35,2018-05-12,6.13,5.71,WorthPoint
bediasite,Bediasite Tektite 5.49g Stunningly Well Detailed Impactite,35,2018-04-28,5.49,6.38,WorthPoint
bediasite,"(R399-17-2) 4"" Fossil Fulgurite Petrified Lightning Strike Beach Sand Glass GA",26.99,2018-04-26,,,WorthPoint
bediasite,Bediasite Tektite 4.13g Stunningly Well Detailed Impactite,25,2018-04-14,4.13,6.05,WorthPoint
bediasite,Bediasite Tektite 4.40g Stunningly Well Detailed Impactite,41,2018-04-07,4.4,9.32,WorthPoint
bediasite,"(r365-103) 1-7/8"" Fulgurite Lightning Strike Beach Sand Glass Georgia Fulgurites",16.99,2018-04-06,,,WorthPoint
bediasite,"(r365-102) 1-7/8"" Fulgurite Lightning Strike Beach Sand Glass Georgia Fulgurites",16.99,2018-04-06,,,WorthPoint
bediasite,"(r365-29) 1-3/4"" Fulgurite Lightning Strike Beach Sand Glass Georgia Fulgurites",16.49,2018-03-21,,,WorthPoint
bediasite,"(r367-24) 2-1/4"" Fulgurite Lightning Strike Beach Sand Dune Glass GA Specimen",20.99,2018-03-03,,,WorthPoint
bediasite,"(TN) BEDIASITE, Near BEDIAS, GRIMES COUNTY, TEXAS",50,2018-03-03,,,WorthPoint
bediasite,Bediasite Tektite 7.61g Stunningly Well Detailed Impactite,53,2018-02-17,7.61,6.96,WorthPoint
bediasite,"(R399-3) 2.5"" Fossil Fulgurite Petrified Lightning Strike Beach Sand Glass GA",18.99,2018-02-16,,,WorthPoint
bediasite,Bediasite Tektite 2.50g Stunningly Well Detailed Impactite,25,2018-02-12,2.5,10,WorthPoint
bediasite,"(r365-20) 1-3/4"" Fulgurite Lightning Strike Beach Sand Glass Georgia Fulgurites",16.49,2018-02-05,,,WorthPoint
bediasite,"(r365-104) 1-7/8"" Fulgurite Lightning Strike Beach Sand Glass Georgia Fulgurites",16.99,2018-01-21,,,WorthPoint
bediasite,R398-2) 2 Pieces Fossil Fulgurite Petrified Lightning Strike Beach Sand Glass GA,18.99,2018-01-18,,,WorthPoint
bediasite,Bediasite Tektite 6.03g Stunningly Well Detailed Impactite W/ Bubble Void,65,2018-01-12,6.03,10.78,WorthPoint
bediasite,"(r365-21) 1-3/4"" Fulgurite Lightning Strike Beach Sand Glass Georgia Fulgurites",16.49,2018-01-01,,,WorthPoint
bediasite,"(r365-100) 1-7/8"" Fulgurite Lightning Strike Beach Sand Glass Georgia Fulgurites",16.99,2017-12-30,,,WorthPoint
bediasite,"(r366-49) 2-1/8"" Fulgurite Lightning Strike Beach Sand Glass Georgia Fulgurites",18.99,2017-12-27,,,WorthPoint
bediasite,Bediasite Tektite 3.31g Stunningly Well Detailed Impactite,34.55,2017-12-23,3.31,10.44,WorthPoint
bediasite,Bediasite Tektite 6.72g Stunningly Well Detailed Impactite,53,2017-12-16,6.72,7.89,WorthPoint
bediasite,"(r366-54) 2-1/8"" Fulgurite Lightning Strike Beach Sand Dune Glass GA Fulgurites",18.99,2017-12-10,,,WorthPoint
bediasite,Bediasite Tektite 10.25g Stunningly Well Detailed Impactite,85,2017-12-09,10.25,8.29,WorthPoint
bediasite,"(R399-11) 3-1/4"" Fossil Fulgurite Petrified Lightning Strike Beach Sand Glass GA",22.99,2017-12-02,,,WorthPoint
bediasite,"(r378-1) 3-5/8"" Fulgurite Lightning Strike Beach Sand Glass GA Display Specimen",47.99,2017-11-28,,,WorthPoint
bediasite,Bediasite Tektite 3.16g Stunningly Well Detailed Impactite,26,2017-11-27,3.16,8.23,WorthPoint
bediasite,"(r365-63) 1-7/8"" Fulgurite Lightning Strike Beach Sand Dune Glass GA Fulgurites",16.99,2017-11-26,,,WorthPoint
bediasite,Bediasite Tektite 1.85g Stunningly Well Detailed Impactite,16,2017-11-26,1.85,8.65,WorthPoint
bediasite,Bediasite Tektite 11.12g Stunningly Well Detailed Impactite,89,2017-11-25,11.12,8,WorthPoint
bediasite,Bediasite Tektite 2.39g Stunningly Well Detailed Impactite,26,2017-11-19,2.39,10.88,WorthPoint
bediasite,"(r365-81) 1-7/8"" Fulgurite Lightning Strike Beach Sand Glass Georgia Fulgurites",16.99,2017-11-12,,,WorthPoint
bediasite,Bediasite Tektite 3.57g Stunningly Well Detailed Impactite,16,2017-11-09,3.57,4.48,WorthPoint
bediasite,Bediasite Tektite 2.01g Stunningly Well Detailed Impactite,26,2017-10-29,2.01,12.94,WorthPoint
bediasite,Bediasite Tektite 3.46g Stunningly Well Detailed Impactite,25,2017-10-21,3.46,7.23,WorthPoint
bediasite,"(r368-15) 2-3/8"" Fulgurite Lightning Strike Beach Sand Dune Glass GA Specimen",22.99,2017-10-16,,,WorthPoint
bediasite,"(r365-68) 1-7/8"" Fulgurite Lightning Strike Beach Sand Glass Georgia Fulgurites",16.99,2017-10-16,,,WorthPoint
bediasite,Bediasite Tektite 2.91g Stunningly Well Detailed Impactite,22,2017-10-14,2.91,7.56,WorthPoint
bediasite,4.49 Gram Bediasite - Tektite From Texas - Impactite,40,2017-10-13,4.49,8.91,WorthPoint
bediasite,"Moldavite, Saffordite, Libyan Desert Glass, Darwin Glass, Atacamaite, Bediasite!",175,2017-10-11,,,WorthPoint
bediasite,"(r365-67) 1-7/8"" Fulgurite Lightning Strike Beach Sand Glass Georgia Fulgurites",16.99,2017-09-28,,,WorthPoint
bediasite,"(r368-13) 2-3/8"" Fulgurite Lightning Strike Beach Sand Dune Glass GA Specimen",22.99,2017-09-27,,,WorthPoint
bediasite,Bediasite Tektite 9.06g Stunningly Well Detailed Impactite,62,2017-09-23,9.06,6.84,WorthPoint
bediasite,Bediasite Tektite 1.29g Stunningly Well Detailed Impactite,10,2017-09-23,1.29,7.75,WorthPoint
bediasite,"(r363-24) 2 Fulgurites 1-5/8"" Lightning Strike Beach Sand Glass GA Specimens",18.99,2017-09-13,,,WorthPoint
bediasite,"(r371-5) 2-3/4"" Fulgurite Lightning Strike Beach Sand Glass Georgia Specimen",29.99,2017-09-11,,,WorthPoint
bediasite,"(r365-83) 1-7/8"" Fulgurite Lightning Strike Beach Sand Glass Georgia Fulgurites",16.99,2017-09-05,,,WorthPoint
bediasite,"(r365-41) 1-7/8"" Fulgurite Lightning Strike Beach Sand Glass Georgia Fulgurites",16.99,2017-08-30,,,WorthPoint
bediasite,"(r365-94) 1-7/8"" Fulgurite Lightning Strike Beach Sand Glass Georgia Fulgurites",16.99,2017-08-29,,,WorthPoint
bediasite,"(R399-92) 10"" Fossil Fulgurite Petrified Lightning Strike Beach Sand Glass GA",88.99,2017-08-28,,,WorthPoint
bediasite,R398-7) 3 Pieces Fossil Fulgurite Petrified Lightning Strike Beach Sand Glass GA,18.99,2017-08-28,,,WorthPoint
bediasite,"(r365-90) 1-7/8"" Fulgurite Lightning Strike Beach Sand Glass Georgia Fulgurites",16.99,2017-08-26,,,WorthPoint
bediasite,"(r365-91) 1-7/8"" Fulgurite Lightning Strike Beach Sand Glass Georgia Fulgurites",16.99,2017-08-26,,,WorthPoint
bediasite,"(r366-2) 2-1/8"" Fulgurite Lightning Strike Beach Sand Dune Glass GA Fulgurites",18.99,2017-08-24,,,WorthPoint
bediasite,"(r365-69) 1-7/8"" Fulgurite Lightning Strike Beach Sand Glass Georgia Fulgurites",16.99,2017-08-24,,,WorthPoint
bediasite,"(r365-80) 1-7/8"" Fulgurite Lightning Strike Beach Sand Glass Georgia Fulgurites",16.99,2017-08-24,,,WorthPoint
bediasite,"(r365-73) 1-7/8"" Fulgurite Lightning Strike Beach Sand Glass Georgia Fulgurites",16.99,2017-08-18,,,WorthPoint
bediasite,"(r385-7) 4-5/8"" Fulgurite Lightning Strike Beach Sand Glass GA Display Specimen",52.99,2017-07-23,,,WorthPoint
bediasite,"(R399-19) 5-3/4"" Fossil Fulgurite Petrified Lightning Strike Beach Sand Glass GA",35.99,2017-07-22,,,WorthPoint
bediasite,Bediasite Tektite 1.81g Translucent Baby Impactite,15,2017-07-22,1.81,8.29,WorthPoint
bediasite,"(r365-56) 1-7/8"" Fulgurite Lightning Strike Beach Sand Glass Georgia Fulgurites",16.99,2017-07-17,,,WorthPoint
bediasite,"(r363-13) 2 Fulgurites 1-5/8"" Lightning Strike Beach Sand Dune Glass Georgia",18.99,2017-07-16,,,WorthPoint
bediasite,"(r365-33) 1-7/8"" Fulgurite Lightning Strike Beach Sand Glass Georgia Fulgurites",16.99,2017-07-14,,,WorthPoint
bediasite,"(r365-57) 1-7/8"" Fulgurite Lightning Strike Beach Sand Glass Georgia Fulgurites",16.99,2017-07-08,,,WorthPoint
bediasite,"(r365-87) 1-7/8"" Fulgurite Lightning Strike Beach Sand Glass Georgia Fulgurites",16.99,2017-07-06,,,WorthPoint
bediasite,"(r365-99) 1-7/8"" Fulgurite Lightning Strike Beach Sand Glass Georgia Fulgurites",16.99,2017-07-06,,,WorthPoint
bediasite,"(r366-51) 2-1/8"" Fulgurite Lightning Strike Beach Sand Dune Glass GA Fulgurites",18.99,2017-06-26,,,WorthPoint
bediasite,"(r365-58) 1-7/8"" Fulgurite Lightning Strike Beach Sand Glass Georgia Fulgurites",16.99,2017-06-26,,,WorthPoint
bediasite,Bediasite Tektite 8.61g Stunningly Well Detailed Impactite,59,2017-06-24,8.61,6.85,WorthPoint
bediasite,Bediasite Tektite 18.29g Deeply Ornamented Impactite,125,2017-06-17,18.29,6.83,WorthPoint
bediasite,R398-5) 3 Pieces Fossil Fulgurite Petrified Lightning Strike Beach Sand Glass GA,18.99,2017-06-16,,,WorthPoint
bediasite,Bediasite Tektite 3.62g Stunningly Well Detailed Impactite,30,2017-06-16,3.62,8.29,WorthPoint
bediasite,Bediasite Tektite 1.80g Translucent Baby Impactite,20,2017-06-12,1.8,11.11,WorthPoint
bediasite,"(r365-96) 1-7/8"" Fulgurite Lightning Strike Beach Sand Glass Georgia Fulgurites",16.99,2017-06-12,,,WorthPoint
bediasite,Bediasite Tektite 3.82g Stunningly Well Detailed Impactite,44.98,2017-06-10,3.82,11.77,WorthPoint
bediasite,Bediasite Tektite 2.55g Stunningly Well Detailed Impactite,21,2017-06-05,2.55,8.24,WorthPoint
bediasite,"(r365-97) 1-7/8"" Fulgurite Lightning Strike Beach Sand Glass Georgia Fulgurites",16.99,2017-06-03,,,WorthPoint
bediasite,Bediasite Tektite 3.53g Stunningly Well Detailed Impactite,29,2017-05-27,3.53,8.22,WorthPoint
bediasite,"(r371-11) 2-3/4"" Fulgurite Lightning Strike Beach Sand Glass Georgia Specimen",29.99,2017-05-21,,,WorthPoint
bediasite,Bediasite Tektite 3.20g Stunningly Well Detailed Impactite,26,2017-05-20,3.2,8.13,WorthPoint
bediasite,"(r365-86) 1-7/8"" Fulgurite Lightning Strike Beach Sand Glass Georgia Fulgurites",16.99,2017-05-12,,,WorthPoint
bediasite,"(r365-88) 1-7/8"" Fulgurite Lightning Strike Beach Sand Glass Georgia Fulgurites",16.99,2017-05-06,,,WorthPoint
bediasite,"(r365-49) 1-7/8"" Fulgurite Lightning Strike Beach Sand Glass Georgia Fulgurites",16.99,2017-04-30,,,WorthPoint
bediasite,"(r365-40) 1-7/8"" Fulgurite Lightning Strike Beach Sand Glass Georgia Fulgurites",16.99,2017-04-24,,,WorthPoint
bediasite,"(r367-15) 2-1/4"" Fulgurite Lightning Strike Beach Sand Dune Glass GA Specimen",20.99,2017-04-14,,,WorthPoint
bediasite,"(r365-59) 1-7/8"" Fulgurite Lightning Strike Beach Sand Glass Georgia Fulgurites",16.99,2017-04-11,,,WorthPoint
bediasite,"(r364-30) 1-5/8"" - 2 Fulgurites Lightning Strike Beach Sand Glass GA Fulgurite",22.99,2017-03-22,,,WorthPoint
bediasite,"(r365-53) 1-7/8"" Fulgurite Lightning Strike Beach Sand Glass Georgia Fulgurites",16.99,2017-03-19,,,WorthPoint
bediasite,"(r365-37) 1-7/8"" Fulgurite Lightning Strike Beach Sand Glass Georgia Fulgurites",16.99,2017-03-06,,,WorthPoint
bediasite,"(r365-32) 1-7/8"" Fulgurite Lightning Strike Beach Sand Dune Glass GA Fulgurites",16.99,2017-03-02,,,WorthPoint
bediasite,"(r365-51) 1-7/8"" Fulgurite Lightning Strike Beach Sand Glass Georgia Fulgurites",16.99,2017-02-19,,,WorthPoint
bediasite,"(r367-26) 2-1/4"" Fulgurite Lightning Strike Beach Sand Dune Glass GA Specimen",20.99,2017-02-05,,,WorthPoint
bediasite,"(r365-39) 1-7/8"" Fulgurite Lightning Strike Beach Sand Glass Georgia Fulgurites",16.99,2017-01-11,,,WorthPoint
bediasite,"(r365-10) 1-7/8"" Fulgurite Lightning Strike Beach Sand Glass Georgia Fulgurites",16.99,2017-01-09,,,WorthPoint
bediasite,"R399-19-2) 5.25"" Fossil Fulgurite Petrified Lightning Strike Beach Sand Glass GA",35.99,2017-01-08,,,WorthPoint
bediasite,"(r365-27) 1-7/8"" Fulgurite Lightning Strike Beach Sand Glass Georgia Fulgurites",16.99,2017-01-05,,,WorthPoint
bediasite,"(r376-2) 3-3/8"" Fulgurite Lightning Strike Beach Sand Glass GA Display Specimen",45.99,2016-12-29,,,WorthPoint
bediasite,"(r365-34) 1-7/8"" Fulgurite Lightning Strike Beach Sand Glass Georgia Fulgurites",16.99,2016-12-28,,,WorthPoint
bediasite,"(r367-27) 2-1/4"" Fulgurite Lightning Strike Beach Sand Dune Glass GA Specimen",20.99,2016-12-25,,,WorthPoint
bediasite,"(r365-36) 1-7/8"" Fulgurite Lightning Strike Beach Sand Glass Georgia Fulgurites",16.99,2016-12-20,,,WorthPoint
bediasite,"BEDIASITE TEKTITE--near BEDIAS, GRIMES COUNTY, TEXAS 5/8"" X 1/2"" X 5/16""",20.5,2016-12-16,,,WorthPoint
bediasite,"(r367-21) 2-1/4"" Fulgurite Lightning Strike Beach Sand Dune Glass GA Specimen",20.99,2016-12-16,,,WorthPoint
bediasite,"(r365-29) 1-7/8"" Fulgurite Lightning Strike Beach Sand Glass Georgia Fulgurites",16.99,2016-12-15,,,WorthPoint
bediasite,"(r365-30) 1-7/8"" Fulgurite Lightning Strike Beach Sand Glass Georgia Fulgurites",16.99,2016-12-13,,,WorthPoint
bediasite,"(r370-1) 2-5/8"" Fulgurite Lightning Strike Beach Sand Glass Georgia Specimen",27.99,2016-12-11,,,WorthPoint
bediasite,Bediasite Tektite 17.13g Groovy Impactite From Meteorite Impact,152.5,2016-12-10,17.13,8.9,WorthPoint
bediasite,"(r371-13) 2-3/4"" Fulgurite Lightning Strike Beach Sand Glass Georgia Specimen",29.99,2016-12-05,,,WorthPoint
bediasite,Bediasite Tektite 16.59g Groovy Impactite From Meteorite Impact,94.98,2016-12-03,16.59,5.73,WorthPoint
bediasite,"(r367-23) 2-1/4"" Fulgurite Lightning Strike Beach Sand Dune Glass GA Specimen",20.99,2016-12-02,,,WorthPoint
bediasite,"(R399-1) 2.5"" Fossil Fulgurite Petrified Lightning Strike Beach Sand Glass GA",18.99,2016-11-30,,,WorthPoint
bediasite,"(R399-18) 5-3/4"" Fossil Fulgurite Petrified Lightning Strike Beach Sand Glass GA",35.99,2016-11-24,,,WorthPoint
bediasite,"(r364-9) 2 Fulgurites 1-5/8"" Lightning Strike Beach Dune Sand Glass Georgia",22.99,2016-11-22,,,WorthPoint
bediasite,"(r365-21) 1-7/8"" Fulgurite Lightning Strike Beach Sand Glass Georgia Fulgurites",16.99,2016-11-21,,,WorthPoint
bediasite,"(r368-12) 2-3/8"" Fulgurite Lightning Strike Beach Sand Dune Glass GA Specimen",22.99,2016-11-21,,,WorthPoint
bediasite,"(r365-48) 1-7/8"" Fulgurite Lightning Strike Beach Sand Glass Georgia Fulgurites",16.99,2016-11-21,,,WorthPoint
bediasite,"(r365-42) 1-7/8"" Fulgurite Lightning Strike Beach Sand Glass Georgia Fulgurites",16.99,2016-11-21,,,WorthPoint
bediasite,"(r365-35) 1-7/8"" Fulgurite Lightning Strike Beach Sand Glass Georgia Fulgurites",16.99,2016-11-21,,,WorthPoint
bediasite,"(r368-25) 2-3/8"" Fulgurite Lightning Strike Beach Sand Dune Glass GA Specimen",22.99,2016-11-21,,,WorthPoint
bediasite,"(r368-3) 2-3/8"" Fulgurite Lightning Strike Beach Sand Glass Georgia Specimen",22.99,2016-11-21,,,WorthPoint
bediasite,"(r367-25) 2-1/4"" Fulgurite Lightning Strike Beach Sand Dune Glass GA Specimen",20.99,2016-11-18,,,WorthPoint
bediasite,Bediasite Tektite 16.68g Groovy Impactite From Meteorite Impact,88.98,2016-11-12,16.68,5.33,WorthPoint
bediasite,"BEDIASITE TEKTITE--near BEDIAS, GRIMES COUNTY, TEXAS 4.3 Grams 7/8"" X 3/4""",51,2016-11-11,4.3,11.86,WorthPoint
bediasite,"(r365-28) 1-7/8"" Fulgurite Lightning Strike Beach Sand Glass Georgia Fulgurites",16.99,2016-11-06,,,WorthPoint
bediasite,"(r367-17) 2-1/4"" Fulgurite Lightning Strike Beach Sand Dune Glass GA Specimen",20.99,2016-11-05,,,WorthPoint
bediasite,Bediasite Tektite 18.76g Groovy Impactite From Meteorite Impact,76,2016-10-29,18.76,4.05,WorthPoint
bediasite,"(r378-4) 3-5/8"" Fulgurite Lightning Strike Beach Sand Glass GA Display Specimen",47.99,2016-10-02,,,WorthPoint
bediasite,"(r365-55) 1-7/8"" Fulgurite Lightning Strike Beach Sand Glass Georgia Fulgurites",16.99,2016-09-10,,,WorthPoint
bediasite,"(r365-52) 1-7/8"" Fulgurite Lightning Strike Beach Sand Glass Georgia Fulgurites",16.99,2016-09-09,,,WorthPoint
bediasite,"(r365-25) 1-7/8"" Fulgurite Lightning Strike Beach Sand Dune Glass GA Fulgurites",16.99,2016-09-05,,,WorthPoint
bediasite,"(r365-46) 1-7/8"" Fulgurite Lightning Strike Beach Sand Dune Glass GA Fulgurites",16.99,2016-08-22,,,WorthPoint
bediasite,"(r365-31) 1-7/8"" Fulgurite Lightning Strike Beach Sand Dune Glass GA Fulgurites",16.99,2016-08-16,,,WorthPoint
bediasite,"(R399-14) 4-1/4"" Fossil Fulgurite Petrified Lightning Strike Beach Sand Glass GA",26.99,2016-08-14,,,WorthPoint
bediasite,"(r365-47) 1-7/8"" Fulgurite Lightning Strike Beach Sand Glass Georgia Fulgurites",16.99,2016-08-14,,,WorthPoint
bediasite,"(R399-5) 2.5"" Fossil Fulgurite Petrified Lightning Strike Beach Sand Glass GA",18.99,2016-08-14,,,WorthPoint
bediasite,"(r365-26) 1-7/8"" Fulgurite Lightning Strike Beach Sand Glass Georgia Fulgurites",16.99,2016-08-13,,,WorthPoint
bediasite,"(r367-22) 2-1/4"" Fulgurite Lightning Strike Beach Sand Dune Glass GA Specimen",20.99,2016-08-10,,,WorthPoint
bediasite,"(r365-2) 1-7/8"" Fulgurite Lightning Strike Beach Sand Glass Georgia Fulgurites",16.99,2016-08-08,,,WorthPoint
bediasite,"(R399-22) 11"" Fossil Fulgurite Petrified Lightning Strike Beach Sand Glass GA",66.99,2016-08-03,,,WorthPoint
bediasite,"(r365-12) 1-7/8"" Fulgurite Lightning Strike Beach Sand Glass Georgia Fulgurites",16.99,2016-08-01,,,WorthPoint
bediasite,"(r364-26) 1-5/8"" - 2 Fulgurites Lightning Strike Beach Sand Glass GA Fulgurite",22.99,2016-07-26,,,WorthPoint
bediasite,"(r365-5) 1-7/8"" Fulgurite Lightning Strike Beach Sand Dune Glass GA Fulgurites",16.99,2016-07-20,,,WorthPoint
bediasite,"(r366-42) 2-1/8"" Fulgurite Lightning Strike Beach Sand Glass Georgia Fulgurites",18.99,2016-07-19,,,WorthPoint
bediasite,"(r366-39) 2-1/8"" Fulgurite Lightning Strike Beach Sand Glass Georgia Fulgurites",18.99,2016-07-19,,,WorthPoint
bediasite,"(r366-38) 2-1/8"" Fulgurite Lightning Strike Beach Sand Dune Glass GA Fulgurites",18.99,2016-07-15,,,WorthPoint
bediasite,"(r369-2) 2-1/2"" Fulgurite Lightning Strike Beach Sand Glass GA Display Specimen",24.99,2016-07-15,,,WorthPoint
bediasite,"(r366-8) 2-1/8"" Fulgurite Lightning Strike Beach Sand Glass GA Fulgurites",18.99,2016-07-15,,,WorthPoint
bediasite,"(r365-17) 1-7/8"" Fulgurite Lightning Strike Beach Sand Glass Georgia Specimen",16.99,2016-07-15,,,WorthPoint
bediasite,"(r366-5) 2-1/8"" Fulgurite Lightning Strike Beach Sand Dune Glass GA Fulgurites",18.99,2016-07-15,,,WorthPoint
bediasite,"(r365-4) 1-7/8"" Fulgurite Lightning Strike Beach Sand Dune Glass GA Fulgurites",16.99,2016-07-15,,,WorthPoint
bediasite,"(r365-8) 1-7/8"" Fulgurite Lightning Strike Beach Sand Dune Glass GA Fulgurites",16.99,2016-07-15,,,WorthPoint
bediasite,"(r366-6) 2-1/8"" Fulgurite Lightning Strike Beach Sand Dune Glass GA Fulgurites",18.99,2016-07-15,,,WorthPoint
bediasite,"(r368-16) 2-3/8"" Fulgurite Lightning Strike Beach Sand Dune Glass GA Specimen",22.99,2016-07-15,,,WorthPoint
bediasite,"(r366-7) 2-1/8"" Fulgurite Lightning Strike Beach Sand Dune Glass GA Fulgurites",18.99,2016-07-15,,,WorthPoint
bediasite,"(r365-3) 1-7/8"" Fulgurite Lightning Strike Beach Sand Dune Glass GA Fulgurites",16.99,2016-07-15,,,WorthPoint
bediasite,"(r366-9) 2-1/8"" Fulgurite Lightning Strike Beach Sand Dune Glass GA Fulgurites",18.99,2016-07-15,,,WorthPoint
bediasite,"(r366-31) 2-1/8"" Fulgurite Lightning Strike Beach Sand Glass Georgia Fulgurites",18.99,2016-07-15,,,WorthPoint
bediasite,"R364-11) 1-5/8, 1-3/4"" Fulgurites Lightning Strike Beach Sand Glass GA Fulgurite",22.99,2016-07-15,,,WorthPoint
bediasite,"(r370-5) 2-5/8"" Fulgurite Lightning Strike Beach Sand Glass Georgia Specimen",27.99,2016-07-15,,,WorthPoint
bediasite,"(r383-10) 4-3/8"" Fulgurite Lightning Strike Beach Sand Glass GA Display Specimen",47.99,2016-07-06,,,WorthPoint
bediasite,"(r365-2) 1-7/8"" Fulgurite Lightning Strike Beach Sand Dune Glass GA Fulgurites",16.99,2016-06-27,,,WorthPoint
bediasite,"(r366-19) 2-1/8"" Fulgurite Lightning Strike Beach Sand Glass Georgia Fulgurites",18.99,2016-06-19,,,WorthPoint
bediasite,"(r364-7) 1-5/8"" - 2 Fulgurites Lightning Strike Beach Sand Glass GA Fulgurite",22.99,2016-06-13,,,WorthPoint
bediasite,"(r366-10) 2-1/8"" Fulgurite Lightning Strike Beach Sand Dune Glass GA Fulgurites",18.99,2016-06-10,,,WorthPoint
bediasite,"(r365-11) 1-7/8"" Fulgurite Lightning Strike Beach Sand Glass Georgia Fulgurites",16.99,2016-06-03,,,WorthPoint
bediasite,"(r365-1) 1-7/8"" Fulgurite Lightning Strike Beach Sand Dune Glass GA Fulgurites",16.99,2016-05-20,,,WorthPoint
bediasite,"(r365-14) 1-7/8"" Fulgurite Lightning Strike Beach Sand Glass Georgia Fulgurites",16.99,2016-05-15,,,WorthPoint
bediasite,"(r366-3) 2-1/8"" Fulgurite Lightning Strike Beach Sand Dune Glass GA Fulgurites",18.99,2016-05-15,,,WorthPoint
bediasite,"(r377-1) 3-1/2"" Fulgurite Lightning Strike Beach Sand Glass GA Display Specimen",47.99,2016-05-12,,,WorthPoint
bediasite,"(r366-1) 2-1/8"" Fulgurite Lightning Strike Beach Sand Dune Glass GA Fulgurites",18.99,2016-05-10,,,WorthPoint
bediasite,"(r368-11) 2-3/8"" Fulgurite Lightning Strike Beach Sand Dune Glass GA Specimen",22.99,2016-05-07,,,WorthPoint
bediasite,"(r365-15) 1-7/8"" Fulgurite Lightning Strike Beach Sand Glass Georgia Fulgurites",16.99,2016-05-03,,,WorthPoint
bediasite,"(r365-7) 1-7/8"" Fulgurite Lightning Strike Beach Sand Dune Glass GA Fulgurites",16.99,2016-04-27,,,WorthPoint
bediasite,"(r365-9) 1-7/8"" Fulgurite Lightning Strike Beach Sand Dune Glass GA Fulgurites",16.99,2016-04-23,,,WorthPoint
bediasite,"(r365-16) 1-7/8"" Fulgurite Lightning Strike Beach Sand Glass Georgia Fulgurites",16.99,2016-04-21,,,WorthPoint
bediasite,"(r369-1) 2-1/2"" Fulgurite Lightning Strike Beach Sand Glass GA Display Specimen",24.99,2016-04-15,,,WorthPoint
bediasite,"(r366-4) 2-1/8"" Fulgurite Lightning Strike Beach Sand Dune Glass GA Fulgurites",18.99,2016-04-10,,,WorthPoint
bediasite,"(r365-13) 1-7/8"" Fulgurite Lightning Strike Beach Sand Glass Georgia Fulgurites",16.99,2016-04-09,,,WorthPoint
bediasite,"(r365-6) 1-7/8"" Fulgurite Lightning Strike Beach Sand Dune Glass GA Fulgurites",16.99,2016-04-05,,,WorthPoint
bediasite,"(r371-1) 2-3/4"" Fulgurite Lightning Strike Beach Sand Glass Georgia Specimen",29.99,2016-03-14,,,WorthPoint
bediasite,"(r363-7) 2 Fulgurites 1-5/8"" Lightning Strike Beach Sand Glass GA Fulgurite Set",16.14,2016-02-27,,,WorthPoint
bediasite,"(r370-12) 2-5/8"" Fulgurite Lightning Strike Beach Sand Glass Georgia Specimen",27.99,2016-02-22,,,WorthPoint
bediasite,"(r369-9) 2-1/2"" Fulgurite Lightning Strike Beach Sand Glass GA Display Piece",24.99,2016-02-22,,,WorthPoint
bediasite,"(r369-6) 2-1/2"" Fulgurite Lightning Strike Beach Sand Glass GA Display Specimen",24.99,2016-02-22,,,WorthPoint
bediasite,"(r368-24) 2-3/8"" Fulgurite Lightning Strike Beach Sand Dune Glass GA Specimen",22.99,2016-02-14,,,WorthPoint
bediasite,"(r366-47) 2-1/8"" Fulgurite Lightning Strike Beach Sand Glass Georgia Fulgurites",18.99,2016-02-09,,,WorthPoint
bediasite,"(r373-17) 3"" Fulgurite Lightning Strike Beach Sand Glass GA Display Specimen",33.99,2016-02-07,,,WorthPoint
bediasite,"(r368-27) 2-3/8"" Fulgurite Lightning Strike Beach Sand Dune Glass GA Specimen",22.99,2016-02-07,,,WorthPoint
bediasite,RARE Libyan Desert Glass Carving Meteorite Impactite Cabochon Tektite Pendant,36,2016-01-20,,,WorthPoint
bediasite,Libyan Desert Glass NATURAL HOLE Meteorite Impact Impactite Tektite Egypt Sahara,175,2016-01-13,,,WorthPoint
bediasite,PREMIUM A++ GEM Libyan Desert Glass Meteorite 2 OZ Impact Tektite Sahara Desert,260,2015-12-31,56.7,4.59,WorthPoint
bediasite,"(r396-600) Huge 8-1/4"" Fulgurite Lightning Strike Sand Glass GA Display Specimen",224.99,2015-12-30,,,WorthPoint
bediasite,Bediasite Tektite 15.10g Groovy Impactite From Meteorite Impact,67.6,2015-11-07,15.1,4.48,WorthPoint
bediasite,Libyan Desert Impact Glass Meteorite Tektite Impactite Sahara Egypt Crystal Gem,20.51,2015-10-08,,,WorthPoint
bediasite,"(r370-19) 2-5/8"" Fulgurite Lightning Strike Beach Sand Glass Georgia Specimen",27.99,2015-10-03,,,WorthPoint
bediasite,"(r368-23) 2-3/8"" Fulgurite Lightning Strike Beach Sand Dune Glass GA Specimen",22.99,2014-11-19,,,WorthPoint
bediasite,"(r372-2) 2-7/8"" Fulgurite Lightning Strike Beach Sand Glass GA Display Specimen",31.99,2014-11-08,,,WorthPoint
bediasite,Bediasite Tektite From Texas 1.36 Grams From Meteorite Impact RARE!!,10,2014-11-02,1.36,7.35,WorthPoint
bediasite,"(r375-5) 3-1/4"" Fulgurite Lightning Strike Beach Sand Glass GA Display Specimen",38.99,2014-10-25,,,WorthPoint
bediasite,"(r381-6) 4"" Fulgurite Lightning Strike Beach Sand Dune Glass GA Display Specimen",45.99,2014-10-18,,,WorthPoint
bediasite,"(r367-20) 2-1/4"" Fulgurite Lightning Strike Beach Sand Dune Glass GA Specimen",20.99,2014-10-16,,,WorthPoint
bediasite,"(r365-43) 1-7/8"" Fulgurite Lightning Strike Beach Sand Glass Georgia Specimen",16.99,2014-07-03,,,WorthPoint
bediasite,"(r364-2) 1-5/8"" - 2 Fulgurites Lightning Strike Beach Sand Glass GA Fulgurite",22.99,2014-07-03,,,WorthPoint
bediasite,"(r370-15) 2-5/8"" Fulgurite Lightning Strike Beach Sand Glass GA Display Piece",27.99,2014-07-01,,,WorthPoint
bediasite,"(r370-16) 2-5/8"" Fulgurite Lightning Strike Beach Sand Glass GA Display Piece",27.99,2014-06-30,,,WorthPoint
bediasite,"(r370-21) 2-5/8"" Fulgurite Lightning Strike Beach Sand Glass GA Display Piece",27.99,2014-06-17,,,WorthPoint
bediasite,Bediasite Tektite 1.63g Stunningly Well Detailed Impactite,17,2014-06-16,1.63,10.43,WorthPoint
bediasite,"(r365-13) 1-7/8"" Fulgurite Lightning Strike Beach Sand Dune Glass GA Fulgurites",16.99,2014-06-13,,,WorthPoint
bediasite,Bediasite Tektite 2.13g Stunningly Well Detailed Impactite,23,2014-06-07,2.13,10.8,WorthPoint
bediasite,"Bediasite Tektite 12.61g Incredibly Cut, Groovy Impactite",125,2014-06-07,12.61,9.91,WorthPoint
bediasite,"(r362-25) Four 1/2"" Fulgurites Lightning Strike Beach Sand Glass GA Fulgurite",22.99,2014-06-06,,,WorthPoint
bediasite,"(r367-36) 2-1/4"" Fulgurite Lightning Strike Beach Sand Dune Glass GA Specimen",20.99,2014-05-22,,,WorthPoint
bediasite,"(r376-3) 3-3/8"" Fulgurite Lightning Strike Beach Sand Glass GA Display Specimen",45.99,2014-05-21,,,WorthPoint
bediasite,"(r370-20) 2-5/8"" Fulgurite Lightning Strike Beach Sand Glass Georgia Specimen",27.99,2014-04-23,,,WorthPoint
bediasite,Bediasite Tektite 3.72g Stunningly Well Detailed Impactite,26,2014-04-19,3.72,6.99,WorthPoint
bediasite,"(r372-6) 2-7/8"" Fulgurite Lightning Strike Beach Sand Glass GA Display Specimen",31.99,2014-04-19,,,WorthPoint
bediasite,Bediasite Tektite 16.45g Stunningly Well Detailed “Hedgehog” Impactite,149,2014-04-12,16.45,9.06,WorthPoint
bediasite,Bediasite Tektite 0.94g Stunningly Well Detailed Impactite,14.19,2014-04-05,0.94,15.1,WorthPoint
bediasite,Rare Texas Tektite,10,2014-03-28,,,WorthPoint
bediasite,"(r383-8) 4-3/8"" Fulgurite Lightning Strike Beach Sand Glass GA Display Specimen",47.99,2014-03-27,,,WorthPoint
bediasite,"(r367-31) 2-1/4"" Fulgurite Lightning Strike Beach Sand Dune Glass GA Specimen",20.99,2014-03-24,,,WorthPoint
bediasite,"(r366-33) 2-1/8"" Fulgurite Lightning Strike Beach Sand Dune Glass GA Fulgurites",18.99,2014-03-22,,,WorthPoint
bediasite,Bediasite Tektite 2.56g Stunningly Well Detailed Impactite,21,2014-03-22,2.56,8.2,WorthPoint
bediasite,Bediasite Tektite 3.14g Stunningly Well Detailed Impactite,20,2014-03-22,3.14,6.37,WorthPoint
bediasite,Bediasite Tektite 1.64g Stunningly Well Detailed Impactite,15,2014-03-08,1.64,9.15,WorthPoint
bediasite,"(r370-11) 2-5/8"" Fulgurite Lightning Strike Beach Sand Glass Georgia Specimen",27.99,2014-03-07,,,WorthPoint
bediasite,"(r364-22) 1-5/8"" - 2 Fulgurites Lightning Strike Beach Sand Glass GA Fulgurite",22.99,2014-03-07,,,WorthPoint
bediasite,"(r376-4) 3-3/8"" Fulgurite Lightning Strike Beach Sand Glass GA Display Specimen",45.99,2014-03-03,,,WorthPoint
bediasite,"(r385-4) 4-5/8"" Fulgurite Lightning Strike Beach Sand Glass GA Display Specimen",58.99,2014-03-03,,,WorthPoint
bediasite,40.34 Grams Black Tektite Meteorite / China Rare No Reserve Ships Free,10.99,2014-03-03,40.34,0.27,WorthPoint
bediasite,"(r386-1) 4-3/4"" Fulgurite Lightning Strike Sand Dune Glass GA Display Specimen",72.99,2014-02-25,,,WorthPoint
bediasite,"(r370-13) 2-5/8"" Fulgurite Lightning Strike Beach Sand Glass GA Display Piece",27.99,2014-02-18,,,WorthPoint
bediasite,"(r366-21) 2-1/8"" Fulgurite Lightning Strike Beach Sand Dune Glass GA Fulgurites",18.99,2014-02-04,,,WorthPoint
bediasite,"(r363-18) 1-1/8"" - 2 Fulgurites Lightning Strike Beach Sand Glass GA Fulgurite",18.99,2014-02-01,,,WorthPoint
bediasite,"(r366-12) 2-1/8"" Fulgurite Lightning Strike Beach Sand Glass GA Fulgurites",18.99,2014-02-01,,,WorthPoint
bediasite,"(r366-29) 2-1/8"" Fulgurite Lightning Strike Beach Sand Glass Georgia Fulgurites",18.99,2014-02-01,,,WorthPoint
bediasite,"(r363-1) 2 Piece Set 1-5/8"" Fulgurites Lightning Strike Beach Sand Glass GA",18.99,2014-02-01,,,WorthPoint
bediasite,"(r372-10) 2-7/8"" Fulgurite Lightning Strike Beach Sand Glass GA Display Specimen",31.99,2014-01-31,,,WorthPoint
bediasite,"(r381-2) 4"" Fulgurite Lightning Strike Beach Sand Dune Glass GA Display Specimen",47.99,2014-01-16,,,WorthPoint
bediasite,"(r367-37) 2-1/4"" Fulgurite Lightning Strike Beach Sand Dune Glass GA Specimen",16.79,2014-01-05,,,WorthPoint
bediasite,Bediasite Tektite 4.42g Stunningly Well Detailed Impactite,45,2014-01-05,4.42,10.18,WorthPoint
bediasite,"(r387-3) 4-7/8"" Fulgurite Lightning Strike Sand Dune Glass GA Display Specimen",54.39,2014-01-03,,,WorthPoint
bediasite,"(r392-2) 5-3/8"" Fulgurite Lightning Strike Sand Dune Glass GA Display Specimen",80.79,2014-01-03,,,WorthPoint
bediasite,"(r394-200) 6-3/8"" Fulgurite Lightning Strike Sand Dune Glass GA Display Specimen",90.39,2014-01-02,,,WorthPoint
bediasite,"(r365-50) 1-7/8"" Fulgurite Lightning Strike Beach Sand Glass Georgia Specimen",13.59,2014-01-01,,,WorthPoint
bediasite,"(r362-41) 4 Piece Set 1/2"" Fulgurites Lightning Strike Beach Sand Glass GA",22.99,2014-01-01,,,WorthPoint
bediasite,"(r363-6) 2 Fulgurites 1-5/8"" Lightning Strike Beach Sand Glass Georgia Pieces",18.99,2013-12-31,,,WorthPoint
bediasite,Bediasite Tektite 2.65g Stunningly Well Detailed Impactite,26,2013-12-29,2.65,9.81,WorthPoint
bediasite,"(r367-33) 2-1/4"" Fulgurite Lightning Strike Beach Sand Dune Glass GA Specimen",17.84,2013-12-28,,,WorthPoint
bediasite,"(r366-20) 2-1/8"" Fulgurite Lightning Strike Beach Sand Glass GA Fulgurites",16.14,2013-12-27,,,WorthPoint
bediasite,"(r367-39) 2-1/4"" Fulgurite Lightning Strike Beach Sand Dune Glass GA Specimen",20.99,2013-12-24,,,WorthPoint
bediasite,"(r369-21) 2-1/2"" Fulgurite Lightning Strike Beach Sand Glass GA Display Specimen",21.24,2013-12-21,,,WorthPoint
bediasite,"(r362-34) 4 Fulgurites 1/2"" Lightning Strike Beach Sand Glass GA Fulgurite",19.54,2013-12-21,,,WorthPoint
bediasite,"(r369-26) 2-1/2"" Fulgurite Lightning Strike Beach Sand Glass GA Display Specimen",21.24,2013-12-20,,,WorthPoint
bediasite,"(r367-38) 2-1/4"" Fulgurite Lightning Strike Beach Sand Dune Glass GA Specimen",20.99,2013-12-15,,,WorthPoint
bediasite,"(r363-28) 1-5/8"" - 2 Fulgurites Lightning Strike Beach Sand Glass GA Specimens",18.99,2013-12-15,,,WorthPoint
bediasite,"(r367-40) 2-1/4"" Fulgurite Lightning Strike Beach Sand Dune Glass GA Specimen",20.99,2013-12-09,,,WorthPoint
bediasite,"(r367-32) 2-1/4"" Fulgurite Lightning Strike Beach Sand Dune Glass GA Specimen",20.99,2013-12-09,,,WorthPoint
bediasite,Bediasite Fall Texas USA Tektite Complete 10.8 Gm,35,2013-12-07,10.8,3.24,WorthPoint
bediasite,"(r390-4) 5-1/4"" Fulgurite Lightning Strike Sand Dune Glass GA Display Specimen",92.99,2013-12-03,,,WorthPoint
bediasite,"(r388-2) 5"" Fulgurite Lightning Strike Sand Dune Hill Glass GA Display Specimen",72.99,2013-12-02,,,WorthPoint
bediasite,"(r373-6) 3"" Fulgurite Lightning Strike Beach Sand Hill Glass GA Display Specimen",33.99,2013-11-11,,,WorthPoint
bediasite,"(r372-8) 2-7/8"" Fulgurite Lightning Strike Beach Sand Glass GA Display Specimen",31.99,2013-11-05,,,WorthPoint
bediasite,"Rare .7"" Natural Rough Bediasite Tekite Healing Space / Earth Rock Mineral Texas",44.99,2013-10-02,,,WorthPoint
bediasite,Bediasite Tektite 6.57g Stunningly Well Detailed Impactite,72.61,2013-09-28,6.57,11.05,WorthPoint
bediasite,"(r374-3) 3-1/8"" Fulgurite Lightning Strike Beach Sand Glass GA Display Specimen",31.44,2013-09-21,,,WorthPoint
bediasite,"(r375-6) 3-1/4"" Fulgurite Lightning Strike Beach Sand Glass GA Display Specimen",33.14,2013-09-20,,,WorthPoint
bediasite,"(r393-51) Big 6"" Fulgurite Lightning Strike Sand Dune Glass GA Display Specimen",134.99,2013-09-06,,,WorthPoint
bediasite,"(r396-200) Big 7-3/8"" Fulgurite Lightning Strike Sand Glass GA Display Specimen",196.99,2013-08-18,,,WorthPoint
bediasite,"(r386-3) 4-3/4"" Fulgurite Lightning Strike Sand Dune Glass GA Display Specimen",69.99,2013-07-13,,,WorthPoint
bediasite,"(r365-46) 1-7/8"" Fulgurite Lightning Strike Beach Sand Glass Georgia Specimen",16.99,2013-07-12,,,WorthPoint
bediasite,"(r365-4) 1-7/8"" Fulgurite Lightning Strike Beach Sand Glass Georgia Specimen",16.99,2013-06-28,,,WorthPoint
bediasite,"(r367-12) 2-1/4"" Fulgurite Lightning Strike Beach Sand Glass Georgia Specimen",20.99,2013-06-22,,,WorthPoint
bediasite,"(r370-3) 2-5/8"" Fulgurite Lightning Strike Beach Sand Glass GA Display Piece",22.39,2013-06-19,,,WorthPoint
bediasite,"(r363-3) 1-5/8"" 2 Fulgurites Lightning Strike Beach Sand Glass Georgia Fulgurite",15.19,2013-06-18,,,WorthPoint
bediasite,"(r363-30) 1-5/8"" - 2 Fulgurites Lightning Strike Beach Sand Glass GA Fulgurite",16.14,2013-06-10,,,WorthPoint
bediasite,"(r362-24) Four 1/2"" Fulgurites Lightning Strike Beach Sand Glass GA Fulgurite",22.99,2013-05-23,,,WorthPoint
bediasite,"(r375-4) 3-1/4"" Fulgurite Lightning Strike Beach Sand Glass GA Display Specimen",29.24,2013-05-21,,,WorthPoint
bediasite,"(r396-1) 6-5/8"" Fulgurite Lightning Strike Sand Dune Glass GA Display Specimen",101.24,2013-05-21,,,WorthPoint
bediasite,"(r386-5) 4-3/4"" Fulgurite Lightning Strike Sand Dune Glass GA Display Specimen",49.49,2013-05-21,,,WorthPoint
bediasite,"(r369-23) 2-1/2"" Fulgurite Lightning Strike Beach Sand Glass GA Display Specimen",24.99,2013-05-11,,,WorthPoint
bediasite,"(r375-1) 3-1/4"" Fulgurite Lightning Strike Beach Sand Glass GA Display Specimen",38.99,2013-05-11,,,WorthPoint
bediasite,"(r373-20) 3"" Fulgurite Lightning Strike Beach Sand Glass GA Display Specimen",33.99,2013-05-11,,,WorthPoint
bediasite,"(r369-18) 2-1/2"" Fulgurite Lightning Strike Beach Sand Glass GA Display Specimen",24.99,2013-05-11,,,WorthPoint
bediasite,"(r394-201) 6-3/8"" Fulgurite Lightning Strike Sand Dune Glass GA Display Specimen",112.99,2013-05-11,,,WorthPoint
bediasite,"(r381-5) 4"" Fulgurite Lightning Strike Beach Sand Dune Glass GA Display Specimen",47.99,2013-05-08,,,WorthPoint
bediasite,"(r394-1) 6-1/8"" Fulgurite Lightning Strike Sand Dune Glass GA Display Specimen",162.99,2013-05-07,,,WorthPoint
bediasite,"(r369-13) 2-1/2"" Fulgurite Lightning Strike Beach Sand Glass GA Display Specimen",24.99,2013-04-18,,,WorthPoint
bediasite,"(r365-5) 1-7/8"" Fulgurite Lightning Strike Beach Sand Glass Georgia Specimen",16.99,2013-04-12,,,WorthPoint
bediasite,Bediasite Meteorite Tektite 42.5 Gram Nice Piece Of Tektite From Texas,99.99,2013-04-03,42.5,2.35,WorthPoint
bediasite,Bediasite Tektite 11.77g Stunningly Well Detailed Impactite - Not Meteorite,85,2013-03-30,11.77,7.22,WorthPoint
bediasite,"(r363-29) 1-5/8"" - 2 Fulgurites Lightning Strike Beach Sand Glass GA Specimens",18.99,2013-03-26,,,WorthPoint
bediasite,"(r365-3) 1-7/8"" Fulgurite Lightning Strike Beach Sand Glass Georgia Specimen",16.99,2013-03-20,,,WorthPoint
bediasite,"(r373-22) 3"" Fulgurite Lightning Strike Beach Sand Glass GA Display Specimen",33.99,2013-03-19,,,WorthPoint
bediasite,"(r388-1) 5"" Fulgurite Lightning Strike Sand Dune Hill Glass GA Display Specimen",69.99,2013-03-09,,,WorthPoint
bediasite,"(r365-18) 1-7/8"" Fulgurite Lightning Strike Beach Sand Glass Georgia Fulgurites",16.99,2013-03-06,,,WorthPoint
bediasite,"(r382-1) 4-1/4"" Fulgurite Lightning Strike Beach Sand Glass GA Display Specimen",47.99,2013-03-04,,,WorthPoint
bediasite,"(r365-7) 1-7/8"" Fulgurite Lightning Strike Beach Sand Glass Georgia Specimen",16.99,2013-03-01,,,WorthPoint
bediasite,"(r366-17) 2-1/8"" Fulgurite Lightning Strike Beach Sand Glass Georgia Fulgurites",18.99,2013-02-11,,,WorthPoint
bediasite,"(r378-6) 3-5/8"" Fulgurite Lightning Strike Beach Sand Glass GA Display Specimen",47.99,2013-02-09,,,WorthPoint
bediasite,"(r383-3) 4-3/8"" Fulgurite Lightning Strike Beach Sand Glass GA Display Specimen",56.99,2013-02-04,,,WorthPoint
bediasite,"(r367-10) 2-1/4"" Fulgurite Lightning Strike Beach Sand Glass Georgia Specimen",20.99,2013-01-31,,,WorthPoint
bediasite,"(r369-7) 2-1/2"" Fulgurite Lightning Strike Beach Sand Glass GA Display Specimen",24.99,2013-01-31,,,WorthPoint
bediasite,"(r380-1) 3-7/8"" Fulgurite Lightning Strike Beach Sand Glass GA Display Specimen",47.99,2013-01-30,,,WorthPoint
bediasite,"(r396-500) Awesome 8"" Fulgurite Lightning Strike Sand Glass GA Display Specimen",274.99,2013-01-17,,,WorthPoint
bediasite,"(r369-8) 2-1/2"" Fulgurite Lightning Strike Beach Sand Glass GA Display Specimen",24.99,2013-01-16,,,WorthPoint
bediasite,"(r374-5) 3-1/8"" Fulgurite Lightning Strike Beach Sand Glass GA Display Specimen",36.99,2013-01-13,,,WorthPoint
bediasite,"(r383-4) 4-3/8"" Fulgurite Lightning Strike Beach Sand Glass GA Display Specimen",56.99,2013-01-10,,,WorthPoint
bediasite,"(r367-1) 2-1/4"" Fulgurite Lightning Strike Beach Sand Glass Georgia Specimen",20.99,2013-01-04,,,WorthPoint
bediasite,"(r370-8) 2-5/8"" Fulgurite Lightning Strike Beach Sand Glass Georgia Specimen",27.99,2013-01-04,,,WorthPoint
bediasite,"(r371-10) 2-3/4"" Fulgurite Lightning Strike Beach Sand Dune Glass GA Specimen",29.99,2013-01-02,,,WorthPoint
bediasite,"(r365-1) 1-7/8"" Fulgurite Lightning Strike Beach Sand Glass Georgia Fulgurites",16.99,2012-12-31,,,WorthPoint
bediasite,"(r381-3) 4"" Fulgurite Lightning Strike Beach Sand Dune Glass GA Display Specimen",47.99,2012-12-22,,,WorthPoint
bediasite,"(r368-9) 2-3/8"" Fulgurite Lightning Strike Beach Sand Glass Georgia Specimen",22.99,2012-12-15,,,WorthPoint
bediasite,Bediasite Tektite Meteorite Collection Brazos County Texas US Selling Individual,35,2012-12-15,,,WorthPoint
bediasite,"(r395-2) 6-1/2"" Fulgurite Lightning Strike Sand Dune Glass GA Display Specimen",134.99,2012-12-13,,,WorthPoint
bediasite,"(r381-4) 4"" Fulgurite Lightning Strike Beach Sand Dune Glass GA Display Specimen",47.99,2012-12-11,,,WorthPoint
bediasite,"(r373-5) 3"" Fulgurite Lightning Strike Beach Sand Hill Glass GA Display Specimen",33.99,2012-12-10,,,WorthPoint
bediasite,"(r394-100) 6-1/4"" Fulgurite Lightning Strike Sand Dune Glass GA Display Specimen",156.99,2012-12-10,,,WorthPoint
bediasite,"(r385-6) 4-5/8"" Fulgurite Lightning Strike Sand Dune Glass GA Display Specimen",58.99,2012-12-10,,,WorthPoint
bediasite,"(r362-22) Four 1/2"" Fulgurites Lightning Strike Beach Sand Glass GA Fulgurite",22.99,2012-12-06,,,WorthPoint
bediasite,"(r372-4) 2-7/8"" Fulgurite Lightning Strike Beach Sand Glass GA Display Specimen",31.99,2012-12-05,,,WorthPoint
bediasite,"(r389-2) 5-1/8"" Fulgurite Lightning Strike Sand Dune Glass GA Display Specimen",87.99,2012-12-04,,,WorthPoint
bediasite,"(r370-17) 2-5/8"" Fulgurite Lightning Strike Beach Sand Glass GA Display Piece",27.99,2012-12-01,,,WorthPoint
bediasite,"(r384-1) 4-1/2"" Fulgurite Lightning Strike Beach Sand Glass GA Display Specimen",56.99,2012-12-01,,,WorthPoint
bediasite,"(r365-15) 1-7/8"" Fulgurite Lightning Strike Beach Sand Dune Glass GA Fulgurites",16.99,2012-11-29,,,WorthPoint
bediasite,"(r369-22) 2-1/2"" Fulgurite Lightning Strike Beach Sand Glass GA Display Specimen",24.99,2012-11-27,,,WorthPoint
bediasite,"(r365-33) 1-7/8"" Fulgurite Lightning Strike Beach Sand Dune Glass GA Piece",16.99,2012-11-26,,,WorthPoint
bediasite,"(r370-7) 2-5/8"" Fulgurite Lightning Strike Beach Sand Glass GA Display Piece",27.99,2012-11-25,,,WorthPoint
bediasite,"(r366-26) 2-1/8"" Fulgurite Lightning Strike Beach Sand Glass Georgia Fulgurites",18.99,2012-11-22,,,WorthPoint
bediasite,"(r385-2) 4-5/8"" Fulgurite Lightning Strike Beach Sand Glass GA Display Specimen",58.99,2012-11-21,,,WorthPoint
bediasite,"(r387-2) 4-7/8"" Fulgurite Lightning Strike Sand Dune Glass GA Display Specimen",67.99,2012-11-20,,,WorthPoint
bediasite,"(r373-3) 3"" Fulgurite Lightning Strike Beach Sand Hill Glass GA Display Specimen",33.99,2012-11-19,,,WorthPoint
bediasite,"(r396-100) 7-1/4"" Fulgurite Lightning Double Strike Sand GA Display Specimen",173.99,2012-11-16,,,WorthPoint
bediasite,"(r369-25) 2-1/2"" Fulgurite Lightning Strike Beach Sand Glass GA Display Specimen",24.99,2012-11-13,,,WorthPoint
bediasite,"(r385-10) 4-5/8"" Fulgurite Lightning Strike Sand Dune Glass GA Display Specimen",60.99,2012-11-13,,,WorthPoint
bediasite,"(r370-10) 2-5/8"" Fulgurite Lightning Strike Beach Sand Glass Georgia Specimen",27.99,2012-11-09,,,WorthPoint
bediasite,"(r396-300) Big 7-1/2"" Fulgurite Lightning Strike Sand Glass GA Display Specimen",196.99,2012-11-08,,,WorthPoint
bediasite,"(r366-27) 2-1/8"" Fulgurite Piece Lightning Strike Beach Sand Glass Georgia",18.99,2012-11-07,,,WorthPoint
bediasite,"(r370-18) 2-5/8"" Fulgurite Lightning Strike Beach Sand Glass Georgia Specimen",27.99,2012-11-05,,,WorthPoint
bediasite,"(r385-11) 4-5/8"" Fulgurite Lightning Strike Sand Dune Glass GA Display Specimen",65.99,2012-11-04,,,WorthPoint
bediasite,"(r373-18) 3"" Fulgurite Lightning Strike Beach Sand Glass GA Display Specimen",33.99,2012-11-03,,,WorthPoint
bediasite,(r366-13) Fulgurite Lightning Strike Beach Sand Glass GA Fulgurites Specimen,18.99,2012-11-01,,,WorthPoint
bediasite,"(r370-9) 2-5/8"" Fulgurite Lightning Strike Beach Sand Glass Georgia Specimen",27.99,2012-10-23,,,WorthPoint
bediasite,"(r372-9) 2-7/8"" Fulgurite Lightning Strike Beach Sand Glass GA Display Specimen",31.99,2012-10-23,,,WorthPoint
bediasite,"(r363-27) 1-5/8"" - 2 Fulgurites Lightning Strike Beach Sand Glass GA Fulgurite",18.99,2012-10-15,,,WorthPoint
bediasite,"(r369-16) 2-1/2"" Fulgurite Lightning Strike Beach Sand Glass GA Display Specimen",24.99,2012-10-12,,,WorthPoint
bediasite,"(r369-24) 2-1/2"" Fulgurite Lightning Strike Beach Sand Glass GA Display Specimen",24.99,2012-10-11,,,WorthPoint
bediasite,"(r365-20) 1-7/8"" Fulgurite Lightning Strike Beach Sand Glass Georgia Fulgurites",16.99,2012-10-10,,,WorthPoint
bediasite,"(r369-3) 2-1/2"" Fulgurite Lightning Strike Beach Sand Glass Georgia Specimen",24.99,2012-10-10,,,WorthPoint
bediasite,"(r384-2) 4-1/2"" Fulgurite Lightning Strike Beach Sand Glass GA Display Specimen",54.99,2012-10-09,,,WorthPoint
bediasite,"(r374-4) 3-1/8"" Fulgurite Lightning Strike Beach Sand Glass GA Display Specimen",36.99,2012-10-07,,,WorthPoint
bediasite,"(r393-50) Big 6"" Fulgurite Lightning Strike Sand Dune Glass GA Display Specimen",123.99,2012-10-05,,,WorthPoint
bediasite,"(r372-11) 2-7/8"" Fulgurite Lightning Strike Beach Sand Glass GA Display Specimen",31.99,2012-10-03,,,WorthPoint
bediasite,"(r373-4) 3"" Fulgurite Lightning Strike Beach Sand Hill Glass GA Display Specimen",33.99,2012-10-02,,,WorthPoint
bediasite,"(r369-19) 2-1/2"" Fulgurite Lightning Strike Beach Sand Glass GA Display Specimen",24.99,2012-09-30,,,WorthPoint
bediasite,"(r366-9) 2-1/8"" Fulgurite Lightning Strike Beach Sand Glass Georgia Fulgurites",18.99,2012-09-21,,,WorthPoint
bediasite,"(r366-7) 2-1/8"" Fulgurite Lightning Strike Beach Sand Glass GA Specimen",18.99,2012-09-19,,,WorthPoint
bediasite,"(r364-12) 2 Fulgurites 1-5/8"" Lightning Strike Beach Sand Glass GA Fulgurite",22.99,2012-09-17,,,WorthPoint
bediasite,"(r381-1) 4"" Fulgurite Lightning Strike Beach Sand Dune Glass GA Display Specimen",56.99,2012-09-16,,,WorthPoint
bediasite,"(r362-20) Four 1/2"" Fulgurites Lightning Strike Beach Sand Glass GA Fulgurite",22.99,2012-09-02,,,WorthPoint
bediasite,"(r389-1) 5-1/8"" Fulgurite Lightning Strike Sand Dune Glass GA Display Specimen",80.99,2012-08-30,,,WorthPoint
bediasite,"(r367-2) 2-1/4"" Fulgurite Lightning Strike Beach Sand Glass Georgia Specimen",20.99,2012-08-23,,,WorthPoint
bediasite,"(r362-32) 4 Fulgurites 1/2"" Lightning Strike Beach Sand Glass GA Fulgurite",22.99,2012-08-20,,,WorthPoint
bediasite,"(r396-400) Big 7-5/8"" Fulgurite Lightning Strike Sand Glass GA Display Specimen",213.99,2012-08-06,,,WorthPoint
bediasite,"(r369-12) 2-1/2"" Fulgurite Lightning Strike Beach Sand Glass GA Display Specimen",24.99,2012-07-27,,,WorthPoint
bediasite,"(r395-1) 6-1/2"" Fulgurite Lightning Strike Beach Sand Glass Georgia Specimen",112.99,2012-07-26,,,WorthPoint
bediasite,"(r399-1) 9-1/2"" Fulgurite Lightning Strike Beach Sand Glass Georgia Specimen",190.99,2012-07-26,,,WorthPoint
bediasite,"(r363-25) 1-5/8"" - 2 Fulgurites Lightning Strike Beach Sand Glass GA Fulgurite",18.99,2012-07-23,,,WorthPoint
bediasite,"(r362-30) 4 Fulgurites 1/2"" Lightning Strike Beach Sand Glass GA Fulgurite",22.99,2012-07-07,,,WorthPoint
bediasite,"(r368-5) 2-3/8"" Fulgurite Lightning Strike Beach Sand Dune Glass GA Specimen",22.99,2012-06-18,,,WorthPoint
bediasite,"(r369-10) 2-1/2"" Fulgurite Lightning Strike Beach Sand Glass GA Display Piece",24.99,2012-06-16,,,WorthPoint
bediasite,"(r371-4) 2-3/4"" Fulgurite Lightning Strike Beach Sand Glass GA Display Specimen",29.99,2012-06-13,,,WorthPoint
bediasite,"(r366-1) 2-1/8"" Fulgurite Lightning Strike Beach Sand Glass Georgia Fulgurites",18.99,2012-06-08,,,WorthPoint
bediasite,"(r373-1) 3"" Fulgurite Lightning Strike Beach Sand Glass Georgia Display Specimen",33.99,2012-06-03,,,WorthPoint
bediasite,"(r372-1) 2-7/8"" Fulgurite Lightning Strike Beach Sand Glass GA Display Specimen",31.99,2012-06-01,,,WorthPoint
bediasite,Bediasite Tektite 5.77g Stunningly Well Detailed Impactite,42,2012-04-14,5.77,7.28,WorthPoint
bediasite,"(r366-3) 2-1/8"" Fulgurite Lightning Strike Beach Sand Glass Georgia Fulgurites",18.99,2012-04-09,,,WorthPoint
bediasite,Bediasite Tektite 4.57g Stunningly Well Detailed Impactite - Not Meteorite,33,2012-04-07,4.57,7.22,WorthPoint
bediasite,"(r365-8) 1-7/8"" Fulgurite Lightning Strike Beach Sand Glass Georgia Specimen",16.99,2012-04-06,,,WorthPoint
bediasite,"(r374-1) 3-1/8"" Fulgurite Lightning Strike Beach Sand Glass GA Display Specimen",36.99,2012-04-03,,,WorthPoint
bediasite,"(r367-5) 2-1/4"" Fulgurite Lightning Strike Beach Sand Glass Georgia Specimen",20.99,2012-04-03,,,WorthPoint
bediasite,"★ TEKTITES Book! - Meteorites, Space Glass, Moon Rocks★",39.5,2011-02-24,,,WorthPoint
bediasite,4 RARE TEKTITE BOOKS And A Magazine Article,224.5,2011-02-13,,,WorthPoint
bediasite,NASA Meteorite Scientist Dr King's UFO File Smithsonian,74.99,2010-08-20,,,WorthPoint
bediasite,"James Dupont Signed Letters To Elbert King, Meteorites",112.49,2010-05-29,,,WorthPoint
bediasite,"(tn) Bediasite, Grimes County, Texas",21.5,2009-07-08,,,WorthPoint
bediasite,"(tn) Bediasite, Grimes Co., Texas",25,2009-07-08,,,WorthPoint
bediasite,Bediasite - Texas Tektite,100,2008-04-03,,,WorthPoint
bediasite,"Bediasite, Grimes County, Texas: Meteorite Tektite",39.88,2007-06-06,,,WorthPoint
