material_slug,title,price_usd,sale_date,weight_grams,price_per_gram,source
bismuth-crystal,10G Beautiful Natural Bismuth Crystal Mineral Specimen/Gift,10.5,2026-01-22,10,1.05,WorthPoint
bismuth-crystal,Bismuth Mineral Element Display Specimen Weight: 44 Grams Size: 44x22 Mm,8.5,2025-12-25,44,0.19,WorthPoint
bismuth-crystal,3 Bismuth Crystal Specimens Rainbow Colors 74 Grams Total Gemstone Mineral #591,14.6,2025-12-25,74,0.2,WorthPoint
bismuth-crystal,Bismuth Crystal Chinese Mummy,19,2025-12-21,,,WorthPoint
bismuth-crystal,Mermaid Rainbow Titanium Bismuth ‚Ä¢Crystal Carving‚Ä¢ 3‚Äù,10,2025-12-19,,,WorthPoint
bismuth-crystal,Bismuth Crystal Rainbow Dog Hound,49,2025-12-14,,,WorthPoint
bismuth-crystal,Bismuth Crystal Feather -2 Pieces,25,2025-12-14,,,WorthPoint
bismuth-crystal,2pcs Native Lab Grown Bismuth New Zealand Minerals Crystals Gems-min,7.99,2025-12-11,,,WorthPoint
bismuth-crystal,Raku Heart Rattle & Bismuth Crystal Cluster,11.3,2025-12-11,,,WorthPoint
bismuth-crystal,1 Pound .9999 Fine Raw Bismuth - Grimm Metals,60,2025-12-08,,,WorthPoint
bismuth-crystal,Bismuth Metal Ingot 99.99% Pure - 5 POUNDS,108,2025-12-06,,,WorthPoint
bismuth-crystal,"Bismuth Maglev, Unique Handcrafted Kinetic Science Art, Levitation Gadget",59.95,2025-12-06,,,WorthPoint
bismuth-crystal,Natural Aura Rainbow Titanium Bismuth Ore Stone Crystal Cluster Specimens Reiki,1.04,2025-12-04,,,WorthPoint
bismuth-crystal,100g Natural Aura Blue Titanium Quartz Cluster Healing Crystal Druzy Geode Decor,11.39,2025-12-04,100,0.11,WorthPoint
bismuth-crystal,Signed Dichroic Art Glass Egg & Bismuth Crystal Geode Egg,55.46,2025-12-02,,,WorthPoint
bismuth-crystal,"Bismuth Crystal Stone Large Specimen For Collecting,Wire Wrapping,Wicca & Reiki",19.95,2025-11-30,,,WorthPoint
bismuth-crystal,Bismuth Crystal Bowl. Multicolored And In Excellent Condition,50,2025-11-30,,,WorthPoint
bismuth-crystal,BISMUTH One (1) Large Rainbow Crystal Education Teaching Aid - Bonus Ingot!,19.9,2025-11-27,,,WorthPoint
bismuth-crystal,120g Natural Aura Green Titanium Quartz Crystal Cluster Spiritual Healing Stone,12.06,2025-11-25,120,0.1,WorthPoint
bismuth-crystal,"""Bismuth Crystal Ore Geode Bowl ‚Äì 4"""" Inch, Rainbow Metal Art""",44.99,2025-11-24,,,WorthPoint
bismuth-crystal,Rainbow Bismuth Mineral Element Display Specimen Weight: 50 Grams,8.5,2025-11-24,50,0.17,WorthPoint
bismuth-crystal,Natural Aura Yellow Titanium Quartz Crystal Cluster Reiki Meditation Stone Druzy,10.7,2025-11-23,,,WorthPoint
bismuth-crystal,50g Natural Aura Yellow Titanium Quartz Crystal Cluster Druzy Specimens Reiki US,8.61,2025-11-23,50,0.17,WorthPoint
bismuth-crystal,Cool Rainbow Bismuth Crystal Cluster,5.99,2025-11-22,,,WorthPoint
bismuth-crystal,50g Natural Aura Green Titanium Stone Quartz Crystal Cluster Spiritual Healing,8.22,2025-11-21,50,0.16,WorthPoint
bismuth-crystal,Bismuth Metal Ingot 99.99% Pure - 10 POUNDS,210,2025-11-17,,,WorthPoint
bismuth-crystal,100g Natural Aura Red Titanium Quartz Crystal Cluster Chakra Healing Stone Druzy,11.39,2025-11-17,100,0.11,WorthPoint
bismuth-crystal,"""Mini Bismuth Crystals - Rainbow Bismuth Organic Shapes, 0.75 - 1.5"""" (AAA Grade)""",8.25,2025-11-14,,,WorthPoint
bismuth-crystal,"Lot Of Mini Figurines Glass Lady Bodies, Bismuth Crystal, Chakra Points",12,2025-11-13,,,WorthPoint
bismuth-crystal,Big Bismuth Crystal Puzzle Wooden About 267 Pcs Unique ID 261 SUPER CHALLENGE!!!,50,2025-11-13,,,WorthPoint
bismuth-crystal,MASSIVE 7.8 Lb BISMUTH Crystal Geode Dendritic Specimen Iridescent Display,88.49,2025-11-13,,,WorthPoint
bismuth-crystal,Natural Aura Rainbow Quartz Crystal Titanium Cluster Meditation Stone Reiki Gift,1.1,2025-11-12,,,WorthPoint
bismuth-crystal,100g Natural Aura Yellow Titanium Quartz Crystal Cluster Meditation Stone Druzy,10.71,2025-11-10,100,0.11,WorthPoint
bismuth-crystal,Natural Quartz Crystal Cluster Aura Green Titanium Rough Gemstone Specimen Reiki,1.04,2025-11-09,,,WorthPoint
bismuth-crystal,Bismuth 1 Kg (2.2 LB) Wholesale Lot (AAA-grade) Rainbow Crystals,119.9,2025-11-09,1000,0.12,WorthPoint
bismuth-crystal,90‚Äì110g Rainbow Bismuth Crystal Tower ‚Äì Iridescent Metal Mineral Specimen,19.99,2025-11-08,110,0.18,WorthPoint
bismuth-crystal,Bismuth 1 Kg (2.2 LB) Wholesale Lot (A-B-grade) Rainbow Crystals,89.9,2025-11-07,1000,0.09,WorthPoint
bismuth-crystal,Natural Aura Rainbow Quartz Crystal Titanium Cluster Energy Stone Specimen Reiki,1.1,2025-11-05,,,WorthPoint
bismuth-crystal,Bismuth Crystal Chinese Rainbow Heart With Flowers (solid Cast - 1 Piece),15,2025-11-03,,,WorthPoint
bismuth-crystal,Native Copper & Bismuth Crystal,81.18,2025-11-03,,,WorthPoint
bismuth-crystal,5 Pound Bismuth Chunk (5 Pounds | 99.99+% Pure) Raw Bismuth Metal | Great For...,170.93,2025-11-01,,,WorthPoint
bismuth-crystal,50g Natural Aura Red Titanium Quartz Crystal Cluster Healing Meditation Gemstone,9.3,2025-10-31,50,0.19,WorthPoint
bismuth-crystal,90‚Äì110g Rainbow Bismuth Crystal Cluster ‚Äì Iridescent Metal Specimen Mineral,18.99,2025-10-31,110,0.17,WorthPoint
bismuth-crystal,"RARE LOCALE Native Bismuth Crystal OMCHIKANDYA, RUSSIA",164.5,2025-10-31,,,WorthPoint
bismuth-crystal,50g Natural Aura Blue Titanium Quartz Crystal Cluster Healing Stone Geode Decor,9.3,2025-10-21,50,0.19,WorthPoint
bismuth-crystal,Iridescent Bismuth Rainbow Hopper Crystal Cluster Mineral Specimen W/ ID Card,6.5,2025-10-20,,,WorthPoint
bismuth-crystal,Minerals : Complete Native Bismuth Crystal From Laikeng Tungsten Mine In China,12.2,2025-10-16,,,WorthPoint
bismuth-crystal,Vintage Wollensak 3M 4760 Stereo Cassette Deck Top Loader Dolby NR,18.5,2025-10-15,,,WorthPoint
bismuth-crystal,Small Bismuth Crystal Specimens Pack Of 5 Beautiful Rainbow Mineral 0.5-0.75 In,19.95,2025-10-15,,,WorthPoint
bismuth-crystal,80-100g Aura Rainbow Titanium Bismuth Quartz Crystal Mineral Specimens Decor,43.8,2025-10-15,100,0.44,WorthPoint
bismuth-crystal,"Bismuth Crystal Stone Specimen For Collecting,Wire Wrapping,Wicca LOT OF 10",9.95,2025-10-15,,,WorthPoint
bismuth-crystal,Bismuth Lab-grown New Zealand Minerals Crystals Gems-min,7.99,2025-10-11,,,WorthPoint
bismuth-crystal,Bismuth Mineral Element Display Specimen Weight: Grams Size: 43x23 Mm,8.5,2025-10-11,,,WorthPoint
bismuth-crystal,Natural Aura Rainbow Titanium Bismuth Crystal Cluster Energy Healing Stone Decor,9.21,2025-10-09,,,WorthPoint
bismuth-crystal,BISMUTH Rainbow Iridescent Crystal Cluster Mineral Specimen Element,10.39,2025-10-07,,,WorthPoint
bismuth-crystal,166 Gram Lot Of Bismuth Crystals Healing Specimens Gems Crystal Jewelry Gem,7.99,2025-10-07,166,0.05,WorthPoint
bismuth-crystal,18g 1in 1in .4in THUMBNAIL BISMUTH CRYSTALS USA MAN-MADE #130,5.99,2025-09-28,18,0.33,WorthPoint
bismuth-crystal,Bismuth Ore Crystal Ghost Figurine Halloween Scary,22,2025-09-26,,,WorthPoint
bismuth-crystal,Bismuth Specimen Aura Rainbow Titanium Blues Pinks L@@K Free Ship & Gift GRP 1,11.19,2025-09-22,,,WorthPoint
bismuth-crystal,120g Natural Aura Red Titanium Quartz Crystal Cluster Spiritual Healing Gemstone,12.06,2025-09-17,120,0.1,WorthPoint
bismuth-crystal,100g Natural Aura Green Titanium Quartz Crystal Cluster Geode Spiritual Healing,11.39,2025-09-10,100,0.11,WorthPoint
bismuth-crystal,Natural Aura Rainbow Titanium Quartz Crystal Cluster Healing Gemstone Specimens,11.79,2025-09-08,,,WorthPoint
bismuth-crystal,Iridescent Rainbow Bismuth Crystal - Lab Grown China - Intricate Geometric,11.99,2025-09-07,,,WorthPoint
bismuth-crystal,50g Natural Rainbow Aura Titanium Bismuth Crystal Meditation Healing Stone Decor,10.49,2025-09-05,50,0.21,WorthPoint
bismuth-crystal,Natural Aura Rainbow Titanium Quartz Crystal Cluster Meditation Healing Specimen,11.79,2025-09-01,,,WorthPoint
bismuth-crystal,"""4.2"""" BISMUTH Heart Iridescent Metal Crystals Palm Stone - Lab Grown""",26.09,2025-08-28,,,WorthPoint
bismuth-crystal,1.3 Lb Rainbow Bismuth Crystal Cubic Cluster Large 616g,39.9,2025-08-27,616,0.06,WorthPoint
bismuth-crystal,280‚Äì320g Rainbow Bismuth Crystal Cluster ‚Äì Large Iridescent Metal Specimen,44.99,2025-08-26,320,0.14,WorthPoint
bismuth-crystal,Bismuth Crystal Metal Skull,19.99,2025-08-11,,,WorthPoint
bismuth-crystal,Bismuth Crystal Illuminati Eye Medallion,30,2025-08-09,,,WorthPoint
bismuth-crystal,(R50-18) 25.9 Gram Bismuth Rainbow Crystal Element Bi Gemstone Mineral Specimen,26.99,2025-08-08,25.9,1.04,WorthPoint
bismuth-crystal,"Natural Bismuth Ore,Rainbow Bismuth, Metal Crystal,Crystal Gifts,Mineral Spec...",131.32,2025-08-03,,,WorthPoint
bismuth-crystal,Smiling Buddha Figurine-Rainbow Bismuth Crystal Fat Buddha Sculpture-4‚Äùx4‚Äù Heavy,19.95,2025-07-20,,,WorthPoint
bismuth-crystal,120g Natural Blue Titanium Quartz Crystal Cluster Druzy Geode Reiki Healing Gift,11.58,2025-07-20,120,0.1,WorthPoint
bismuth-crystal,Nervous System Puzzle Big Bismuth Crystal One Of A Kind #153 267 Piece 4MM Wood,40.95,2025-07-18,,,WorthPoint
bismuth-crystal,"Geometric Rainbow Bismuth Crystal Mineral Specimen, Steeped Ore, 62g",15,2025-07-17,62,0.24,WorthPoint
bismuth-crystal,70g Natural Rainbow Aura Crystal Titanium Bismuth Ore Energy Specimen Healing US,10.99,2025-07-17,70,0.16,WorthPoint
bismuth-crystal,1 Troy Ounce .9999 Fine Raw Bismuth - Grimm Metals,13,2025-07-17,,,WorthPoint
bismuth-crystal,Bismuth 10 Kg (22 LB) Wholesale Lot (AAA-grade) Rainbow Crystals,1099,2025-07-16,10000,0.11,WorthPoint
bismuth-crystal,50 Pounds - 99.99% Pure Bismuth Metal Pieces,995,2025-07-16,,,WorthPoint
bismuth-crystal,Bismuth Cluster Specimen Large Bismuth Crystal Man Made Crystals Metal Bismuth,44.95,2025-07-13,,,WorthPoint
bismuth-crystal,70g Natural Rainbow Aura Titanium Bismuth Crystal Spiritual Healing Specimens US,10.73,2025-07-05,70,0.15,WorthPoint
bismuth-crystal,250‚Äì330g Rainbow Bismuth Crystal Tower ‚Äì Large Iridescent Metal Mineral Specimen,39.99,2025-06-29,330,0.12,WorthPoint
bismuth-crystal,"Large Rainbow Bismuth Crystal Skull 59oz, US Made And Shipped (59-2001)",85,2025-06-29,1672.65,0.05,WorthPoint
bismuth-crystal,Bismuth Crystal Wire Wrap Bi STEM Education Crystal Grid Rainbow Bis75,14,2025-06-28,,,WorthPoint
bismuth-crystal,Mountain Range Bismuth Crystal Cluster Display 1.4 LB 632g,44.9,2025-06-28,632,0.07,WorthPoint
bismuth-crystal,Vintage High Purity Bismuth Crystal Quartz Rainbow 256 Oz Meditation Chakra Heal,5.48,2025-06-25,7257.6,0,WorthPoint
bismuth-crystal,Rainbow Bismuth Crystal Cluster Diamond Face 192g,22.9,2025-06-25,192,0.12,WorthPoint
bismuth-crystal,99.99% Pure Bismuth Metal Pieces - 10lbs,83.89,2025-06-24,,,WorthPoint
bismuth-crystal,"Iridescent Bismuth Crystals, Germany",12.5,2025-06-23,,,WorthPoint
bismuth-crystal,Natural Aura Green Titanium Quartz Crystal Point Stone Cluster Specimens Healing,10.44,2025-06-21,,,WorthPoint
bismuth-crystal,30g Natural Rainbow Aura Titanium Bismuth Crystal Spiritual Reiki Stone Cluster,9.21,2025-06-15,30,0.31,WorthPoint
bismuth-crystal,80g Natural Aura Yellow Titanium Quartz Crystal Cluster Healing Gemstone Geode,10.49,2025-06-15,80,0.13,WorthPoint
bismuth-crystal,Bismuth Mineral Element Display Specimen Weight: 46 Grams,10,2025-06-14,46,0.22,WorthPoint
bismuth-crystal,Bismuth Wholesale Lot Of 6 Rainbow Crystals 162g Total,34.99,2025-06-11,162,0.22,WorthPoint
bismuth-crystal,Rare Natural Aura Yellow Titanium Quartz Crystal Cluster Druzy Geode Healing US,9.97,2025-06-11,,,WorthPoint
bismuth-crystal,Rainbow Bismuth Crystal Healing Cluster Chunks Mineral Rocks Specimen Home Decor,17.98,2025-06-07,,,WorthPoint
bismuth-crystal,100g Natural Rainbow Aura Titanium Bismuth Specimen Stone Crystal Cluster Reiki,7.17,2025-06-07,100,0.07,WorthPoint
bismuth-crystal,Bismuth Crystal Pink Pyramid,20,2025-06-05,,,WorthPoint
bismuth-crystal,Large Natural Blue Titanium Quartz Crystal Cluster Chakra Rock Stone Druzy Geode,11.58,2025-05-26,,,WorthPoint
bismuth-crystal,70g Natural Rainbow Aura Titanium Bismuth Crystal Ore Specimen Chakra Reiki,10.44,2025-05-25,70,0.15,WorthPoint
bismuth-crystal,Natural Rainbow Aura Crystal Titanium Bismuth Ore Stone Specimens Healing,8.35,2025-05-19,,,WorthPoint
bismuth-crystal,"""3.30"""" Iridescent Metallic Hoppered Bismuth Crystals Germany """"lab Grown"""" Z-284""",55.25,2025-05-17,,,WorthPoint
bismuth-crystal,100g Natural Aura Rainbow Titanium Quartz Crystal Cluster Mineral Specimen Reiki,11.2,2025-05-15,100,0.11,WorthPoint
bismuth-crystal,Bismuth Crystal Pyramid,15,2025-05-13,,,WorthPoint
bismuth-crystal,100g Natural Aura Yellow Titanium Quartz Crystal Cluster Energy Healing Gemstone,11.01,2025-05-11,100,0.11,WorthPoint
bismuth-crystal,Bismuth Crystal Meditating Sloth,45,2025-05-09,,,WorthPoint
bismuth-crystal,Natural Rainbow Aura Titanium Bismuth Rough Mineral Crystal Gemstone Specimens,7.17,2025-05-02,,,WorthPoint
bismuth-crystal,Rainbow Bismuth Crystal Pieces From England 43.3 Grams Display,6.99,2025-04-21,43.3,0.16,WorthPoint
bismuth-crystal,Rainbow Bismuth Mineral Element Display Specimen Weight: 30 Grams,8,2025-04-13,30,0.27,WorthPoint
bismuth-crystal,Rainbow Bismuth Mineral Element Display Specimen Weight: 30grams,8,2025-04-13,30,0.27,WorthPoint
bismuth-crystal,Beautiful Assortment Of Bismuth 102 Grams Set Of 3,8.99,2025-04-10,102,0.09,WorthPoint
bismuth-crystal,Natural Aura Blue Titanium Stone Quartz Crystal Cluster Druzy Collection Healing,11.39,2025-04-09,,,WorthPoint
bismuth-crystal,3 Pieces Pretty .68 Ounce ~Total Weight~ Small Rainbow Bismuth Crystals,6,2025-04-09,,,WorthPoint
bismuth-crystal,Rainbow Bismuth Mineral Element Display Specimen Weight: 42 Grams,12,2025-04-06,42,0.29,WorthPoint
bismuth-crystal,"""Heart-Shaped Bismuth Crystal Ore Bowl ‚Äì 4.25"""" Inch, 560g (19.7 Oz) Rainbow Metal""",49.99,2025-04-03,560,0.09,WorthPoint
bismuth-crystal,Pirate Treasure Paydirt,60,2025-04-02,,,WorthPoint
bismuth-crystal,200G Aura Rainbow Bismuth Titanium Quartz Cluster Mineral Specimen Decoration,26.8,2025-04-02,200,0.13,WorthPoint
bismuth-crystal,Beautiful Large Bismoth Crystal Gem And Mineral Specimen - 102 Grams,6,2025-04-01,102,0.06,WorthPoint
bismuth-crystal,180g+ Rainbow Aura Bismuth Crystal Healing Cluster Chunks Mineral Rocks Specimen,26.9,2025-03-31,180,0.15,WorthPoint
bismuth-crystal,Beautiful Large Bismoth Crystal Gem And Mineral Specimen - 59g,6.98,2025-03-31,59,0.12,WorthPoint
bismuth-crystal,80g Natural Aura Blue Titanium Quartz Crystal Cluster Energy Stone Geode Reiki,9.97,2025-03-29,80,0.12,WorthPoint
bismuth-crystal,Gold Nugget Paydirt,45,2025-03-28,,,WorthPoint
bismuth-crystal,Bismuth Crystal Pistol Shaped - Pew Pew,30,2025-03-27,,,WorthPoint
bismuth-crystal,Lab Grown Bismuth Shelf Piece,30,2025-03-25,,,WorthPoint
bismuth-crystal,30-70g Natural Rainbow Aura Titanium Bismuth Crystal Stone Specimen Cluster Gift,9.69,2025-03-25,70,0.14,WorthPoint
bismuth-crystal,Bismuth Hoppered Crystal,18,2025-03-24,,,WorthPoint
bismuth-crystal,AAA Natural Rainbow Aura Titanium Bismuth Crystal Rock Specimen Healing Minerals,9.21,2025-03-19,,,WorthPoint
bismuth-crystal,Bismuth Chunk (5 Pounds | 99.99+% Pure) Raw Bismuth Metal | Great For Crystal...,172.79,2025-03-16,,,WorthPoint
bismuth-crystal,"""2.5"""" BISMUTH Iridescent Hopper Crystals Cluster - Lab Grown""",28,2025-03-13,,,WorthPoint
bismuth-crystal,"Large Bismuth Crystal, 123g - Laboratory Grown - Ex. Eric Hendrix Collection",35,2025-03-12,123,0.28,WorthPoint
bismuth-crystal,Bismuth Crystal Round Large Mineral Specimen Iridescent,80,2025-03-07,,,WorthPoint
bismuth-crystal,50g Natural Aura Red Titanium Quartz Crystal Cluster Chakra Healing Ore Specimen,8.54,2025-03-03,50,0.17,WorthPoint
bismuth-crystal,Nice Bismuth Cluster,5,2025-03-02,,,WorthPoint
bismuth-crystal,Natural Aura Pink Titanium Quartz Crystal Cluster Druzy Geode Specimens Reiki US,11.69,2025-02-26,,,WorthPoint
bismuth-crystal,Rainbow Bismuth Bi Crystal Specimen Metal Element Collectible Mineral 1 2 5 Pcs,8.05,2025-02-25,,,WorthPoint
bismuth-crystal,Natural Aura Pink Rose Quartz Crystal Cluster Titanium Gemstone Specimen Healing,9.97,2025-02-25,,,WorthPoint
bismuth-crystal,Natural Rainbow Aura Titanium Bismuth Crystal Chakra Healing Stone Ore Specimens,8.35,2025-02-25,,,WorthPoint
bismuth-crystal,150g Natural Colorful Quartz Titanium Bismuth Crystal Stone Cluster VUG Healing,14.24,2025-02-21,150,0.09,WorthPoint
bismuth-crystal,"""Wood Tripod Stand, 4-6"""" For Abalone Shell, Smudge, Crystals, Jewelry Dish""",13.36,2025-02-17,,,WorthPoint
bismuth-crystal,"""Science Art - """"Dichotomy"""" True Levitation Bismuth, Element 83 Handcrafted Maglev""",69.95,2025-02-16,,,WorthPoint
bismuth-crystal,Beautiful Large Bismoth Crystal Gem And Mineral Specimen - 41g,5.98,2025-02-14,41,0.15,WorthPoint
bismuth-crystal,Old Stock Bismuth Crystal Mineral Collection Lot 397 Grams Rock Collecting,79.99,2025-02-12,397,0.2,WorthPoint
bismuth-crystal,70g Natural Healing Rainbow Aura Titanium Bismuth Crystal Stone Specimen Cluster,10.99,2025-02-11,70,0.16,WorthPoint
bismuth-crystal,"""2.7"""" BISMUTH Iridescent Hopper Crystals Cluster - Lab Grown""",20.5,2025-02-07,,,WorthPoint
bismuth-crystal,Bismuth Metal Blocks 99.99% Pure 3lb - Perfect For Crystal Making & Experiments,49.99,2025-02-06,,,WorthPoint
bismuth-crystal,1.5 Lb Rainbow Bismuth Crystal Cubic Cluster Large 682g,64.9,2025-02-05,682,0.1,WorthPoint
bismuth-crystal,2.3‚Äù Heavy Titanium Rainbow Aura Bismuth Crystal Matrix Cluster Specimen 130g,10.99,2025-02-05,130,0.08,WorthPoint
bismuth-crystal,Rare! Native Bismuth & Emplectite Crystals Schmiedestollen Black Forest Germany,45,2025-02-05,,,WorthPoint
bismuth-crystal,Marble Book Ends & Bismuth Crystal,27.14,2025-02-04,,,WorthPoint
bismuth-crystal,"""‚û§ 2"""" BISMUTH CRYSTAL CLUSTER - From The 1960's - 1.22 Ounces VIDEO‚û§760""",11.1,2025-02-03,,,WorthPoint
bismuth-crystal,Rainbow Iridescent Bismuth Crystals From Germany - 2 Inches,9.99,2025-02-03,,,WorthPoint
bismuth-crystal,Gemmy Rainbow Bismuth Crystal Cluster,17.9,2025-02-01,,,WorthPoint
bismuth-crystal,Rainbow Bismuth Mineral Element Display Specimen Weight: 40 Grams,10,2025-01-31,40,0.25,WorthPoint
bismuth-crystal,"""Bismuth Turquoise Pendant W Cord. Genuine Bismuth Crystal, 2.15"""" Large...""",11.72,2025-01-31,,,WorthPoint
bismuth-crystal,100g Natural Aura Pink Titanium Quartz Crystal Cluster Geode Specimens Healing,11.59,2025-01-30,100,0.12,WorthPoint
bismuth-crystal,100g Large Natural Rainbow Aura Titanium Bismuth Crystal Cluster Specimen Chakra,11.39,2025-01-26,100,0.11,WorthPoint
bismuth-crystal,WHOLESALE Bismuth Crystal 12 Pcs 1 Kg # 5294,81,2025-01-24,1000,0.08,WorthPoint
bismuth-crystal,"""Bismuth Crystal, Rainbow Geometric Bismuth In Glass Display Jar W/ Cork App 2.2""""""",11.54,2025-01-19,,,WorthPoint
bismuth-crystal,"""2.3"""" BISMUTH Iridescent Hopper Crystals Cluster - Lab Grown""",13,2025-01-17,,,WorthPoint
bismuth-crystal,Bismuth Crystal Beehive,45,2025-01-16,,,WorthPoint
bismuth-crystal,Bismuth Crystal Specimen 31.3g 4.5cm Rainbow Purple Blue Gold Red Green Silver,14.5,2025-01-14,31.3,0.46,WorthPoint
bismuth-crystal,Bismuth Ore - Rainbow Bismuth - Bismuth Crystal Mineral Element Specimen - 1pc,13.95,2025-01-05,,,WorthPoint
bismuth-crystal,"""2.6"""" BISMUTH Iridescent Hopper Crystals Cluster - Lab Grown""",15.03,2025-01-03,,,WorthPoint
bismuth-crystal,Bismuth Crystal Clam Shell,20,2025-01-02,,,WorthPoint
bismuth-crystal,"""8"""" Bismuth Crystal Display Plate With Stand Large 4.5 LBS 2028g""",139.9,2025-01-01,2028,0.07,WorthPoint
bismuth-crystal,Bismuth Crystal Rainbow Pyramid,25,2025-01-01,,,WorthPoint
bismuth-crystal,Natural Raw Aura Kyanite Titanium Quartz Crystal Cluster Rock Stone Specimens US,9.69,2024-12-31,,,WorthPoint
bismuth-crystal,120g Natural Aura Purple Titanium Quartz Crystal Cluster Mineral Specimens Reiki,12.29,2024-12-30,120,0.1,WorthPoint
bismuth-crystal,80g Natural Aura Green Titanium Quartz Crystal Stone Cluster Specimens Healing,9.97,2024-12-28,80,0.12,WorthPoint
bismuth-crystal,"""2.4"""" BISMUTH Iridescent Hopper Crystals Cluster - Lab Grown""",11,2024-12-20,,,WorthPoint
bismuth-crystal,Gemmy Bismuth Crystal Cluster Large 1.1 LB Blue Gold Purple 520g,54.9,2024-12-19,520,0.11,WorthPoint
bismuth-crystal,Bismuth Crystal 274g Cubic Gold Copper Blue Purple Aura,34.9,2024-12-18,274,0.13,WorthPoint
bismuth-crystal,Bright Rainbow Bismuth Crystals !! Set Of 3 !! Colorful And Ready For Display !!,9.09,2024-12-17,,,WorthPoint
bismuth-crystal,Rainbow Bismuth Crystals !! Set Of 3 !! Colorful And Ready For Display !!,9.09,2024-12-17,,,WorthPoint
bismuth-crystal,Rainbow Bismuth Crystal Specimen From England 47.5 Grams Display,9.99,2024-12-15,47.5,0.21,WorthPoint
bismuth-crystal,"""Bismuth Crystal Christmas Tree Cluster Plate + Display Stand Large 3.5 LB, 8"""" In""",139.9,2024-12-14,,,WorthPoint
bismuth-crystal,2.25LB Cubic Bismuth Crystal Cluster Large 984g Blue Gold Purple,89,2024-12-14,984,0.09,WorthPoint
bismuth-crystal,4.25lb Rainbow Bismuth Crystal Cluster Large 1930g,99,2024-12-14,1930,0.05,WorthPoint
bismuth-crystal,Rainbow Bismuth Crystal Specimen From England 61.3 Grams Display,14.99,2024-12-14,61.3,0.24,WorthPoint
bismuth-crystal,Natural Rainbow Aura Titanium Bismuth Specimen Stone Crystal Cluster Gift,10.11,2024-12-13,,,WorthPoint
bismuth-crystal,"Bismuth Crystal Chinese Halloween Pumpkin, Broom And Witch Hat (3 Piece Set)",35,2024-12-13,,,WorthPoint
bismuth-crystal,Bismuth Crystal,17.85,2024-12-12,,,WorthPoint
bismuth-crystal,A Beautiful Set Of 4 Copper/bismuth Variety! - Free Shipping!,15.99,2024-12-11,,,WorthPoint
bismuth-crystal,Rainbow Bismuth Crystal Cubic Cluster 202g,27.9,2024-12-11,202,0.14,WorthPoint
bismuth-crystal,Cubic Rainbow Bismuth Crystal 300g Energon Cube Gold Copper Blue & Purple Colors,34.9,2024-12-11,300,0.12,WorthPoint
bismuth-crystal,1lb Bismuth Crystal Cluster Blue And Gold Large 442g,39.9,2024-12-11,442,0.09,WorthPoint
bismuth-crystal,"Bismuth Crystal, Large Bismuth Mineral Specimen, Irregular Healing Stone, Rai...",20.77,2024-12-10,,,WorthPoint
bismuth-crystal,Bismuth Crystal Rainbow Stingray,55,2024-12-10,,,WorthPoint
bismuth-crystal,Large Rainbow Bismuth Crystal Pyramid Aura Power 288g,34.9,2024-12-08,288,0.12,WorthPoint
bismuth-crystal,"""1.8"""" BEAUTIFUL RAINBOW BISMUTH CRYSTAL MINERAL METAL CLUSTER (LAB GROWN) 65g *A1""",16.49,2024-12-08,65,0.25,WorthPoint
bismuth-crystal,Lot Of 10 Bismuth Crystals Wire Wrap- Education- Crystal Grid- Rainbow BisLot302,30.5,2024-12-07,,,WorthPoint
bismuth-crystal,Lot Of 3 Rainbow Bismuth Crystal Clusters 238g,19.9,2024-12-07,238,0.08,WorthPoint
bismuth-crystal,Bismuth Crystal Rainbow Large Skull/Butterfly,35,2024-11-30,,,WorthPoint
bismuth-crystal,"""Large 4"""" Rainbow Bismuth Crystal 1 LB 502g""",44.9,2024-11-27,502,0.09,WorthPoint
bismuth-crystal,Bismuth Crystal Lucky Cat,75,2024-11-25,,,WorthPoint
bismuth-crystal,Bismuth Crystal Pyramid Cluster Large 1.6 LB Rainbow Aura 718g,49.9,2024-11-24,718,0.07,WorthPoint
bismuth-crystal,"""2.1"""" BISMUTH Iridescent Hopper Crystals Cluster - Lab Grown""",15.5,2024-11-22,,,WorthPoint
bismuth-crystal,3.3LB Bismuth Crystal Cluster Plate + Display Stand Large 1516g Blue Gold Purpe,129,2024-11-20,1516,0.09,WorthPoint
bismuth-crystal,Rainbow Bismuth Crystal Specimen From England 57.2 Grams Display,9.99,2024-11-20,57.2,0.17,WorthPoint
bismuth-crystal,2.75LB Cubic Bismuth Crystal Cluster Large 1236g Blue Gold Purple Aura Energy XL,159,2024-11-16,1236,0.13,WorthPoint
bismuth-crystal,102cts Rainbow Bismuth Crystal Mineral Specimen,25,2024-11-16,20.4,1.23,WorthPoint
bismuth-crystal,Lot Of 6 Premium Rainbow Bismuth Crystal Clusters 220g,34.9,2024-11-16,220,0.16,WorthPoint
bismuth-crystal,2lb Rainbow Bismuth Crystal Cluster Large 936g,89,2024-11-14,936,0.1,WorthPoint
bismuth-crystal,Lot Of 3 Bismuth Crystal Skulls - 3 Piece Rainbow Bismuth Crystal Skull Lot,19.99,2024-11-12,,,WorthPoint
bismuth-crystal,5 Pc Bismuth Crystal Specimens Raw Freeform Healing Riki Witchcraft,15,2024-11-09,,,WorthPoint
bismuth-crystal,4lb Rainbow Bismuth Crystal Cluster Plate W/ Display Stand Large 1844g,139,2024-11-08,1844,0.08,WorthPoint
bismuth-crystal,"""3.1"""" BISMUTH Iridescent Hopper Crystals Cluster - Lab Grown""",16.5,2024-11-08,,,WorthPoint
bismuth-crystal,11 Rainbow Bismuth Crystal Clusters 1.25lb 572g Wholesale Lot,44.9,2024-11-07,572,0.08,WorthPoint
bismuth-crystal,50g Natural Aura Pink Titanium Quartz Crystal Cluster Mineral Specimens Healing,8.54,2024-11-05,50,0.17,WorthPoint
bismuth-crystal,50g Natural Rainbow Aura Titanium Bismuth Crystal Specimens Stone Amulet Healing,9.69,2024-11-05,50,0.19,WorthPoint
bismuth-crystal,"""Weird Bismuth Crystal Cluster Blue Gold 402g 4.25"""" X 3"""" Unique!""",39.9,2024-11-02,402,0.1,WorthPoint
bismuth-crystal,1pc Natural Iceland Spar Quartz Sphere Quartz Crystal Ball Reiki Healing,12.48,2024-10-29,,,WorthPoint
bismuth-crystal,Bismuth Mineral Element Display Specimen Weight: 62 Grams Size: 46x25 Mm,10,2024-10-28,62,0.16,WorthPoint
bismuth-crystal,Natural Quartz Crystal Point Stone Cluster Aura Rainbow Titanium Specimens Reiki,10.49,2024-10-28,,,WorthPoint
bismuth-crystal,Worlds Smallest US Coins Novelty Berlin Wall Piece Indian Head Buffalo Nickel +,19.9,2024-10-28,,,WorthPoint
bismuth-crystal,3.25LB Bismuth Crystal Cluster Plate + Display Stand Large 1474g Blue Gold Purpe,129,2024-10-25,1474,0.09,WorthPoint
bismuth-crystal,"RARE UNIQUE Bismuth Crystal DAYU CO., CHINA -Ex. Lemanski",154.5,2024-10-25,,,WorthPoint
bismuth-crystal,"""2"""" BISMUTH Iridescent Hopper Crystals Cluster - Lab Grown""",9,2024-10-25,,,WorthPoint
bismuth-crystal,Rainbow Bismuth Crystal Geode Egg-shaped,12.5,2024-10-22,,,WorthPoint
bismuth-crystal,50g Colorful Bismuth Bismuth Crystals High Purity Bismuth Metal Crystal Sample,11.98,2024-10-20,50,0.24,WorthPoint
bismuth-crystal,3.8 Pound / 60 Ounce Rainbow Bismuth Crystal - X1,209,2024-10-20,,,WorthPoint
bismuth-crystal,Colorful Bright Bismuth Crystal Mineral 50 Grams,22,2024-10-20,50,0.44,WorthPoint
bismuth-crystal,üî• Bismuth Crystal Iridescent Electronic Element Metal Display Multi Color,14.99,2024-10-20,,,WorthPoint
bismuth-crystal,üî• Bismuth Crystal Iridescent Aura Element Metal Display Multi Color,14.99,2024-10-20,,,WorthPoint
bismuth-crystal,1* Natural Polished Silk Banded Lace Agate Crystal Sardonyx Carnelian Palm Stone,9.99,2024-10-19,,,WorthPoint
bismuth-crystal,Rainbow Bismuth Crystal Cluster Chunk 142g,22.9,2024-10-19,142,0.16,WorthPoint
bismuth-crystal,Bismuth Crystal Ingot Bar,33,2024-10-18,,,WorthPoint
bismuth-crystal,Mixed Lot Of 27 Rainbow Bismuth Crystal Clusters 238g,24.9,2024-10-16,238,0.1,WorthPoint
bismuth-crystal,Rainbow Bismuth Crystal Specimen From England 49.5 Grams Display,12.99,2024-10-14,49.5,0.26,WorthPoint
bismuth-crystal,"‚òòÔ∏èRR‚öí: 34 Bismuth Crystal Specimens, 60 G.",6.5,2024-10-13,60,0.11,WorthPoint
bismuth-crystal,Bismuth Crystal Rainbow Sphere,30,2024-10-13,,,WorthPoint
bismuth-crystal,Metal Rainbow Bismuth Crystal,64.99,2024-10-12,,,WorthPoint
bismuth-crystal,2.2 Pound / 35 Ounce Rainbow Bismuth Crystal - X13,123,2024-10-12,,,WorthPoint
bismuth-crystal,Bismuth Metallic Element Sample 54 Gram Bar,11.86,2024-10-12,54,0.22,WorthPoint
bismuth-crystal,1.9 Pound / 30 Ounce Rainbow Bismuth Crystal - X17,104,2024-10-11,,,WorthPoint
bismuth-crystal,Natural Black Obsidian Obelisk Crystal Column Wand Point Healing Stone,17.98,2024-10-01,,,WorthPoint
bismuth-crystal,Natural Rainbow Aura Titanium Bismuth Crystal Specimen Gemstone Mineral Reiki US,9.21,2024-09-29,,,WorthPoint
bismuth-crystal,30g Natural Rainbow Aura Titanium Bismuth Crystal Stone Cluster Specimen Healing,8.35,2024-09-29,30,0.28,WorthPoint
bismuth-crystal,8LB Natural Rainbow Aura Titanium Bismuth Crystal Specimen Gemstone Rock Heal,159.5,2024-09-29,,,WorthPoint
bismuth-crystal,Bismuth Mineral Element Display Specimen Weight:36 Grams Size: 50x26 Mm,10,2024-09-28,36,0.28,WorthPoint
bismuth-crystal,"2.3"" BISMUTH Iridescent Hopper Crystals Cluster - Lab Grown",25.96,2024-09-27,,,WorthPoint
bismuth-crystal,Large Natural Aura Pink Titanium Quartz Crystal Point Stone Cluster Geode Reiki,12.29,2024-09-26,,,WorthPoint
bismuth-crystal,Bismuth Crystal 4.9 Cm # 17839,12.55,2024-09-24,,,WorthPoint
bismuth-crystal,Natural Aura Rainbow Titanium Bismuth Rock Stone Crystal Cluster Specimens Reiki,10.44,2024-09-21,,,WorthPoint
bismuth-crystal,Rainbow Bismuth Crystal Specimen From England 32.1 Grams Display,6.99,2024-09-19,32.1,0.22,WorthPoint
bismuth-crystal,1 Custom Bismuth Heart Bullion Ingot Purple Blue Gold,9.9,2024-09-09,,,WorthPoint
bismuth-crystal,Bismuth Crystal Chinese Rainbow Heart With Flowers,15,2024-09-06,,,WorthPoint
bismuth-crystal,1.5 Pound / 24.5 Ounce Rainbow Bismuth Crystal - X14,84,2024-09-01,,,WorthPoint
bismuth-crystal,2.6 Pound / 42 Ounce Rainbow Bismuth Crystal - X4,147,2024-08-28,,,WorthPoint
bismuth-crystal,Bismuth Crystals Imperfect Has Cracks Bulk Lot Of 778 Grams,50,2024-08-27,778,0.06,WorthPoint
bismuth-crystal,3 Ounces Bismuth Rainbow Crystal Elemental Gemstone Mineral Specimen Healing B01,15,2024-08-26,,,WorthPoint
bismuth-crystal,Bismuth Crystal Chinese Astronaut,12,2024-08-25,,,WorthPoint
bismuth-crystal,2.1 Pound / 33 Ounce Rainbow Bismuth Crystal - X10,96.9,2024-08-24,,,WorthPoint
bismuth-crystal,Bismuth Crystal Rainbow Troll,27,2024-08-24,,,WorthPoint
bismuth-crystal,Bismuth Crystal Feather,13,2024-08-24,,,WorthPoint
bismuth-crystal,2.4 Pound / 38 Ounce Rainbow Bismuth Crystal - X16,113.9,2024-08-22,,,WorthPoint
bismuth-crystal,Bismuth,24.8,2024-08-22,,,WorthPoint
bismuth-crystal,3 Pound / 48 Ounce Blue Bismuth Crystal - X15,142.8,2024-08-21,,,WorthPoint
bismuth-crystal,"Transparent Quartz, Aura Amethyst, Bismuth Crystal, Agate Geode + Many More",45,2024-08-21,,,WorthPoint
bismuth-crystal,"Beautiful Collectible Stones #8 | Coral, Tourmaline, Bismuth Crystal, Cactus Calcite & Others",264.56,2024-08-08,,,WorthPoint
bismuth-crystal,100g Natural Aura Purple Titanium Quartz Crystal Cluster Mineral Stone Specimens,11.01,2024-07-27,100,0.11,WorthPoint
bismuth-crystal,Bismuth Crystal Rainbow Ghost,29,2024-07-25,,,WorthPoint
bismuth-crystal,Bismuth Crystal Skull,19.99,2024-07-21,,,WorthPoint
bismuth-crystal,"5 Pounds Pure Bismuth Metal, Ghost Shaped",35,2024-07-17,,,WorthPoint
bismuth-crystal,Rainbow Bismuth Crystal Specimen From England 39.4 Grams Display,8.5,2024-07-04,39.4,0.22,WorthPoint
bismuth-crystal,Rare Natural Aura Purple Titanium Quartz Crystal Stone Cluster Specimens Healing,8.54,2024-07-04,,,WorthPoint
bismuth-crystal,Rainbow Bismuth Crystal Specimen From England 44.2 Grams Display,6.99,2024-07-04,44.2,0.16,WorthPoint
bismuth-crystal,Natural Titanium Bismuth Rare Metal Crystal Rainbow Mineral Gemstone 78g,15,2024-07-03,78,0.19,WorthPoint
bismuth-crystal,Rainbow Bismuth Crystal Specimen From England 148 Grams Display,29.99,2024-06-28,148,0.2,WorthPoint
bismuth-crystal,Rainbow Bismuth Crystal Specimen From England 38.6 Grams Display,6.99,2024-06-27,38.6,0.18,WorthPoint
bismuth-crystal,Natural Colorful Rainbow Bismuth Crystal Specimen Natural Healing Metal Trinket,7.5,2024-06-27,,,WorthPoint
bismuth-crystal,Bismuth Crystal Lab Grown 5.6 Cm # 19799,12.95,2024-06-18,,,WorthPoint
bismuth-crystal,"Iridescent Bismuth Crystals, Belgium",9,2024-06-17,,,WorthPoint
bismuth-crystal,120g Big Natural Aura Blue Titanium Stone Quartz Crystal Cluster Specimen Reiki,11.58,2024-06-15,120,0.1,WorthPoint
bismuth-crystal,Rare Natural Aura Red Titanium Quartz Crystal Cluster Chakra Healing Ore Stone,9.97,2024-06-15,,,WorthPoint
bismuth-crystal,Rainbow Bismuth Crystal Specimen From England 122 Grams Display,19.99,2024-06-11,122,0.16,WorthPoint
bismuth-crystal,Rainbow Bismuth Crystal Specimen From England 35.4 Grams Display,6.99,2024-06-07,35.4,0.2,WorthPoint
bismuth-crystal,Rare Natural Aura Green Titanium Quartz Crystal Cluster Chakra Healing Specimens,8.54,2024-06-07,,,WorthPoint
bismuth-crystal,2.9 Pound / 47 Ounce Rainbow Bismuth Crystal - F4,139,2024-06-06,,,WorthPoint
bismuth-crystal,Bismuth Crystal Rainbow Camel,60,2024-06-05,,,WorthPoint
bismuth-crystal,"Bismuth Crystal Stone Extra Large Specimen For Collecting,Wire Wrapping,Wicca",29.95,2024-06-04,,,WorthPoint
bismuth-crystal,80g Natural Aura Red Titanium Quartz Crystal Cluster Healing Gemstone Specimens,9.97,2024-06-04,80,0.12,WorthPoint
bismuth-crystal,1pc Quartz Crystal Silk Agate Sphere Ball Lace Agate Ball Healing 50g+ US,12.49,2024-06-02,50,0.25,WorthPoint
bismuth-crystal,(7) Bismuth Crystal Specimens,76.7,2024-06-01,,,WorthPoint
bismuth-crystal,Rainbow Bismuth Crystal Specimen From England 48.6 Grams Display,9.99,2024-05-30,48.6,0.21,WorthPoint
bismuth-crystal,Rainbow Bismuth Crystal Specimen From England 41.5 Grams Display,9.99,2024-05-30,41.5,0.24,WorthPoint
bismuth-crystal,Rainbow Bismuth Crystal Specimen From England 35.7 Grams Display,9.99,2024-05-30,35.7,0.28,WorthPoint
bismuth-crystal,"3.2"" Wild Colors Skeletal BISMUTH Crystals Stair Step Formation Germany For Sale",26.25,2024-05-27,,,WorthPoint
bismuth-crystal,Bismuth Crystals - 128 Grams - Fairy Garden / Collection / Gift,8.49,2024-05-24,128,0.07,WorthPoint
bismuth-crystal,Varita De Selenita Con Cristal Bismuto /Selenite Charging Wand W/Bismuth Crystal,88.73,2024-05-22,,,WorthPoint
bismuth-crystal,Natural Gemstone Rainbow Aura Titanium Bismuth Crystal Specimen Reiki Rock US,10.22,2024-05-13,,,WorthPoint
bismuth-crystal,Aura Titanium Quartz And Bismuth Crystal Lot,5.5,2024-05-13,,,WorthPoint
bismuth-crystal,Colored Bismuth Crystals! Beautiful! Rare! One Of A Kind Piece! Free Shipping!,14.95,2024-05-11,,,WorthPoint
bismuth-crystal,(5) New Zealand Bismuth Crystal Specimens,53.1,2024-05-11,,,WorthPoint
bismuth-crystal,Bismuth Crystal Heart Geode,35,2024-05-06,,,WorthPoint
bismuth-crystal,Bismuth Crystal Rainbow Coin Pentagram,12.5,2024-05-05,,,WorthPoint
bismuth-crystal,Bismuth Crystal Buddha Carving,35,2024-05-02,,,WorthPoint
bismuth-crystal,"Bismuth Crystal Geode Large Specimen For Collecting,Wire Wrapping,Wicca",59.95,2024-04-28,,,WorthPoint
bismuth-crystal,Bismuth Metal Crystal Specimen - 132 Grams - Collect / Gift / Display,9,2024-04-24,132,0.07,WorthPoint
bismuth-crystal,Rainbow Bismuth Crystal Specimen From England 79.6 Grams Display,14.99,2024-04-09,79.6,0.19,WorthPoint
bismuth-crystal,Rainbow Bismuth Crystal Specimen From England 60.9 Grams Display,9.99,2024-04-05,60.9,0.16,WorthPoint
bismuth-crystal,Rainbow Bismuth Crystal Specimen From England 45.8 Grams Display,8.99,2024-04-05,45.8,0.2,WorthPoint
bismuth-crystal,"CLASSIC Native Bismuth Crystal ST. IVES, ENGLAND",625,2024-04-05,,,WorthPoint
bismuth-crystal,Minerals : Bismuth Crystal With No Matrix From The Lakeng Tungsten Mine In China,21.5,2024-04-03,,,WorthPoint
bismuth-crystal,120g Natural Aura Green Titanium Quartz Crystal Cluster Mineral Gemstone Healing,11.58,2024-03-31,120,0.1,WorthPoint
bismuth-crystal,50g Natural Rainbow Aura Quartz Crystal Titanium Bismuth Ore Specimen Healing US,9.21,2024-03-30,50,0.18,WorthPoint
bismuth-crystal,2.2 Pound / 36 Ounce Rainbow Bismuth Crystal - E12,109,2024-03-28,,,WorthPoint
bismuth-crystal,2.3 Pound / 37 Ounce Rainbow Bismuth Crystal - E7,109,2024-03-26,,,WorthPoint
bismuth-crystal,Natural Rainbow Aura Titanium Bismuth Crystal Cluster Energy Mineral Stone Reiki,9.69,2024-03-23,,,WorthPoint
bismuth-crystal,Bismuth Crystal Specimen Small (13.7 Grams),12,2024-03-21,13.7,0.88,WorthPoint
bismuth-crystal,Bismuth Crystal Specimen Small (14.8 Grams),12,2024-03-21,14.8,0.81,WorthPoint
bismuth-crystal,4 Bismuth Rainbow Crystals - Natural,10.99,2024-03-19,,,WorthPoint
bismuth-crystal,Rainbow Bismuth Crystal Specimen From England 42.7 Grams Display,9.99,2024-03-19,42.7,0.23,WorthPoint
bismuth-crystal,Bismuth Crystal Gold Mayan Medallion,50,2024-03-12,,,WorthPoint
bismuth-crystal,Bismuth Crystal Rainbow Tower Skull,140,2024-03-12,,,WorthPoint
bismuth-crystal,"Round .999 Pure Dimagnetic Bismuth Rainbow Crystal Natural Aura, Crystalized",39.5,2024-03-09,,,WorthPoint
bismuth-crystal,Rainbow Bismuth Crystal Specimen From England 94 Grams Display,17.99,2024-03-07,94,0.19,WorthPoint
bismuth-crystal,8lbs Pounds Of 99.99% Pure Bismuth Metal Unique Metals Crystal Low Melting Point,69,2024-03-04,,,WorthPoint
bismuth-crystal,132g Rainbow Bismuth Crystal Cluster Point 4.7oz,17.9,2024-03-03,132,0.14,WorthPoint
bismuth-crystal,Bismuth Crystal Snake,15,2024-03-02,,,WorthPoint
bismuth-crystal,Bismuth Crystal Rainbow Skull With Cobras (1),25,2024-03-02,,,WorthPoint
bismuth-crystal,"Large 2.75lb Rainbow Bismuth Crystal Cubic Cluster 1250g 5""x3.5""x3""",69,2024-02-27,1250,0.06,WorthPoint
bismuth-crystal,Minerals : Outstanding Group Of Bismuth Crystals From Wolfram Camp In Australia,79.5,2024-02-18,,,WorthPoint
bismuth-crystal,Rainbow Bismuth Crystal Elephant Ganesha 126g Metal Art Home Decor,45,2024-02-17,126,0.36,WorthPoint
bismuth-crystal,Minerals : Grey Bismuth Crystal Group With No Matrix From Kingsgate In Australia,34.5,2024-02-16,,,WorthPoint
bismuth-crystal,Bismuth Crystal Extra Large Specimen For Collecting,21,2024-02-16,,,WorthPoint
bismuth-crystal,Rainbow Bismuth Crystal Specimen From England 46.6 Grams Display,9.99,2024-02-15,46.6,0.21,WorthPoint
bismuth-crystal,"Large 2.5lb Rainbow Bismuth Cubic Crystal Cluster 1148g 4"" Tall X 4"" X 2.25""",89,2024-02-14,1148,0.08,WorthPoint
bismuth-crystal,"Bismuth Crystal Extra Large Specimen For Collecting,Wire Wrapping,",22,2024-02-11,,,WorthPoint
bismuth-crystal,Rainbow Bismuth Crystal Specimen From England 88 Grams Display,11.69,2024-02-10,88,0.13,WorthPoint
bismuth-crystal,Bismuth 1 Kg Wholesale Lot (A-B-grade) Rainbow Crystals,49.9,2024-02-07,1000,0.05,WorthPoint
bismuth-crystal,Bismuth Crystal Rainbow Heart Pendant -Cord-,35,2024-02-06,,,WorthPoint
bismuth-crystal,Rainbow Bismuth Crystal Specimen From England 39.9 Grams Display,8.99,2024-02-06,39.9,0.23,WorthPoint
bismuth-crystal,Rainbow Bismuth Crystal Specimen From England 52.9 Grams Display,15.5,2024-02-06,52.9,0.29,WorthPoint
bismuth-crystal,Natural Rainbow Aura Metal Titanium Bismuth Crystal Cluster Stone Specimen Reiki,8.79,2024-02-03,,,WorthPoint
bismuth-crystal,"5Pcs Bismuth Turquoise Pendant W Cord. Genuine Bismuth Crystal, 2.15"" Large...",19.99,2024-02-02,,,WorthPoint
bismuth-crystal,"Bismuth Crystal, Rainbow Geometric Bismuth In Glass Display Jar W/ Cork App 2.2""",6.54,2024-02-01,,,WorthPoint
bismuth-crystal,"Minerals : Bismuth Crystal With No Other Matrix, Lakeng Tungsten Deposit, China",12.09,2024-02-01,,,WorthPoint
bismuth-crystal,"Bismuth Metal Ingot 99.99% Pure - 9.23 POUNDS, 4187 Grams",64,2024-01-31,4187,0.02,WorthPoint
bismuth-crystal,Bismuth Crystal Rainbow Angel,37,2024-01-30,,,WorthPoint
bismuth-crystal,Rainbow Bismuth Crystal Specimen From England 95.1 Grams Display,19.99,2024-01-27,95.1,0.21,WorthPoint
bismuth-crystal,292g Natural Rainbow Aura Titanium Bismuth Ore Crystal Gemstone Specimens,22.5,2024-01-27,292,0.08,WorthPoint
bismuth-crystal,"Bismuth Metal Ingot 99.99% Pure - 7.86 POUNDS, 3566 Grams",55,2024-01-22,3566,0.02,WorthPoint
bismuth-crystal,"2.4"" Hopper BISMUTH Crystals Shiny Metallic Blue-Silver-Magenta England For Sale",30,2024-01-22,,,WorthPoint
bismuth-crystal,AAA Natural Aura Rainbow Quartz Titanium Bismuth Crystal Point Specimen Healing,10.69,2024-01-20,,,WorthPoint
bismuth-crystal,"Extra Large 7.9lb Rainbow Bismuth Crystal Cube 3610g 5.5""x6""x5"" HUGE And RARE!",239,2024-01-12,3610,0.07,WorthPoint
bismuth-crystal,Bismuth Crystal 4.9 Cm # 17843,10.95,2024-01-06,,,WorthPoint
bismuth-crystal,Rainbow Bismuth Crystal Specimen From England 94.4 Grams Display,14.99,2024-01-04,94.4,0.16,WorthPoint
bismuth-crystal,Rainbow Bismuth Crystal Specimen From England 68.5 Grams Display,9.99,2024-01-04,68.5,0.15,WorthPoint
bismuth-crystal,Bismuth Crystal Dragonfly,15,2024-01-01,,,WorthPoint
bismuth-crystal,Bismuth Crystal Egg (1),20,2024-01-01,,,WorthPoint
bismuth-crystal,Bismuth Crystal Rainbow Pit Bull Head,18,2024-01-01,,,WorthPoint
bismuth-crystal,Rainbow Bismuth Crystal Specimen From England 61.8 Grams Display,8.99,2023-12-31,61.8,0.15,WorthPoint
bismuth-crystal,"Amber With Insect Inclusion, Bismuth Rose Quartz, Arrow Heads, Agate Slice",15,2023-12-29,,,WorthPoint
bismuth-crystal,Rainbow Bismuth Crystal Specimen From England 63 Grams Display,13.49,2023-12-27,63,0.21,WorthPoint
bismuth-crystal,AMAZING Bismuth Crystal (China) - FREE SHIPPING #192,16.99,2023-12-23,,,WorthPoint
bismuth-crystal,Bismuth Crystal Turtle Tortoise Carving Figurine Crystal Rainbow Color Reiki,20,2023-12-18,,,WorthPoint
bismuth-crystal,Lot Of 3 Rainbow Bismuth Crystals 322g 11.3oz Christmas Stocking Stuffer Gifts,22.32,2023-12-18,322,0.07,WorthPoint
bismuth-crystal,Natural Aura Purple Titanium Quartz Crystal Point Stone Cluster Specimens Reiki,11.69,2023-12-16,,,WorthPoint
bismuth-crystal,11oz Rainbow Bismuth Crystal Clusters 310g,23.92,2023-12-15,310,0.08,WorthPoint
bismuth-crystal,"Large Lot Of Rainbow Military Made Bismuth Crystal Clusters - 10.8 Oz, 306 Grams",10,2023-12-14,306,0.03,WorthPoint
bismuth-crystal,"New Bismuth Crystal Rainbow Cat Crying / See No Evil Figurine 2.5"" Stunning",25,2023-12-14,,,WorthPoint
bismuth-crystal,100g Natural Gemstone Rainbow Aura Titanium Bismuth Crystal Specimen Reiki Rock,10,2023-12-13,100,0.1,WorthPoint
bismuth-crystal,Rainbow Bismuth Crystal Specimen,5.5,2023-12-13,,,WorthPoint
bismuth-crystal,12.4oz Rainbow Bismuth Crystal Clusters 352g,27.92,2023-12-13,352,0.08,WorthPoint
bismuth-crystal,Bismuth Crystal Rainbow Rhino,25,2023-12-12,,,WorthPoint
bismuth-crystal,"Large 2.9lb Rainbow Bismuth Crystal Energon Cube 1330g 3.5"" Tall X 5""x4.5""",119.92,2023-12-11,1330,0.09,WorthPoint
bismuth-crystal,Bismuth Crystal Rainbow Dog Dachshund Figurine Carving,39.95,2023-12-10,,,WorthPoint
bismuth-crystal,Bismuth Crystal Mimic Figurine Carving Talking Treasure Chest Rainbow Color,67,2023-12-10,,,WorthPoint
bismuth-crystal,"Large 3.5lb Rainbow Bismuth Crystal Cluster 1608g 5.5""x4.5""x4"" NICE!",152.15,2023-12-07,1608,0.09,WorthPoint
bismuth-crystal,Rainbow Bismuth Crystal Specimen From England 68 Grams Display,13.49,2023-12-06,68,0.2,WorthPoint
bismuth-crystal,"Lot Of 25 Polished Rocks Tumbled Stones Gemstone Mix Many Colors 1"" And Smaller",5,2023-12-06,,,WorthPoint
bismuth-crystal,"Lot Of 6 Rainbow Bismuth Crystal Clusters 1.2lbs, 514g",55.16,2023-12-06,514,0.11,WorthPoint
bismuth-crystal,Mineral Specimens: Man-Made Bismuth Crystals (Artificially Crystallized),10,2023-12-06,,,WorthPoint
bismuth-crystal,Bismuth Crystal Gummy Bear (1),8,2023-12-04,,,WorthPoint
bismuth-crystal,Natural Aura Purple Amethyst Quartz Crystal Cluster Titanium Gemstone Healing US,12.29,2023-11-30,,,WorthPoint
bismuth-crystal,Rainbow Bismuth Crystal Specimen From England 54.2 Grams Display,14.99,2023-11-29,54.2,0.28,WorthPoint
bismuth-crystal,Big! Hollow Half Sphere Full Of Super Symmetrical BISMUTH Crystals 518gr,69.99,2023-11-28,518,0.14,WorthPoint
bismuth-crystal,"Mini Bismuth Crystals - Rainbow Bismuth Organic Shapes, 0.75 - 1.5"" (AAA Grade)",7.95,2023-11-25,,,WorthPoint
bismuth-crystal,Bismuth Crystal Rainbow Ninja Koi,49,2023-11-24,,,WorthPoint
bismuth-crystal,"Extra Large 4lb Rainbow Bismuth Crystal Cluster 1852g 5.75"" Tall X5""x3.5"" NICE!",224.1,2023-11-20,1852,0.12,WorthPoint
bismuth-crystal,"Science Art - ""Dichotomy"" True Levitation Using Bismuth, Element 83 Maglev",79.95,2023-11-18,,,WorthPoint
bismuth-crystal,Rainbow Bismuth Crystal Specimen From England 120 Grams Display,19.99,2023-11-18,120,0.17,WorthPoint
bismuth-crystal,Bismuth Crystal Rainbow T-Rex Skull.,15,2023-11-17,,,WorthPoint
bismuth-crystal,"1pc Natural Yooperite Mineral Skull Quartz Crystal Carved Skull Reiki Healing 2""",16.98,2023-11-17,,,WorthPoint
bismuth-crystal,"Lot Of 9 Rainbow Bismuth Crystal Clusters 2.7lbs, 1228g, 1.5"" To 3"" In Size",71.1,2023-11-17,1228,0.06,WorthPoint
bismuth-crystal,2 Lb. Mixed Lot Of Rainbow Bismuth Crystals,62.1,2023-11-17,,,WorthPoint
bismuth-crystal,30g Natural Aura Rainbow Quartz Titanium Bismuth Crystal Cluster Healing Reiki,8.99,2023-11-15,30,0.3,WorthPoint
bismuth-crystal,Bismuth 1 Kg Wholesale Lot (AAA-grade) Rainbow Crystals,69.9,2023-11-14,1000,0.07,WorthPoint
bismuth-crystal,1.75 Pound Wholesale Lot Of Bismuth Crystal Specimens,31,2023-11-14,,,WorthPoint
bismuth-crystal,8.9oz Rainbow Bismuth Crystal 248g Strange Formation!,24.9,2023-11-10,248,0.1,WorthPoint
bismuth-crystal,Minerals : Group Of 2 Grey Bismuth Crystals From Laikeng Tungsten Mine In China,31,2023-11-09,2,15.5,WorthPoint
bismuth-crystal,"Minerals : Bismuth Crystals With Some Blue Iridescence From Bickenbach, Germany",6,2023-11-09,,,WorthPoint
bismuth-crystal,Bismuth Crystal Rainbow Megalodon,35,2023-11-05,,,WorthPoint
bismuth-crystal,"Rainbow Bismuth Crystals. New Great For Crafts And Decorations, Mermaid Jewelry",12,2023-11-02,,,WorthPoint
bismuth-crystal,Bismuth Crystal Chinese Dinosaur,19,2023-10-28,,,WorthPoint
bismuth-crystal,Bismuth Crystal Rainbow Paw Pendant And Leather Cord.,45,2023-10-25,,,WorthPoint
bismuth-crystal,Rainbow Bismuth Crystal Specimen From England 108 Grams Display,14.99,2023-10-13,108,0.14,WorthPoint
bismuth-crystal,Lot Of 3 Rainbow Bismuth Crosses Cross Pendant,16.9,2023-10-13,,,WorthPoint
bismuth-crystal,Bismuth Crystal Ore,11.7,2023-10-12,,,WorthPoint
bismuth-crystal,1x Natural Tiger's Eye Quartz Crystal Pendant Wolf Skull Hand Carved Healing US,11.98,2023-10-11,,,WorthPoint
bismuth-crystal,1pc 1.5''Top Natural Obsidian Hand Carved Panda Skull Quartz Crystal Healing US,11.98,2023-10-07,,,WorthPoint
bismuth-crystal,Piezoelectric Wizards Wand,150,2023-10-07,,,WorthPoint
bismuth-crystal,"Assorted Mineral Rock Specimens, Bismuth Crystals",100,2023-10-06,,,WorthPoint
bismuth-crystal,100g 100%NATURAL Lemurian Seed CLEAR Quartz Crystal Point Specimen Fashion,10.99,2023-10-05,100,0.11,WorthPoint
bismuth-crystal,"Rainbow Bismuth Crystal Pyramid Display, Mantle, Or Statement Piece",25,2023-10-04,,,WorthPoint
bismuth-crystal,"Large Rainbow Bismuth Crystal, 5.5"" 385g Made By The Bismuth Smith",99.99,2023-10-04,385,0.26,WorthPoint
bismuth-crystal,"Bismuth Crystal Large Specimen For Collecting,Wire Wrapping,",23,2023-10-04,,,WorthPoint
bismuth-crystal,12.4oz Rainbow Bismuth Crystal Clusters 352g Awesome Colors!,44.9,2023-10-04,352,0.13,WorthPoint
bismuth-crystal,Big! Super Symmetrical Gold Blue Green Purple AAA BISMUTH Crystal 156gr,39.99,2023-10-04,156,0.26,WorthPoint
bismuth-crystal,2.1 Pound / 955 Gram Blue Bismuth Crystal - F21,118,2023-10-02,955,0.12,WorthPoint
bismuth-crystal,"2"" Rainbow Titanium Melting Quartz Hand Carved Skull Crystal Reiki Healing 1PC",12.98,2023-09-28,,,WorthPoint
bismuth-crystal,100g 0.22 Lb Natural Raw Rough Yellow Citrine Crystal Stone Quartz Lots US,10.99,2023-09-26,100,0.11,WorthPoint
bismuth-crystal,Bismuth Crystal Game Hearts -set Of 2,30,2023-09-26,,,WorthPoint
bismuth-crystal,Vintage Gem BISMUTH RAINBOW Crystals Lab Grown In Germany Mineral Specimen 52g,11,2023-09-25,52,0.21,WorthPoint
bismuth-crystal,Bismuth Crystal Wolf And Cubs,40,2023-09-23,,,WorthPoint
bismuth-crystal,Bismuth Crystal Howling Wolves (1),20,2023-09-23,,,WorthPoint
bismuth-crystal,Large 11.4oz Rainbow Bismuth Crystal Cluster 322g,38.16,2023-09-19,322,0.12,WorthPoint
bismuth-crystal,Bismuth Crystal Rainbow Lucky Cat,65,2023-09-18,,,WorthPoint
bismuth-crystal,"124g Angel Aura Amethyst Geode Titanium Bismuth Crystal Cluster, Specimen, Raw",27,2023-09-17,124,0.22,WorthPoint
bismuth-crystal,Bismuth Crystal Rooster,40,2023-09-17,,,WorthPoint
bismuth-crystal,Bismuth Crystal Rainbow XL Hippo,140,2023-09-15,,,WorthPoint
bismuth-crystal,Bismuth Crystal Chinese Yoda,37.5,2023-09-15,,,WorthPoint
bismuth-crystal,Large 2.2LB Rainbow Bismuth Crystal Cubic Cluster 990g,101.92,2023-09-13,990,0.1,WorthPoint
bismuth-crystal,"Large 4.1LB Rainbow Bismuth Crystal Pyramid Cluster 1874g 6.5"" X 7"" X 5.5""",152.15,2023-09-11,1874,0.08,WorthPoint
bismuth-crystal,Rainbow Bismuth Crystal Cluster Lab-Grown Rocks Mineral Specimen Science,11,2023-09-11,,,WorthPoint
bismuth-crystal,Bismuth Crystal Gmome Carving,35,2023-09-10,,,WorthPoint
bismuth-crystal,Brooches,16,2023-09-08,,,WorthPoint
bismuth-crystal,"Large 3LB Rainbow Bismuth Crystal Cluster Plate W/Stand 1390g 7.5""x4.5""x1.5""",101.15,2023-09-08,1390,0.07,WorthPoint
bismuth-crystal,50g Rare Corundum Gemstone Red Ruby Rough Specimen Crystal Healing Stone,13.98,2023-09-06,50,0.28,WorthPoint
bismuth-crystal,Bismuth Crystal Gold Gnome,22.99,2023-09-06,,,WorthPoint
bismuth-crystal,Minerals : Outstanding Bismuth Crystals On All Sides From Schneeberg In Germany,124,2023-09-06,,,WorthPoint
bismuth-crystal,Super Symmetrical Pink Gold Blue Green & Purple BISMUTH Crystal 164gr,39.99,2023-09-03,164,0.24,WorthPoint
bismuth-crystal,138g Rainbow Bismuth Cubic Crystal 4.9oz Energon Cube,20.61,2023-09-02,138,0.15,WorthPoint
bismuth-crystal,Bismuth Crystal Specimen Lot - 6.91 Oz. - 196 Grams,19.99,2023-08-29,196,0.1,WorthPoint
bismuth-crystal,"Rainbow Bismuth Crystal 20 Oz, US Made And Shipped (20-2006)",40,2023-08-23,567,0.07,WorthPoint
bismuth-crystal,Big! Super Symmetrical Gold Blue And Purple AAA BISMUTH Crystal 223gr,44.99,2023-08-17,223,0.2,WorthPoint
bismuth-crystal,"3.89"" Iridescent Metallic Hoppered Bismuth Crystals Germany ""lab Grown"" Z-189",67.5,2023-08-16,,,WorthPoint
bismuth-crystal,BIG! Super Symmetrical Teal Purple Gold & Blue BISMUTH Crystal 220gr,39.99,2023-08-13,220,0.18,WorthPoint
bismuth-crystal,BIG! Super Symmetrical Pink Gold Blue And Purple BISMUTH Crystal 320gr,59.99,2023-08-13,320,0.19,WorthPoint
bismuth-crystal,Big! Super Symmetrical Gold Purple & Blue AAA BISMUTH Crystal 232gr,39.99,2023-08-13,232,0.17,WorthPoint
bismuth-crystal,Bismuth Crystal Specimen Small (13.4 Grams),12,2023-08-13,13.4,0.9,WorthPoint
bismuth-crystal,Bismuth Crystal Specimen Small (13.1 Grams),12,2023-08-13,13.1,0.92,WorthPoint
bismuth-crystal,Large 1.6LB Rainbow Bismuth Crystal Cluster 716g,89.9,2023-08-10,716,0.13,WorthPoint
bismuth-crystal,Bismuth Crystal Middle Finger And Carl Coin,55,2023-08-10,,,WorthPoint
bismuth-crystal,Bismuth Crystal Rainbow Pistol Shaped,25,2023-08-10,,,WorthPoint
bismuth-crystal,Large 4.4LB Rainbow Bismuth Crystal Cluster Display Plate W/Stand 1980g,169,2023-08-09,1980,0.09,WorthPoint
bismuth-crystal,Bismuth Gold (1 Pc) Crystal Mineral Specimen Teaching Education Jewelry,14.99,2023-08-09,,,WorthPoint
bismuth-crystal,Bismuth Green (1 Pc) Crystal Mineral Specimen Teaching Education Jewelry,14.99,2023-08-09,,,WorthPoint
bismuth-crystal,Bismuth Magenta (1 Pc) Crystal Mineral Specimen Teaching Education Jewelry,14.99,2023-08-09,,,WorthPoint
bismuth-crystal,Midnight-Blue Bismuth Crystal Cluster Lab-Grown Rocks Minerals Science Specimen,29.99,2023-08-09,,,WorthPoint
bismuth-crystal,Blue Bismuth Egg Geode Crystal Display Specimen Lab-Grown Minerals Teaching,37.99,2023-08-09,,,WorthPoint
bismuth-crystal,"Rainbow Bismuth 2.5"" Crystal Cluster Lab-Grown Rocks Mineral Specimen Science",29.99,2023-08-09,,,WorthPoint
bismuth-crystal,Rainbow Bismuth Crystal Egg Geode Lab Grown Minerals Display Specimen Rocks,34.99,2023-08-09,,,WorthPoint
bismuth-crystal,Rainbow Bismuth Crystal Mineral Specimen Wire Wrapped Jewelry-Size 15g To 20g,9.99,2023-08-09,15,0.67,WorthPoint
bismuth-crystal,Bismuth Crystals 6 Pc Jewelry-Size Rainbow Minerals Wire Wrap Rocks Lab Grown,14.99,2023-08-09,,,WorthPoint
bismuth-crystal,Rainbow Bismuth Geode Crystal Display Specimen Lab-Grown Rocks Minerals,34.99,2023-08-09,,,WorthPoint
bismuth-crystal,Bismuth 1 Kg Wholesale Lots Top-Grade Rainbow Crystals Bulk Mineral Specimens,110,2023-08-09,1000,0.11,WorthPoint
bismuth-crystal,Big! Super Symmetrical Gold And Blue AAA BISMUTH Crystal 182gr,39.99,2023-08-08,182,0.22,WorthPoint
bismuth-crystal,Bismuth (XXL Ultra-Vivid) Crystal Cluster Rainbow Mineral Specimen Lab-Grown,39.99,2023-08-08,,,WorthPoint
bismuth-crystal,Rainbow Bismuth Crystals. 1 Lb,50,2023-08-07,,,WorthPoint
bismuth-crystal,Rainbow Bismuth Crystal Specimen From England 58.3 Grams Display,14.99,2023-08-06,58.3,0.26,WorthPoint
bismuth-crystal,Rainbow Bismuth Crystal Specimen From England 74.9 Grams Display,19.99,2023-08-06,74.9,0.27,WorthPoint
bismuth-crystal,Rainbow Bismuth Crystal Specimen From England 46 Grams Display,12.99,2023-08-06,46,0.28,WorthPoint
bismuth-crystal,Rainbow Bismuth Crystal Specimen From England 90 Grams Display,19.99,2023-08-06,90,0.22,WorthPoint
bismuth-crystal,Rainbow Bismuth Crystal Specimen From England 52 Grams Display,9.99,2023-08-06,52,0.19,WorthPoint
bismuth-crystal,Rainbow Bismuth Crystal Specimen From England 47.6 Grams Display,9.99,2023-08-06,47.6,0.21,WorthPoint
bismuth-crystal,Rainbow Bismuth Crystal Specimen From England 45.2 Grams Display,9.99,2023-08-06,45.2,0.22,WorthPoint
bismuth-crystal,Rainbow Bismuth Crystal Specimen From England 38.1 Grams Display,9.99,2023-08-06,38.1,0.26,WorthPoint
bismuth-crystal,Rainbow Bismuth Crystal Specimen From England 37.3 Grams Display,9.99,2023-08-06,37.3,0.27,WorthPoint
bismuth-crystal,"Blue Bismuth Crystal 2"" Mineral Specimen Cluster Lab-Grown Mineral Specimen",24.99,2023-08-05,,,WorthPoint
bismuth-crystal,"Rainbow Bismuth 3"" Crystal Cluster Lab-Grown Rocks Mineral Specimen Science",34.99,2023-08-05,,,WorthPoint
bismuth-crystal,Rainbow Bismuth Crystal Specimen From England 48 Grams Display,9.99,2023-08-03,48,0.21,WorthPoint
bismuth-crystal,Large 1LB Rainbow Bismuth Crystal Cluster 452g,59.9,2023-07-31,452,0.13,WorthPoint
bismuth-crystal,HUGE! Super Symmetrical Teal Green Purple Gold & Blue BISMUTH Crystal 369gr,59.99,2023-07-27,369,0.16,WorthPoint
bismuth-crystal,"Bismuth Crystals, Goldstone, Tiger Eye, Jewelry Box (9)",37.76,2023-07-26,,,WorthPoint
bismuth-crystal,"20 Extra Small Rainbow Bismuth Crystals 98g For Pendants, Jewelry, Earrings",16.9,2023-07-26,98,0.17,WorthPoint
bismuth-crystal,"Rainbow Bismuth Crystal Cubic 5.5oz, 156g",19.9,2023-07-26,156,0.13,WorthPoint
bismuth-crystal,35x19x12mm Colorful Bismuth Crystal For Wire Wrapping Or Collection Display,26,2023-07-26,,,WorthPoint
bismuth-crystal,Lg Rainbow Bismuth Crystal Lab-Grown Cluster Pyramid Display Rocks Minerals,19.99,2023-07-26,,,WorthPoint
bismuth-crystal,Big BISMUTH Crystal Mineral Green Ôøº Ôøºteal Blue Pink Purple Lab Created Unique,12.99,2023-07-24,,,WorthPoint
bismuth-crystal,Bismuth Crystals (30 Pcs) Rainbow Wire Wrapping Minerals Rocks Lab Grown,43.99,2023-07-20,,,WorthPoint
bismuth-crystal,A Mesmerising BISMUTH Crystal. Dimensions: 52 X 27...,102,2023-07-17,,,WorthPoint
bismuth-crystal,"Large 7LB Rainbow Bismuth Crystal Cluster 3180g 6.5"" X 7"" X 5.5""",290,2023-07-13,3180,0.09,WorthPoint
bismuth-crystal,Bismuth 1 Lb Lot (Seconds) Wholesale Rainbow Minerals Crystals (Flawed) Stones,37.99,2023-07-11,,,WorthPoint
bismuth-crystal,Bismuth (XL Ultra-Vivid) Crystal Cluster Rainbow Mineral Specimen Lab-Grown,27.99,2023-07-09,,,WorthPoint
bismuth-crystal,Bismuth Crystal Mineral Pieces. Beautiful Vibrant Colors.,10,2023-07-07,,,WorthPoint
bismuth-crystal,Bismuth 1 Kg Lot (Seconds) Wholesale Rainbow Minerals Crystals (Flawed) Stones,67.99,2023-07-07,1000,0.07,WorthPoint
bismuth-crystal,Iridescent Bismuth Specimen Rainbow Hopper Crystal Cluster Mineral W/ ID Card,6.99,2023-07-05,,,WorthPoint
bismuth-crystal,XL Rainbow Bismuth Crystal Lab-Grown Minerals Specimen Display Rocks Pyramid,24.99,2023-07-01,,,WorthPoint
bismuth-crystal,"Lot Of 6 Rainbow Bismuth Crystal Clusters 1LB, 470g",49.9,2023-06-25,470,0.11,WorthPoint
bismuth-crystal,Bismuth Crystal Rainbow Coin (1),12.5,2023-06-22,,,WorthPoint
bismuth-crystal,"2"" BEAUTIFUL RAINBOW BISMUTH CRYSTAL MINERAL CLUSTER (LAB GROWN) ~ 58.2grams *1",18.14,2023-06-21,58.2,0.31,WorthPoint
bismuth-crystal,Bismuth Crystals (8 Pcs) Rainbow Wire Wrapping Lab Grown Minerals - Jewelry Size,17.99,2023-06-21,,,WorthPoint
bismuth-crystal,Rainbow Bismuth Crystal Specimen From England 37.7 Grams Display,9.99,2023-06-17,37.7,0.26,WorthPoint
bismuth-crystal,Bismuth Crystal Angel Carving,8,2023-06-16,,,WorthPoint
bismuth-crystal,Rainbow Bismuth Crystal Specimen From England 86.7 Grams Display,9.99,2023-06-16,86.7,0.12,WorthPoint
bismuth-crystal,"Bismuth Crystal 3 Pieces 2lbs, 3 Oz",25.99,2023-06-14,85.05,0.31,WorthPoint
bismuth-crystal,10Pcs 30g Natural Aura Rainbow Quartz Titanium Bismuth Crystal Cluster Specimen,39.99,2023-06-14,30,1.33,WorthPoint
bismuth-crystal,Rainbow Bismuth Crystal Specimen From England 20.5 Grams Display,6.99,2023-06-14,20.5,0.34,WorthPoint
bismuth-crystal,Minerals : Bismuth Crystals On All Sides From The Allies Mine In Australia,32.5,2023-06-13,,,WorthPoint
bismuth-crystal,"Lot Of 23 Rainbow Bismuth Crystals 1.9lbs, 880g",69,2023-06-11,880,0.08,WorthPoint
bismuth-crystal,"EXCELLENT 'FEATHER' BISMUTH CRYSTAL- 5.2 Cm - SCHNEEBERG, GERMANY 27209",180,2023-06-10,,,WorthPoint
bismuth-crystal,Bismuth & Chalcopyrite Set Crystal Display Mineral Specimen Peacock Ore Rainbow,19.99,2023-06-09,,,WorthPoint
bismuth-crystal,Bismuth Crystal Rainbow Flower,30,2023-06-08,,,WorthPoint
bismuth-crystal,Bismuth Crystal Seahorse,12,2023-06-06,,,WorthPoint
bismuth-crystal,Bismuth Wholesale Lots Top-Grade Rainbow Crystals Bulk Mineral Specimens,300,2023-06-04,,,WorthPoint
bismuth-crystal,"1 Custom Bismuth Heart Purple Blue Gold, Christmas Stocking Stuffer Gift",10.9,2023-06-03,,,WorthPoint
bismuth-crystal,BIG! Super Symmetrical Teal Green Purple Gold & Blue BISMUTH Crystal 276gr,69.99,2023-06-03,276,0.25,WorthPoint
bismuth-crystal,Nice Lot Of Pure Bismuth Specimens. Beautiful Crystal Structure,40,2023-06-01,,,WorthPoint
bismuth-crystal,Bismuth (Ultra-Vivid) Rainbow Geode Crystal Chakra Healing Minerals Reiki,32.99,2023-05-31,,,WorthPoint
bismuth-crystal,Geode Agate & Fossil Collection Lot X35 W/1970 Grams Of Minerals Crystals Jewels,20.5,2023-05-30,1970,0.01,WorthPoint
bismuth-crystal,Lot Of Small Beautiful Rainbow Bismuth Crystals Mineral Specimens.,17.5,2023-05-27,,,WorthPoint
bismuth-crystal,"1.7"" BEAUTIFUL RAINBOW BISMUTH CRYSTAL MINERAL CLUSTER (LAB GROWN) ~ 46.1g *5",19.16,2023-05-24,46.1,0.42,WorthPoint
bismuth-crystal,"Pretty 4.6 Ounce Large 3"" X 2 5/8"" X 1 3/4"" Piece Of Rainbow Bismuth Crystals",30,2023-05-24,,,WorthPoint
bismuth-crystal,Bismuth Crystal Small Cowboy Boot,15,2023-05-22,,,WorthPoint
bismuth-crystal,Bismuth Crystal Rainbow Gnome,35,2023-05-22,,,WorthPoint
bismuth-crystal,Bismuth Crystal Astronaut,12,2023-05-20,,,WorthPoint
bismuth-crystal,"Pretty 2 Ounce Large 2"" X 1-7/8"" X 1-1/2"" Piece Of Rainbow Bismuth Crystals",15,2023-05-17,,,WorthPoint
bismuth-crystal,1.7 Pound / 791 Gram Rainbow Bismuth Crystal - F28,98,2023-05-17,791,0.12,WorthPoint
bismuth-crystal,Bismuth Crystal Rainbow Skull With Horns,25,2023-05-16,,,WorthPoint
bismuth-crystal,Large Rainbow Bismuth Crystal Collectible- 266 Grams- FREE SHIPPING!,33.5,2023-05-14,266,0.13,WorthPoint
bismuth-crystal,LARGE BISMUTH Rainbow Iridescent Crystal Cluster Mineral Specimen Element,44.99,2023-05-09,,,WorthPoint
bismuth-crystal,Rainbow Bismuth Crystal Specimen From England 27.4 Grams Display,6.99,2023-05-06,27.4,0.26,WorthPoint
bismuth-crystal,Solid Bismuth Crystal 99.99 Pure 173g,19,2023-05-03,173,0.11,WorthPoint
bismuth-crystal,"Lot Of 3 Rainbow Bismuth Crystals 9.1oz, 258g",19.9,2023-04-20,258,0.08,WorthPoint
bismuth-crystal,Polished And Semi-Precious Stones,28.25,2023-04-17,,,WorthPoint
bismuth-crystal,Bismuth Crystal Coins (1),17.5,2023-04-15,,,WorthPoint
bismuth-crystal,"Large 2.5 Lbs Bismuth Crystal Cluster Blue/Purple/Gold 1124g 6.5""x3.5""x2.25""",99,2023-04-15,1124,0.09,WorthPoint
bismuth-crystal,Lot Of Small Rainbow Bismuth Crystals,7.5,2023-04-14,,,WorthPoint
bismuth-crystal,Lot Of 3 Rainbow Bismuth Crystals 7 Oz,10.5,2023-04-14,198.45,0.05,WorthPoint
bismuth-crystal,Lot Of 3 Rainbow Bismuth Crystals 3.1oz,6.5,2023-04-14,87.885,0.07,WorthPoint
bismuth-crystal,10g Colorful Bismuth Crystals High Purity Bismuth Metal Crystal Specimen,8.65,2023-04-07,10,0.87,WorthPoint
bismuth-crystal,"Minerals : Bismuth Crystal Group With Some Red Iridescence, Bickenbach, Germany",7,2023-04-06,,,WorthPoint
bismuth-crystal,Pretty BISMUTH Crystal Mineral Green Ôøº Ôøºteal Blue Pink Purple Lab Created Unique,21.5,2023-04-05,,,WorthPoint
bismuth-crystal,Rock Collection,214.76,2023-04-04,,,WorthPoint
bismuth-crystal,2.4 Pound / 1077 Gram Rainbow Bismuth Crystal - F25,134,2023-03-29,1077,0.12,WorthPoint
bismuth-crystal,Bismuth Crystal Rainbow Gargoyle,28,2023-03-26,,,WorthPoint
bismuth-crystal,Minerals : Large Grey Bismuth Crystal From The Laikeng Tungsten Mine In China,39.5,2023-03-26,,,WorthPoint
bismuth-crystal,"Lot Of 3 Rainbow Bismuth Crystals 9.8oz, 278g",19.9,2023-03-26,278,0.07,WorthPoint
bismuth-crystal,Lot Of Rainbow Bismuth Crystal Cluster Pyramid Display Minerals,20,2023-03-26,,,WorthPoint
bismuth-crystal,Natural Labradorite Palm Stone Healing Crystal Grid Polished Pocket Gemstone,11.98,2023-03-26,,,WorthPoint
bismuth-crystal,"Assorted Bismuth, Crystal & Mineral Specimens",82.6,2023-03-25,,,WorthPoint
bismuth-crystal,Assorted Bismuth & Crystal Specimens,82.6,2023-03-25,,,WorthPoint
bismuth-crystal,24mm 0.2OZ Blue Bismuth Crystal Cluster Mineral Specimen 383,9.59,2023-03-24,5.67,1.69,WorthPoint
bismuth-crystal,Bismuth Crystal Skulls -Set Of 2,57,2023-03-23,,,WorthPoint
bismuth-crystal,WHOLESALE Iridescent Bismuth Crystal Lab Grown 23 Pcs 1 Kg # 4952,112.5,2023-03-22,1000,0.11,WorthPoint
bismuth-crystal,WHOLESALE Iridescent Bismuth Crystal Lab Grown 32 Pcs 1.3 Kg # 4976,135,2023-03-22,1300,0.1,WorthPoint
bismuth-crystal,Lot Of 5 Bismuth Rainbow Iridescent Metal Crystals,115,2023-03-19,,,WorthPoint
bismuth-crystal,Rainbow Bismuth Crystal Specimen From England 44 Grams Display,6.99,2023-03-18,44,0.16,WorthPoint
bismuth-crystal,"Bismuth Crystal - Huge 18 Piece 1 Kg Lot! - Size Range From Approx: 1"" - 2 1/2""",13.99,2023-03-16,1000,0.01,WorthPoint
bismuth-crystal,Bismuth Crystal Rainbow Couch,45,2023-03-15,,,WorthPoint
bismuth-crystal,Bismuth Crystals In Glass Jars Small Jars Full Of Bismuth,10.95,2023-03-13,,,WorthPoint
bismuth-crystal,A Complete And Undamaged Bismuth Crystal Exhibiting Nice...,58.15,2023-03-13,,,WorthPoint
bismuth-crystal,Bismuth Crystal Bones (set Of 6),65,2023-03-11,,,WorthPoint
bismuth-crystal,"Lot Of 3 Rainbow Bismuth Crystals 7.2oz, 204g",18.9,2023-03-10,204,0.09,WorthPoint
bismuth-crystal,Bismuth Crystal Specimen Small (12.6 Grams),12,2023-03-08,12.6,0.95,WorthPoint
bismuth-crystal,Big! Super Symmetrical Gold Purple & Teal AAA BISMUTH Crystal 312gr,59.99,2023-03-03,312,0.19,WorthPoint
bismuth-crystal,ESTATE SALE LIQUIDATION From FAMOUS ATTORNEY And ROCKHOUND; BISMUTH CRYSTAL,25,2023-02-27,,,WorthPoint
bismuth-crystal,1lb Bismuth Heart Bowl Metallic Rainbow Iridescent Colors Geometric Pattern OOAK,52.49,2023-02-26,,,WorthPoint
bismuth-crystal,Bismuth Rainbow Iridescent Metal Crystal,70,2023-02-25,,,WorthPoint
bismuth-crystal,"Large Cubic Rainbow Bismuth Crystal 10.8 Oz, 304g",32.9,2023-02-19,304,0.11,WorthPoint
bismuth-crystal,"Bismuth Crystal Pyramids, Colorful Healing Rainbow Crystal Pyramid",11.88,2023-02-17,,,WorthPoint
bismuth-crystal,21 Bismuth Crystals Created Crystal 21 Piece Nice Lot,9.99,2023-02-15,,,WorthPoint
bismuth-crystal,Large Lot Jewelry/wire Wrap Rainbow Bismuth Crystal Specimens Healing Reiki,14,2023-02-12,,,WorthPoint
bismuth-crystal,1-POUND Bismuth Healing Energy Crystal Lot #2,25,2023-02-11,,,WorthPoint
bismuth-crystal,Rainbow Bismuth Crystal Gem Mineral Iridescent Geometry Cluster Lab Created A04,11.98,2023-02-11,,,WorthPoint
bismuth-crystal,Bismuth Healing Energy Crystal Lot,19,2023-02-10,,,WorthPoint
bismuth-crystal,Big! Super Symmetrical Teal Gold Blue Pink And Purple BISMUTH Crystal 258gr,39.99,2023-02-05,258,0.16,WorthPoint
bismuth-crystal,Rainbow Bismuth Crystal Cluster Pyramid Display Rocks Minerals,5.05,2023-02-01,,,WorthPoint
bismuth-crystal,Bismuth Crystal Specimen Small (11.8 Grams),12,2023-01-31,11.8,1.02,WorthPoint
bismuth-crystal,Lg Rainbow Bismuth Crystal Cluster Pyramid Display Rocks Minerals,10.1,2023-01-30,,,WorthPoint
bismuth-crystal,Bismuth Crystal Iridescent Rainbows Wire Wrapping Jewelry 57 Gr Lot 7,7.99,2023-01-28,57,0.14,WorthPoint
bismuth-crystal,Rainbow Bismuth Crystal,34.5,2023-01-25,,,WorthPoint
bismuth-crystal,3pcs Native Lab Grown Bismuth New Zealand Minerals Crystals Gems-min,7.99,2023-01-22,,,WorthPoint
bismuth-crystal,"EXTRAORDINARY Native Bismuth Crystal SCHNEEBERG, GERMANY -Ex. Fitton",781,2023-01-20,,,WorthPoint
bismuth-crystal,Rainbow Bismuth Crystal Specimen From England 85.5 Grams Display,9.99,2023-01-20,85.5,0.12,WorthPoint
bismuth-crystal,"3.3LB Large Rainbow Bismuth Crystal Cluster Plate With Stand 1500g, 7.5"" X 5.5""",149,2023-01-18,1500,0.1,WorthPoint
bismuth-crystal,Bismuth Crystal Bitcoins,125,2023-01-15,,,WorthPoint
bismuth-crystal,Rainbow Bismuth Crystal Specimen From England 47.7 Grams Display,9.99,2023-01-14,47.7,0.21,WorthPoint
bismuth-crystal,"2.25LB Large Rainbow Bismuth Crystal Cluster 1018g 5""x3""x3.5""",99,2023-01-13,1018,0.1,WorthPoint
bismuth-crystal,"Large Cubic Rainbow Bismuth Crystal 11 Oz, 310g 2.5"" X 2.25""",34.9,2023-01-09,310,0.11,WorthPoint
bismuth-crystal,"Large 1LB Rainbow Bismuth Crystal 478g 4""x4""x2.5""",44.9,2023-01-09,478,0.09,WorthPoint
bismuth-crystal,Rainbow Bismuth Crystal Specimen From England 82.3 Grams Display,12.99,2023-01-05,82.3,0.16,WorthPoint
bismuth-crystal,Bismuth Crystal Iridescent Rainbows Wire Wrapping Jewelry 85 Gr Lot 4,9.99,2023-01-02,85,0.12,WorthPoint
bismuth-crystal,"Large Rainbow Bismuth Crystal 251g, Mineral, Unique, US Made And Shipped",5.5,2022-12-29,251,0.02,WorthPoint
bismuth-crystal,Bismuth Crystal Iridescent Rainbows Wire Wrapping Jewelry 84 Gr Lot 1,13.5,2022-12-27,84,0.16,WorthPoint
bismuth-crystal,Rainbow Iridescent Bismuth Hopper Crystal Cluster Mineral Specimen Element Gem,49.99,2022-12-26,,,WorthPoint
bismuth-crystal,Bismuth Crystal Iridescent Rainbows Wire Wrapping Jewelry 200 Gr Lot 8,18.99,2022-12-25,200,0.09,WorthPoint
bismuth-crystal,"Lot Of 4 Rainbow Bismuth Crystals 7.9oz, 226g Christmas Stocking Stuffer Gift",19.9,2022-12-25,226,0.09,WorthPoint
bismuth-crystal,"Lot Of 26 Small Rainbow Bismuth Crystals 11oz, 314g",24.9,2022-12-24,314,0.08,WorthPoint
bismuth-crystal,Bismuth Crystal Iridescent Rainbows Wire Wrapping Jewelry 87 Gr Lot 6,9.99,2022-12-24,87,0.11,WorthPoint
bismuth-crystal,Natural Obsidian Pyramid Crystal Reiki Energy Healing Mineral Stone Specimen,10.98,2022-12-20,,,WorthPoint
bismuth-crystal,Rainbow Bismuth Crystal Specimen From England 105 Grams Display,14.99,2022-12-20,105,0.14,WorthPoint
bismuth-crystal,"Large 1.2LB Rainbow Bismuth Crystal 554g 5"" Fantastic Colors!",49.9,2022-12-19,554,0.09,WorthPoint
bismuth-crystal,Bismuth Crystal Iridescent Rainbows Wire Wrapping Jewelry 102 Gr Lot 5,14.5,2022-12-17,102,0.14,WorthPoint
bismuth-crystal,Large Rainbow Bismuth Crystal Specimen Education Teaching Chakra. Reiki Healing,40,2022-12-16,,,WorthPoint
bismuth-crystal,Bismuth Crystal Specimen Small (18.4 Grams),12,2022-12-16,18.4,0.65,WorthPoint
bismuth-crystal,"Large Cubic Rainbow Bismuth Crystal 13.2 Oz, 374g",34.9,2022-12-15,374,0.09,WorthPoint
bismuth-crystal,Bismuth Crystal Specimen Small (14.7 Grams),12,2022-12-14,14.7,0.82,WorthPoint
bismuth-crystal,Bismuth Crystal Specimen Small (14.9 Grams),12,2022-12-14,14.9,0.81,WorthPoint
bismuth-crystal,"Lot Of 18 Small Rainbow Bismuth Crystals 8.3oz, 234g",22.9,2022-12-12,234,0.1,WorthPoint
bismuth-crystal,"Bismuth (Ultra-Vivid) Crystal Cluster Rainbow Specimen Lab-Grown,VIRGINIA",8.88,2022-12-12,,,WorthPoint
bismuth-crystal,Bismuth Crystal Iridescent Rainbows Wire Wrapping Jewelry 80 Gr Lot 3,7.99,2022-12-09,80,0.1,WorthPoint
bismuth-crystal,Bismuth Crystal Iridescent Rainbows Wire Wrapping Jewelry 78 Gr Lot 2,7.99,2022-12-09,78,0.1,WorthPoint
bismuth-crystal,Bismuth Crystal Iridescent Rainbows Wire Wrapping Jewelry 75 Gr Lot 1,7.99,2022-12-09,75,0.11,WorthPoint
bismuth-crystal,The Fortune Teller 1.6lbs Cu + Bismuth/Cu Pendant! No Reserve. USA!!!,26,2022-12-09,,,WorthPoint
bismuth-crystal,"Huge Rainbow Bismuth Crystal Pyramids 6.25lbs, 2884g 6""x7""x5""",169,2022-12-08,2884,0.06,WorthPoint
bismuth-crystal,"Large 14.4oz Rainbow Bismuth Crystal 408g 3.5"" Cubic Energon Cube",39,2022-12-08,408,0.1,WorthPoint
bismuth-crystal,Large 15.4oz Cubic Rainbow Bismuth Crystal Cluster 434g,37.9,2022-12-08,434,0.09,WorthPoint
bismuth-crystal,"Large Rainbow Bismuth Crystal 2lbs 13oz, 1266g 4.25"" X 3""",119,2022-12-06,1266,0.09,WorthPoint
bismuth-crystal,"Large Bismuth Crystal Blue Gold Purple Triple Tower 1.2oz, 514g, 4.5"" X 3"" X 2""",37.9,2022-12-06,514,0.07,WorthPoint
bismuth-crystal,"Large Rainbow Bismuth Crystal 2lbs 7oz, 11116g 6""x4.25""",129,2022-12-06,11116,0.01,WorthPoint
bismuth-crystal,"Large Rainbow Bismuth Crystal 3.45 Lbs 1562g 5""x5""x4""",189,2022-12-05,1562,0.12,WorthPoint
bismuth-crystal,Rainbow Bismuth Crystal Specimen From England 84 Grams Display,9.99,2022-12-02,84,0.12,WorthPoint
bismuth-crystal,Blue Bismuth Dragon Egg Crystal Healing Transformation Stone Mineral Educational,29.99,2022-12-01,,,WorthPoint
bismuth-crystal,"Large Rainbow Bismuth Crystal Pyramid 2lbs 13oz, 1260g 5""x3""",119,2022-11-30,1260,0.09,WorthPoint
bismuth-crystal,5Pcs 30g Natural Aura Rainbow Quartz Titanium Bismuth Crystal Cluster Healing US,22.99,2022-11-29,30,0.77,WorthPoint
bismuth-crystal,Rainbow Bismuth Crystal Specimen From England 102 Grams Display,9.99,2022-11-29,102,0.1,WorthPoint
bismuth-crystal,134 Gram (4.8oz) Bismuth Rainbow Crystal ElementBi Gemstone Mineral Specimen,19.99,2022-11-29,134,0.15,WorthPoint
bismuth-crystal,100g Pink Rose Quartz Natural Raw Rough Crystal Mineral Specimen Rock Stones,9.98,2022-11-27,100,0.1,WorthPoint
bismuth-crystal,Rainbow Bismuth Crystal Specimen From England 77 Grams Display,12.99,2022-11-26,77,0.17,WorthPoint
bismuth-crystal,Beautiful Rainbow Bismuth Crystals Awesome Fun,18,2022-11-24,,,WorthPoint
bismuth-crystal,"Large Rainbow Bismuth Crystal Gem 11.1oz, 316g 4""x3""x1""",24.9,2022-11-24,316,0.08,WorthPoint
bismuth-crystal,"Beautiful Rainbow Bismuth Crystal Gem 8.3oz, 234g",22.9,2022-11-24,234,0.1,WorthPoint
bismuth-crystal,"Large 1LB Rainbow Bismuth Crystal 456g 4.75""",44.9,2022-11-24,456,0.1,WorthPoint
bismuth-crystal,Electroplating White Crystal Gem Stone Healing Mineral Specimen Reiki US,12.98,2022-11-22,,,WorthPoint
bismuth-crystal,1PC Loose Emerald Natural Gemstone 8 To 10 Cts,11.98,2022-11-22,2,5.99,WorthPoint
bismuth-crystal,60mm Natural Black Obsidian Sphere Crystal Ball Healing Stone + Free Stand US,19.98,2022-11-22,,,WorthPoint
bismuth-crystal,4 ~ 7cm Point Clear Crystal Gemstone Quartz Natural Heals Rock Crystal Green,14.98,2022-11-22,,,WorthPoint
bismuth-crystal,1pc Rainbow Labradorite Sphere 60mm Quartz Crystal Ball Gemstone Healing,31.98,2022-11-22,,,WorthPoint
bismuth-crystal,"Rainbow Bismuth Crystal Tower 9.5oz, 270g",22.9,2022-11-21,270,0.08,WorthPoint
bismuth-crystal,XXL Rainbow Bismuth Crystal Lab-Grown Display Cluster Pyramid Rocks Minerals,29.99,2022-11-20,,,WorthPoint
bismuth-crystal,"Large Bismuth Crystal Shard Spear Point 4""x2"" 7.8oz, 220g Blue Gold Purple",49,2022-11-20,220,0.22,WorthPoint
bismuth-crystal,"Lot Of 3 Rainbow Bismuth Crystals 9.5oz, 268g",22.9,2022-11-14,268,0.09,WorthPoint
bismuth-crystal,Collection 1/2 Lb Natural Blue Green Crystals,17.98,2022-11-14,,,WorthPoint
bismuth-crystal,1 Gram Fine Silver Valcambi Suisse Uncirculated + 149 Gram Rare Bismuth Crystal,10.5,2022-11-14,1,10.5,WorthPoint
bismuth-crystal,Rainbow Bismuth Crystal Specimen From England 60 Grams Display,9.99,2022-11-11,60,0.17,WorthPoint
bismuth-crystal,Rainbow Bismuth Crystal Specimen From England 28 Grams Display,14.99,2022-11-11,28,0.54,WorthPoint
bismuth-crystal,Rainbow Bismuth Crystal Specimen From England 42 Grams Display,9.99,2022-11-11,42,0.24,WorthPoint
bismuth-crystal,Rainbow Bismuth Crystal Specimen From England 33 Grams Display,9.99,2022-11-08,33,0.3,WorthPoint
bismuth-crystal,1pc Natural Flower Agate Tower Point Quartz Crystal Obelisk Wand Healing Stone,11.98,2022-11-07,,,WorthPoint
bismuth-crystal,(15pc) Bismuth Crystal Specimens In Displays,53.1,2022-11-05,,,WorthPoint
bismuth-crystal,1Pc New Tiger's Eye Jasper Sphere Quartz Crystal Ball Healing 50g US,11.98,2022-11-04,50,0.24,WorthPoint
bismuth-crystal,Jewelry Lot Bismuth Crystals Rainbow Wire Wrapping Minerals Rock,24,2022-11-02,,,WorthPoint
bismuth-crystal,"Lot Of 11 Small Rainbow Bismuth Crystals 8.6oz, 244g",22.9,2022-11-02,244,0.09,WorthPoint
bismuth-crystal,BISMUTH CRYSTAL CLUSTER Iridescent Rainbow Hoppered Crystal New Zealand Grown,16,2022-11-02,,,WorthPoint
bismuth-crystal,1PC Hot 40MM Natural Obsidian Sphere Crystal Ball Healing Quartz Stone Decor US,14.98,2022-10-31,,,WorthPoint
bismuth-crystal,Lot Of 2 Bismuth Hopper Metal Crystals,16,2022-10-27,,,WorthPoint
bismuth-crystal,Bismuth Wholesale (3kg) Rainbow Crystals Top-Grade Bulk Lots Mineral Specimens,300,2022-10-26,3000,0.1,WorthPoint
bismuth-crystal,"Lot Of 18 Small Rainbow Bismuth Crystals 8.8oz, 248g",21.9,2022-10-26,248,0.09,WorthPoint
bismuth-crystal,Rainbow Bismuth Crystal Specimen From England 54 Grams Display,14.99,2022-10-26,54,0.28,WorthPoint
bismuth-crystal,BISMUTH CRYSTAL CLUSTER Iridescent Rainbow Hoppered U.S.. Grown,15,2022-10-23,,,WorthPoint
bismuth-crystal,Rainbow Bismuth Crystal Specimen From England 98 Grams Display,9.99,2022-10-18,98,0.1,WorthPoint
bismuth-crystal,"Science Art - ""Dichotomy"" True Levitation Using Dia-magnetic Bismuth.",69.95,2022-10-17,,,WorthPoint
bismuth-crystal,XL Midnight Blue Bismuth Crystal Mineral Specimen Education Teaching Chakra,22.49,2022-10-17,,,WorthPoint
bismuth-crystal,"Rainbow Bismuth Crystal Cubic 9.9oz, 282g",23.9,2022-10-17,282,0.08,WorthPoint
bismuth-crystal,Rainbow Bismuth Crystal Songbird Bird 164g Carving Metal Art Home Decor,49.99,2022-10-13,164,0.3,WorthPoint
bismuth-crystal,Lot Of 7 Bismuth Rainbow Iridescent Metal Crystals,80,2022-10-13,,,WorthPoint
bismuth-crystal,3pcs Bismuth Lab-grown New Zealand Minerals Crystals Gems-min,7.99,2022-10-09,,,WorthPoint
bismuth-crystal,(20+) Bismuth Crystals,59,2022-10-08,,,WorthPoint
bismuth-crystal,(15) Bismuth Crystal Specimens In Displays,88.5,2022-10-08,,,WorthPoint
bismuth-crystal,"5 Bismuth Crystals Collection, 30-45g Authentic Laboratory Made, Jewelry",14.99,2022-10-03,45,0.33,WorthPoint
bismuth-crystal,Rainbow Bismuth Crystal Specimen From England 96 Grams Display,9.99,2022-09-28,96,0.1,WorthPoint
bismuth-crystal,BIG! Super Symmetrical Yellow Blue Pink And Purple BISMUTH Crystal 259gr,39.99,2022-09-27,259,0.15,WorthPoint
bismuth-crystal,"Minerals : Outstanding Floater Of Native Bismuth Crystals, Schneeberg In Germany",22.5,2022-09-25,,,WorthPoint
bismuth-crystal,Extra Large Bismuth Crystal (Approx. 300g),120,2022-09-23,300,0.4,WorthPoint
bismuth-crystal,Bismuth Crystal Neon Metallic Rainbow Colors Three Crystals Per Lot 1/2-3/4 Inch,11.99,2022-09-21,,,WorthPoint
bismuth-crystal,Bismuth 1 Kg Rainbow Wholesale Lab-Grown Crystals Mineral Display Specimen,99,2022-09-21,1000,0.1,WorthPoint
bismuth-crystal,Bismuth Metal 10mm Density Cube 99.99% For Element Collection USA SHIPPING,9,2022-09-17,,,WorthPoint
bismuth-crystal,Top Quality Amazing Rainbow Aura Crystal Geode Bismuth Specimen Lot #7,9,2022-09-16,,,WorthPoint
bismuth-crystal,1PC A+ Natural Dreamy Amethyst Quartz Sphere Crystal Ball Reiki Healing 50mm US,18.98,2022-09-16,,,WorthPoint
bismuth-crystal,5pcs Natural Dreamy Amethyst Quartz Mushroom Hand Carved Crystal Healing US,13.98,2022-09-13,,,WorthPoint
bismuth-crystal,Rhodochrosite Sulpher Bismuth Calcite Clam Fishtail Selenite Calcite Lot Of 6,20,2022-09-12,,,WorthPoint
bismuth-crystal,1-POUND Bismuth Healing Energy Crystal Lot #1,25,2022-09-09,,,WorthPoint
bismuth-crystal,Minerals : Bismuth Crystals On All Sides With Purple Iridescence From Germany,8.5,2022-09-08,,,WorthPoint
bismuth-crystal,"Diamnd,Rocks, Ores, And Minerals Collection Lot!!!!",69.99,2022-09-08,,,WorthPoint
bismuth-crystal,Bismuth Crystal Gemstone Grown In W Germany 42g Mineral Specimen,9.99,2022-09-03,42,0.24,WorthPoint
bismuth-crystal,Rainbow Bismuth Crystal Specimen From England 71.1 Grams Display,14.99,2022-09-03,71.1,0.21,WorthPoint
bismuth-crystal,Big! Super Symmetrical Pink Gold Blue Green And Purple BISMUTH Crystal 246gr,39.99,2022-09-02,246,0.16,WorthPoint
bismuth-crystal,Quartz Crystals 1/4 Lb Lots Natural Clear Points Madagascar,12.99,2022-08-31,,,WorthPoint
bismuth-crystal,Kyanite Collection 1/2 Lb Natural Blue Blade Crystals,20.99,2022-08-31,,,WorthPoint
bismuth-crystal,1pc Opalite Quartz Skull Quartz Crystal Hand Carved Reiki Healing 2'' US,15.79,2022-08-31,,,WorthPoint
bismuth-crystal,Bismuth Crystals Beads Set Of 4 Grown In Germany (17641),9.49,2022-08-29,4,2.37,WorthPoint
bismuth-crystal,Big! Super Symmetrical Pink Gold Blue Green And Purple AAA BISMUTH Crystal 224gr,40.99,2022-08-26,224,0.18,WorthPoint
bismuth-crystal,Chakra Bismuth (7 Pc) Set Crystal Cluster Rainbow Mineral Specimen Lab-Grown,29.99,2022-08-26,,,WorthPoint
bismuth-crystal,(r50-30) 29 Gram Bismuth Rainbow Crystal Element Bi Gemstone Mineral Specimen,31.99,2022-08-26,29,1.1,WorthPoint
bismuth-crystal,50g Natural Rainbow Aura Titanium Bismuth Crystal Stone Specimen Reiki Healing,10.44,2022-08-26,50,0.21,WorthPoint
bismuth-crystal,1PC Loose Emerald Natural Gemstone 8 To 10 Cts With Certificate US,11.98,2022-08-26,2,5.99,WorthPoint
bismuth-crystal,Big! Super Symmetrical Gold And Blue AAA BISMUTH Crystal 192gr,34.99,2022-08-20,192,0.18,WorthPoint
bismuth-crystal,30g Natural Aura Rainbow Titanium Bismuth Crystal Stone Specimens Healing Reiki,9.89,2022-08-18,30,0.33,WorthPoint
bismuth-crystal,Bismuth Crystal Lab Grown 5.6 Cm # 11812,10.75,2022-08-18,,,WorthPoint
bismuth-crystal,Green Ultra-Vivid Bismuth Egg Geode Crystal Chakra Stone Teaching Education,27.99,2022-08-16,,,WorthPoint
bismuth-crystal,Bismuth (Ultra-Vivid) Rainbow Dragon Egg Crystal Healing Education Teaching,34.99,2022-08-16,,,WorthPoint
bismuth-crystal,GEMCORE: One (1) Lg Blue Bismuth Geode Specimen Crystal Chakra Healing,29.99,2022-08-16,,,WorthPoint
bismuth-crystal,Bismuth Crystal Trio - Lab Grown Minerals Display Specimens Pyramid Metal Rocks,17.99,2022-08-16,,,WorthPoint
bismuth-crystal,Blue Bismuth Crystal Wire-Wrapping Minerals Rocks Lab-Grown Metal Jewelry Size,9.99,2022-08-16,,,WorthPoint
bismuth-crystal,"Green Bismuth ""XL"" Crystal Display Cluster Pyramid Metal Rocks Minerals",24.99,2022-08-16,,,WorthPoint
bismuth-crystal,Pink & Gold Bismuth Crystal Wire-Wrap Lab-Grown Metal Display Jewelry,14.99,2022-08-16,,,WorthPoint
bismuth-crystal,"Magenta Bismuth ""XL"" Crystal Display Cluster Pyramid Metal Rocks Minerals",24.99,2022-08-16,,,WorthPoint
bismuth-crystal,"Yellow Bismuth Geode Egg (3.5"") Crystals Metal Minerals Rocks Display Specimen",34.99,2022-08-16,,,WorthPoint
bismuth-crystal,"Yellow Bismuth ""XL"" Crystal Display Cluster Pyramid Metal Decor Rocks Minerals",24.99,2022-08-16,,,WorthPoint
bismuth-crystal,"Bismuth ""Albino"" Egg Geode Crystals Stones Healing Lab Grown Rocks Sphere",29.99,2022-08-16,,,WorthPoint
bismuth-crystal,Purple Bismuth Dragon Egg Geode Crystal Education Teaching Chakra Minerals,27.99,2022-08-16,,,WorthPoint
bismuth-crystal,Natural Rainbow Aura Titanium Quartz Crystal Cluster Specimen Healing Stone US,16.16,2022-08-15,,,WorthPoint
bismuth-crystal,Big! Super Symmetrical Gold And Blue AAA BISMUTH Crystal 210gr,29.99,2022-08-08,210,0.14,WorthPoint
bismuth-crystal,2'' Natural Clear Quartz Crystal Skull Specimen Carved Quartz Healing Reiki US,16.98,2022-08-05,,,WorthPoint
bismuth-crystal,Peacock Ore & Bismuth (Blue) Set Iridescent Crystals Display Specimen Cluster,19.99,2022-07-27,,,WorthPoint
bismuth-crystal,Natural Black Tourmaline Palm Stone Rock Crystal Healing Reiki Polished Worry US,12.98,2022-07-26,,,WorthPoint
bismuth-crystal,Larger! Super Symmetrical Green Gold And Pink BISMUTH Crystal 146gr,34.99,2022-07-25,146,0.24,WorthPoint
bismuth-crystal,Bismuth Wholesale Rainbow Minerals Crystals 2.2 OUNCE Lot #5,7,2022-07-21,,,WorthPoint
bismuth-crystal,Bismuth Wholesale Rainbow Minerals Crystals 2.2 OUNCE Lot #3,7,2022-07-21,,,WorthPoint
bismuth-crystal,Bismuth Wholesale Rainbow Minerals Crystals 2.2 OUNCE Lot #2,7,2022-07-21,,,WorthPoint
bismuth-crystal,Bismuth Wholesale Rainbow Minerals Crystals 2.2 OUNCE Lot #1,7,2022-07-21,,,WorthPoint
bismuth-crystal,Large Midnight Blue Bismuth Crystal Healing Specimen Education Chakra Teaching,14.99,2022-07-20,,,WorthPoint
bismuth-crystal,1lb 560g 16 Bismuth Crystals Gems Lapidary Jewelry Minerals Metal Healing,19.99,2022-07-16,560,0.04,WorthPoint
bismuth-crystal,1x 1/2 Lb Large Rough Rose Quartz Natural Pink Crystal Love Healing Raw Stone US,19.98,2022-07-14,,,WorthPoint
bismuth-crystal,"Bismuth Crystal, Man Made. Grown In Germany?. 15 Grams. Video.",5.99,2022-07-12,15,0.4,WorthPoint
bismuth-crystal,Peacock Ore & Bismuth (Rainbow) Set Iridescent Crystals Display Specimen Cluster,19.99,2022-07-06,,,WorthPoint
bismuth-crystal,Rainbow Bismuth Crystal Specimen From England 44.1 Grams Display,9.99,2022-07-05,44.1,0.23,WorthPoint
bismuth-crystal,(11) New Zealand Bismuth Crystals In Displays,59,2022-07-02,,,WorthPoint
bismuth-crystal,Bismuth Crystal Specimen 1.11LB Display,68,2022-06-27,,,WorthPoint
bismuth-crystal,Rainbow Bismuth Crystal Specimen From England 38 Grams Display,9.99,2022-06-22,38,0.26,WorthPoint
bismuth-crystal,Bismuth 3kg Wholesale Rainbow Lab-Grown Crystals Mineral Display Specimen,269,2022-06-18,3000,0.09,WorthPoint
bismuth-crystal,(5) Bismuth Crystal Specimens In Displays,47.2,2022-06-18,,,WorthPoint
bismuth-crystal,(6) Bismuth Crystal Specimens In Display,35.4,2022-06-18,,,WorthPoint
bismuth-crystal,(9) Bismuth Crystal Specimens In Displays,53.1,2022-06-18,,,WorthPoint
bismuth-crystal,(16) High Quality Bismuth Crystals In Displays,94.4,2022-06-18,,,WorthPoint
bismuth-crystal,(6) Bismuth Crystal Specimens In Displays,59,2022-06-18,,,WorthPoint
bismuth-crystal,Rainbow Bismuth Crystal Specimen From England 65 Grams Display,9.99,2022-06-17,65,0.15,WorthPoint
bismuth-crystal,Rainbow Bismuth Crystal Specimen From England 50 Grams Display,9.99,2022-06-14,50,0.2,WorthPoint
bismuth-crystal,Minerals : Iridescent Green And Red Bismuth Crystals On All Sides From Germany,5.5,2022-06-09,,,WorthPoint
bismuth-crystal,Rainbow Bismuth Crystal Specimen From England 62 Grams Display,14.99,2022-06-08,62,0.24,WorthPoint
bismuth-crystal,Amethyst Points Collection 1/2 Lb Natural Dark Purple Crystals,25.98,2022-06-06,,,WorthPoint
bismuth-crystal,Rainbow Iridescent Bismuth Crystal Cluster Mineral Specimen Healing Chakra Gem,49.99,2022-06-05,,,WorthPoint
bismuth-crystal,Lot Of 3 Bismuth Rainbow Iridescent Metal Crystals,16.5,2022-05-30,,,WorthPoint
bismuth-crystal,Bismuth Crystal Hedgehog Carving,53,2022-05-28,,,WorthPoint
bismuth-crystal,Rainbow Bismuth Crystal Specimen From England 82 Grams Display,14.99,2022-05-28,82,0.18,WorthPoint
bismuth-crystal,Rainbow Bismuth Crystal Jewelry Display Metal Decor Rocks Minerals Specimen,12.99,2022-05-25,,,WorthPoint
bismuth-crystal,"Rainbow Bismuth Geode (3"") Crystal Display Cluster Pyramid Metal Decor Rocks",34.99,2022-05-18,,,WorthPoint
bismuth-crystal,Bismuth Metal 5 POUNDS Ingot Chunk 99.99% Pure Crystals Geodes Fishing Shotgun,69.95,2022-05-16,,,WorthPoint
bismuth-crystal,Rainbow Bismuth Crystal Specimen From England 80 Grams Display,12.99,2022-05-14,80,0.16,WorthPoint
bismuth-crystal,Colorful Bright Bismuth Crystal Mineral,12,2022-05-11,,,WorthPoint
bismuth-crystal,Rainbow Bismuth Crystal Specimen From England 32 Grams Display,6.99,2022-05-10,32,0.22,WorthPoint
bismuth-crystal,"Rainbow Bismuth ""XL"" Crystal Display Cluster Pyramid Metal Rocks Minerals",24.99,2022-05-09,,,WorthPoint
bismuth-crystal,Rainbow Bismuth Crystal 3 Pieces,6.5,2022-05-08,,,WorthPoint
bismuth-crystal,Blue Bismuth Crystal,20.16,2022-05-08,,,WorthPoint
bismuth-crystal,Laboratory Grown Bismuth Crystal Bowl/Wall Plaque (Germany),26.45,2022-05-08,,,WorthPoint
bismuth-crystal,Bismuth Crystal Specimens Rainbow Colors 39 Grams Gemstone Mineral #606,9.5,2022-05-06,39,0.24,WorthPoint
bismuth-crystal,Beautiful Bismuth Crystal Pendant Silver Chain,39,2022-05-05,,,WorthPoint
bismuth-crystal,Rainbow Bismuth Crystal Specimen From England 56 Grams Display,19.99,2022-05-01,56,0.36,WorthPoint
bismuth-crystal,2 Pound Selenite Small Sticks- Wands Plus Free Piece Of Bismuth Crystal And Educ,28.88,2022-04-25,,,WorthPoint
bismuth-crystal,Super Symmetrical Pink Gold Blue Green And Purple AAA BISMUTH Crystal 186gr,39.99,2022-04-25,186,0.22,WorthPoint
bismuth-crystal,"SUPERB Native Bismuth Crystal BIGGENDEN MINE, AUSTRALIA - Ex. McLaughlin",791,2022-04-22,,,WorthPoint
bismuth-crystal,Rainbow Bismuth Crystal Specimen From England 78 Grams Display,19.99,2022-04-21,78,0.26,WorthPoint
bismuth-crystal,Rainbow Bismuth Crystal Specimen From England 18 Grams Display,6.99,2022-04-18,18,0.39,WorthPoint
bismuth-crystal,64mm 1OZ Blue Bismuth Crystal Cluster Mineral Specimen,29.99,2022-04-17,28.35,1.06,WorthPoint
bismuth-crystal,Rainbow Bismuth Crystal Egg Lab Grown Geode Minerals Rocks Display Iridescent,34.99,2022-04-17,,,WorthPoint
bismuth-crystal,"1.6"" BEAUTIFUL RAINBOW BISMUTH CRYSTAL METAL MINERAL CLUSTER (LAB GROWN) 42g *A2",20.29,2022-04-16,42,0.48,WorthPoint
bismuth-crystal,(10) New Zealand Bismuth Crystals,53.1,2022-04-16,,,WorthPoint
bismuth-crystal,XL Pink & Gold Bismuth Crystal Mineral Specimen Education Teaching Chakra Reiki,17.99,2022-04-15,,,WorthPoint
bismuth-crystal,"Rainbow Bismuth ""Large"" Crystal Display Cluster Pyramid Metal Rocks Minerals",19.99,2022-04-13,,,WorthPoint
bismuth-crystal,Lot Of 15 Bismuth Rainbow Iridescent Metal Crystals,90,2022-04-12,,,WorthPoint
bismuth-crystal,Large Pink & Gold Bismuth Crystal Mineral Specimen Education Teaching Chakra,14.99,2022-04-11,,,WorthPoint
bismuth-crystal,(16) New Zealand Bismuth Crystals In Display,59,2022-04-09,,,WorthPoint
bismuth-crystal,(15) New Zealand Bismuth Crystals In Display,64.9,2022-04-09,,,WorthPoint
bismuth-crystal,Bismuth Crystals Steampunk Wire Wrap Wholesale Lot Bislot210,30,2022-04-04,,,WorthPoint
bismuth-crystal,"Exceptional Bismuth Crystal (3.5"") Display Specimen Minerals Rainbow Cluster",22,2022-04-04,,,WorthPoint
bismuth-crystal,Bismuth Crystals (5 Pcs) Rainbow Wire Wrapping Lab Grown Minerals - Jewelry Size,14.99,2022-04-03,,,WorthPoint
bismuth-crystal,Rocks - Gems - Minerals - Fossils LARGE FLAT RATE Box Collection,50,2022-04-02,,,WorthPoint
bismuth-crystal,Rainbow Bismuth Crystal Specimen From England 21 Grams Display,6.99,2022-03-31,21,0.33,WorthPoint
bismuth-crystal,Bismuth XXXL Rainbow Crystal Stone Mineral Rock Education Teaching Lab-grown,42.99,2022-03-30,,,WorthPoint
bismuth-crystal,Rainbow Bismuth Crystal Specimen From England 35 Grams Display,19.99,2022-03-29,35,0.57,WorthPoint
bismuth-crystal,A Long! Super Symmetrical Blue Gold And Purple BISMUTH Crystal 150gr,39.99,2022-03-28,150,0.27,WorthPoint
bismuth-crystal,Lot Of 3 Bismuth Rainbow Iridescent Metal Crystal,26.5,2022-03-25,,,WorthPoint
bismuth-crystal,Bismuth Rainbow Iridescent Metal Crystal Cluster,25,2022-03-23,,,WorthPoint
bismuth-crystal,"8.8oz, 250G Gram Bismuth Rainbow Crystal ElementBi Gemstone Mineral Specimen",26.99,2022-03-22,250,0.11,WorthPoint
bismuth-crystal,5 Pcs Rainbow Titanium Bismuth Specimen Mineral Gemstone Crystal #59,14.98,2022-03-22,,,WorthPoint
bismuth-crystal,57g Yellow Bismuth Crystal Sphere,5.5,2022-03-16,57,0.1,WorthPoint
bismuth-crystal,"Bismuth (XL Ultra-Vivid) Crystals Rainbow Mineral Specimen,Lab Grown 24Pc Lot,NR",10.5,2022-03-16,,,WorthPoint
bismuth-crystal,Bismuth Crystal 61g.,15,2022-03-15,61,0.25,WorthPoint
bismuth-crystal,Bismuth Crystal Geode Mineral Specimen #8160,20,2022-03-11,,,WorthPoint
bismuth-crystal,Lot Of 2 Bismuth Rainbow Iridescent Metal Crystal,31,2022-03-07,,,WorthPoint
bismuth-crystal,Bismuth Crystals Steampunk Wire Wrap Wholesale Lot Bislot214,30,2022-03-05,,,WorthPoint
bismuth-crystal,202g Bismuth Crystal Carved Beehive Crafted By The Bismuth Smith.,17,2022-03-05,202,0.08,WorthPoint
bismuth-crystal,(8) New Zealand Bismuth Crystals,35.4,2022-03-05,,,WorthPoint
bismuth-crystal,A BIG! Super Symmetrical Green Yellow Blue And Purple BISMUTH Crystal 268gr,49.99,2022-03-03,268,0.19,WorthPoint
bismuth-crystal,Bismuth Crystal Geode Mineral Specimen #8157,20,2022-03-03,,,WorthPoint
bismuth-crystal,5 Bismuth Crystal Gem Stones,10,2022-02-28,,,WorthPoint
bismuth-crystal,"12.75oz, 362G Gram Bismuth Rainbow Crystal ElementBi Gemstone Mineral Specimen",39.99,2022-02-27,362,0.11,WorthPoint
bismuth-crystal,R48-31) 8.4 Gram Bismuth Rainbow Crystal Element Bi Gemstone Mineral Specimen US,10.99,2022-02-26,8.4,1.31,WorthPoint
bismuth-crystal,Rainbow Bismuth Peacock Ore Combo Set Chakra Crystal Healing Chalcopyrite Reiki,17.99,2022-02-26,,,WorthPoint
bismuth-crystal,Lot Of 8 Bismuth Rainbow Iridescent Metal Crystals,42,2022-02-25,,,WorthPoint
bismuth-crystal,"7oz, 197G Gram Bismuth Rainbow Crystal ElementBi Gemstone Mineral Specimen",23.99,2022-02-21,197,0.12,WorthPoint
bismuth-crystal,Bismuth Crystals Steampunk Wire Wrap Wholesale Lot Bislot218,30,2022-02-18,,,WorthPoint
bismuth-crystal,35g Bismuth - Man Made In Germany,6.2,2022-02-12,35,0.18,WorthPoint
bismuth-crystal,Bismuth Crystal Carved Mermaid,25.9,2022-02-08,,,WorthPoint
bismuth-crystal,Pink & Gold Bismuth Jewelry Crystal Wire-Wrap Crafts Lab-Grown Chakra Healing,12.99,2022-02-08,,,WorthPoint
bismuth-crystal,A Huge! Super Symmetrical Green Yellow Blue And Pink BISMUTH Crystal 444gr,59.99,2022-02-06,444,0.14,WorthPoint
bismuth-crystal,Bismuth 1/2 Lb Lot (Seconds) Wholesale Rainbow Minerals Crystals (Flawed) Stones,19.99,2022-02-06,,,WorthPoint
bismuth-crystal,Rainbow Bismuth Crystal! | Natural Art | Handmade Crystalline Metal | Mineral,53.99,2022-02-05,,,WorthPoint
bismuth-crystal,Lot Of 4 Bismuth Rainbow Iridescent Metal Crystal,20,2022-02-01,,,WorthPoint
bismuth-crystal,BISMUTH Iridescent Rainbow Hopper Crystal Cluster Mineral Specimen Colorful,19.95,2022-01-31,,,WorthPoint
bismuth-crystal,"Rainbow Bismuth ""XXL"" Crystal Display Cluster Pyramid Metal Decor Rocks Minerals",34.99,2022-01-30,,,WorthPoint
bismuth-crystal,"1 BLUE & PURPLE BISMUTH Crystal, 16.3g",5.9,2022-01-29,16.3,0.36,WorthPoint
bismuth-crystal,Bismuth Crystal 859 Grams,34,2022-01-26,859,0.04,WorthPoint
bismuth-crystal,Gorgeous 22 Grams Rare Rainbow Bismuth Crystal Specimen Germany Display,9.5,2022-01-24,22,0.43,WorthPoint
bismuth-crystal,"CHARGED USA Grown Bismuth Crystal Perfect Pendant‚Ñ¢ + 20"" Silver Chain",23.99,2022-01-23,,,WorthPoint
bismuth-crystal,9.8oz Rainbow Bismuth Crystal Cube 276g Cubic,23.9,2022-01-20,276,0.09,WorthPoint
bismuth-crystal,8.5oz Rainbow Bismuth Crystal Cube 242g Cubic Energon,19.9,2022-01-20,242,0.08,WorthPoint
bismuth-crystal,Large Rainbow Bismuth Crystal 14oz / 396g,34.9,2022-01-20,396,0.09,WorthPoint
bismuth-crystal,Gorgeous 20.5 Grams Rare Rainbow Bismuth Crystal Specimen Germany Display,9.5,2022-01-17,20.5,0.46,WorthPoint
bismuth-crystal,Bismuth Sea Turtle - Canada,12.75,2022-01-16,,,WorthPoint
bismuth-crystal,Lg Rainbow Bismuth Crystal Healing Transformation Stone Mineral Educational,15.99,2022-01-14,,,WorthPoint
bismuth-crystal,Bismuth Crystal Mayan Medallion,21,2022-01-11,,,WorthPoint
bismuth-crystal,Bismuth Crystal Geode Mineral Specimen #8162,20,2022-01-11,,,WorthPoint
bismuth-crystal,Bismuth XXL Midnight Blue Crystal Display Specimen Education Teaching Chakra,27.99,2022-01-09,,,WorthPoint
bismuth-crystal,Large Rainbow Bismuth Crystal 2.15lbs / 978g Angled Cubic,89.9,2022-01-09,978,0.09,WorthPoint
bismuth-crystal,124g Bismuth Crystal Mayan Medallion Crafted By The Bismuth Smith.,25,2022-01-08,124,0.2,WorthPoint
bismuth-crystal,Lot Of 6 Bismuth Rainbow Iridescent Metal Crystals,38,2022-01-07,,,WorthPoint
bismuth-crystal,Lot Of 10 Bismuth Rainbow Iridescent Metal Crystals,22,2022-01-04,,,WorthPoint
bismuth-crystal,R48-36) 10.8 Gram Bismuth Rainbow Crystal Element Bi Gemstone Mineral Specimen,12.99,2022-01-02,10.8,1.2,WorthPoint
bismuth-crystal,"Huge Bismuth Crystal (4.8"") Display Specimen Minerals Decor Rainbow Cluster",37.99,2021-12-30,,,WorthPoint
bismuth-crystal,Lot Of 12 Bismuth Rainbow Iridescent Metal Crystals,62,2021-12-29,,,WorthPoint
bismuth-crystal,"Bismuth Crystal (3.7"") Display Specimen Rocks Minerals Pyramid Rainbow Cluster",17.76,2021-12-28,,,WorthPoint
bismuth-crystal,"1 AQUA BLUE BISMUTH Crystal, 12.3g",5.9,2021-12-23,12.3,0.48,WorthPoint
bismuth-crystal,"Bismuth Crystal (4.5"") Display Specimen Rocks Minerals Decor Rainbow Cluster",31,2021-12-23,,,WorthPoint
bismuth-crystal,Bismuth Rainbow Crystal Stone Mineral Rock Lab-grown,7.5,2021-12-21,,,WorthPoint
bismuth-crystal,XL Rainbow Bismuth Crystal Healing Transformation Stone Mineral Educational,22.49,2021-12-20,,,WorthPoint
bismuth-crystal,Bismuth Crystals Skull Geode,50,2021-12-17,,,WorthPoint
bismuth-crystal,Bismuth Crystal Geode Mineral Specimen #8158,20,2021-12-17,,,WorthPoint
bismuth-crystal,Bismuth XXL Rainbow Crystal Stone Mineral Rock Education Teaching Lab-grown,34.99,2021-12-17,,,WorthPoint
bismuth-crystal,"Bismuth Crystal (4.6"") Display Specimen Rocks Minerals Decor Rainbow Cluster",64,2021-12-17,,,WorthPoint
bismuth-crystal,Lg Superior Rainbow Bismuth Crystal Mineral Specimen Education Reiki Teaching,14.99,2021-12-16,,,WorthPoint
bismuth-crystal,XL Magenta Bismuth Crystal Healing Transformation Stone Mineral Educational,17.99,2021-12-12,,,WorthPoint
bismuth-crystal,135g Bismuth Man-Made Specimen From Germany - Striking Piece!!!,24,2021-12-11,135,0.18,WorthPoint
bismuth-crystal,"1 Bismuth Crystal, 4-8g Authentic Laboratory Made, Jewelry (QTY 1 Piece)",9.49,2021-12-08,8,1.19,WorthPoint
bismuth-crystal,Bismuth (5 Pcs) Rainbow Crystals Wire Wrap Jewelry Healing Earrings Pendants,14.99,2021-12-08,,,WorthPoint
bismuth-crystal,Bismuth Crystal Specimens (3 Pieces) Jewelry Making Healing Chakra Teaching,14.99,2021-12-06,,,WorthPoint
bismuth-crystal,"HUGE 4.4 LB Rainbow Bismuth Crystal Cluster 1978g 6"" Tall XL",239,2021-12-03,1978,0.12,WorthPoint
bismuth-crystal,"CLASSIC Native Bismuth Crystal ST. IVES, CORNWALL, ENGLAND - Ex. Flynn",483,2021-12-03,,,WorthPoint
bismuth-crystal,Bismuth F144 England Crystal Mineral Specimen,200.99,2021-11-30,,,WorthPoint
bismuth-crystal,GEMCORE: One(1) Jewelry-Size Blue Bismuth Crystal Pendant Wire-Wrap Crafts,9.99,2021-11-29,,,WorthPoint
bismuth-crystal,Bismuth (30 Pcs) Rainbow Crystals Wire Wrap Healing Jewelry Earrings Pendants,42.99,2021-11-29,,,WorthPoint
bismuth-crystal,Large 1.4 Lb Bismuth Crystal Cluster 624g Blue Gold Purple,56.9,2021-11-28,624,0.09,WorthPoint
bismuth-crystal,XL Green Bismuth Crystal Cluster Mineral Specimen Chakra Teaching Education,24.99,2021-11-21,,,WorthPoint
bismuth-crystal,Large Iridescent Lab Grown BISMUTH CRYSTAL - Neat!,49.99,2021-11-19,,,WorthPoint
bismuth-crystal,"190gr XXL BISMUTH CRYSTAL 2.6"" RAINBOW PYRAMID REIKI WICCAN For ADD ADHD",34,2021-11-13,190,0.18,WorthPoint
bismuth-crystal,Bismuth Crystals Steampunk Wire Wrap Wholesale Lot Bislot221,30,2021-11-05,,,WorthPoint
bismuth-crystal,"6.4oz, 182G Gram Bismuth Rainbow Crystal ElementBi Gemstone Mineral Specimen",17.99,2021-10-29,182,0.1,WorthPoint
bismuth-crystal,20.9 Gram Rainbow Bismuth Crystal Geometric Mineral Specimen,7.8,2021-10-25,20.9,0.37,WorthPoint
bismuth-crystal,Yellow Bismuth Dragon Egg Geode Crystal Chakra Healing Teaching Education,27.99,2021-10-24,,,WorthPoint
bismuth-crystal,"3.85oz, 110G Gram Bismuth Rainbow Crystal ElementBi Gemstone Mineral Specimen",17.5,2021-10-20,110,0.16,WorthPoint
bismuth-crystal,"Bismuth Crystal, You Select Color & Size, Grown By Seller In US, 3-4 Day Arrival",7,2021-10-19,,,WorthPoint
bismuth-crystal,BISMUTH CRYSTAL CLUSTER Iridescent Rainbow Hoppered New Zealand Grown,18,2021-10-19,,,WorthPoint
bismuth-crystal,Charles Albert Designer Beaded Hematite Stone Sliver And Sterling Silver Spacer Necklace With Toggle Clasp Along With A Rainbow Bismuth Crystal Geomet,48,2021-10-18,,,WorthPoint
bismuth-crystal,Bismuth Crystal Geode Mineral Specimen #8156,8,2021-10-18,,,WorthPoint
bismuth-crystal,Bismuth Crystal Geode Mineral Specimen #8149,17.5,2021-10-18,,,WorthPoint
bismuth-crystal,Bismuth Crystal Geode #8122 Mineral Specimen,10.5,2021-10-09,,,WorthPoint
bismuth-crystal,Bismuth Crystal Geode #8116 Mineral Specimen,8.5,2021-10-09,,,WorthPoint
bismuth-crystal,Bismuth Crystal Geode #8115 Mineral Specimen,8.5,2021-10-09,,,WorthPoint
bismuth-crystal,Bismuth Crystal Geode #8110 Mineral Specimen,12,2021-10-09,,,WorthPoint
bismuth-crystal,Bismuth Crystal Geode #8109 Mineral Specimen,8,2021-10-09,,,WorthPoint
bismuth-crystal,"3"" Selenite (Satin Spar) Hexagon Charging Plate From Morocco 95 To 115 Grams",9.99,2021-10-06,115,0.09,WorthPoint
bismuth-crystal,"3"" Selenite Square Charging Plate From Morocco 120 To 140 Grams",9.99,2021-10-06,140,0.07,WorthPoint
bismuth-crystal,"4"" Selenite Also Known As Satin Spar Tower 225-250 Grams",13.49,2021-10-06,250,0.05,WorthPoint
bismuth-crystal,Bismuth Crystal Geode Mineral Specimen #8140,11,2021-10-04,,,WorthPoint
bismuth-crystal,Bismuth Crystal Geode Mineral Specimen #8128,8,2021-09-29,,,WorthPoint
bismuth-crystal,Bismuth Crystal Attached To Glass Dabber/Hair Pin/ Tea Stirrer,16,2021-09-27,,,WorthPoint
bismuth-crystal,Bismuth Crystal Geode Mineral Specimen #8155,8,2021-09-27,,,WorthPoint
bismuth-crystal,Bismuth Crystal Geode Mineral Specimen #8153,8,2021-09-27,,,WorthPoint
bismuth-crystal,Bismuth Crystal Geode Mineral Specimen #8152,9,2021-09-27,,,WorthPoint
bismuth-crystal,Bismuth Crystal Geode Mineral Specimen #8151,8,2021-09-27,,,WorthPoint
bismuth-crystal,Bismuth Crystal Geode Mineral Specimen #8150,8,2021-09-27,,,WorthPoint
bismuth-crystal,Bismuth Crystal Geode Mineral Specimen #8148,8,2021-09-27,,,WorthPoint
bismuth-crystal,Bismuth Crystal Geode Mineral Specimen #8146,8,2021-09-27,,,WorthPoint
bismuth-crystal,106g Natural Rainbow Aura Titanium Bismuth Crystal Gemstone Rock Healing,22.95,2021-09-26,106,0.22,WorthPoint
bismuth-crystal,Rainbow Bismuth Crystal Egg Lab Grown Geode Educational Healing Chakra,29.99,2021-09-23,,,WorthPoint
bismuth-crystal,219.2Ct Rainbow Bismuth Crystal Mineral Specimen Rough Heated YBK10,7.83,2021-09-22,43.84,0.18,WorthPoint
bismuth-crystal,161.2Ct Rainbow Bismuth Crystal Mineral Specimen Rough Heated YBK9,8.09,2021-09-21,32.24,0.25,WorthPoint
bismuth-crystal,14.9 Gram Rainbow Bismuth Crystal Mineral Specimen From New Zealand,7.2,2021-09-20,14.9,0.48,WorthPoint
bismuth-crystal,Bismuth Crystal Geode Mineral Specimen #8139,8,2021-09-20,,,WorthPoint
bismuth-crystal,Bismuth Crystal Geode Mineral Specimen #8126,8.5,2021-09-19,,,WorthPoint
bismuth-crystal,170.15Ct Rainbow Bismuth Crystal Mineral Specimen Rough Heated YBK7,5.5,2021-09-19,34.03,0.16,WorthPoint
bismuth-crystal,100.6Ct Rainbow Bismuth Crystal Mineral Specimen Rough Heated YBK6,5.5,2021-09-18,20.12,0.27,WorthPoint
bismuth-crystal,152.6Ct Rainbow Bismuth Crystal Mineral Specimen Rough Heated YBK3,6.5,2021-09-15,30.52,0.21,WorthPoint
bismuth-crystal,108.85Ct Rainbow Bismuth Crystal Mineral Specimen Rough Heated YBK2,7,2021-09-14,21.77,0.32,WorthPoint
bismuth-crystal,150.1Ct Rainbow Bismuth Crystal Mineral Specimen Rough Heated YBK1,5.5,2021-09-13,30.02,0.18,WorthPoint
bismuth-crystal,"5"" (140mm) White Selenite Sphere, Also Known As Satin Spar",45,2021-09-13,,,WorthPoint
bismuth-crystal,Large Collecting Size Bismuth Rainbow Crystal,6.5,2021-09-10,,,WorthPoint
bismuth-crystal,Bismuth Crystal Geode #8112 Mineral Specimen,8,2021-09-09,,,WorthPoint
bismuth-crystal,Bismuth Metal 10 POUNDS Pure For Crystals Geodes Fishing Shotgun,74.95,2021-09-07,,,WorthPoint
bismuth-crystal,Bismuth Crystal Geode Mineral Specimen #8154,8,2021-09-06,,,WorthPoint
bismuth-crystal,Bismuth Metal 10 POUNDS Ingot Chunk 99.99% Pure Crystals Geodes Fishing Shotgun,89.95,2021-09-04,,,WorthPoint
bismuth-crystal,"1 PINK BISMUTH Crystal, 14.5g",5.9,2021-09-01,14.5,0.41,WorthPoint
bismuth-crystal,Bismuth Crystal Geode Mineral Specimen #8125,8,2021-08-30,,,WorthPoint
bismuth-crystal,Bismuth Crystal Geode Mineral Specimen #8159,20,2021-08-26,,,WorthPoint
bismuth-crystal,Bismuth Crystal Geode Mineral Specimen #8161,20,2021-08-26,,,WorthPoint
bismuth-crystal,Bismuth Crystal Geode Mineral Specimen #8132,11.5,2021-08-20,,,WorthPoint
bismuth-crystal,Bismuth Crystal Geode Mineral Specimen #8131,15.5,2021-08-20,,,WorthPoint
bismuth-crystal,Bismuth Crystal Geode #8114 Mineral Specimen,8,2021-08-20,,,WorthPoint
bismuth-crystal,Bismuth Crystal Geode #8111 Mineral Specimen,8,2021-08-20,,,WorthPoint
bismuth-crystal,Bismuth Crystal Geode #8108 Mineral Specimen,8,2021-08-20,,,WorthPoint
bismuth-crystal,"166g Natural Bismuth Crystal Specimen Rainbow Aura 3""x 2"" LARGE DISPLAY SPECIMEN",19.98,2021-08-18,166,0.12,WorthPoint
bismuth-crystal,Rainbow Bismuth Crystal Hand Sculpture,50,2021-08-13,,,WorthPoint
bismuth-crystal,Bismuth Crystal Geode Mineral Specimen #8137,8,2021-08-10,,,WorthPoint
bismuth-crystal,Bismuth Crystal Geode Mineral Specimen #8134,8,2021-08-10,,,WorthPoint
bismuth-crystal,Bismuth Crystal Geode Mineral Specimen #8130,8,2021-08-10,,,WorthPoint
bismuth-crystal,Bismuth Crystal Geode Mineral Specimen #8127,8,2021-08-10,,,WorthPoint
bismuth-crystal,Bismuth Crystal Geode #8124 Mineral Specimen,10,2021-08-10,,,WorthPoint
bismuth-crystal,Bismuth Crystal Geode #8121 Mineral Specimen,8,2021-08-10,,,WorthPoint
bismuth-crystal,Bismuth Crystal Geode #8118 Mineral Specimen,10.49,2021-08-10,,,WorthPoint
bismuth-crystal,"Bismuth Crystal Growing Kit, Crystal Included!",39.99,2021-08-09,,,WorthPoint
bismuth-crystal,Rainbow Bismuth Geode Crystal Healing Transformation Stone Mineral Educational,27.99,2021-08-06,,,WorthPoint
bismuth-crystal,10g Natural Rare Rainbow Titanium Bismuth Crystal Specimen Mineral Healing Stone,8.49,2021-08-01,10,0.85,WorthPoint
bismuth-crystal,Bismuth Metal Kilogram 99.99% Pure,37.49,2021-08-01,,,WorthPoint
bismuth-crystal,Bismuth Crystal Geode Mineral Specimen #8136,10.5,2021-07-31,,,WorthPoint
bismuth-crystal,Bismuth Crystal Geode #8123 Mineral Specimen,8,2021-07-31,,,WorthPoint
bismuth-crystal,Bismuth Crystal Geode #8119 Mineral Specimen,8,2021-07-31,,,WorthPoint
bismuth-crystal,"CLASSIC Native Bismuth Crystal WOLFRAM CAMP, AUSTRALIA - Ex. Lemanski",142.5,2021-07-30,,,WorthPoint
bismuth-crystal,Erythrite On BISMUTH Crystals * Schneeberg * Germany * Ex. Kay Robertson Coll,68,2021-07-29,,,WorthPoint
bismuth-crystal,Bismuth Crystals Solid Color Lot B,35,2021-07-09,,,WorthPoint
bismuth-crystal,Bismuth Crystals Medium Size Lot A,35,2021-07-09,,,WorthPoint
bismuth-crystal,Bismuth Crystals Jewelry Size Lot C,30,2021-07-09,,,WorthPoint
bismuth-crystal,Bismuth Selenite Display (Set) Crystal Clusters Charging Station Specimens,24.99,2021-07-08,,,WorthPoint
bismuth-crystal,"Medium Rainbow Bismuth Crystal Self Standing 3"" X 2"" 118g / 4.1oz Vibrant Color!",11.9,2021-07-06,118,0.1,WorthPoint
bismuth-crystal,Bismuth Crystal Cluster Display Specimen Collected From Germany,31,2021-07-05,,,WorthPoint
bismuth-crystal,Rainbow Bismuth Crystal Skull,9.99,2021-06-30,,,WorthPoint
bismuth-crystal,F3 Rare Natural Rainbow Titanium Bismuth Crystal,20,2021-06-25,,,WorthPoint
bismuth-crystal,Bismuth Crystal From China 4.5 Cm # 8733,13.45,2021-06-22,,,WorthPoint
bismuth-crystal,"XL 1LB 5oz Rainbow Bismuth Crystal 3"" X 3"" Self Standing 598g DISCOUNTED",26.9,2021-06-21,598,0.04,WorthPoint
bismuth-crystal,Rainbow Bismuth Crystal Small Buddha,19.99,2021-06-17,,,WorthPoint
bismuth-crystal,Bismuth Crystals Steampunk Wire Wrap Wholesale Lot Bislot219,30,2021-06-16,,,WorthPoint
bismuth-crystal,"11.5oz, 327G Gram Bismuth Rainbow Crystal ElementBi Gemstone Mineral Specimen",34.99,2021-06-15,327,0.11,WorthPoint
bismuth-crystal,"9oz, 253G Gram Bismuth Rainbow Crystal ElementBi Gemstone Mineral Specimen",23.99,2021-06-14,253,0.09,WorthPoint
bismuth-crystal,"CLASSIC Native Bismuth Crystal Cluster NIEDERSCHLEMA, GERMANY - Ex. Ellis",597,2021-06-11,,,WorthPoint
bismuth-crystal,393 Bismuth Crystal From Germany,10.4,2021-05-30,,,WorthPoint
bismuth-crystal,378 Bismuth Crystal From Germany,8.8,2021-05-28,,,WorthPoint
bismuth-crystal,Rainbow Bismuth Crystal Foxes: Mom With Baby Fox,28,2021-05-18,,,WorthPoint
bismuth-crystal,Golden EGG XL Rainbow Bismuth Crystal Healing Transformation Mineral Educational,31.77,2021-05-11,,,WorthPoint
bismuth-crystal,Rainbow Bismuth Crystal Easter Bunny Rabbit,29.99,2021-05-06,,,WorthPoint
bismuth-crystal,"XL 1LB Rainbow Bismuth Crystal 3.5"" X 3"" Self Standing 460g",34.9,2021-05-05,460,0.08,WorthPoint
bismuth-crystal,Bismuth Crystal - 80g Specimen - Gem Stallion- USA Labgrown Crystal,20,2021-05-04,80,0.25,WorthPoint
bismuth-crystal,Huge 453 Gram (16oz) Bismuth Rainbow Crystal ElementBi Gemstone Mineral Specimen,44.99,2021-05-04,453,0.1,WorthPoint
bismuth-crystal,Bismuth Crystal 130g - Made In And Ships From USA (precise Weight 137g),30,2021-05-03,130,0.23,WorthPoint
bismuth-crystal,"Large Bismuth Crystal 4.25"" X 1.5"" 178g / 6.2oz Blue Purple Gold Color",24.9,2021-05-02,178,0.14,WorthPoint
bismuth-crystal,1 Pound Selenite Small Sticks- Wands & FREE Piece Of Bismuth Crystal & ID Card,18.95,2021-04-30,,,WorthPoint
bismuth-crystal,Bismuth Crystal Geode #9708 Mineral Specimen,6.5,2021-04-24,,,WorthPoint
bismuth-crystal,Bismuth Crystal Geode #9699 Mineral Specimen,5.5,2021-04-21,,,WorthPoint
bismuth-crystal,"8"" X 4"" Selenite (Satin Spar) Charging Plate",24.99,2021-04-18,,,WorthPoint
bismuth-crystal,Turtle Shaped Rainbow Bismuth Crystal,32.99,2021-04-08,,,WorthPoint
bismuth-crystal,"XL Rainbow Bismuth Crystal ""Fan"" 3.5"" X 3.5"" X .75"" 342g 12.1oz DISCOUNTED",19.9,2021-03-28,342,0.06,WorthPoint
bismuth-crystal,Bismuth Crystal Lab Grown 6.2 Cm # 11813,10.95,2021-03-28,,,WorthPoint
bismuth-crystal,10g Natural Rainbow Titanium Bismuth Crystal Mineral Rock Gemstone Specimens US,7.88,2021-03-26,10,0.79,WorthPoint
bismuth-crystal,Rainbow Bismuth Crystal Lucky 3-Legged Frog,37.99,2021-03-25,,,WorthPoint
bismuth-crystal,Bismuth Crystals Steampunk Wire Wrap Wholesale Lot 1 Lb 1 Oz Bag,50,2021-03-24,28.35,1.76,WorthPoint
bismuth-crystal,"Large 2LB Lot Rainbow Bismuth Crystals 1 Kg (Some Seconds, Flawed). DISCOUNTED",69,2021-03-23,1000,0.07,WorthPoint
bismuth-crystal,Science Art - True Levitation Using Dia-magnetic Bismuth. Simple And Permanent,59.95,2021-03-23,,,WorthPoint
bismuth-crystal,13pc Lot Small Rainbow Bismuth Crystals 7.2oz 204g,23.9,2021-03-22,204,0.12,WorthPoint
bismuth-crystal,Large 1lb Lot Rainbow Bismuth Crystal 8 Pieces 453g,39.9,2021-03-22,453,0.09,WorthPoint
bismuth-crystal,"Medium Selenite Charging Plate Stick 7"" + 3pc Rainbow Bismuth Crystals Healing",13.41,2021-03-20,,,WorthPoint
bismuth-crystal,Bismuth Crystal Muni Bear Carving,35,2021-03-16,,,WorthPoint
bismuth-crystal,12.6 Gram Blue Rainbow Bismuth Crystal Mineral Specimen From New Zealand,7.2,2021-03-16,12.6,0.57,WorthPoint
bismuth-crystal,Bismuth Crystal Geode #311 Mineral Specimen,5,2021-03-16,,,WorthPoint
bismuth-crystal,Bismuth Crystal Geode #310 Mineral Specimen,18,2021-03-16,,,WorthPoint
bismuth-crystal,Bismuth Crystal Geode #308 Mineral Specimen,10.5,2021-03-16,,,WorthPoint
bismuth-crystal,32pc Lot XS Rainbow Bismuth Crystals 119g Jewelry Crafts Earrings Pendent,22.41,2021-03-15,119,0.19,WorthPoint
bismuth-crystal,"Large Blue, Purple & Gold Bismuth Crystal Cluster, Grown By US By Seller",5.5,2021-03-13,,,WorthPoint
bismuth-crystal,Unique Bismuth Turtle - Canada,18,2021-03-12,,,WorthPoint
bismuth-crystal,"Large Blue Rainbow Bismuth Crystal Cluster, Grown In USA, About 4"" Length",9.5,2021-03-11,,,WorthPoint
bismuth-crystal,Rare Natural Rainbow Bismuth Crystal Alien Head,24.99,2021-03-11,,,WorthPoint
bismuth-crystal,Bismuth Crystal Neon Metallic Rainbow Colors Two Crystals Per Lot 1/2-3/4 Inch,8.99,2021-03-10,,,WorthPoint
bismuth-crystal,"Large Rainbow Bismuth Crystal, Grown In USA, About 4"" Length",12.5,2021-03-09,,,WorthPoint
bismuth-crystal,6pc Lot Rainbow Bismuth Crystals Medium Size 8.6oz 243g DISCOUNTED,19.9,2021-03-09,243,0.08,WorthPoint
bismuth-crystal,3pc Lot Large Rainbow Bismuth Crystals 11.5oz 326g DISCOUNTED,24.9,2021-03-09,326,0.08,WorthPoint
bismuth-crystal,Bismuth Crystal Geode #307 Mineral Specimen,5.5,2021-03-09,,,WorthPoint
bismuth-crystal,Bismuth Crystal Geode #301 Mineral Specimen,16.08,2021-03-07,,,WorthPoint
bismuth-crystal,"Medium Bismuth Crystal Specimen Grown In USA, Lot Of 10",73,2021-03-04,,,WorthPoint
bismuth-crystal,Medium Bismuth Crystal Specimen,10,2021-03-04,,,WorthPoint
bismuth-crystal,"Small Bismuth Crystal Specimens, Lot Of 10 With Free Shipping",50,2021-03-04,,,WorthPoint
bismuth-crystal,Lot Of Rainbow Bismuth Crystals - Includes Silver Crystal!!,16,2021-03-03,,,WorthPoint
bismuth-crystal,Bismuth (8 Pcs) Rainbow Crystals Wire Wrap Jewelry Healing Pendants Earrings,19.99,2021-03-01,,,WorthPoint
bismuth-crystal,"Large 2LB Lot Rainbow Bismuth Crystals 1 Kg (Seconds, Flawed). DISCOUNTED",59,2021-02-28,1000,0.06,WorthPoint
bismuth-crystal,Large Rainbow Color Bismuth Crystal Specimen Nice Quality Growth,24,2021-02-22,,,WorthPoint
bismuth-crystal,Blue Bismuth Crystal Cluster Mineral Specimen Set Of 3,5.5,2021-02-22,,,WorthPoint
bismuth-crystal,Jewelry Size Bismuth Crystal Specimen,16,2021-02-19,,,WorthPoint
bismuth-crystal,Lot Of Bismuth Crystals,20,2021-02-19,,,WorthPoint
bismuth-crystal,Bismuth (5 Kg) Rainbow Wholesale 1 To 3 Inch Pieces,400,2021-02-10,5000,0.08,WorthPoint
bismuth-crystal,GEMCORE: One(1) Jewelry-Size Rainbow Bismuth Crystal Wire-Wrap Pendant Crafts,9.99,2021-02-05,,,WorthPoint
bismuth-crystal,Bismuth Crystals - Lot Of 57,57,2021-02-04,,,WorthPoint
bismuth-crystal,Small Bismuth Crystal Specimen Grown In USA,6,2021-02-03,,,WorthPoint
bismuth-crystal,Bismuth Crystal- 106g Specimen- Gem Stallion - USA Labgrown Crystal,27,2021-01-29,106,0.25,WorthPoint
bismuth-crystal,"Bismuth Crystal Mineral Extra Large Bowl Shape Specimen 5.5"" Diameter X 3 Lbs.",145,2021-01-24,,,WorthPoint
bismuth-crystal,Rainbow Bismuth Crystal Specimen - Amazing Structure,30,2021-01-24,,,WorthPoint
bismuth-crystal,Bismuth Crystals Steampunk Wire Wrap Wholesale Lot Bislot220,30,2021-01-16,,,WorthPoint
bismuth-crystal,Bismuth Crystals Steampunk Wire Wrap Wholesale Lot Bislot216,30,2021-01-16,,,WorthPoint
bismuth-crystal,Bismuth Crystals Steampunk Wire Wrap Wholesale Lot Bislot217,30,2021-01-16,,,WorthPoint
bismuth-crystal,2 Pound Selenite Small Sticks- Wands & FREE Piece Of Bismuth Crystal & ID Card,24.95,2021-01-15,,,WorthPoint
bismuth-crystal,Bismuth Crystal - 48g Specimen - Gem Stallion - USA Labgrown Crystal,11,2021-01-13,48,0.23,WorthPoint
bismuth-crystal,10 Pieces Bismuth Crystal Rainbow Mineral Specimen About 4 Oz,16.99,2021-01-02,113.4,0.15,WorthPoint
bismuth-crystal,2 Bismuth Crystal Specimens Rainbow Colors 82 Grams Total Gemstone Mineral #588,14.6,2021-01-01,82,0.18,WorthPoint
bismuth-crystal,Bismuth Crystals Steampunk Wire Wrap Wholesale Lot Bislot215,30,2020-12-31,,,WorthPoint
bismuth-crystal,A Lot Of FOUR! Symmetrical Purple Blue And Gold BISMUTH Crystals England 246gr,18.99,2020-12-29,246,0.08,WorthPoint
bismuth-crystal,Bismuth Crystal - 42g Specimen - Gem Stallion - USA Labgrown Crystal,11,2020-12-26,42,0.26,WorthPoint
bismuth-crystal,39mm 0.7OZ Blue Bismuth Crystal Cluster Mineral Specimen,6.5,2020-12-24,19.845,0.33,WorthPoint
bismuth-crystal,"10 Small Bismuth Crystal Specimen ,about 4 Oz",16.99,2020-12-18,113.4,0.15,WorthPoint
bismuth-crystal,"Bismuth Heart Shape, Crystal Cluster Mineral Specimen Colorful About 192 Grams",69,2020-12-17,192,0.36,WorthPoint
bismuth-crystal,Rainbow Bismuth Heart Shape Iridescent Crystal Cluster Mineral Specimen Colorful,99.95,2020-12-16,,,WorthPoint
bismuth-crystal,Bismuth Crystal - 40g Specimen - Gem Stallion - USA Labgrown Crystal,10,2020-12-15,40,0.25,WorthPoint
bismuth-crystal,80 Grams Rainbow Bismuth Metal Mineral Crystals Specimen Healing,13.94,2020-12-15,80,0.17,WorthPoint
bismuth-crystal,"1 BISMUTH Crystal, 14.2g",5.9,2020-12-15,14.2,0.42,WorthPoint
bismuth-crystal,Bismuth Crystals Steampunk Wire Wrap Wholesale Lot Bislot207,30,2020-12-09,,,WorthPoint
bismuth-crystal,Bismuth Crystal - 101g Specimen - Gem Stallion- USA Labgrown Crystal,26,2020-12-07,101,0.26,WorthPoint
bismuth-crystal,2Pcs 20g Natural Rock Aura Rainbow Titanium Bismuth Crystal Gemstone Specimens,12.99,2020-12-06,20,0.65,WorthPoint
bismuth-crystal,Aura Rainbow Titanium Quartz Bismuth Crystals,15,2020-12-05,,,WorthPoint
bismuth-crystal,Lot Of 6 Bismuth Crystal Specimens Grown In USA,9,2020-12-02,,,WorthPoint
bismuth-crystal,"BWT- Genuine Metallic Bismuth Crystal Pendant With Copper Setting Ln2160, Unisex",12,2020-12-02,,,WorthPoint
bismuth-crystal,"1.7"" Bismuth Skull - Canada",20,2020-12-01,,,WorthPoint
bismuth-crystal,394 Bismuth Crystal From Germany,8,2020-11-30,,,WorthPoint
bismuth-crystal,"226g Bismuth Crystal 4""x2""x2"" (M034)",10,2020-11-24,226,0.04,WorthPoint
bismuth-crystal,Rainbow Bismuth (1 Kg) Lab-Grown Crystals Mineral Display Specimen Wholesale,109.99,2020-11-24,1000,0.11,WorthPoint
bismuth-crystal,A Big! Blue Purple And Gold Colored BISMUTH Crystal From Germany 178gr,29.99,2020-11-17,178,0.17,WorthPoint
bismuth-crystal,1/4LB Lot 5 Bismuth Crystals Shiny Metallic Mineral Specimens Stepped Shapes 4oz,24,2020-11-15,113.4,0.21,WorthPoint
bismuth-crystal,1/4LB Lot 5 Bismuth Crystals Metallic Mineral Specimens Stepped Square Shape 4oz,24,2020-11-15,113.4,0.21,WorthPoint
bismuth-crystal,XL Yellow Bismuth Crystal Cluster Mineral Specimen Chakra Teaching Education,17.99,2020-11-12,,,WorthPoint
bismuth-crystal,Large Bismuth Crystal Specimen Grown In USA,16,2020-11-09,,,WorthPoint
bismuth-crystal,XXL Midnight Blue Bismuth Crystal Display Specimen Education Teaching Chakra,24.99,2020-11-01,,,WorthPoint
bismuth-crystal,A Small Symmetrical Purple Blue And Gold BISMUTH Crystal From England 54.0gr,7.99,2020-11-01,54,0.15,WorthPoint
bismuth-crystal,14.2 Gram Colorful Rainbow Bismuth Crystal Mineral Specimen,7.8,2020-10-31,14.2,0.55,WorthPoint
bismuth-crystal,A Big! Blue Pink Green And Gold Colored BISMUTH Crystal From Germany! 183gr,34.99,2020-10-30,183,0.19,WorthPoint
bismuth-crystal,XL Rainbow Bismuth Crystal! 99.99% (4N) Purity!,15,2020-10-28,,,WorthPoint
bismuth-crystal,EXTRAORDINARY Native Bismuth Crystal With Quartz TAZNA MINE BOLIVIA Ex Lemanski,1500,2020-10-23,,,WorthPoint
bismuth-crystal,Magenta Bismuth Dragon Egg Geode Half Crystal Education Reiki Teaching Chakra,27.99,2020-10-12,,,WorthPoint
bismuth-crystal,Mineral Specimen Bismuth Crystal Iridescent Rainbow Man-made Ore USA #16,10,2020-10-08,,,WorthPoint
bismuth-crystal,Rare Rainbow Titanium Bismuth Specimen Mineral Gemstone Crystal 20G OJRS~ee,12.84,2020-10-08,20,0.64,WorthPoint
bismuth-crystal,1/4LB Lot 8 Bismuth Crystals Shiny Metallic Mineral Specimens Mixed Sizes 4.4oz,25,2020-10-05,124.74,0.2,WorthPoint
bismuth-crystal,"GEMCORE: One (1) Large ""Albino"" Bismuth Dragon Egg Geode Crystal Chakra Healing",26.99,2020-10-05,,,WorthPoint
bismuth-crystal,Mineral Specimen Bismuth Crystal Iridescent Rainbow Manmade Ore #15,7,2020-10-04,,,WorthPoint
bismuth-crystal,A Big! Very Symmetrical Blue Purple And Gold BISMUTH Crystal From Germany! 158gr,27.99,2020-09-30,158,0.18,WorthPoint
bismuth-crystal,A Big! Blue Pink Purple And Gold Colored BISMUTH Crystal From Germany! 155gr,29.99,2020-09-29,155,0.19,WorthPoint
bismuth-crystal,Lg Bismuth (Ultra-Vivid) Crystal Cluster Rainbow Mineral Specimen Lab-Grown,24.99,2020-09-22,,,WorthPoint
bismuth-crystal,41mm 0.5OZ Blue Bismuth Crystal Cluster Mineral Specimen,6.05,2020-09-17,14.175,0.43,WorthPoint
bismuth-crystal,Rainbow Bismuth (1 Lb) Wholesale Lab-Grown Crystals Mineral Display Specimen,79.99,2020-09-17,,,WorthPoint
bismuth-crystal,XXL Bismuth (Ultra-Vivid) Crystal Cluster Rainbow Mineral Specimen Lab-Grown,39.99,2020-09-16,,,WorthPoint
bismuth-crystal,Bismuth (XXL) Rainbow Crystal Healing Stone Mineral Education Teaching Lab Grown,29.99,2020-09-08,,,WorthPoint
bismuth-crystal,"82.86 Gram Rainbow Bismuth Crystal Mineral Specimen From New Zealand, # TBC 3016",20,2020-09-04,82.86,0.24,WorthPoint
bismuth-crystal,Minerals : Iridescent Red And Green Bismuth Crystals From Germany,6.25,2020-09-03,,,WorthPoint
bismuth-crystal,Lot Of 7 Small Bismuth Crystal Specimens,14.99,2020-09-01,,,WorthPoint
bismuth-crystal,Bismuth Crystals Steampunk Wire Wrap Wholesale Lot Bislot213,30,2020-08-29,,,WorthPoint
bismuth-crystal,Bismuth Crystals Steampunk Wire Wrap Wholesale Lot Bislot212,30,2020-08-29,,,WorthPoint
bismuth-crystal,"1.6"" Bismuth Skull - Canada",20,2020-08-29,,,WorthPoint
bismuth-crystal,"ET- RAINBOW BISMUTH Crystal Formation-display-Reiki, Natural Healing 19 Grams",20,2020-08-16,19,1.05,WorthPoint
bismuth-crystal,Bismuth Crystal Specimens Rainbow Colors 36 Grams Gemstone Mineral #605,9.5,2020-08-15,36,0.26,WorthPoint
bismuth-crystal,Bismuth Lab-grown Minerals Crystals Gems-min,7.57,2020-08-09,,,WorthPoint
bismuth-crystal,Bismuth Crystal Specimens Rainbow Colors 100 Grams Gemstone Mineral #601,17.4,2020-08-06,100,0.17,WorthPoint
bismuth-crystal,XL Bismuth (Ultra-Vivid) Crystal Cluster Rainbow Mineral Specimen Lab-Grown,27.99,2020-08-02,,,WorthPoint
bismuth-crystal,3 Bismuth Crystal Rainbow Colors 44 Grams Gemstone Mineral Free Shipping #585,10.85,2020-08-02,44,0.25,WorthPoint
bismuth-crystal,Bismuth Crystals Steampunk Wire Wrap Wholesale Lot Bislot208,30,2020-07-30,,,WorthPoint
bismuth-crystal,A Big! Purple Blue Pink Green And Gold! BISMUTH Crystal From Germany 169gr,34.99,2020-07-24,169,0.21,WorthPoint
bismuth-crystal,*Charged In Caribbean Moonlight* 77g Multiple Rainbow Bismuth Crystals,12.85,2020-07-23,77,0.17,WorthPoint
bismuth-crystal,BISMUTH CRYSTAL LARGE 30 Gm SIZE~RAINBOW COLOR MINERAL SPECIMEN~ONE (1) LARGE,13.65,2020-07-19,30,0.46,WorthPoint
bismuth-crystal,Bismuth Crystal - 75g Specimen - Gem Stallion- USA Labgrown Crystal,18,2020-07-12,75,0.24,WorthPoint
bismuth-crystal,Bismuth Crystal Specimens Rainbow Colors 81 Grams Gemstone Mineral #600,15.1,2020-07-09,81,0.19,WorthPoint
bismuth-crystal,Dancing Bear 2 Pound Selenite Small Sticks- Wands Plus Free Piece Of Bismuth Cry,33.99,2020-07-09,,,WorthPoint
bismuth-crystal,Rainbow Bismuth Wholesale (3 Kg) Lab-Grown Crystals Mineral Display Specimen,299,2020-07-06,3000,0.1,WorthPoint
bismuth-crystal,A Big! Blue Pink And Gold Colored BISMUTH Crystal From Germany! 137gr,29.99,2020-06-21,137,0.22,WorthPoint
bismuth-crystal,GEMCORE: One(1) Ultra-Vivid Bismuth Jewelry Crystal Pendant Wire-Wrap Crafts,14.99,2020-06-18,,,WorthPoint
bismuth-crystal,Bismuth Crystal Specimen Rainbow Colors 72 Grams Gemstone Mineral #594,13,2020-06-18,72,0.18,WorthPoint
bismuth-crystal,Bismuth Crystal - 67g Specimen - Gem Stallion- USA Labgrown Crystal -,20,2020-06-15,67,0.3,WorthPoint
bismuth-crystal,Bismuth Crystal - 77 Grams,10,2020-06-15,77,0.13,WorthPoint
bismuth-crystal,A Super Symmetrical Green Pink And Gold AAA BISMUTH Crystal 134gr,29.99,2020-06-11,134,0.22,WorthPoint
bismuth-crystal,Bismuth Crystals Steampunk Wire Wrap Wholesale Lot Bislot211,30,2020-06-09,,,WorthPoint
bismuth-crystal,Set Of 3 Rainbow Titanium Bismuth Crystal Points,19.99,2020-06-07,,,WorthPoint
bismuth-crystal,Lot Of Titanium Bismuth Crystals Pink And Blue,19.99,2020-06-07,,,WorthPoint
bismuth-crystal,Bismuth Crystals Steampunk Wire Wrap Wholesale Lot Bislot209,30,2020-06-06,,,WorthPoint
bismuth-crystal,Bismuth Crystals Steampunk Wire Wrap Wholesale Lot Bislot206,30,2020-06-06,,,WorthPoint
bismuth-crystal,XXL Rainbow Bismuth Crystal Healing Transformation Stone Mineral Educational,27.99,2020-05-26,,,WorthPoint
bismuth-crystal,369 Bismuth Crystal From Germany,11,2020-05-20,,,WorthPoint
bismuth-crystal,A Super Symmetrical Purple Blue And Gold BISMUTH Crystal England 66.8gr,10.99,2020-05-16,66.8,0.16,WorthPoint
bismuth-crystal,"31.80 Gram Rainbow Bismuth Crystal Mineral Specimen From New Zealand, # TBC 3114",24,2020-05-14,31.8,0.75,WorthPoint
bismuth-crystal,Bismuth Crystal 3.5 Pound Lot! Damaged Freight From Brazil Healing Rainbow Read,42.99,2020-05-11,,,WorthPoint
bismuth-crystal,BISMUTH CRYSTAL LARGE 45+ Gm SIZE~RAINBOW COLOR MINERAL SPECIMEN~ONE (1) LARGE,13.65,2020-05-05,,,WorthPoint
bismuth-crystal,Bismuth Crystal Pink Gold Blue Green Symmetrical 90.71 Grams 2 Inch Specimen,18.99,2020-05-05,90.71,0.21,WorthPoint
bismuth-crystal,Lot Of 5 Bismuth Crystals | Crystals,22,2020-05-04,,,WorthPoint
bismuth-crystal,Bismuth Crystal | Hopper Crystal,35,2020-05-03,,,WorthPoint
bismuth-crystal,384 Bismuth Crystal From Germany,11.7,2020-05-02,,,WorthPoint
bismuth-crystal,"107g Bismuth Crystal Cluster Rainbow Cube Cubic 2""x1.5""",12.9,2020-04-30,107,0.12,WorthPoint
bismuth-crystal,BISMUTH CRYSTAL LARGE 50+ Gm SIZE~RAINBOW COLOR MINERAL SPECIMEN~ONE (1) LARGE,13.65,2020-04-29,,,WorthPoint
bismuth-crystal,"122g FUNKY Twisted Bismuth Crystal Cluster 4.3oz Rainbow ""Fish"" ""Feather"" 4.5""",29.9,2020-04-28,122,0.25,WorthPoint
bismuth-crystal,1.1lb Bismuth Crystal Cluster Incense Burner W/ 18mm Clear Rainbow Quartz Sphere,39,2020-04-28,,,WorthPoint
bismuth-crystal,"195g Bismuth Crystal Cluster 1.5"" 6.9oz Square Rainbow Cube Cubic 2""x1.75""x1.75""",16.9,2020-04-28,195,0.09,WorthPoint
bismuth-crystal,"Large 7"" Selenite Charging Plate Stick + 3pc Rainbow Bismuth Crystals",31.9,2020-04-28,,,WorthPoint
bismuth-crystal,Lot Of 8 Bismuth Crystals | Hopper Crystals,17.5,2020-04-26,,,WorthPoint
bismuth-crystal,"Aura Rainbow Titanium Quartz Bismuth Crystals Points 141 Grams 2.5""",11.5,2020-04-20,141,0.08,WorthPoint
bismuth-crystal,"Aura Rainbow Titanium Quartz Bismuth Crystals Points 105 Grams 2.5""",15,2020-04-20,105,0.14,WorthPoint
bismuth-crystal,Bismuth Crystal Purple Gold Blue Green Symmetrical 95.91 Grams 2 Inch Specimen,22.99,2020-04-19,95.91,0.24,WorthPoint
bismuth-crystal,Bismuth Crystal 7 Pound Lot! Damaged Freight From Brazil Healing Rainbow Read,100,2020-04-15,,,WorthPoint
bismuth-crystal,Bismuth Crystal - 66g Specimen- Gem Stallion- USA Labgrown Crystal,10,2020-04-13,66,0.15,WorthPoint
bismuth-crystal,GEMCORE: Three(3) Bismuth Crystal Specimens Wire-Wrap Jewelry Healing Chakra,14.99,2020-04-11,,,WorthPoint
bismuth-crystal,Bismuth Rainbow Crystal Large/crystal,12.5,2020-04-10,,,WorthPoint
bismuth-crystal,Bismuth Crystals Steampunk Wire Wrap Wholesale Lot Bislot200,19.99,2020-04-10,,,WorthPoint
bismuth-crystal,GEMCORE: One (1) XL Pink & Gold Bismuth Crystal Mineral Specimen Education,16.99,2020-04-05,,,WorthPoint
bismuth-crystal,GEMCORE: One (1) XL Midnight-Blue Bismuth Crystal Mineral Specimen Education,17.99,2020-04-05,,,WorthPoint
bismuth-crystal,A Big Lot Of Symmetrical Purple Blue And Gold BISMUTH Crystals England 208gr,14.99,2020-04-04,208,0.07,WorthPoint
bismuth-crystal,1.2lb 3pc Lot Of Rainbow Bismuth Crystals Self Standing Cube Cubic 533g Pyramid,34.9,2020-04-03,533,0.07,WorthPoint
bismuth-crystal,Ultra-Vivid Rainbow Bismuth Dragon Egg Crystal Healing Transformation Stone,27.99,2020-04-02,,,WorthPoint
bismuth-crystal,Lot Of Three(3) Large Bismuth Crystal Specimens,20.99,2020-04-01,,,WorthPoint
bismuth-crystal,2lbs 3oz Medium Mixed Lot Of 19 Rainbow Bismuth Crystal 1kg+ 992g Terrarium,69.9,2020-04-01,992,0.07,WorthPoint
bismuth-crystal,GEMCORE: One (1) XL Yellow Bismuth Crystal Cluster Rainbow Mineral Specimen,18.99,2020-03-30,,,WorthPoint
bismuth-crystal,Lot Of 3 Medium Bismuth Crystal Specimens,15.99,2020-03-29,,,WorthPoint
bismuth-crystal,GEMCORE: One (1) XXL Midnight-Blue Bismuth Crystal Display Mineral Education,28.99,2020-03-25,,,WorthPoint
bismuth-crystal,"BISMUTH CRYSTAL Stone Cluster Mineral Specimen Rock Geode Rainbow Titanium 1.5""",13.78,2020-03-23,,,WorthPoint
bismuth-crystal,95.58 Gram Rainbow Bismuth Crystal Mineral Specimen From New Zealand # TBC 3021,25,2020-03-22,95.58,0.26,WorthPoint
bismuth-crystal,"Huge 2.6LB Rainbow Bismuth Crystal Cluster Cubic Pyramid 4""x4.5""x3"" XXL 1179g",139,2020-03-17,1179,0.12,WorthPoint
bismuth-crystal,Rainbow Color Bismuth Crystal Bouquet Display Or Paperweight 2lbs,49.99,2020-03-16,,,WorthPoint
bismuth-crystal,Extra Large Bismuth Crystal Mineral Specimen,10,2020-03-13,,,WorthPoint
bismuth-crystal,A BIG! Super Symmetrical Purple Blue And Gold BISMUTH Crystal England 123gr,14.99,2020-03-10,123,0.12,WorthPoint
bismuth-crystal,GEMCORE: One (1) Large Midnight-Blue Bismuth Crystal Mineral Specimen Education,14.99,2020-03-09,,,WorthPoint
bismuth-crystal,"45.63 Gram Rainbow Bismuth Crystal Mineral Specimen From New Zealand, # TBC 3072",13.75,2020-03-08,45.63,0.3,WorthPoint
bismuth-crystal,105.93 Gram Rainbow Bismuth Crystal Mineral Specimen From New Zealand # TBC 3007,32,2020-03-07,105.93,0.3,WorthPoint
bismuth-crystal,Bismuth Crystal Lab Grown Iridescent Rainbows Wire Wrapping Jewelry 2.1 Oz,16,2020-03-02,59.535,0.27,WorthPoint
bismuth-crystal,382 Bismuth Crystal From Germany,11,2020-03-01,,,WorthPoint
bismuth-crystal,Large 1.5lb 3pc Lot Of Rainbow Bismuth Crystals Self Standing Cube Cubic 620g,33,2020-02-29,620,0.05,WorthPoint
bismuth-crystal,Bismuth Crystal 19 Piece Lot (3 Lbs. 4.4 Oz.),60,2020-02-27,124.74,0.48,WorthPoint
bismuth-crystal,GEMCORE: One(1) Ultra-Vivid Bismuth Rainbow Geode Crystal Chakra Dragon Egg,29.99,2020-02-27,,,WorthPoint
bismuth-crystal,One(1) XL Rainbow Bismuth Crystal Egg Lab Grown Geode Educational Healing Chakra,24.99,2020-02-26,,,WorthPoint
bismuth-crystal,GEMCORE: One (1) Large Yellow Bismuth Dragon Egg Geode Crystal Chakra Healing,26.99,2020-02-23,,,WorthPoint
bismuth-crystal,"Huge 10LB 8.5"" Rainbow Bismuth Crystal Cluster Plate W/ Display Stand 4536g",249,2020-02-22,4536,0.05,WorthPoint
bismuth-crystal,"175g Bismuth Crystal Cluster 1.5"" Square Rainbow Cube Cubic 6.2oz",13.9,2020-02-17,175,0.08,WorthPoint
bismuth-crystal,"2.5"" Large Titanium Aura Flame Quartz - Rainbow Bismuth Crystal Display Specimen",35,2020-02-14,,,WorthPoint
bismuth-crystal,"4"" Rainbow Bismuth Geode Crystal Cluster Large 1lb *Repaired",34.9,2020-02-14,,,WorthPoint
bismuth-crystal,"181g Bismuth Rainbow Crystal Cluster Cubic 3""",17.9,2020-02-12,181,0.1,WorthPoint
bismuth-crystal,One(1) Lg Superior Rainbow Bismuth Crystal Mineral Specimen Education Reiki,15.99,2020-02-11,,,WorthPoint
bismuth-crystal,"Large 1lb 11oz Funky Rainbow Bismuth Crystal Cluster 6"" X 3"" 777g Great Color!",69,2020-02-11,777,0.09,WorthPoint
bismuth-crystal,Iridescent Bismuth Rainbow Hopper Crystal Cluster Mineral Lg Specimen Colorful,39.95,2020-02-11,,,WorthPoint
bismuth-crystal,5 Pieces Bismuth Crystal Specimens Rainbow Colors 47 Grams Gemstone Mineral #604,11.35,2020-02-05,47,0.24,WorthPoint
bismuth-crystal,A BIG! Super Symmetrical Green Purple Pink And Gold BISMUTH Crystal 177gr E,39.99,2020-02-05,177,0.23,WorthPoint
bismuth-crystal,One (1) Large Magenta Bismuth Dragon Egg Geode Half Crystal Education Reiki,26.99,2020-02-04,,,WorthPoint
bismuth-crystal,Lot Of Sixteen (16) Extra Small Bismuth Crystal Specimens,22.99,2020-02-03,,,WorthPoint
bismuth-crystal,"7 Pc PENDANT Lot Of Rainbow Bismuth Crystals For Wire Wrapping 3/4"" To 1.5"" Long",21.9,2020-02-03,,,WorthPoint
bismuth-crystal,"79g FUNKY Twisted Bismuth Crystal Cluster Rainbow 2.5""",10.9,2020-02-02,79,0.14,WorthPoint
bismuth-crystal,Bismuth Crystals Steampunk Wire Wrap Wholesale Lot Bislot205,19.99,2020-01-31,,,WorthPoint
bismuth-crystal,Rare Antique Specimens Antimony Bismuth Selenium Sulfur Cobalt Zirconium Crystal,15,2020-01-15,,,WorthPoint
bismuth-crystal,Bismuth Crystal - 37g Specimen - Gem Stallion - USA Labgrown Crystal,10,2020-01-08,37,0.27,WorthPoint
bismuth-crystal,A Super Symmetrical Purple Blue And Gold BISMUTH Crystal From England 77.6gr E,11.99,2020-01-01,77.6,0.15,WorthPoint
bismuth-crystal,Bismuth Crystal From China 4.5 Cm # 8734,12.55,2019-12-31,,,WorthPoint
bismuth-crystal,GEMCORE: Eight(8) Jewelry Rainbow Bismuth Crystals Wire-Wrap Crafts Healing,17.99,2019-12-25,,,WorthPoint
bismuth-crystal,"20+pc Lot Of Bismuth ""Bits"" Custom Jewelry Pendant Earrings 99g Rainbow Crystals",14.95,2019-12-17,99,0.15,WorthPoint
bismuth-crystal,"258g Bismuth Crystal Tower Obelisk 3.75"" Tall Self Standing Blue Gold Purple",18.9,2019-12-14,258,0.07,WorthPoint
bismuth-crystal,"221g Bismuth Crystal ""Tree"" Self Standing Scenic Blue Gold ""Waterfall"" 3.75""",16.9,2019-12-12,221,0.08,WorthPoint
bismuth-crystal,A Blue And Gold AAA BISMUTH Crystal Made In England! 41.2gr,10.99,2019-12-11,41.2,0.27,WorthPoint
bismuth-crystal,Bismuth Crystal Large 60+gm Size~rainbow Color Mineral Specimen~one (1) Large,13.65,2019-12-11,,,WorthPoint
bismuth-crystal,"79g FUNKY Rainbow Bismuth Crystal Cluster 3.25"" X 1.5"" 1pc",12.9,2019-12-11,79,0.16,WorthPoint
bismuth-crystal,"173g 4"" Feather Rainbow Bismuth Crystal Cluster",17.9,2019-12-07,173,0.1,WorthPoint
bismuth-crystal,A Blue And Gold AAA BISMUTH Crystal Made In England! 58.4gr E,15.99,2019-12-05,58.4,0.27,WorthPoint
bismuth-crystal,74g Spiral Cubic Rainbow Bismuth Crystal,14.9,2019-12-05,74,0.2,WorthPoint
bismuth-crystal,62g Rainbow Bismuth Crystal Triangle Pyramid,13.9,2019-12-05,62,0.22,WorthPoint
bismuth-crystal,Bismuth Crystal Geometric Specimen Gold Blue Orange 32x22mm 35 Grams Flat Base,11,2019-12-03,35,0.31,WorthPoint
bismuth-crystal,Bismuth Crystal Specimens Rainbow Colors 83 Grams Gemstone Mineral #607,15.1,2019-12-03,83,0.18,WorthPoint
bismuth-crystal,GEMCORE: One (1) Large Ultra-Vivid Green Bismuth Egg Geode Crystal Chakra Stone,26.99,2019-12-03,,,WorthPoint
bismuth-crystal,Self Standing Bismuth Crystal Cluster Tower Vibrant Rainbow,10.9,2019-12-01,,,WorthPoint
bismuth-crystal,A BIG! Super Symmetrical Green Pink And Gold AAA BISMUTH Crystal 157gr E,39.99,2019-12-01,157,0.25,WorthPoint
bismuth-crystal,"133g Self Standing 2"" Cubic Rainbow Bismuth Crystal Energon Cube",19.9,2019-12-01,133,0.15,WorthPoint
bismuth-crystal,A Blue Purple And Gold AAA BISMUTH Crystal Made In England! 61.1gr E,19.99,2019-11-30,61.1,0.33,WorthPoint
bismuth-crystal,"Large 5.25"" Iridescent Bismuth ""splash"" For Art Project Rainbow Crystal 150g",11.9,2019-11-30,150,0.08,WorthPoint
bismuth-crystal,Large 405g Self Standing Rainbow Bismuth Crystal DISCOUNTED,34.9,2019-11-24,405,0.09,WorthPoint
bismuth-crystal,"3"" Rainbow Bismuth Geode Crystal Cluster Medium 249g *Read",24.9,2019-11-23,249,0.1,WorthPoint
bismuth-crystal,"63g Bismuth Crystal Cluster 2""x1.25""X1"" Vibrant Rainbow 2.3oz Gift Terrarium",12.9,2019-11-22,63,0.2,WorthPoint
bismuth-crystal,246g Rainbow Bismuth Crystal Triangle Pyramid Green Gemmy,22.9,2019-11-21,246,0.09,WorthPoint
bismuth-crystal,A Big! Blue Purple And Gold AAA BISMUTH Crystal Made In England! 97.0gr E,21.99,2019-11-20,97,0.23,WorthPoint
bismuth-crystal,15.4oz Bismuth Crystal CUBE Cubic 431g Energon Healing Blue Purple Gold,44.9,2019-11-18,431,0.1,WorthPoint
bismuth-crystal,Black Smokey Quartz Crystal Cluster In Matrix + 2pcs Of Rainbow Bismuth Crystal,49.95,2019-11-16,,,WorthPoint
bismuth-crystal,"Large 190g Rainbow Bismuth Crystal ""Fan"" Cluster 3"" Beautiful Color!",21.9,2019-11-16,190,0.12,WorthPoint
bismuth-crystal,"1lb Cubic Rainbow Bismuth Crystal Cluster Large 3.5"" X 3"" DISCOUNTED 1/2kg",37.9,2019-11-15,2000,0.02,WorthPoint
bismuth-crystal,46mm 0.9OZ Blue Bismuth Crystal Cluster Mineral Specimen,29.99,2019-11-15,25.515,1.18,WorthPoint
bismuth-crystal,GEMCORE: One(1) Pink & Gold Bismuth Jewelry Crystal Wire-Wrap Crafts,12.99,2019-11-12,,,WorthPoint
bismuth-crystal,A Super Symmetrical Green Purple Pink And Gold BISMUTH Crystal 94.6gr E,24.99,2019-11-12,94.6,0.26,WorthPoint
bismuth-crystal,Bismuth Crystals Steampunk Wire Wrap Wholesale Lot Bislot204,19.99,2019-11-12,,,WorthPoint
bismuth-crystal,"167g Blue Bismuth Crystal Cluster 3"" X 2"" X 2"" Rainbow Cubes Cubic",12.9,2019-11-11,167,0.08,WorthPoint
bismuth-crystal,Bismuth Crystal - 41g Specimen - Gem Stallion- USA Labgrown Crystal,10,2019-11-09,41,0.24,WorthPoint
bismuth-crystal,"1.2lb Bismuth Scenic Display Plate Cluster 5"" Self Standing Gold Pink Blue 538g",37.9,2019-11-09,538,0.07,WorthPoint
bismuth-crystal,Studio Naiko Sanzo 1/3 SD BJD Doll Head Normal Legit 70cm Boy + Faceup & Eyes,140,2019-11-07,,,WorthPoint
bismuth-crystal,8 Bismuth Crystal Specimen - Each A Beautiful Miracle - Various Sizes,19.95,2019-10-27,,,WorthPoint
bismuth-crystal,"HUGE 1.95lb Bismuth Crystal Cluster 876g Vibrant Rainbow Large 5.5""x5""x2.5""",79,2019-10-25,876,0.09,WorthPoint
bismuth-crystal,Quartz Titanium Bismuth Crystal Skull U.S. Seller,49.99,2019-10-25,,,WorthPoint
bismuth-crystal,1.7lbs Rainbow Bismuth Crystal Cluster Self Standing Pyramid 793g,54.9,2019-10-24,793,0.07,WorthPoint
bismuth-crystal,"Bismuth Crystal - 1 Lb. 12.6 Oz - Extra Large!!!!!!!! 5"" W X 1.5"" H (810.796 G)",99.99,2019-10-23,810.796,0.12,WorthPoint
bismuth-crystal,"Bismuth HEART & STAR Are A Precious Raw Metal 99.9%, ***SPECIAL",35.99,2019-10-22,,,WorthPoint
bismuth-crystal,"2lb ""Emerald City"" Rainbow Bismuth Crystal Cluster AMAZING Green + Purple! 5.75""",59.9,2019-10-18,,,WorthPoint
bismuth-crystal,A Bright Blue And Gold Colored BISMUTH Crystal Made In Germany! 77.1gr,14.99,2019-10-17,77.1,0.19,WorthPoint
bismuth-crystal,"Bismuth Crystal #23 -LARGE CLUSTER USA GROWN Healing,Meditation",14.99,2019-10-16,,,WorthPoint
bismuth-crystal,1.4lbs Bismuth Energon Crystal Cluster Cube Self Standing Cubic 638oz Heart,64.95,2019-10-16,18087.3,0,WorthPoint
bismuth-crystal,"4lb 12oz Bismuth Crystal Cluster 2154g Rainbow Extra Large 5""x6"" Cubic XXL",229,2019-10-15,2154,0.11,WorthPoint
bismuth-crystal,Bismuth Tibetian Buddha 1,19,2019-10-15,,,WorthPoint
bismuth-crystal,GEMCORE: One (1) Lg Blue Bismuth Egg Geode Specimen Crystal Chakra Healing,26.99,2019-10-13,,,WorthPoint
bismuth-crystal,A Blue Pink Green And Gold BISMUTH Crystal From Germany! 97.7gr,14.99,2019-10-13,97.7,0.15,WorthPoint
bismuth-crystal,1lb Medium Mixed Lot Of 24pc Rainbow Bismuth Crystal Terrarium Gift Craft,39.95,2019-10-12,,,WorthPoint
bismuth-crystal,"Bismuth Hemispheres Are A Precious Raw Metal 99.9%, Metallic Like Colors! Stunni",10,2019-10-11,,,WorthPoint
bismuth-crystal,1lb Smalls Mixed Lot Of 35 Pcs Rainbow Bismuth Crystal Gifts Jewelry Terrarium,39.95,2019-10-11,,,WorthPoint
bismuth-crystal,"3 Mineral Specimens, Crystals, Smithsonite, Bismuth, Pecos Diamond Quartz",12.5,2019-10-07,,,WorthPoint
bismuth-crystal,Small Bismuth Crystal Cluster Vibrant Rainbow 138g Gift Terrarium Display 4.9oz,14.9,2019-10-06,138,0.11,WorthPoint
bismuth-crystal,"Bismuth Crystal Display Dome, Bismuth Crystal",10.6,2019-10-06,,,WorthPoint
bismuth-crystal,"260g Bismuth Crystal ""Tree"" Self Standing Scenic Blue Gold Green ""Waterfall""",19.9,2019-10-05,260,0.08,WorthPoint
bismuth-crystal,1.4lbs DISCOUNTED Bismuth Crystal Cluster Cube Self Standing Cubic 612oz,39,2019-10-03,17350.2,0,WorthPoint
bismuth-crystal,"Beautiful 141g Bismuth Crystal Cluster Square Rainbow Cube Cubic 2.75"" Display",14.9,2019-10-03,141,0.11,WorthPoint
bismuth-crystal,A BIG! Super Symmetrical Green Purple Pink And Gold AAA BISMUTH Crystal 173gr E,34.99,2019-10-02,173,0.2,WorthPoint
bismuth-crystal,"Bismuth Heart Is A Precious Raw Metal 99.9%,StunningMetallic Colors***SPECIAL***",21.92,2019-10-01,,,WorthPoint
bismuth-crystal,"110g Bismuth Crystal Cluster 2""x1.5""X1"" Rainbow Pyramid 3.9oz",16.95,2019-09-30,110,0.15,WorthPoint
bismuth-crystal,3.4lb Bismuth Pyramid Crystal Cluster Rainbow Extra Large Cubic 1530g XXL,159,2019-09-28,1530,0.1,WorthPoint
bismuth-crystal,"20pc Lot Of Bismuth ""Bits"" Custom Jewelry Pendants Earrings 99g Rainbow Crystals",14.95,2019-09-25,99,0.15,WorthPoint
bismuth-crystal,Rock Fossil Mineral Crystal Quartz Gems Collectables Creative Energy Lot,15.5,2019-09-23,,,WorthPoint
bismuth-crystal,"MAMMOTH 5lb 5oz Bismuth Crystal 6x6"" Cubic Rainbow Cluster LARGEST ON EBAY *Read",279,2019-09-22,141.75,1.97,WorthPoint
bismuth-crystal,"Rare 3lb 3oz Rainbow Bismuth Crystal Cluster Pyramid 5""x4""x4"" XXL 1434g Healing",159,2019-09-17,1434,0.11,WorthPoint
bismuth-crystal,"164g Funky Rainbow Bismuth Crystal Cluster 2.7""x1.5"" Rainbow 5.8oz",16.95,2019-09-15,164,0.1,WorthPoint
bismuth-crystal,GEMCORE: One(1) Ultra-Vivid Bismuth Egg Rainbow Geode Crystal Chakra Dragon Egg,29.99,2019-09-14,,,WorthPoint
bismuth-crystal,"1lb Lot Of Small Bismuth ""Bits"" Custom Jewelry Pendants Rainbow Crystals",39,2019-09-11,,,WorthPoint
bismuth-crystal,Bismuth Crystal - 47g Specimen - Gem Stallion - USA Labgrown Crystal,12,2019-09-11,47,0.26,WorthPoint
bismuth-crystal,Rainbow Bismuth Wholesale (1 Lb) Lab-Grown Crystals Mineral Display Specimen,49.99,2019-09-10,,,WorthPoint
bismuth-crystal,"161g Self Standing Bismuth Crystal Tower Display 5.2oz Cubic 2.5"" Tall",19.95,2019-09-09,161,0.12,WorthPoint
bismuth-crystal,"71g FUNKY Twisted Bismuth Crystal Cluster 2.5""x1.5"" Rainbow Pyramid",16.95,2019-09-08,71,0.24,WorthPoint
bismuth-crystal,Bismuth Crystal - 63g Specimen - Gem Stallion- USA Labgrown Crystal,13,2019-09-08,63,0.21,WorthPoint
bismuth-crystal,A Green Blue Pink Purple And Gold BISMUTH Crystal Made In New Zealand! 24.9gr E,11.99,2019-09-08,24.9,0.48,WorthPoint
bismuth-crystal,"269g FUNKY Bismuth Crystal Cluster Scenic 4""x2.75""x1.75"" Rainbow Cubic 9.5oz",24.95,2019-09-08,269,0.09,WorthPoint
bismuth-crystal,"Large 2lb Rainbow Bismuth Crystal Cluster 4""X5"" XL",89.95,2019-09-03,,,WorthPoint
bismuth-crystal,"1lb Rainbow Bismuth Crystal Cluster Cubic 7 Cubes 3.5""",33,2019-09-03,,,WorthPoint
bismuth-crystal,A BIG! Green Pink Blue Purple And Gold BISMUTH Crystal From Germany! 132gr,11.99,2019-09-02,132,0.09,WorthPoint
bismuth-crystal,"Self Standing 1lb 3.5"" Tall Rainbow Bismuth Crystal Pyramid 453g XL BISMUTH BITS",34.95,2019-08-31,453,0.08,WorthPoint
bismuth-crystal,"Bismuth Hemispheres & STAR Are A Precious Raw Metal 99.9%, ***SPECIAL",35.99,2019-08-29,,,WorthPoint
bismuth-crystal,Large 1.5lb Self Standing Bismuth Crystal Pyramid 680g STUNNING RAINBOW COLOR!,42.95,2019-08-29,680,0.06,WorthPoint
bismuth-crystal,Lot Of Five (5) Medium Bismuth Crystal Specimens,21.99,2019-08-28,,,WorthPoint
bismuth-crystal,A Symmetrical Purple Pink Blue And Gold BISMUTH Crystal From Germany! 50.2gr E,10.99,2019-08-28,50.2,0.22,WorthPoint
bismuth-crystal,A Very Symmetrical Purple Blue And Gold BISMUTH Crystal England 51.1gr E,11.99,2019-08-28,51.1,0.23,WorthPoint
bismuth-crystal,Large 1lb 10oz Lot Of 3 Rainbow Bismuth Crystals 751g Cubic Cluster Healing,37,2019-08-28,751,0.05,WorthPoint
bismuth-crystal,GEMCORE: One (1) XL Rainbow Bismuth Crystal Display Mineral Specimen Education,18.99,2019-08-26,,,WorthPoint
bismuth-crystal,"314g FUNKY Bismuth Crystal Cluster 11.1oz Rainbow Large 5""X2.75""X1.5""",29,2019-08-25,314,0.09,WorthPoint
bismuth-crystal,A Very Symmetrical Blue Purple And Gold BISMUTH Crystal From England 65.3gr E,11.99,2019-08-25,65.3,0.18,WorthPoint
bismuth-crystal,GEMCORE: One(1) Large Rainbow Bismuth Geode Specimen Crystal Chakra Healing,27.99,2019-08-21,,,WorthPoint
bismuth-crystal,GEMCORE: Bismuth Wholesale (3 Kg) Superior Quality Rainbow Crystals Mineral USA!,249,2019-08-21,3000,0.08,WorthPoint
bismuth-crystal,GEMCORE: Rainbow Bismuth Crystal Lab-Grown Metal Mineral Specimen Education,13.5,2019-08-21,,,WorthPoint
bismuth-crystal,Medium Bismuth Crystal Specimen Grown In USA,10,2019-08-20,,,WorthPoint
bismuth-crystal,Rare 3lb 10oz Rainbow Bismuth Crystal Cluster 1644g Extra Large Cubic XXL *Read,189,2019-08-20,1644,0.11,WorthPoint
bismuth-crystal,GEMCORE: One (1) XXL Rainbow Bismuth Crystal Display Mineral Specimen Education,28.99,2019-08-20,,,WorthPoint
bismuth-crystal,2lbs Gold Blue Purple Bismuth Crystal CUBE XL Cubic 907g Energon Healing Lb,59,2019-08-18,907,0.07,WorthPoint
bismuth-crystal,347g Tight Cubic Rainbow Bismuth Crystal Cluster 13.2oz Energon Cube Healing,29,2019-08-16,347,0.08,WorthPoint
bismuth-crystal,Bismuth Crystal - 73g Specimen- Gem Stallion- USA Labgrown Crystal,11,2019-08-14,73,0.15,WorthPoint
bismuth-crystal,Bismuth Crystal- 48g Specimen- Gem Stallion - USA Labgrown Crystal,11,2019-08-14,48,0.23,WorthPoint
bismuth-crystal,Bismuth Crystal - 50g Specimen - Gem Stallion - USA Labgrown Crystal,12,2019-08-14,50,0.24,WorthPoint
bismuth-crystal,GEMCORE: One (1) XL Ultra-Vivid Bismuth Crystal Cluster Rainbow Mineral Specimen,24.99,2019-08-13,,,WorthPoint
bismuth-crystal,BISMUTH - 2.5oz Crystal(s) + 11.7oz Ingot(s) - USA Grown - 99.99% PURE (4E),17,2019-08-13,70.875,0.24,WorthPoint
bismuth-crystal,Bismuth Crystal Cluster Display Specimen / Germany 016,14,2019-08-12,,,WorthPoint
bismuth-crystal,"2lb 7oz Extra Large Bismuth Crystal XL 3""x4"" Rainbow Self Standing Cubic 1105g",79.95,2019-08-11,1105,0.07,WorthPoint
bismuth-crystal,BISMUTH - 1.2oz Crystal + 13.8oz Ingot(s) - USA Grown - 99.99% PURE (3C),17,2019-08-09,34.02,0.5,WorthPoint
bismuth-crystal,Lot Of FIVE (5) Small And Very Colorful BISMUTH Crystals Made In Germany !,13.99,2019-08-09,,,WorthPoint
bismuth-crystal,12 Piece Bismuth Lot,24,2019-08-08,,,WorthPoint
bismuth-crystal,A Very Nice! Blue Purple And Gold Colored BISMUTH Crystal From Germany! 68.7gr E,11.99,2019-08-08,68.7,0.17,WorthPoint
bismuth-crystal,GEMCORE: One (1) Lg Rainbow Bismuth Crystal Display Mineral Crafts Education,15.99,2019-08-07,,,WorthPoint
bismuth-crystal,Huge Discounted Rare 4lb 10oz Rainbow Bismuth Crystal Cluster 2kg 2098g *Read,79,2019-08-07,2098,0.04,WorthPoint
bismuth-crystal,BISMUTH - 7.5oz Crystal + 6.8oz Ingot - USA Grown - 99.99% PURE (1A),27,2019-08-07,212.625,0.13,WorthPoint
bismuth-crystal,2lbs Smalls Mixed Lot Of 37 Rainbow Bismuth Crystal 907g 1kg Terrarium S Bits,79.95,2019-08-05,907,0.09,WorthPoint
bismuth-crystal,Gemcore: One(1) CHOOSE COLOR XL Ultra-Vivid Bismuth Crystal Cluster Chakra,19.99,2019-08-04,,,WorthPoint
bismuth-crystal,Fine BISMUTH Crystals * Schneeberg * Saxony * Germany * Ex. Kay Robertson Coll,135,2019-08-02,,,WorthPoint
bismuth-crystal,"1lb 4oz Bismuth Energon Crystal Cube Large 2"" X 2"" Self Standing Cubic 567g",34.95,2019-07-30,567,0.06,WorthPoint
bismuth-crystal,Huge BISMUTH Crystal - 15.3-oz (434-gram) Rainbow Colors - USA Grown 99.99% PURE,25,2019-07-29,434,0.06,WorthPoint
bismuth-crystal,Huge BISMUTH Crystal - 14.9-oz (422-gram) - USA Grown 99.99% PURE - (3B),25,2019-07-26,422,0.06,WorthPoint
bismuth-crystal,Huge BISMUTH Crystal - 15.6-oz (442-gram) - USA Grown 99.99% PURE - (1B),25,2019-07-25,442,0.06,WorthPoint
bismuth-crystal,BISMUTH - 1oz Crystal(s) + 13.7oz Ingot(s) - USA Grown - 99.99% PURE (4F),17,2019-07-22,28.35,0.6,WorthPoint
bismuth-crystal,BISMUTH - 1.3oz Crystal + 14.1oz Ingot(s) - USA Grown - 99.99% PURE (1D),17,2019-07-22,36.855,0.46,WorthPoint
bismuth-crystal,BISMUTH - 2.0oz Crystal(s) + 11.9oz Ingot(s) - USA Grown - 99.99% PURE (2E),17,2019-07-21,56.7,0.3,WorthPoint
bismuth-crystal,High Purity Rainbow Bi Bismuth Crystals Crystal Mineral Specimen 40-60g,10.29,2019-07-19,60,0.17,WorthPoint
bismuth-crystal,Bismuth Metal Bismuth Metal Ingot Chunk 100g 99.99% Pure Bismuth Crystal Geod...,13.75,2019-07-16,100,0.14,WorthPoint
bismuth-crystal,"Iridescent Large Bismuth Crystal Lab Grown, 107.8g",21.99,2019-07-15,107.8,0.2,WorthPoint
bismuth-crystal,Lot Of FIVE! (5) Small And Very Colorful BISMUTH Crystals Made In Germany !,15.99,2019-07-13,,,WorthPoint
bismuth-crystal,Bismuth Crystal. Lab Grown. 94 Grams,34.95,2019-07-12,94,0.37,WorthPoint
bismuth-crystal,GEMCORE: One(1) Lg Rainbow Bismuth Egg Geode Specimen Crystal Chakra Healing,27.99,2019-07-11,,,WorthPoint
bismuth-crystal,2 XXL Rainbow Bismuth Crystals 2+lbs Extra Large 964g Cluster BISMUTHBITS,49.95,2019-07-11,964,0.05,WorthPoint
bismuth-crystal,Natural BISMUTH Crystals In A Vug * Schneeberg * Saxony * Germany,275,2019-07-09,,,WorthPoint
bismuth-crystal,BISMUTH Crystals * Shaft 38 * Saxong * Germany,21.5,2019-07-04,,,WorthPoint
bismuth-crystal,"Large 1.4lb Bismuth Crystal Cluster XL 624g 4"" X 3.5"" X 2.25""",79,2019-07-01,624,0.13,WorthPoint
bismuth-crystal,BISMUTH - 2.5oz Crystal(s) + 12.1oz Ingot(s) - USA Grown - 99.99% PURE (1F),20,2019-07-01,70.875,0.28,WorthPoint
bismuth-crystal,Dancing Bear 2 Pound Selenite Small Sticks-Wands Premium Hand-Sorted,19.99,2019-06-30,,,WorthPoint
bismuth-crystal,BISMUTH - 1.9oz Crystal + 13.7oz Ingot(s) - USA Grown - 99.99% PURE (2D),18,2019-06-29,53.865,0.33,WorthPoint
bismuth-crystal,GEMCORE: One(1) Ultra-Vivid Bismuth Heart Rainbow Geode Crystal Chakra Dragon,29.99,2019-06-29,,,WorthPoint
bismuth-crystal,GEMCORE: One (1) Large Magenta Bismuth Dragon Egg Geode Crystal Education,29.99,2019-06-28,,,WorthPoint
bismuth-crystal,BISMUTH - 2.3oz Crystal + 11.5oz Ingot(s) - USA Grown - 99.99% PURE (2C),18,2019-06-27,65.205,0.28,WorthPoint
bismuth-crystal,Huge BISMUTH Crystal - 15.4-oz (436-gram) - USA Grown 99.99% PURE - (2B),29,2019-06-26,436,0.07,WorthPoint
bismuth-crystal,BISMUTH - 3.2oz Crystal + 11.9oz Ingot(s) - USA Grown - 99.99% PURE (1C),17,2019-06-24,90.72,0.19,WorthPoint
bismuth-crystal,13986 Bismuth Crystal From Germany,10.62,2019-06-21,,,WorthPoint
bismuth-crystal,Rock Minerals Crystals Gemstones Collectibles Lace Agate Bismuth Geode Point Lot,24.99,2019-06-14,,,WorthPoint
bismuth-crystal,A BIG! Green Gold And Pink Colored BISMUTH Crystal From Germany! 158.1gr,24.99,2019-06-14,158.1,0.16,WorthPoint
bismuth-crystal,A Big! SUPER Nice! Blue And Gold Colored AAA BISMUTH Crystal From Germany! 145gr,24.99,2019-06-14,145,0.17,WorthPoint
bismuth-crystal,SUPERB NATIVE Bismuth Crystal With Molybdenite AUSTRALIA -Ex. Jensen,122.5,2019-06-14,,,WorthPoint
bismuth-crystal,A Very Symmetrical Purple Blue & Gold AAA BISMUTH Crystal From England 63.5gr E,14.99,2019-06-12,63.5,0.24,WorthPoint
bismuth-crystal,A BIG Super Symmetrical Purple Green And Gold BISMUTH Crystal From Germany 138gr,13.99,2019-06-11,138,0.1,WorthPoint
bismuth-crystal,A BIG! Symmetrical Purple Blue And Gold AAA BISMUTH Crystal From England 123.7gr,17.99,2019-06-11,123.7,0.15,WorthPoint
bismuth-crystal,A Larger Super Symmetrical Blue And Gold BISMUTH Crystal England 87.8gr,10.99,2019-06-11,87.8,0.13,WorthPoint
bismuth-crystal,A Blue Purple And Gold BISMUTH Crystal Made In England! 67.0gr E,10.99,2019-06-11,67,0.16,WorthPoint
bismuth-crystal,A BIG! Blue And Gold AAA BISMUTH Crystal From Germany! 146gr,18.99,2019-06-11,146,0.13,WorthPoint
bismuth-crystal,A Very Nice! Larger Blue And Gold Colored BISMUTH Crystal From Germany! 88.5gr E,13.99,2019-06-11,88.5,0.16,WorthPoint
bismuth-crystal,A Super Symmetrical Purple Blue And Gold AAA BISMUTH Crystal England 108.2gr,33.99,2019-06-10,108.2,0.31,WorthPoint
bismuth-crystal,A Larger Blue Pink And Gold AAA BISMUTH Crystal Made In Germany! 142.1gr,21.99,2019-06-09,142.1,0.15,WorthPoint
bismuth-crystal,A BIG Lot Of TEN! Small Super Neat! BISMUTH Crystals Made In Germany! 133gr,24.99,2019-06-08,133,0.19,WorthPoint
bismuth-crystal,Bismuth Crystal From China 3.9 Cm # 4862,10.66,2019-06-08,,,WorthPoint
bismuth-crystal,BISMUTH - 1.9oz Crystal + 13.4oz Ingot(s) - USA Grown - 99.99% PURE (3D),18,2019-06-06,53.865,0.33,WorthPoint
bismuth-crystal,BISMUTH - 0.7oz Crystal(s) + 14.1oz Ingot(s) - USA Grown - 99.99% PURE (2F),18,2019-06-05,19.845,0.91,WorthPoint
bismuth-crystal,BISMUTH - 1.6oz Crystal + 13.5oz Ingot - USA Grown - 99.99% PURE (2A),18,2019-06-05,45.36,0.4,WorthPoint
bismuth-crystal,BISMUTH - 3.6oz Crystal(s) + 11.6oz Ingot(s) - USA Grown - 99.99% PURE (1E),20,2019-06-02,102.06,0.2,WorthPoint
bismuth-crystal,A BIG! Blue Purple Pink And Gold AAA BISMUTH Crystal From Germany! 152gr,22.99,2019-05-31,152,0.15,WorthPoint
bismuth-crystal,A BIG! Pink Blue And Gold AAA BISMUTH Crystal From Germany! 158gr E,15.99,2019-05-30,158,0.1,WorthPoint
bismuth-crystal,"4.5"" Large Titanium Aura Flame Quartz - Rainbow Bismuth Crystal Display Specimen",38.5,2019-05-25,,,WorthPoint
bismuth-crystal,"A Panel Of Lapis Lazuli With Iron Pyrites Veins Together With A Polished Ammonite Fossil,",60.74,2019-05-22,,,WorthPoint
bismuth-crystal,1 Kg (2+ Lbs) Mixed Lot Of Rainbow Bismuth Crystal Clusters BISMUTHBITS,59.95,2019-05-21,1000,0.06,WorthPoint
bismuth-crystal,Bismuth Crystals Lot 1 Pound,30,2019-05-16,,,WorthPoint
bismuth-crystal,Awesome Rainbow Bismuth Crystal Cluster Mineral Specimen Healing Crytstals,12,2019-05-14,,,WorthPoint
bismuth-crystal,GEMCORE: Bismuth Wholesale (1 Lb) Superior Quality Rainbow Crystals Mineral USA,49.99,2019-05-13,,,WorthPoint
bismuth-crystal,A Big Very Nice! Blue AndGold Colored BISMUTH Crystal Made In Germany! 154gr E,21.99,2019-05-13,154,0.14,WorthPoint
bismuth-crystal,WOw! A Big! Blue Pink And Gold AAA BISMUTH Crystal From Germany! 133gr,16.99,2019-05-12,133,0.13,WorthPoint
bismuth-crystal,40-60g Rainbow Bismuth Bi Crystals Specimen Mineral Gemstone Craft US,10.89,2019-05-11,60,0.18,WorthPoint
bismuth-crystal,A BIG Super Symmetrical Purple Blue And Gold BISMUTH Crystal England 149gr,21.99,2019-05-11,149,0.15,WorthPoint
bismuth-crystal,284g Lot Of 3 Pyramid Rainbow Bismuth Crystals,13.95,2019-05-09,284,0.05,WorthPoint
bismuth-crystal,GEMCORE: One (1) Lg Superior Rainbow Bismuth Crystal Mineral Specimen Education,16.79,2019-05-08,,,WorthPoint
bismuth-crystal,Huge 2.4lb Bismuth Crystal Extra Large 1088g *READ Description,33.95,2019-05-07,1088,0.03,WorthPoint
bismuth-crystal,Rocks Fossils Minerals Crystal Quartz Gems Collectable Alluring Energy Lot,28.95,2019-05-06,,,WorthPoint
bismuth-crystal,BISMUTH TOWER LARGE 30 Gram SPECIMEN 3.06 RAINBOW CRYSTAL MINERAL GEMSTONE,12.97,2019-05-03,30,0.43,WorthPoint
bismuth-crystal,Rocks Fossils Minerals Crystal Quartz Gems Collectable Creative Energy Lot,15.5,2019-04-29,,,WorthPoint
bismuth-crystal,A Super Symmetrical Purple Blue And Copper BISMUTH Crystal From England 64.3gr,19.99,2019-04-28,64.3,0.31,WorthPoint
bismuth-crystal,Rocks Fossils Minerals Crystal Quartz Gems Collectable Surrounding Energy Lot,20.5,2019-04-28,,,WorthPoint
bismuth-crystal,"Bismuth Heart Is A Precious Raw Metal 99.9%, Stunning Colors ENDING 4/28*SALE***",28.05,2019-04-26,,,WorthPoint
bismuth-crystal,A Blue Gold And Pink Colored BISMUTH Crystal Made In Germany! 90.2gr,10.99,2019-04-21,90.2,0.12,WorthPoint
bismuth-crystal,BISMUTH TOWER LARGE 30 Gram SPECIMEN 3.09 RAINBOW CRYSTAL MINERAL GEMSTONE,12.97,2019-04-20,30,0.43,WorthPoint
bismuth-crystal,Beautiful 235g Purple Green Bismuth Crystal Rainbow Plates M4,12,2019-04-19,235,0.05,WorthPoint
bismuth-crystal,227g Blue Gold Bismuth Crystal Rainbow Round Plate,11,2019-04-19,227,0.05,WorthPoint
bismuth-crystal,1lb 6oz Large Bismuth Crystal Rainbow 2 Pieces L1,23,2019-04-19,170.1,0.14,WorthPoint
bismuth-crystal,A Symmetrical Purple Copper Blue And Gold BISMUTH Crystal From England 72.6gr,15.99,2019-04-19,72.6,0.22,WorthPoint
bismuth-crystal,Rocks Fossils Minerals Crystal Quartz Gems Collectable Contentment Energy Lot,10.5,2019-04-15,,,WorthPoint
bismuth-crystal,A Very Nice! Purple Blue Green Pink And Gold AAA BISMUTH Crystal Germany! 96.8gr,18.99,2019-04-14,96.8,0.2,WorthPoint
bismuth-crystal,Rocks Fossils Minerals Crystal Quartz Gems Collectable Pinnacle Energy Lot,14.5,2019-04-14,,,WorthPoint
bismuth-crystal,61mm 0.8OZ Blue Bismuth Crystal Cluster Mineral Specimen,20,2019-04-12,22.68,0.88,WorthPoint
bismuth-crystal,"Dino: Lg. Rainbow Bismuth Crystal Specimen, England - 26 G - Display",11.55,2019-04-10,26,0.44,WorthPoint
bismuth-crystal,1 Lb Of Bismuth Crystals WHOLESALE 15-30 Pcs,27,2019-04-09,,,WorthPoint
bismuth-crystal,A Super Nice! Blue And Gold AAA BISMUTH Crystal Made In Germany! 81.6gr,10.99,2019-04-09,81.6,0.13,WorthPoint
bismuth-crystal,A Blue And Gold BISMUTH Crystal Made In Germany! 91.6gr,12.99,2019-04-08,91.6,0.14,WorthPoint
bismuth-crystal,Rocks Fossils Minerals Crystal Quartz Gems Collectable Astro Energy Lot 1.43 Lbs,13.5,2019-04-08,,,WorthPoint
bismuth-crystal,BISMUTH TOWER LARGE 30 Gram SPECIMEN 3.02 RAINBOW CRYSTAL MINERAL GEMSTONE,11.97,2019-04-07,30,0.4,WorthPoint
bismuth-crystal,A Super Symmetrical Purple Blue And Gold BISMUTH Crystal Made In England 98.9gr,21.99,2019-04-06,98.9,0.22,WorthPoint
bismuth-crystal,A Super Symmetrical Blue And Gold BISMUTH Crystal Made In England !! 119gr E,19.99,2019-04-06,119,0.17,WorthPoint
bismuth-crystal,Rocks Fossils Minerals Crystal Quartz Gems Collectables Excellent Energy Lot,40,2019-04-01,,,WorthPoint
bismuth-crystal,A Super Symmetrical Blue And Gold!! BISMUTH Crystal From England 75.7gr,19.99,2019-03-30,75.7,0.26,WorthPoint
bismuth-crystal,Bismuth Crystal 28.74 Grams,10,2019-03-30,28.74,0.35,WorthPoint
bismuth-crystal,"Bismuth Heart Is A Precious Raw Metal 99.9%, ***END OF THE MONTH SALE 15% OFF***",28.05,2019-03-28,,,WorthPoint
bismuth-crystal,Gigantic Bismuth Crystal Cluster 3 Pounds 14 Ounces,130,2019-03-28,,,WorthPoint
bismuth-crystal,Medium Sized Bismuth Crystals- Great Specimens! Brand New!,11,2019-03-26,,,WorthPoint
bismuth-crystal,Large Rainbow Bismuth Crystal Mineral Rock Collection Cluster Specimen Titanium,13.5,2019-03-25,,,WorthPoint
bismuth-crystal,A Symmetrical Purple Blue And Gold BISMUTH Crystal From England 92.2gr,21.99,2019-03-25,92.2,0.24,WorthPoint
bismuth-crystal,Rocks Fossils Minerals Crystal Quartz Gems Collectables Earthly Energy Lot,30,2019-03-25,,,WorthPoint
bismuth-crystal,A Super Symmetrical Blue And Purple BISMUTH Crystal From England 77.9gr,12.99,2019-03-23,77.9,0.17,WorthPoint
bismuth-crystal,Huge Bismuth Crystal 5 Ounces,18,2019-03-22,,,WorthPoint
bismuth-crystal,GEMCORE: Lg Rainbow Bismuth Egg Geode Specimen Crystal Chakra Healing,24.99,2019-03-21,,,WorthPoint
bismuth-crystal,14128 Bismuth Crystal From Germany,11.25,2019-03-21,,,WorthPoint
bismuth-crystal,Bismuth Crystal- 58g Specimen- Gem Stallion - USA Labgrown Crystal,13,2019-03-18,58,0.22,WorthPoint
bismuth-crystal,"GEMCORE: Ultra-Vivid Rainbow Bismuth Specimen (3.5"") Cluster Crystal Chakra",39.99,2019-03-17,,,WorthPoint
bismuth-crystal,"Bismuth Heart Is A Precious Raw Metal 99.9%, ***SPECIAL 15% OFF SALE***",26,2019-03-15,,,WorthPoint
bismuth-crystal,Huge Bismuth Crystal Cluster 1 Pound 11 Ounces,65,2019-03-13,,,WorthPoint
bismuth-crystal,Huge Bismuth Crystal 14.5 Ounces,42,2019-03-11,,,WorthPoint
bismuth-crystal,BISMUTH TOWER LARGE 30 Gram SPECIMEN 3.01 RAINBOW CRYSTAL MINERAL GEMSTONE,11.97,2019-03-11,30,0.4,WorthPoint
bismuth-crystal,Top Quality Bismuth Crystal 85 Grams 2 Inch Display Specimen LOT #5,11.5,2019-03-11,85,0.14,WorthPoint
bismuth-crystal,Top Quality Bismuth Crystal 96 Grams 2.5 Inch Display Specimen LOT #4,14.5,2019-03-11,96,0.15,WorthPoint
bismuth-crystal,Top Quality Bismuth Crystal 106 Grams 2.35 Inch Display Specimen LOT #3,12.5,2019-03-11,106,0.12,WorthPoint
bismuth-crystal,Top Quality Bismuth Crystal 150 Grams 2.78 Inch Display Specimen LOT #1,16.5,2019-03-11,150,0.11,WorthPoint
bismuth-crystal,Large Lot 5 Pieces Rainbow BISMUTH Crystals Made In Germany 55.56 G Specimen,22.95,2019-03-09,55.56,0.41,WorthPoint
bismuth-crystal,2 Pieces Of Bismuth Crystal 73 Grams Total Weight Colorful Free Shipping #583,12,2019-03-09,73,0.16,WorthPoint
bismuth-crystal,A Nice! Purple Blue Green Pink And Gold Colored BISMUTH Crystal Germany! 87.0gr,15.99,2019-03-08,87,0.18,WorthPoint
bismuth-crystal,BISMUTH TOWER LARGE 30 Gram SPECIMEN 3.05 RAINBOW CRYSTAL MINERAL GEMSTONE,11.97,2019-03-05,30,0.4,WorthPoint
bismuth-crystal,BISMUTH TOWER LARGE 30 Gram SPECIMEN 3.10 RAINBOW CRYSTAL MINERAL GEMSTONE,11.97,2019-03-04,30,0.4,WorthPoint
bismuth-crystal,"GEMCORE: Ultra-Vivid Rainbow Bismuth Specimen (4.7"") Cluster Crystal Chakra",39.99,2019-03-04,,,WorthPoint
bismuth-crystal,"CRYSTAL BISMUTH On COBALT-NICKEL ORE: SHAFT 371, ERZGEBIRGE, SAXONY, GERMANY-NR!",32,2019-03-04,,,WorthPoint
bismuth-crystal,"2.8"" MultiColor Hoppered BISMUTH Crystals Neon Blue-Silver-Gold England For Sale",80,2019-03-03,,,WorthPoint
bismuth-crystal,Gigantic Bismuth Crystal Cluster 4 Pounds 2 Ounces,207.5,2019-03-02,,,WorthPoint
bismuth-crystal,GEMCORE: One(1) Ultra-Vivid Bismuth Crystal Specimen Wire-Wrap Jewelry Crafts,17.99,2019-03-02,,,WorthPoint
bismuth-crystal,"Bismuth Hemispheres Are A Precious Raw Metal 99.9%, ***SPECIAL15% SALE***",28.9,2019-02-28,,,WorthPoint
bismuth-crystal,GEMCORE: One (1) Large Magenta Bismuth Egg Geode Specimen Crystal Chakra Healing,34.99,2019-02-25,,,WorthPoint
bismuth-crystal,A Beautiful Blue And Gold BISMUTH Crystal Made In Germany! 136gr,11.99,2019-02-24,136,0.09,WorthPoint
bismuth-crystal,Bismuth Crystal From China 6.2 Cm # 4856,14.95,2019-02-24,,,WorthPoint
bismuth-crystal,96 Grams Bismuth Rainbow Crystal Element Bi Gemstone Mineral Specimen Healing,13.5,2019-02-22,96,0.14,WorthPoint
bismuth-crystal,A BIG Pink Blue And Gold AAA BISMUTH Crystal Made In Germany! 168gr E,19.99,2019-02-17,168,0.12,WorthPoint
bismuth-crystal,A Blue Pink Gold And Blue Colored AAA BISMUTH Crystal From Germany! 188gr E,19.99,2019-02-17,188,0.11,WorthPoint
bismuth-crystal,Bismuth Crystal. Set Of Two. 51.7 Grams.,10.99,2019-02-16,51.7,0.21,WorthPoint
bismuth-crystal,A BIG Lot Of FIVE! Small Super Neat BISMUTH Crystals Made In Germany! 76.6gr,12.99,2019-02-16,76.6,0.17,WorthPoint
bismuth-crystal,A Big Blue And Gold Colored BISMUTH Crystal Made In Germany! 150gr,21.99,2019-02-16,150,0.15,WorthPoint
bismuth-crystal,"4"" Large Titanium Aura Flame Quartz - Rainbow Bismuth Crystal Display Specimen",28,2019-02-14,,,WorthPoint
bismuth-crystal,"GEMCORE: Large ""Albino"" Bismuth Cluster (3.8 Inches) Specimen Crystal Healing",34.99,2019-02-12,,,WorthPoint
bismuth-crystal,"Dino: XL Bismuth Crystal Specimen, Germany - 36 G - Display",10.5,2019-02-12,36,0.29,WorthPoint
bismuth-crystal,R48-34) 9.9 Gram Bismuth Rainbow Crystal Element Bi Gemstone Mineral Specimen US,11.99,2019-02-11,9.9,1.21,WorthPoint
bismuth-crystal,"GEMCORE: Ultra-Vivd Rainbow Bismuth (3.3"") Cluster Crystal Chakra Healing",39.99,2019-02-08,,,WorthPoint
bismuth-crystal,BISMUTH TOWER LARGE 30 Gram SPECIMEN 3.07 RAINBOW CRYSTAL MINERAL GEMSTONE,11.97,2019-02-08,30,0.4,WorthPoint
bismuth-crystal,"Bismuth Is A Precious Raw Metal 99.9%, Which Produces Stunning Metallic Colors",33.3,2019-02-07,,,WorthPoint
bismuth-crystal,Bismuth Crystal - 139g Specimen - Gem Stallion- USA Labgrown Crystal,34,2019-02-06,139,0.24,WorthPoint
bismuth-crystal,"Lot Of 2 Rainbow Bismuth Crystals. Beautiful Colors. Fast, Free USA Shipped!",18,2019-02-05,,,WorthPoint
bismuth-crystal,Bismuth Crystal - 65g Specimen - Gem Stallion - USA Labgrown Crystal,16,2019-02-04,65,0.25,WorthPoint
bismuth-crystal,14122 Bismuth Crystal From Germany,11.25,2019-02-01,,,WorthPoint
bismuth-crystal,"Dino: Rainbow Bismuth Chips, England - 42.1 Grams",12.49,2019-01-31,42.1,0.3,WorthPoint
bismuth-crystal,A BIG Pink Blue Purple Green And Gold AAA BISMUTH Crystal From Germany! 118gr E,14.99,2019-01-31,118,0.13,WorthPoint
bismuth-crystal,"2.75"" Iridescent Metallic Hoppered Bismuth Crystals Germany ""lab Grown"" Z-281",45,2019-01-29,,,WorthPoint
bismuth-crystal,100 Grams Bismuth Rainbow Crystal Element Bi Gemstone Mineral Specimen Healing,12,2019-01-29,100,0.12,WorthPoint
bismuth-crystal,A Purple Gold And Pink Colored BISMUTH Crystal Made In Germany! 50.7gr,14.99,2019-01-29,50.7,0.3,WorthPoint
bismuth-crystal,Huge Bismuth Crystal 1 Pound 2 Ounces,54,2019-01-29,,,WorthPoint
bismuth-crystal,A BIG! Pink Blue Purple Green And Gold AAA BISMUTH Crystal From Germany 210gr E,39.99,2019-01-28,210,0.19,WorthPoint
bismuth-crystal,One Pound Lot Bismuth Crystals,35,2019-01-26,,,WorthPoint
bismuth-crystal,Bismuth Crystal - 43g Specimen - Gem Stallion - USA Labgrown Crystal,11,2019-01-25,43,0.26,WorthPoint
bismuth-crystal,A BIG! Purple Pink Blue And Gold AAA BISMUTH Crystal Made In Germany! 162gr E,49.99,2019-01-25,162,0.31,WorthPoint
bismuth-crystal,Huge Bismuth Crystal 8 Ounces,22,2019-01-24,,,WorthPoint
bismuth-crystal,A Big! Gold Green Copper Blue And Gold AAA BISMUTH Crystal From Germany! 82.8gr,14.99,2019-01-24,82.8,0.18,WorthPoint
bismuth-crystal,"3.5"" BISMUTH Iridescent Hopper Crystals Cluster - Lab Grown - United Kingdom",16,2019-01-23,,,WorthPoint
bismuth-crystal,GEMCORE: Rainbow Bismuth Cluster (1.5 Pounds) Crystal Display Specimen Healing,97.99,2019-01-22,,,WorthPoint
bismuth-crystal,GEMCORE: One(1) XL Super-Vibrant Bismuth Crystal Rainbow Display Mineral Healing,24.99,2019-01-22,,,WorthPoint
bismuth-crystal,GEMCORE: Bismuth Splash (5.7 Inch) Display Specimen Crystal Healing Chakra,34.99,2019-01-22,,,WorthPoint
bismuth-crystal,"Dino: Rainbow Bismuth Chips, England - 44 Grams",13.5,2019-01-22,44,0.31,WorthPoint
bismuth-crystal,"Bismuth Hemispheres Are A Precious Raw Metal 99.9%, Stunning Metallic Colors",26.99,2019-01-21,,,WorthPoint
bismuth-crystal,GEMCORE: Rainbow Bismuth Bouquet (2.75 Pounds) Crystal Display Specimen Cluster,139.99,2019-01-20,,,WorthPoint
bismuth-crystal,"GEMCORE: Striking Rainbow Bismuth Specimen (4"") Cluster Crystal Chakra Healing",39.99,2019-01-17,,,WorthPoint
bismuth-crystal,Native Bismuth Lab Grown Germany Mineral Crystal Gem Rock Gemstone Hopper,12.49,2019-01-17,,,WorthPoint
bismuth-crystal,A Very Nice! Blue And Gold Colored BISMUTH Crystal Made In Germany! 149.3gr E,15.99,2019-01-15,149.3,0.11,WorthPoint
bismuth-crystal,A Big! Pink Blue Green And Gold AAA BISMUTH Crystal From Germany! 137gr E,24.99,2019-01-12,137,0.18,WorthPoint
bismuth-crystal,Bismuth Crystal Speciman 73 Grams Colorful Free Shipping #582,15,2019-01-12,73,0.21,WorthPoint
bismuth-crystal,Huge Bismuth 1 Pound Crystal Cluster,34,2019-01-11,,,WorthPoint
bismuth-crystal,GEMCORE: Large Rainbow Bismuth Heart Geode Specimen Crystal Chakra Healing,37.99,2019-01-10,,,WorthPoint
bismuth-crystal,Gemcore: One (1) Large Single-Color Bismuth Crystal Heart Geode Chakra Healing,37.99,2019-01-10,,,WorthPoint
bismuth-crystal,GEMCORE: Large Pink Bismuth Cluster (3.5 Inch) Specimen Crystal Chakra Healing,16.29,2019-01-10,,,WorthPoint
bismuth-crystal,GEMCORE: Large Albino Bismuth Cluster (3 Inch) Specimen Crystal Chakra Healing,12.5,2019-01-10,,,WorthPoint
bismuth-crystal,Lab Grown Bismuth Geode Specimen 70.4g 5.4 X 4.3 X 1.5cm Purple Pink Blue Gold,34.5,2019-01-09,70.4,0.49,WorthPoint
bismuth-crystal,Bismuth Crystal- 82g Specimen- Gem Stallion - USA Labgrown Crystal,20,2019-01-09,82,0.24,WorthPoint
bismuth-crystal,Bismuth Crystal - 86g Specimen - Gem Stallion- USA Labgrown Crystal,20,2019-01-09,86,0.23,WorthPoint
bismuth-crystal,Bismuth Crystal Metallic Rainbow Colors Two Crystals Per Lot Bigger 1-2 Inch,10.99,2019-01-07,,,WorthPoint
bismuth-crystal,Bismuth Crystal - Brilliant Specimen - Great Color And Shape - Unique Gift,18.94,2019-01-07,,,WorthPoint
bismuth-crystal,Bismuth Crystal 20 - 30 Gram Lab Grown Jewelry Grade Specimen Free USA Shipping,10,2019-01-06,30,0.33,WorthPoint
bismuth-crystal,GEMCORE: One(1) Jewelry Bismuth Crystal Specimen Wire-Wrap Crafts Chakra Healing,12.49,2019-01-04,,,WorthPoint
bismuth-crystal,A Very Nice! Blue Pink And Gold Colored BISMUTH Crystal Made In Germany! 87.7gr,17.99,2019-01-03,87.7,0.21,WorthPoint
bismuth-crystal,GEMCORE: One(1) Blue Bismuth Crystal Specimen Wire-Wrap Jewelry Education Crafts,12.49,2019-01-01,,,WorthPoint
bismuth-crystal,A BIG Lot Of THREE! Super Neat BISMUTH Crystals Made In England! 116gr,14.99,2018-12-31,116,0.13,WorthPoint
bismuth-crystal,Bismuth Crystal From China 6.7 Cm # 4859,13.95,2018-12-30,,,WorthPoint
bismuth-crystal,14130 Bismuth Crystal From Germany,10.8,2018-12-28,,,WorthPoint
bismuth-crystal,A BIG! Green Blue Purple Pink And Gold AAA BISMUTH Crystal From Germany! 147.3gr,24.99,2018-12-25,147.3,0.17,WorthPoint
bismuth-crystal,"Levitation Sculpture, Solar Eclipse Floating Magnet Display And Science Geek 83",88.65,2018-12-24,,,WorthPoint
bismuth-crystal,Bismuth Crystal Speciman 40 Grams Colorful Free Shipping #581,10,2018-12-21,40,0.25,WorthPoint
bismuth-crystal,Bismuth Germany Lab-grown Minerals Crystals Gems-min,12.99,2018-12-19,,,WorthPoint
bismuth-crystal,BUTW AAA Grade Lab-Created Rainbow Colored Bismuth Crystals Lapidary 3804P,16.99,2018-12-19,,,WorthPoint
bismuth-crystal,A BIG! Green Blue Purple And Gold AAA BISMUTH Crystal From Germany! 108gr,19.99,2018-12-18,108,0.19,WorthPoint
bismuth-crystal,1 Lb Of Bismuth For Diy Projects,12,2018-12-18,,,WorthPoint
bismuth-crystal,Bismuth Crystal - 73 G Specimen- Gem Stallion- USA Labgrown Crystal,13,2018-12-17,73,0.18,WorthPoint
bismuth-crystal,GEMCORE: Rainbow Bismuth Bouquet (2.25 Pounds) Crystal Display Specimen Cluster,129.99,2018-12-17,,,WorthPoint
bismuth-crystal,BISMUTH CRYSTAL CLUSTER Iridescent Rainbow Hoppered Crystal,15,2018-12-16,,,WorthPoint
bismuth-crystal,"Dino: XL Bismuth Crystal Specimen, Germany - 26 G - Display",12.5,2018-12-16,26,0.48,WorthPoint
bismuth-crystal,14118 Bismuth Crystal From Germany,12,2018-12-15,,,WorthPoint
bismuth-crystal,(r50-6a) 18.5 Gram Bismuth Rainbow Crystal Element Bi Gemstone Mineral Specimen,19.99,2018-12-15,18.5,1.08,WorthPoint
bismuth-crystal,Large Bismuth Crystal Cluster Specimen Grown In USA,11,2018-12-15,,,WorthPoint
bismuth-crystal,"Lot Of 2 Rainbow Crystals. Bismuth, Titanium Quartz. Free Fast, USA Shipped!",18.75,2018-12-14,,,WorthPoint
bismuth-crystal,Bismuth Crystal - 65g Specimen- Gem Stallion- USA Labgrown Crystal,10,2018-12-12,65,0.15,WorthPoint
bismuth-crystal,Bismuth Crystal - 51g Specimen - Gem Stallion - USA Labgrown Crystal,12,2018-12-12,51,0.24,WorthPoint
bismuth-crystal,Lot Of 3 Rainbow Bismuth Crystal Specimens Grown In USA,13,2018-12-12,,,WorthPoint
bismuth-crystal,"2.8"" BISMUTH GEODE Iridescent Metal Crystals - Lab Grown - USA",23.5,2018-12-12,,,WorthPoint
bismuth-crystal,GEMCORE: Rainbow Bismuth Bouquet (1.9 Pounds) Crystal Display Specimen Cluster,97.99,2018-12-11,,,WorthPoint
bismuth-crystal,GEMCORE: Rainbow Bismuth Bouquet (2.4 Pounds) Crystal Display Specimen Cluster,159.99,2018-12-11,,,WorthPoint
bismuth-crystal,High Quality OOAK Bismuth Crystal Geode Specimen 1.5in Diameter LOT #6,14.54,2018-12-10,,,WorthPoint
bismuth-crystal,Rawk11:Rainbow Bismuth Crystal Specimen- Beautifu Tree & Stair Stepped Shape!,24.99,2018-12-10,,,WorthPoint
bismuth-crystal,A Very Nice! Copper Blue Pink And Gold Colored BISMUTH Crystal Germany! 101gr,14.99,2018-12-09,101,0.15,WorthPoint
bismuth-crystal,Bismuth Crystal - 107 G Specimen - Gem Stallion- USA Labgrown Crystal - Rainbow,28,2018-12-08,107,0.26,WorthPoint
bismuth-crystal,"DINO: 7 RAINBOW BISMUTH CRYSTAL Specimens, England - 24 Gr.",10.5,2018-12-08,24,0.44,WorthPoint
bismuth-crystal,A BIG! Blue And Gold AAA BISMUTH Crystal Made In Germany! 154gr,25.99,2018-12-04,154,0.17,WorthPoint
bismuth-crystal,GEMCORE: Rainbow Bismuth Bouquet (2.1 Pounds) Crystal Display Specimen Cluster,99,2018-12-04,,,WorthPoint
bismuth-crystal,(R50-12) 23.1 Gram Bismuth Rainbow Crystal Element Bi Gemstone Mineral Specimen,23.99,2018-12-03,23.1,1.04,WorthPoint
bismuth-crystal,GEMCORE: Thirty(30) Jewelry Rainbow Bismuth Crystals Wire-Wrap Crafts Healing,27.99,2018-12-03,,,WorthPoint
bismuth-crystal,Kilogram Bismuth Metal 99.99% Pure,42.67,2018-12-03,,,WorthPoint
bismuth-crystal,13974 Bismuth Crystal From Germany,10.8,2018-12-03,,,WorthPoint
bismuth-crystal,13977 Bismuth Crystal From Germany,10.8,2018-12-03,,,WorthPoint
bismuth-crystal,"65.45 Gram Rainbow Bismuth Crystal Mineral Specimen From New Zealand, # TBC 3034",19.5,2018-12-02,65.45,0.3,WorthPoint
bismuth-crystal,36.21 Gram Rainbow Bismuth Crystal Mineral Specimen From New Zealand # TBC 3118,11,2018-11-30,36.21,0.3,WorthPoint
bismuth-crystal,"Large Bismuth Crystal Pyramid, Beautiful!",133,2018-11-29,,,WorthPoint
bismuth-crystal,A Larger! Blue Pink And Gold BISMUTH Crystal From Germany! 85.5gr,14.99,2018-11-27,85.5,0.18,WorthPoint
bismuth-crystal,Rawk11: Rainbow Bismuth Crystal Specimen- Beautiful Colors & Angled Staircases!,10.5,2018-11-25,,,WorthPoint
bismuth-crystal,Bismuth Crystal Iridescent Geode Specimen Rainbow Gold Dragon Egg 309g,31.99,2018-11-22,309,0.1,WorthPoint
bismuth-crystal,Lot Of 5 Rainbow Bismuth Crystal Specimens Grown In USA,25,2018-11-21,,,WorthPoint
bismuth-crystal,A HUGE! Super Symmetrical Purple Blue And Gold BISMUTH Crystal England 147gr E,39.99,2018-11-19,147,0.27,WorthPoint
bismuth-crystal,A Very Symmetrical Blue And Gold BISMUTH Crystal Made In England! 69.1gr,10.99,2018-11-19,69.1,0.16,WorthPoint
bismuth-crystal,"Bismuth Crystal - Mineral Specimen, Teaching Tools, Geology Fun",10.59,2018-11-19,,,WorthPoint
bismuth-crystal,110g BISMUTH CRYSTAL Cluster,55,2018-11-18,110,0.5,WorthPoint
bismuth-crystal,Lot Of THREE! Larger Super Neat BISMUTH Crystals Made In England! 115.2gr,21.99,2018-11-18,115.2,0.19,WorthPoint
bismuth-crystal,"Lot Of Rainbow Bismuth Crystal Specimens Grown In USA, 2 Lbs",100,2018-11-14,,,WorthPoint
bismuth-crystal,A Blue And Gold Colored AAA BISMUTH Crystal With A STAND! From Germany 218gr E,39.99,2018-11-11,218,0.18,WorthPoint
bismuth-crystal,"#08 ""wholesale"" Rare Bismuth Iridescent Hopper Gemstone Crystal From Germany",24.99,2018-11-10,,,WorthPoint
bismuth-crystal,Native Lab Grown Bismuth New Zealand Minerals Crystals Gems-min,14.69,2018-11-09,,,WorthPoint
bismuth-crystal,"Spectacular Iridescent Lab Created Bismuth Crystal, 45.9g",17.99,2018-11-07,45.9,0.39,WorthPoint
bismuth-crystal,A Big! Blue Purple Pink And Gold AAA BISMUTH Crystal Made In Germany! 159gr E,34.99,2018-11-07,159,0.22,WorthPoint
bismuth-crystal,"DINO: 4 Lg. Fabulous RAINBOW BISMUTH CRYSTAL Specimens, England - 84 Gr.",19.99,2018-11-07,84,0.24,WorthPoint
bismuth-crystal,Metallic Bismuth New Zealand Minerals Crystals Gems-min,12.95,2018-11-06,,,WorthPoint
bismuth-crystal,1 BISMUTH Crystal - Consciously Sourced Healing Crystals,10.5,2018-11-02,,,WorthPoint
bismuth-crystal,A Very Nice! Green Blue Pink And Gold Colored BISMUTH Crystal Germany! 83.7gr,19.99,2018-10-28,83.7,0.24,WorthPoint
bismuth-crystal,"DINO: 7 Premium RAINBOW BISMUTH CRYSTAL Specimens, England - 26 Gr.",10.49,2018-10-27,26,0.4,WorthPoint
bismuth-crystal,"Rough Bismuth Crystals, Bismuth Jewelry Grade, Bismuth Element 83 Sample",14.99,2018-10-27,,,WorthPoint
bismuth-crystal,A Big Nice! Blue Pink And Gold Colored AAA BISMUTH Crystal From Germany 139gr E,34.99,2018-10-26,139,0.25,WorthPoint
bismuth-crystal,"DINO: XL RAINBOW BISMUTH CRYSTAL Specimen, Germany - 28 G - Display",10.5,2018-10-26,28,0.38,WorthPoint
bismuth-crystal,GEMCORE: Eight(8) Rainbow Bismuth Crystals Wire-Wrap Jewelry Crafts Healing,14.99,2018-10-23,,,WorthPoint
bismuth-crystal,Gold Titanium Purple Rainbow Aura Amethyst Bismuth Crystal Cluster Brazil 5 Oz.,17.99,2018-10-18,141.75,0.13,WorthPoint
bismuth-crystal,Lot Of 9 Rainbow Bismuth Crystal Specimens Grown In USA,20,2018-10-17,,,WorthPoint
bismuth-crystal,Bismuth Crystals Steampunk Wire Wrap Wholesale Lot Bislot203,16,2018-10-16,,,WorthPoint
bismuth-crystal,Boro Glass Smoking Dabber Wax Tool Pencil Rainbow Bismuth Crystal Dipped,27,2018-10-16,,,WorthPoint
bismuth-crystal,GEMCORE: Rainbow Bismuth Bouquet (2.6 Pounds) Crystal Display Specimen Cluster,159.99,2018-10-13,,,WorthPoint
bismuth-crystal,A BIG! Purple Green Blue And Gold Colored BISMUTH Crystal With A Stand 397gr E,89.99,2018-10-12,397,0.23,WorthPoint
bismuth-crystal,A Larger Blue And Gold AAA BISMUTH Crystal Made In Germany! 111.3gr E,19.99,2018-10-10,111.3,0.18,WorthPoint
bismuth-crystal,GEMCORE: Bismuth Skull Geode (4 Inch) Display Specimen Rainbow Crystal Healing,29.99,2018-10-09,,,WorthPoint
bismuth-crystal,"DINO: Lg. Lot Of RAINBOW BISMUTH CRYSTAL Specimens, Germany - 114 G - Display",21.5,2018-10-09,114,0.19,WorthPoint
bismuth-crystal,A Super Symmetrical Blue And Gold BISMUTH Crystal From Germany 93.5gr,19.99,2018-10-08,93.5,0.21,WorthPoint
bismuth-crystal,A BIG Lot Of FIVE! Small Colorful BISMUTH Crystals Made In Germany! 76.2gr E,15.99,2018-10-06,76.2,0.21,WorthPoint
bismuth-crystal,A Very Nice! Blue Green Pink And Gold Colored BISMUTH Crystal Germany! 178gr,14.99,2018-10-01,178,0.08,WorthPoint
bismuth-crystal,Bismuth Crystal - 98g Specimen- Gem Stallion- USA Labgrown Crystal,16.5,2018-09-29,98,0.17,WorthPoint
bismuth-crystal,A Super Symmetrical Copper Purple Blue And Gold BISMUTH Crystal England 82.0gr,12.99,2018-09-23,82,0.16,WorthPoint
bismuth-crystal,A Blue And Gold Colored BISMUTH Crystal Made In Germany! 142gr E,18.99,2018-09-22,142,0.13,WorthPoint
bismuth-crystal,BISMUTBISMUTH CRYSTAL CLUSTER Iridescent Rainbow Hoppered Crystal New Zealand Gr,14,2018-09-22,,,WorthPoint
bismuth-crystal,A Blue Pink And Gold AAA BISMUTH Crystal Made In Germany! 79.5gr,17.99,2018-09-18,79.5,0.23,WorthPoint
bismuth-crystal,Large Cubic Bismuth Crystal 115 Carats 3.5 Inches #99,22,2018-09-17,,,WorthPoint
bismuth-crystal,Bismuth Crystals Steampunk Wire Wrap Wholesale Lot Bislot201,16,2018-09-16,,,WorthPoint
bismuth-crystal,87.63 Gram Rainbow Bismuth Crystal Mineral Specimen From New Zealand # TBC 3018,22,2018-09-14,87.63,0.25,WorthPoint
bismuth-crystal,WOw! A BIG! Blue Copper And Gold AAA BISMUTH Crystal From Germany! 148.4gr E,29.99,2018-09-14,148.4,0.2,WorthPoint
bismuth-crystal,GEMCORE: Rainbow Bismuth Crystal (3.8 Inch) Mineral Specimen Healing,29.99,2018-09-05,,,WorthPoint
bismuth-crystal,"DINO: 2 Lg.Premium RAINBOW BISMUTH CRYSTAL Specimens, England - 50 Gr.",10.49,2018-09-03,50,0.21,WorthPoint
bismuth-crystal,Large Gold Violet Copper Blue And Gold AAA BISMUTH Crystal From Germany 177 Gr,40,2018-09-01,177,0.23,WorthPoint
bismuth-crystal,GEMCORE: Rainbow Bismuth Bouquet (6.3 Inches) Crystal Display Specimen Healing,149.99,2018-09-01,,,WorthPoint
bismuth-crystal,GEMCORE: Massive! (3 Lb) Rainbow Bismuth Bouquet Crystal Display Specimen,149,2018-08-31,,,WorthPoint
bismuth-crystal,GEMCORE: Rainbow Bismuth Crystal (4.8 Inch) Mineral Specimen Healing,34.99,2018-08-31,,,WorthPoint
bismuth-crystal,138 Grams Bismuth Rainbow Crystal Element Bi Gemstone Mineral Specimen B71-49,14,2018-08-29,138,0.1,WorthPoint
bismuth-crystal,111 Grams Bismuth Rainbow Crystal Element Bi Gemstone Mineral Specimen B71-221,15,2018-08-26,111,0.14,WorthPoint
bismuth-crystal,154 Grams Bismuth Rainbow Crystal Element Bi Gemstone Mineral Specimen B71-63,17,2018-08-26,154,0.11,WorthPoint
bismuth-crystal,Native Bismuth Crystal Schneberg Saxony Germany TN 19mm X 14mm,49.99,2018-08-25,,,WorthPoint
bismuth-crystal,187 Grams Bismuth Rainbow Crystal Element Bi Gemstone Mineral Specimen B71-50,10.5,2018-08-24,187,0.06,WorthPoint
bismuth-crystal,73 Grams Bismuth Rainbow Crystal Element Bi Gemstone Mineral Specimen B71-38,12.5,2018-08-23,73,0.17,WorthPoint
bismuth-crystal,198 Grams Bismuth Rainbow Crystal Element Bi Gemstone Mineral Specimen B71-59,14.5,2018-08-21,198,0.07,WorthPoint
bismuth-crystal,84 Grams Bismuth Rainbow Crystal Element Bi Gemstone Mineral Specimen B71-61,22.5,2018-08-21,84,0.27,WorthPoint
bismuth-crystal,119 Grams Bismuth Rainbow Crystal Element Bi Gemstone Mineral Specimen B71-55,10.5,2018-08-20,119,0.09,WorthPoint
bismuth-crystal,A Big Very Nice! Blue Pink And Gold Colored BISMUTH Crystal From Germany! 135gr,14.99,2018-08-17,135,0.11,WorthPoint
bismuth-crystal,223 Grams Bismuth Rainbow Crystal Element Bi Gemstone Mineral Specimen B70-927,11.5,2018-08-11,223,0.05,WorthPoint
bismuth-crystal,209 Grams Bismuth Rainbow Crystal Element Bi Gemstone Mineral Specimen B70-951,13.5,2018-08-10,209,0.06,WorthPoint
bismuth-crystal,Bismuth Beautiful Unique One Of A Kind Display Hand Made USA Rainbow Geode 1,45.5,2018-08-09,,,WorthPoint
bismuth-crystal,185 Grams Bismuth Rainbow Crystal Element Bi Gemstone Mineral Specimen B70-948,11.7,2018-08-07,185,0.06,WorthPoint
bismuth-crystal,157 Grams Bismuth Rainbow Crystal Element Bi Gemstone Mineral Specimen B70-869,11.5,2018-08-06,157,0.07,WorthPoint
bismuth-crystal,"DINO: 4 Fabulous RAINBOW BISMUTH CRYSTAL Specimens, England - 89 Gr.",19.99,2018-08-06,89,0.22,WorthPoint
bismuth-crystal,123 Grams Bismuth Rainbow Crystal Element Bi Gemstone Mineral Specimen B70-865,10.5,2018-08-05,123,0.09,WorthPoint
bismuth-crystal,173 Grams Bismuth Rainbow Crystal Element Bi Gemstone Mineral Specimen B70-973,12.1,2018-08-05,173,0.07,WorthPoint
bismuth-crystal,WOw! A BIG! Blue Purple Pink And Gold AAA BISMUTH Crystal From Germany! 133gr,19.99,2018-08-05,133,0.15,WorthPoint
bismuth-crystal,182 Grams Bismuth Rainbow Crystal Element Bi Gemstone Mineral Specimen B70-870,15,2018-08-04,182,0.08,WorthPoint
bismuth-crystal,Bismuth Crystal - USA Labgrown - 81 Gram Specimen - Gem Stallion,12,2018-08-04,81,0.15,WorthPoint
bismuth-crystal,"BISMUTH CRYSTAL Intricate! Iridescent Rainbow USA Grown 'AAA' 3.5"" 185g",24.9,2018-08-04,185,0.13,WorthPoint
bismuth-crystal,"Bismuth Crystal - Mineral Specimen,Healing,Meditation, Geology,USA GROWN",12.99,2018-08-04,,,WorthPoint
bismuth-crystal,"DINO: Lg. Gorgeous RAINBOW BISMUTH CRYSTAL Specimen, England - 20 G - Display",10.05,2018-08-03,20,0.5,WorthPoint
bismuth-crystal,Mini Geodes - Sparkling Bismuth Crystal Baby Geodes - Quantity Prices,28,2018-08-02,,,WorthPoint
bismuth-crystal,A Super Symmetrical Purple Blue & Copper BISMUTH Crystal From England 101gr E,15.99,2018-08-01,101,0.16,WorthPoint
bismuth-crystal,53 Grams Bismuth Rainbow Crystal Element Bi Gemstone Mineral Specimen B70-984,10,2018-07-30,53,0.19,WorthPoint
bismuth-crystal,160 Grams Bismuth Rainbow Crystal Element Bi Gemstone Mineral Specimen B70-982,11.5,2018-07-29,160,0.07,WorthPoint
bismuth-crystal,220 Grams Bismuth Rainbow Crystal Element Bi Gemstone Mineral Specimen B70-975,13.09,2018-07-29,220,0.06,WorthPoint
bismuth-crystal,A Blue And Gold AAA BISMUTH Crystal Made In Germany! 106gr,15.99,2018-07-28,106,0.15,WorthPoint
bismuth-crystal,110 Grams Bismuth Rainbow Crystal Element Bi Gemstone Mineral Specimen B70-989,15.5,2018-07-27,110,0.14,WorthPoint
bismuth-crystal,164 Grams Bismuth Rainbow Crystal Element Bi Gemstone Mineral Specimen B70-985,20.5,2018-07-27,164,0.13,WorthPoint
bismuth-crystal,238 Grams Bismuth Rainbow Crystal Element Bi Gemstone Mineral Specimen B70-978,19.5,2018-07-25,238,0.08,WorthPoint
bismuth-crystal,Bismuth Geode On Hammer Steel Globe Stand,154.95,2018-07-25,,,WorthPoint
bismuth-crystal,GEMCORE: Massive! (2.2 Lb) Rainbow Bismuth Bouquet Crystal Display Specimen,139,2018-07-23,,,WorthPoint
bismuth-crystal,145 Grams Bismuth Rainbow Crystal Element Bi Gemstone Mineral Specimen B70-790,11.99,2018-07-22,145,0.08,WorthPoint
bismuth-crystal,191 Grams Bismuth Rainbow Crystal Element Bi Gemstone Mineral Specimen B70-878,17,2018-07-22,191,0.09,WorthPoint
bismuth-crystal,Bismuth Crystal Specimen Grown In USA,13,2018-07-22,,,WorthPoint
bismuth-crystal,GEMCORE: Rainbow Bismuth Bouquet (7 Inches) Crystal Display Specimen Healing,159,2018-07-21,,,WorthPoint
bismuth-crystal,56 Grams Bismuth Rainbow Crystal Element Bi Gemstone Mineral Specimen B70-797,11,2018-07-21,56,0.2,WorthPoint
bismuth-crystal,181 Grams Bismuth Rainbow Crystal Element Bi Gemstone Mineral Specimen B70-823,41,2018-07-21,181,0.23,WorthPoint
bismuth-crystal,68 Grams Bismuth Rainbow Crystal Element Bi Gemstone Mineral Specimen B70-795,11,2018-07-20,68,0.16,WorthPoint
bismuth-crystal,161 Grams Bismuth Rainbow Crystal Element Bi Gemstone Mineral Specimen B70-815,15.5,2018-07-20,161,0.1,WorthPoint
bismuth-crystal,159 Grams Bismuth Rainbow Crystal Element Bi Gemstone Mineral Specimen B70-819,10.5,2018-07-20,159,0.07,WorthPoint
bismuth-crystal,200 Grams Bismuth Rainbow Crystal Element Bi Gemstone Mineral Specimen B70-736,13.5,2018-07-18,200,0.07,WorthPoint
bismuth-crystal,197 Grams Bismuth Rainbow Crystal Element Bi Gemstone Mineral Specimen B70-916,10.15,2018-07-17,197,0.05,WorthPoint
bismuth-crystal,A Super Symmetrical Purple Blue & Copper BISMUTH Crystal Made In England 84.2gr,15.99,2018-07-17,84.2,0.19,WorthPoint
bismuth-crystal,188 Grams Bismuth Rainbow Crystal Element Bi Gemstone Mineral Specimen B70-800,10.56,2018-07-16,188,0.06,WorthPoint
bismuth-crystal,140 Grams Bismuth Rainbow Crystal Element Bi Gemstone Mineral Specimen B70-807,12.61,2018-07-16,140,0.09,WorthPoint
bismuth-crystal,GEMCORE: Rainbow Bismuth Crystal (4.3 Inch) Mineral Specimen Healing,47.99,2018-07-16,,,WorthPoint
bismuth-crystal,107 Grams Bismuth Rainbow Crystal Element Bi Gemstone Mineral Specimen B70-818,10.57,2018-07-15,107,0.1,WorthPoint
bismuth-crystal,109 Grams Bismuth Rainbow Crystal Element Bi Gemstone Mineral Specimen B70-824,11.06,2018-07-15,109,0.1,WorthPoint
bismuth-crystal,IRIDESCENT BISMUTH Lab Grown HOPPER CRYSTAL Cluster - GERMANY,22,2018-07-13,,,WorthPoint
bismuth-crystal,176 Grams Bismuth Rainbow Crystal Element Bi Gemstone Mineral Specimen B70-821,13.59,2018-07-13,176,0.08,WorthPoint
bismuth-crystal,"BWT- Genuine Metallic Bismuth Crystal Pendant With Copper Bezel Ln970, Unisex",24.99,2018-07-13,,,WorthPoint
bismuth-crystal,101 Grams Bismuth Rainbow Crystal Element Bi Gemstone Mineral Specimen B70-805,14,2018-07-12,101,0.14,WorthPoint
bismuth-crystal,"DINO: 2 Lg. Terrific RAINBOW BISMUTH CRYSTAL Specimens, England - 44 Gr.",10.5,2018-07-10,44,0.24,WorthPoint
bismuth-crystal,"BISMUTH * CRYSTALS IN QUARTZ * RARE LOCALITY !!! Horni Slavkov, CZECH REPUBLIC",49.99,2018-07-10,,,WorthPoint
bismuth-crystal,172 Grams Bismuth Rainbow Crystal Element Bi Gemstone Mineral Specimen B70-834,14.59,2018-07-10,172,0.08,WorthPoint
bismuth-crystal,"DINO: 5 Fantastic RAINBOW BISMUTH CRYSTAL Specimens, Germany - 46 G - Display",11,2018-07-10,46,0.24,WorthPoint
bismuth-crystal,100g Bismuth Rainbow Bright Crystal Geode Each Weight 20-40g Element Bi Mineral,13.5,2018-07-09,100,0.14,WorthPoint
bismuth-crystal,124 Grams Bismuth Rainbow Crystal Element Bi Gemstone Mineral Specimen B70-853,11.5,2018-07-09,124,0.09,WorthPoint
bismuth-crystal,GEMCORE: 5 Kg Bismuth Crystals Wholesale Lot,425,2018-07-09,5000,0.09,WorthPoint
bismuth-crystal,237 Grams Bismuth Rainbow Crystal Element Bi Gemstone Mineral Specimen B70-888,21.5,2018-07-08,237,0.09,WorthPoint
bismuth-crystal,113 Grams Bismuth Rainbow Crystal Element Bi Gemstone Mineral Specimen B70-848,15.5,2018-07-08,113,0.14,WorthPoint
bismuth-crystal,91 Grams Bismuth Rainbow Crystal Element Bi Gemstone Mineral Specimen B70-852,10.59,2018-07-08,91,0.12,WorthPoint
bismuth-crystal,179 Grams Bismuth Rainbow Crystal Element Bi Gemstone Mineral Specimen B70-899,17.55,2018-07-07,179,0.1,WorthPoint
bismuth-crystal,85 Grams Bismuth Rainbow Crystal Element Bi Gemstone Mineral Specimen B70-918,10.5,2018-07-06,85,0.12,WorthPoint
bismuth-crystal,94 Grams Bismuth Rainbow Crystal Element Bi Gemstone Mineral Specimen B70-825,10,2018-07-06,94,0.11,WorthPoint
bismuth-crystal,Bismuth Geode,154.95,2018-07-06,,,WorthPoint
bismuth-crystal,Bismuth Crystal Shadow Box,154.95,2018-07-06,,,WorthPoint
bismuth-crystal,Rainbow Bismuth Crystal Geode Specimen - Dragon Egg,29.99,2018-07-06,,,WorthPoint
bismuth-crystal,Bismuth Crystal Mineral Specimen Rainbow Colors Collectible Bismuth Rainbow 20g,11.99,2018-07-06,20,0.6,WorthPoint
bismuth-crystal,204 Grams Bismuth Rainbow Crystal Element Bi Gemstone Mineral Specimen B70-915,12.55,2018-07-05,204,0.06,WorthPoint
bismuth-crystal,Bismuth Crystal - 69g Specimen- Gem Stallion- USA Labgrown Crystal,10.5,2018-07-05,69,0.15,WorthPoint
bismuth-crystal,201 Grams Bismuth Rainbow Crystal Element Bi Gemstone Mineral Specimen B70-710,17.01,2018-07-04,201,0.08,WorthPoint
bismuth-crystal,133 Grams Bismuth Rainbow Crystal Element Bi Gemstone Mineral Specimen B70-892,13.26,2018-07-03,133,0.1,WorthPoint
bismuth-crystal,Rainbow Bismuth Crystal Wire Wrapped Pendant Necklace With Leather Chord CRXL-14,10,2018-07-02,,,WorthPoint
bismuth-crystal,143 Grams Bismuth Rainbow Crystal Element Bi Gemstone Mineral Specimen B70-787,11.03,2018-07-01,143,0.08,WorthPoint
bismuth-crystal,Rare Rose Red Flame Ring Quartz Titanium Bismuth Crystal Mineral 215 G,14.99,2018-06-29,215,0.07,WorthPoint
bismuth-crystal,148 Grams Bismuth Rainbow Crystal Element Bi Gemstone Mineral Specimen B70-715,13.51,2018-06-29,148,0.09,WorthPoint
bismuth-crystal,127 Grams Bismuth Rainbow Crystal Element Bi Gemstone Mineral Specimen B70-773,11,2018-06-29,127,0.09,WorthPoint
bismuth-crystal,147 Grams Bismuth Rainbow Crystal Element Bi Gemstone Mineral Specimen B70-719,10,2018-06-29,147,0.07,WorthPoint
bismuth-crystal,Huge Bismuth Crystal Specimen In Dome Glass Display,275,2018-06-29,,,WorthPoint
bismuth-crystal,A BIG Lot Of EIGHT! Small Super Neat BISMUTH Crystals Made In Germany! 125gr E,23.99,2018-06-28,125,0.19,WorthPoint
bismuth-crystal,130 Grams Bismuth Rainbow Crystal Element Bi Gemstone Mineral Specimen B70-777,12.59,2018-06-28,130,0.1,WorthPoint
bismuth-crystal,137 Grams Bismuth Rainbow Crystal Element Bi Gemstone Mineral Specimen B70-721,11,2018-06-28,137,0.08,WorthPoint
bismuth-crystal,121 Grams Bismuth Rainbow Crystal Element Bi Gemstone Mineral Specimen B70-779,10.5,2018-06-27,121,0.09,WorthPoint
bismuth-crystal,78 Grams Bismuth Rainbow Crystal Element Bi Gemstone Mineral Specimen B70-775,12.5,2018-06-27,78,0.16,WorthPoint
bismuth-crystal,129 Grams Bismuth Rainbow Crystal Element Bi Gemstone Mineral Specimen B70-772,12.02,2018-06-27,129,0.09,WorthPoint
bismuth-crystal,171 Grams Bismuth Rainbow Crystal Element Bi Gemstone Mineral Specimen B70-683,12.5,2018-06-26,171,0.07,WorthPoint
bismuth-crystal,165 Grams Bismuth Rainbow Crystal Element Bi Gemstone Mineral Specimen B70-718,14.5,2018-06-26,165,0.09,WorthPoint
bismuth-crystal,131 Grams Bismuth Rainbow Crystal Element Bi Gemstone Mineral Specimen B70-737,11,2018-06-24,131,0.08,WorthPoint
bismuth-crystal,120 Grams Bismuth Rainbow Crystal Element Bi Gemstone Mineral Specimen B70-743,12.5,2018-06-23,120,0.1,WorthPoint
bismuth-crystal,A Blue And Gold AAA BISMUTH Crystal Made In Germany! 118.0gr,19.99,2018-06-22,118,0.17,WorthPoint
bismuth-crystal,Bismuth Crystal - USA Homegrown - 131 Gram Specimen - Gem Stallion,26,2018-06-22,131,0.2,WorthPoint
bismuth-crystal,"As-Grown BISMUTH CRYSTAL BOUQUET Self-Standing Rainbow USA Made 6.8"" 1108g",76.99,2018-06-22,1108,0.07,WorthPoint
bismuth-crystal,139 Grams Bismuth Rainbow Crystal Element Bi Gemstone Mineral Specimen B70-755,11.5,2018-06-21,139,0.08,WorthPoint
bismuth-crystal,115 Grams Bismuth Rainbow Crystal Element Bi Gemstone Mineral Specimen B70-761,10.02,2018-06-20,115,0.09,WorthPoint
bismuth-crystal,93 Grams Bismuth Rainbow Crystal Element Bi Gemstone Mineral Specimen B70-742,11.52,2018-06-20,93,0.12,WorthPoint
bismuth-crystal,GEMCORE: Massive! (2.4 Lb) Rainbow Bismuth Bouquet Crystal Display Specimen,139,2018-06-19,,,WorthPoint
bismuth-crystal,151 Grams Bismuth Rainbow Crystal Element Bi Gemstone Mineral Specimen B70-758,17,2018-06-19,151,0.11,WorthPoint
bismuth-crystal,A Big! Blue And Gold Colored AAA BISMUTH Crystal With A STAND! Germany 353gr E,49.99,2018-06-19,353,0.14,WorthPoint
bismuth-crystal,A HUGE Super Symmetrical Purple Blue And Gold BISMUTH Crystal England 223gr,39.99,2018-06-19,223,0.18,WorthPoint
bismuth-crystal,A Super Symmetrical AAA Purple Blue & Gold BISMUTH Crystal England 77.6gr E,10.99,2018-06-18,77.6,0.14,WorthPoint
bismuth-crystal,"Intricate & Unique! BISMUTH CRYSTAL Iridescent Rainbow USA Grown 3.8"" 219g",19.9,2018-06-18,219,0.09,WorthPoint
bismuth-crystal,Bismuth Crystal Pyramid Geode 4lb 10oz 4 3/4 Inches Tall,75,2018-06-17,283.5,0.26,WorthPoint
bismuth-crystal,155 Grams Bismuth Rainbow Crystal Element Bi Gemstone Mineral Specimen B70-25,27.89,2018-06-17,155,0.18,WorthPoint
bismuth-crystal,98 Grams Bismuth Rainbow Crystal Element Bi Gemstone Mineral Specimen B69-133,17.63,2018-06-17,98,0.18,WorthPoint
bismuth-crystal,225 Grams Bismuth Rainbow Crystal Element Bi Gemstone Mineral Specimen B69-158,40.49,2018-06-17,225,0.18,WorthPoint
bismuth-crystal,205 Grams Bismuth Rainbow Crystal Element Bi Gemstone Mineral Specimen B69-527,36.89,2018-06-17,205,0.18,WorthPoint
bismuth-crystal,244 Grams Bismuth Rainbow Crystal Element Bi Gemstone Mineral Specimen B70-751,36,2018-06-16,244,0.15,WorthPoint
bismuth-crystal,149 Grams Bismuth Rainbow Crystal Element Bi Gemstone Mineral Specimen B70-675,35,2018-06-16,149,0.23,WorthPoint
bismuth-crystal,(R50-15) 24.3 Gram Bismuth Rainbow Crystal Element Bi Gemstone Mineral Specimen,24.99,2018-06-15,24.3,1.03,WorthPoint
bismuth-crystal,278 Grams Bismuth Rainbow Crystal Element Bi Gemstone Mineral Specimen B69-319,50.03,2018-06-15,278,0.18,WorthPoint
bismuth-crystal,BISMUTH CRYSTAL Iridescent Rainbow Rare Blue Color 4oz HighQuality Specimen#181,45,2018-06-15,113.4,0.4,WorthPoint
bismuth-crystal,A BIG! Blue Purple And Gold AAA BISMUTH Crystal From Germany! 127gr E,34.99,2018-06-15,127,0.28,WorthPoint
bismuth-crystal,A HUGE! Pink Blue Purple Green Gold AAA BISMUTH Crystal Made In Germany! 352gr E,99.99,2018-06-15,352,0.28,WorthPoint
bismuth-crystal,205 Gram Bismuth Rainbow Crystal Element Bi Gemstone Mineral Specimen B69-174,36.89,2018-06-15,205,0.18,WorthPoint
bismuth-crystal,183 Grams Bismuth Rainbow Crystal Element Bi Gemstone Mineral Specimen B70-753,16,2018-06-14,183,0.09,WorthPoint
bismuth-crystal,"Bismuth Crystal Specimen Grown In USA, 111g",11,2018-06-14,111,0.1,WorthPoint
bismuth-crystal,134 Grams Bismuth Rainbow Crystal Element Bi Gemstone Mineral Specimen B70-757,13.5,2018-06-13,134,0.1,WorthPoint
bismuth-crystal,271 Grams Bismuth Rainbow Crystal Element Bi Gemstone Mineral Specimen B70-708,16.5,2018-06-13,271,0.06,WorthPoint
bismuth-crystal,A Blue Green Gold And Blue Colored AAA BISMUTH Crystal From Germany! 105gr,20.99,2018-06-13,105,0.2,WorthPoint
bismuth-crystal,Bismuth Crystal Iridescent Rainbow Mineral Specimen Ore #5,40,2018-06-12,,,WorthPoint
bismuth-crystal,180 Grams Bismuth Rainbow Crystal Element Bi Gemstone Mineral Specimen B70-649,13.1,2018-06-10,180,0.07,WorthPoint
bismuth-crystal,163 Grams Bismuth Rainbow Crystal Element Bi Gemstone Mineral Specimen B70-643,12.59,2018-06-10,163,0.08,WorthPoint
bismuth-crystal,288 Grams Bismuth Rainbow Crystal Element Bi Gemstone Mineral Specimen B70-654,15.27,2018-06-10,288,0.05,WorthPoint
bismuth-crystal,Bismuth Crystal - 99g Specimen- Gem Stallion- USA Labgrown Crystal,16.5,2018-06-10,99,0.17,WorthPoint
bismuth-crystal,A Beautiful Blue And Gold BISMUTH Crystal From Germany! 89.9gr,10.99,2018-06-10,89.9,0.12,WorthPoint
bismuth-crystal,GIANT! BISMUTH CRYSTAL Intricate! Iridescent Rainbow USA Grown 4.1 Inches 307g,19.9,2018-06-09,307,0.06,WorthPoint
bismuth-crystal,135 Grams Bismuth Rainbow Crystal Element Bi Gemstone Mineral Specimen B70-655,10.8,2018-06-09,135,0.08,WorthPoint
bismuth-crystal,156 Grams Bismuth Rainbow Crystal Element Bi Gemstone Mineral Specimen B70-670,13.5,2018-06-09,156,0.09,WorthPoint
bismuth-crystal,GIANT! BISMUTH CRYSTAL Intricate! 4.8 Inches 416g Iridescent Rainbow USA Grown,29.49,2018-06-08,416,0.07,WorthPoint
bismuth-crystal,106 Grams Bismuth Rainbow Crystal Element Bi Gemstone Mineral Specimen B70-666,12.5,2018-06-06,106,0.12,WorthPoint
bismuth-crystal,132 Grams Bismuth Rainbow Crystal Element Bi Gemstone Mineral Specimen B70-662,17.5,2018-06-06,132,0.13,WorthPoint
bismuth-crystal,235 Grams Bismuth Rainbow Crystal Element Bi Gemstone Mineral Specimen B70-659,15.5,2018-06-06,235,0.07,WorthPoint
bismuth-crystal,75 Grams Bismuth Rainbow Crystal Element Bi Gemstone Mineral Specimen B70-688,10.5,2018-06-05,75,0.14,WorthPoint
bismuth-crystal,267 Grams Bismuth Rainbow Crystal Element Bi Gemstone Mineral Specimen B70-667,12.5,2018-06-05,267,0.05,WorthPoint
bismuth-crystal,GEMCORE: Massive! (2.25 Lb) Rainbow Bismuth Bouquet Crystal Display Specimen,129,2018-06-04,,,WorthPoint
bismuth-crystal,186 Grams Bismuth Rainbow Crystal Element Bi Gemstone Mineral Specimen B70-518,11.01,2018-06-03,186,0.06,WorthPoint
bismuth-crystal,"Bismuth Crystal Specimen Grown In USA, 122 Grams",12,2018-06-03,122,0.1,WorthPoint
bismuth-crystal,117 Grams Bismuth Rainbow Crystal Element Bi Gemstone Mineral Specimen B70-580,11.55,2018-06-02,117,0.1,WorthPoint
bismuth-crystal,169 Grams Bismuth Rainbow Crystal Element Bi Gemstone Mineral Specimen B70-522,15,2018-06-02,169,0.09,WorthPoint
bismuth-crystal,Bismuth Crystal - 64 G Specimen- Gem Stallion- USA Labgrown Crystal,11,2018-06-01,64,0.17,WorthPoint
bismuth-crystal,166 Grams Bismuth Rainbow Crystal Element Bi Gemstone Mineral Specimen B70-566,14,2018-05-31,166,0.08,WorthPoint
bismuth-crystal,A Big Very Nice! Teal Blue Pink And Gold Colored BISMUTH Crystal Germany 143gr,25.99,2018-05-30,143,0.18,WorthPoint
bismuth-crystal,97 Grams Bismuth Rainbow Crystal Element Bi Gemstone Mineral Specimen B70-622,10.01,2018-05-29,97,0.1,WorthPoint
bismuth-crystal,Bismuth Crystal - USA Homegrown - 105 Gram Specimen - Gem Stallion,22,2018-05-26,105,0.21,WorthPoint
bismuth-crystal,Three (3) Large Bismuth Crystals - Multicolor Rainbow Irridescent Colors,14.5,2018-05-24,,,WorthPoint
bismuth-crystal,BISMUTH Crystals On Matrix * Schneeberg District * Saxony * Germany,26,2018-05-23,,,WorthPoint
bismuth-crystal,A BIG Lot Of Super NEAT! Blue Gold And Purple BISMUTH Crystals! England 167gr E,18.99,2018-05-23,167,0.11,WorthPoint
bismuth-crystal,90.64 Gram Rainbow Bismuth Crystal Mineral Specimen From New Zealand # TBC 3009,27,2018-05-22,90.64,0.3,WorthPoint
bismuth-crystal,BISMUTH CRYSTAL Iridescent Rainbow Rare Blue Color 3oz HighQuality Specimen#185,30,2018-05-20,85.05,0.35,WorthPoint
bismuth-crystal,Bismuth Crystal - USA Homegrown - 118 Gram Specimen - Gem Stallion,22,2018-05-19,118,0.19,WorthPoint
bismuth-crystal,Intricate & Unique! BISMUTH CRYSTAL 6.1 Inches 371g Iridescent Rainbow USA Grown,29.9,2018-05-19,371,0.08,WorthPoint
bismuth-crystal,Bismuth And Walnut Center Piece,63,2018-05-18,,,WorthPoint
bismuth-crystal,Colorful!! Irisdicent Bismuth Crystal ! Perfect Shape,13,2018-05-17,,,WorthPoint
bismuth-crystal,A HUGE! Purple Green Blue And Gold AAA BISMUTH Crystal W/STAND! Germany 351gr E,99.99,2018-05-16,351,0.28,WorthPoint
bismuth-crystal,"DINO: Lg. Beautiful RAINBOW BISMUTH CRYSTAL Specimen, England - 20 G - Display",10.5,2018-05-16,20,0.53,WorthPoint
bismuth-crystal,Bismuth 100 Gram Ingot,10.27,2018-05-16,100,0.1,WorthPoint
bismuth-crystal,"Bismuth Crystal Specimen Grown In USA, 121 Grams",10,2018-05-13,121,0.08,WorthPoint
bismuth-crystal,Bismuth Crystal - USA Labgrown - 121 Gram Specimen - Gem Stallion,25,2018-05-12,121,0.21,WorthPoint
bismuth-crystal,"VERY LARGE BISMUTH CRYSTAL Intricate! Iridescent Rainbow USA Grown 3.6"" 279g",24.9,2018-05-11,279,0.09,WorthPoint
bismuth-crystal,Bismuth Crystal Iridescent Minerals Rocks Mineral Specimen Ore #12,15,2018-05-09,,,WorthPoint
bismuth-crystal,"LARGE BISMUTH CRYSTAL Intricate! Iridescent Rainbow USA Grown 3.4"" 146g",11.9,2018-05-04,146,0.08,WorthPoint
bismuth-crystal,GEMCORE: Massive! (3.6 Lb) Rainbow Bismuth Bouquet Crystal Display Specimen,149,2018-05-04,,,WorthPoint
bismuth-crystal,A Blue Purple Pink And Gold AAA BISMUTH Crystal Made In Germany! 93.7gr,15.99,2018-05-03,93.7,0.17,WorthPoint
bismuth-crystal,52mm 0.9OZ Blue Bismuth Crystal Cluster Mineral Specimen,29.99,2018-04-29,25.515,1.18,WorthPoint
bismuth-crystal,"2.7"" Multi-Colored 3-Dimensional Hoppered BISMUTH Crystals Germany For Sale",85,2018-04-27,,,WorthPoint
bismuth-crystal,"VERY LARGE XXL BISMUTH CRYSTAL Intricate! Rainbow USA Grown 3.2"" 210g",19.9,2018-04-25,210,0.09,WorthPoint
bismuth-crystal,"LARGE XL BISMUTH CRYSTAL Intricate! Rainbow USA Grown 3.3"" 91g",11.9,2018-04-24,91,0.13,WorthPoint
bismuth-crystal,137 Carats BISMUTH CRYSTAL CLUSTER Iridescent Rainbow Hoppered New Zealand Grown,15,2018-04-24,,,WorthPoint
bismuth-crystal,GEMCORE: Museum-Grade (2.7 Lb) Rainbow Bismuth Bouquet Crystal Display Specimen,149.99,2018-04-22,,,WorthPoint
bismuth-crystal,"BISMUTH * CRYSTALS IN QUARTZ * RARE !!! Krupka, CZECH REPUBLIC",14.99,2018-04-22,,,WorthPoint
bismuth-crystal,BISMUTH CRYSTAL Hopper Large Cluster Bizarre Alien Landscape Steampunk 3004,60,2018-04-20,,,WorthPoint
bismuth-crystal,"LARGE BISMUTH CRYSTAL Intricate! 3.4"" Iridescent Rainbow USA Grown",11.9,2018-04-18,,,WorthPoint
bismuth-crystal,"DINO: XS Fantastic RAINBOW BISMUTH CRYSTAL Specimens, Germany - 41 Gr. Display",17.5,2018-04-17,41,0.43,WorthPoint
bismuth-crystal,SET OF 2 POWERFUL IRRADESENT RAINBOW BISMUTH CRYSTAL Healing Stone A+ FORM AURA,12.99,2018-04-15,,,WorthPoint
bismuth-crystal,"Large BISMUTH CRYSTAL Intricate! 3.2"" Iridescent Rainbow USA Grown",12.9,2018-04-15,,,WorthPoint
bismuth-crystal,"Large XL BISMUTH CRYSTAL Intricate! 3.1"" Iridescent Rainbow USA Grown",11.9,2018-04-15,,,WorthPoint
bismuth-crystal,107.83 Gram Rainbow Bismuth Crystal Mineral Specimen From New Zealand # TBC 3011,32,2018-04-15,107.83,0.3,WorthPoint
bismuth-crystal,GEMCORE: Blue Bismuth 230g Crystal Pyramid Lab Grown Specimen Healing,24.99,2018-04-14,230,0.11,WorthPoint
bismuth-crystal,"Bismuth Crystal Specimen Grown In USA, 118 Grams",11,2018-04-11,118,0.09,WorthPoint
bismuth-crystal,"Very Large XL BISMUTH CRYSTAL Intricate! 3.4"" Iridescent Rainbow USA Grown",17.9,2018-04-10,,,WorthPoint
bismuth-crystal,Bismuth Crystal Iridescent Rainbow Manmade Mineral Specimen Ore #7,15,2018-04-08,,,WorthPoint
bismuth-crystal,GEMCORE: Rainbow Bismuth 190g Crystal Pyramid Lab Grown Specimen Healing,27.99,2018-04-08,190,0.15,WorthPoint
bismuth-crystal,"Large XXL BISMUTH CRYSTAL Intricate! 3.1"" Iridescent Rainbow USA Grown",14.9,2018-04-08,,,WorthPoint
bismuth-crystal,A Big! Very Symmetrical Blue And Gold BISMUTH Crystal Germany With Stand 201gr E,44.99,2018-04-08,201,0.22,WorthPoint
bismuth-crystal,GEMCORE: Museum-Grade (3 Lb) Rainbow Bismuth Bouquet Crystal Display Specimen,129.99,2018-04-07,,,WorthPoint
bismuth-crystal,GEMCORE: Museum-Grade (3.4 Lb) Rainbow Bismuth Bouquet Crystal Display Specimen,149,2018-04-06,,,WorthPoint
bismuth-crystal,A BIG! Copper Blue And Gold AAA BISMUTH Crystal Made In Germany! 204gr E,39.99,2018-04-06,204,0.2,WorthPoint
bismuth-crystal,"Bismuth Crystal Specimen Grown In USA, 160 G",13,2018-04-05,160,0.08,WorthPoint
bismuth-crystal,Minerals : Irridescent Blue And Red Bismuth Crystal Group From England,15.5,2018-04-04,,,WorthPoint
bismuth-crystal,Bismuth Crystal - 70g Specimen- Gem Stallion- USA Labgrown Crystal,12,2018-04-02,70,0.17,WorthPoint
bismuth-crystal,GEMCORE: Rainbow Bismuth 85g Crystal Pyramid Lab Grown Specimen Healing,12.99,2018-04-02,85,0.15,WorthPoint
bismuth-crystal,A HUGE! Pink Blue Purple And Gold AAA BISMUTH Crystal Made In Germany! 350gr E,79.99,2018-03-31,350,0.23,WorthPoint
bismuth-crystal,53mm 1OZ Blue Bismuth Crystal Cluster Mineral Specimen,29.99,2018-03-30,28.35,1.06,WorthPoint
bismuth-crystal,"Bismuth Crystal Specimen Grown In USA, 227g",12,2018-03-30,227,0.05,WorthPoint
bismuth-crystal,GEMCORE: Rainbow Bismuth 160g Crystal Pyramid Lab Grown Specimen Healing,24.99,2018-03-28,160,0.16,WorthPoint
bismuth-crystal,GEMCORE: Rainbow Bismuth 120g Crystal Pyramid Lab Grown Specimen Healing,19.99,2018-03-28,120,0.17,WorthPoint
bismuth-crystal,GEMCORE: Rainbow Bismuth 73g Crystal Pyramid Lab Grown Specimen Healing,17.99,2018-03-28,73,0.25,WorthPoint
bismuth-crystal,"Rock, Crystal, Natural, Collectible, Metaphysical, Mineral, Bismuth Lot 112",20,2018-03-27,,,WorthPoint
bismuth-crystal,67.70 Gram Rainbow Bismuth Crystal Mineral Specimen From New Zealand # TBC 3020,20,2018-03-26,67.7,0.3,WorthPoint
bismuth-crystal,"Bismuth Crystal Geode By Bismuth Geode 1.5""",23.99,2018-03-26,,,WorthPoint
bismuth-crystal,"GEMCORE: 4"" Bismuth Skull Geode Display Specimen Rainbow Crystal Healing",49.99,2018-03-25,,,WorthPoint
bismuth-crystal,GEMCORE: Rainbow Bismuth 165g Crystal Pyramid Lab Grown Specimen Healing,24.99,2018-03-25,165,0.15,WorthPoint
bismuth-crystal,GEMCORE: Rainbow Bismuth 236g Crystal Pyramid Lab Grown Specimen Healing,29.99,2018-03-24,236,0.13,WorthPoint
bismuth-crystal,GEMCORE: Rainbow Bismuth 230g Crystal Pyramid Lab Grown Specimen Healing,29.99,2018-03-24,230,0.13,WorthPoint
bismuth-crystal,110ct Bismuth Crystal Iridescent Mineral Specimen Minerals Rocks Ore #29,15.5,2018-03-23,22,0.7,WorthPoint
bismuth-crystal,Bismuth Crystal - USA Homegrown - 108 Gram Specimen - Gem Stallion,22,2018-03-22,108,0.2,WorthPoint
bismuth-crystal,"Large BISMUTH CRYSTAL Intricate! 2.7"" Iridescent Rainbow USA Grown",14.9,2018-03-22,,,WorthPoint
bismuth-crystal,"DINO: 2 Excellent RAINBOW BISMUTH CRYSTAL Specimens, England - 34 Gr.",10.5,2018-03-22,34,0.31,WorthPoint
bismuth-crystal,"Large BISMUTH CRYSTAL Intricate! 3.8"" Iridescent Rainbow USA Grown",27.9,2018-03-22,,,WorthPoint
bismuth-crystal,"Native BISMUTH W QUARTZ & Casts--Wolfram Camp, Australia--ex J.C. White--Classic",25,2018-03-21,,,WorthPoint
bismuth-crystal,GEMCORE: 10 Large Bismuth Geode Display Specimen Educational Rainbow Crystal,270,2018-03-20,,,WorthPoint
bismuth-crystal,"Extra Large XL BISMUTH CRYSTAL Intricate! 3.2"" Rainbow Specimen USA Grown",16.9,2018-03-20,,,WorthPoint
bismuth-crystal,"Extra Large XXL BISMUTH CRYSTAL Intricate! 4.8"" Rainbow Specimen USA Grown",24.9,2018-03-20,,,WorthPoint
bismuth-crystal,GEMCORE: Rainbow Bismuth 115g Crystal Pyramid Lab Grown Specimen Healing,24.99,2018-03-20,115,0.22,WorthPoint
bismuth-crystal,GEMCORE: Rainbow Bismuth 200g Crystal Pyramid Lab Grown Specimen Healing,27.99,2018-03-20,200,0.14,WorthPoint
bismuth-crystal,A BIG Lot Of Larger Super NEAT! BISMUTH Crystals Made In England 172gr,15.99,2018-03-20,172,0.09,WorthPoint
bismuth-crystal,"Very Large XXL BISMUTH CRYSTAL Intricate! 4.5"" Rainbow Specimen USA Grown",24.9,2018-03-20,,,WorthPoint
bismuth-crystal,"Extra Large XXL BISMUTH CRYSTAL Intricate! 3.6"" Rainbow Specimen USA Grown",24.9,2018-03-19,,,WorthPoint
bismuth-crystal,"Large BISMUTH CRYSTAL Beautiful! 2.9"" Iridescent Rainbow USA Grown",14.9,2018-03-17,,,WorthPoint
bismuth-crystal,"38.29 Gram Rainbow Bismuth Crystal Mineral Specimen From New Zealand, # TBC 3087",11.5,2018-03-16,38.29,0.3,WorthPoint
bismuth-crystal,GEMCORE: Superior! Rainbow Bismuth Crystal Pyramid Lab Grown Specimen Healing,24.99,2018-03-14,,,WorthPoint
bismuth-crystal,"Bismuth Crystal Specimen Grown In USA, 153g",12,2018-03-14,153,0.08,WorthPoint
bismuth-crystal,GEMCORE: Rainbow Bismuth 65g Crystal Pyramid Lab Grown Specimen Healing,19.99,2018-03-14,65,0.31,WorthPoint
bismuth-crystal,GEMCORE: Rainbow Bismuth 158g Crystal Pyramid Lab Grown Specimen Healing,24.99,2018-03-13,158,0.16,WorthPoint
bismuth-crystal,"Extra Large XL BISMUTH CRYSTAL Intricate! 3.4"" Iridescent Rainbow USA Grown",16.9,2018-03-12,,,WorthPoint
bismuth-crystal,Bismuth Crystal - 80g Specimen- Gem Stallion- USA Labgrown Crystal,12.5,2018-03-11,80,0.16,WorthPoint
bismuth-crystal,"GEMCORE: 6.3"" Rainbow Bismuth Crystal (2 Lb) Pyramid Lab Grown Specimen Healing",69.99,2018-03-10,,,WorthPoint
bismuth-crystal,"Large BISMUTH CRYSTAL Intricate! 3"" Iridescent Rainbow USA Grown",14.9,2018-03-10,,,WorthPoint
bismuth-crystal,"Large BISMUTH CRYSTAL Intricate! 3.6"" Iridescent Rainbow USA Grown",14.9,2018-03-10,,,WorthPoint
bismuth-crystal,BISMUTH CRYSTAL Iridescent Rainbow Rare Blue Color 1oz HighQuality Specimen#207,17,2018-03-09,28.35,0.6,WorthPoint
bismuth-crystal,"Large BISMUTH CRYSTAL Intricate! 4.1"" 128g Iridescent Rainbow USA Grown",12.9,2018-03-09,128,0.1,WorthPoint
bismuth-crystal,GEMCORE: Museum-Grade 3 LB Rainbow Bismuth Bouquet Crystal Display Specimen,139.99,2018-03-09,,,WorthPoint
bismuth-crystal,"Extra Large XL BISMUTH CRYSTAL Intricate! 4.5"" 284g Iridescent Rainbow USA Grown",21.9,2018-03-09,284,0.08,WorthPoint
bismuth-crystal,A BIG! Blue Gold And Copper Colored BISMUTH Crystal From Germany! 114gr,29.99,2018-03-06,114,0.26,WorthPoint
bismuth-crystal,"Large BISMUTH CRYSTAL Intricate! 4.9"" 217g Iridescent Rainbow USA Grown",19.9,2018-03-03,217,0.09,WorthPoint
bismuth-crystal,"Extra Large XL BISMUTH CRYSTAL Intricate! 4.0"" 250g Iridescent Rainbow USA Grown",29.9,2018-03-03,250,0.12,WorthPoint
bismuth-crystal,"Large BISMUTH CRYSTAL Intricate! 2.8"" 133g Iridescent Rainbow USA Grown",13.9,2018-03-02,133,0.1,WorthPoint
bismuth-crystal,Mini Geodes - Sparkling Bismuth Crystal Baby Geodes - New Quantity Prices,28,2018-03-02,,,WorthPoint
bismuth-crystal,"Extra Large XL BISMUTH CRYSTAL Intricate! 5.7"" 390g Iridescent Rainbow USA Grown",34.9,2018-03-02,390,0.09,WorthPoint
bismuth-crystal,Kids Rock Collection Starter Kit W/30 Piece Rocks And 2 Guide BOOKS!,39.99,2018-03-01,2,20,WorthPoint
bismuth-crystal,Bismuth Crystal Geode - 100 G - About 2 Inch,20,2018-03-01,100,0.2,WorthPoint
bismuth-crystal,GEMCORE: Massive!!! 3.2 LB Rainbow Bismuth Bouquet Crystal Display Specimen,149.99,2018-02-28,,,WorthPoint
bismuth-crystal,A BIG Lot Of Super NEAT! BISMUTH Crystals Made In England 133gr,18.99,2018-02-27,133,0.14,WorthPoint
bismuth-crystal,"GEMCORE: 5.8"" Rainbow Bismuth Plaque Crystal Display Iridescent Specimen W/Stand",49.99,2018-02-27,,,WorthPoint
bismuth-crystal,"Large XL BISMUTH CRYSTAL Intricate! 4.5"" 286g Iridescent Rainbow USA Grown",24.9,2018-02-25,286,0.09,WorthPoint
bismuth-crystal,"GEMCORE: 5.4"" Rainbow Bismuth Crystal Pyramid Lab Grown Display Specimen Healing",49.99,2018-02-24,,,WorthPoint
bismuth-crystal,"DINO: XS RAINBOW BISMUTH CRYSTAL Specimens, Germany - 36 Grams",10.49,2018-02-23,36,0.29,WorthPoint
bismuth-crystal,"Large BISMUTH CRYSTAL Intricate! 3.3"" 180g Iridescent Rainbow USA Grown",14.9,2018-02-22,180,0.08,WorthPoint
bismuth-crystal,Bismuth Crystal Wall Display,154.95,2018-02-22,,,WorthPoint
bismuth-crystal,GEMCORE: Massive!!! 3.1 LB Rainbow Bismuth Bouquet Crystal Display Specimen,149.99,2018-02-20,,,WorthPoint
bismuth-crystal,GEMCORE: Massive!!! 2.45 LB Rainbow Bismuth Bouquet Crystal Display Specimen,129,2018-02-20,,,WorthPoint
bismuth-crystal,"Large XL BISMUTH CRYSTAL Intricate! 3.8"" 198g Iridescent Rainbow USA Grown",19.9,2018-02-20,198,0.1,WorthPoint
bismuth-crystal,GEMCORE: Massive!!! 3.4 LB Rainbow Bismuth Bouquet Crystal Display Specimen,149.99,2018-02-19,,,WorthPoint
bismuth-crystal,"Medium Bismuth Crystal Specimen Made In USA, 85g",11,2018-02-18,85,0.13,WorthPoint
bismuth-crystal,47.59 Gram Rainbow Bismuth Crystal Mineral Specimen From New Zealand # TBC 3041,14,2018-02-18,47.59,0.29,WorthPoint
bismuth-crystal,"Large Bismuth Crystal Specimen Grown In USA, 129g",13,2018-02-18,129,0.1,WorthPoint
bismuth-crystal,A BIG! Blue Purple And Gold BISMUTH Crystal From Germany! 114.7gr,29.99,2018-02-17,114.7,0.26,WorthPoint
bismuth-crystal,"Extra Large XL BISMUTH CRYSTAL Intricate! 4.2"" 198g Iridescent Rainbow USA Grown",29.9,2018-02-16,198,0.15,WorthPoint
bismuth-crystal,NEW RAINBOW BISMUTH CRYSTAL CLUSTER PENDANT-GERMANY-9.6grams,16.95,2018-02-16,9.6,1.77,WorthPoint
bismuth-crystal,Minerals : Bismuth Crystals With Red Iridescence From Germany,11.5,2018-02-14,,,WorthPoint
bismuth-crystal,"Medium Bismuth Crystal Specimen Grown In USA, 97g",10,2018-02-13,97,0.1,WorthPoint
bismuth-crystal,A Bright Pink Blue Copper And Gold Colored BISMUTH Crystal Germany! 83.0gr E,15.99,2018-02-12,83,0.19,WorthPoint
bismuth-crystal,GEMCORE: Superior! Bismuth Pyramid 138g Rainbow Crystal Display Specimen,14.99,2018-02-10,138,0.11,WorthPoint
bismuth-crystal,"Huge XXL BISMUTH CRYSTAL Intricate! 6.1"" 426g Iridescent Rainbow USA Grown",34.9,2018-02-10,426,0.08,WorthPoint
bismuth-crystal,1x High Purity 99.99% Pure 4N Bi Bismuth Cube Carved Element Periodic Table 10mm,14.43,2018-02-10,,,WorthPoint
bismuth-crystal,"Extra Large XL BISMUTH CRYSTAL Intricate! 3.7"" 214g Iridescent Rainbow USA Grown",24.9,2018-02-07,214,0.12,WorthPoint
bismuth-crystal,A BIG Lot Of Colorful BISMUTH Crystals Made In England! 108gr E,19.99,2018-02-07,108,0.19,WorthPoint
bismuth-crystal,Bismuth Crystal - Rainbow- USA Homegrown -Gem Stallion- 79g Specimen- Element 83,17,2018-02-04,79,0.22,WorthPoint
bismuth-crystal,GEMCORE: Superior! Bismuth Pyramid 170g Rainbow Crystal Display Specimen,14.49,2018-02-03,170,0.09,WorthPoint
bismuth-crystal,GEMCORE: Bismuth (1 Lb) Wholesale Lot Extra-Quality Rainbow Crystals Lab Grown,49.99,2018-02-02,,,WorthPoint
bismuth-crystal,(r48-123) 12.5 Gram Bismuth Rainbow Crystal Element Bi Gemstone Mineral Specimen,13.99,2018-02-02,12.5,1.12,WorthPoint
bismuth-crystal,Bismuth Crystal - 67g Specimen- Gem Stallion- USA Labgrown Crystal,12,2018-02-01,67,0.18,WorthPoint
bismuth-crystal,A BIG Lot Of Super NEAT! BISMUTH Crystals Made In England 170gr,15.99,2018-02-01,170,0.09,WorthPoint
bismuth-crystal,Bismuth Crystal - 91g Specimen- Gem Stallion- USA Labgrown Crystal,17,2018-02-01,91,0.19,WorthPoint
bismuth-crystal,"Extra Large Bismuth Crystal Specimen Made In USA, 202g",21,2018-01-31,202,0.1,WorthPoint
bismuth-crystal,Bismuth Crystal - 94g Specimen - Gem Stallion - USA Labgrown Crystal,16.5,2018-01-31,94,0.18,WorthPoint
bismuth-crystal,"BISMUTH CRYSTAL Rainbow And Blue 3.4"" 249g Iridescent Rainbow USA Grown",14.9,2018-01-29,249,0.06,WorthPoint
bismuth-crystal,Bismuth Crystal - 100g Specimen- Gem Stallion- USA Labgrown Crystal,16,2018-01-29,100,0.16,WorthPoint
bismuth-crystal,Mounted Bismuth Crystal Display Specimen 280 Grams,32,2018-01-28,280,0.11,WorthPoint
bismuth-crystal,"Large Bismuth Crystal Specimen Made In USA, 175g",15,2018-01-27,175,0.09,WorthPoint
bismuth-crystal,56.45 Gram Rainbow Bismuth Crystal Mineral Specimen From New Zealand # TBC 3044,17,2018-01-27,56.45,0.3,WorthPoint
bismuth-crystal,GEMCORE: Massive!!! 3.7 LB Rainbow Bismuth Bouquet Crystal Display Specimen,149.99,2018-01-25,,,WorthPoint
bismuth-crystal,"Lot Of 4 Bismuth Crystal Specimens Grown In USA, ~25g Ea.",11,2018-01-24,25,0.44,WorthPoint
bismuth-crystal,"Extra Large Bismuth Crystal Specimen Made In USA, 250g",25,2018-01-22,250,0.1,WorthPoint
bismuth-crystal,"GEMCORE: 7"" Rainbow Bismuth Splash Crystal Display Specimen Decor Metaphysical",34.99,2018-01-22,,,WorthPoint
bismuth-crystal,Beautiful Bismuth Crystal Rainbow USA Grown 108 Grams Lot #1,13,2018-01-21,108,0.12,WorthPoint
bismuth-crystal,Bismuth Crystal Geode Specimen USA Grown 1.5 Inch Lot #3,17.5,2018-01-21,,,WorthPoint
bismuth-crystal,Colorful!! Bismuth Crystal ! Perfect Shape,15.5,2018-01-21,,,WorthPoint
bismuth-crystal,Beautiful Bismuth Crystal Rainbow USA Grown 98 Grams Lot #2,15.57,2018-01-21,98,0.16,WorthPoint
bismuth-crystal,"Bismuth Crystal Specimen Made In USA, 92g",35,2018-01-20,92,0.38,WorthPoint
bismuth-crystal,"DINO: XS RAINBOW BISMUTH CRYSTAL Specimens, Germany - 37 Gr.",11.5,2018-01-20,37,0.31,WorthPoint
bismuth-crystal,A HUGE! Super Symmetrical Purple Blue Pink & Gold BISMUTH Crystal England 322gr,69.99,2018-01-20,322,0.22,WorthPoint
bismuth-crystal,48.01 Gram Rainbow Bismuth Crystal Mineral Specimen From New Zealand # TBC 3082,14.5,2018-01-19,48.01,0.3,WorthPoint
bismuth-crystal,34mm 0.5OZ Blue Bismuth Crystal Cluster Mineral Specimen,11,2018-01-18,14.175,0.78,WorthPoint
bismuth-crystal,"Extra Large Bismuth Crystal Specimen Made In USA, 145g",20,2018-01-18,145,0.14,WorthPoint
bismuth-crystal,Nice Bismuth Crystal Meditation Beautiful Specimen USA Made 55 Grams,12,2018-01-17,55,0.22,WorthPoint
bismuth-crystal,Bismuth Crystal - 94g Specimen- Gem Stallion- USA Labgrown Crystal,16.5,2018-01-15,94,0.18,WorthPoint
bismuth-crystal,A Pink Blue Purple Blue And Gold AAA BISMUTH Crystal Germany 94.1gr,20.99,2018-01-15,94.1,0.22,WorthPoint
bismuth-crystal,"Bismuth Crystal Specimen Made In USA, 166g",18,2018-01-14,166,0.11,WorthPoint
bismuth-crystal,BISMUTH CRYSTAL Iridescent Rainbow Intricate Design 2oz HighQuality Specimen#178,25,2018-01-14,56.7,0.44,WorthPoint
bismuth-crystal,"BISMUTH CRYSTAL Superior! Intricate! 3.6"" 183g Iridescent Rainbow USA Grown",14.9,2018-01-14,183,0.08,WorthPoint
bismuth-crystal,Large Bismuth Crystal Geode Specimen USA Grown 190 Grams 2.3 Inch Lot #2,29.56,2018-01-13,190,0.16,WorthPoint
bismuth-crystal,Bismuth Crystal Geode Specimen USA Grown 68 Grams 1.5 Inch Lot #4,28,2018-01-13,68,0.41,WorthPoint
bismuth-crystal,Large Bismuth Crystal Geode Specimen USA Grown 166 Grams 2.3 Inch Lot #1,22.5,2018-01-13,166,0.14,WorthPoint
bismuth-crystal,Bismuth Crystal Geode Specimen USA Grown 64 Grams 1.5 Inch Lot #3,31,2018-01-13,64,0.48,WorthPoint
bismuth-crystal,A Bright Pink Blue Green And Gold BISMUTH Crystal From Germany! 65.1gr,15.99,2018-01-12,65.1,0.25,WorthPoint
bismuth-crystal,BISMUTH CRYSTAL Iridescent Rainbow Rare Blue Color 5oz HighQuality Specimen#173,35,2018-01-12,141.75,0.25,WorthPoint
bismuth-crystal,65.49 Gram Rainbow Bismuth Crystal Mineral Specimen From New Zealand # TBC 3045,19.5,2018-01-10,65.49,0.3,WorthPoint
bismuth-crystal,Big Bismuth Crystal 511 Grams Mineral Specimen Colorful USA Made,38,2018-01-09,511,0.07,WorthPoint
bismuth-crystal,A Super Symmetrical Blue And Gold BISMUTH Crystal From England 73.9gr,10.99,2018-01-09,73.9,0.15,WorthPoint
bismuth-crystal,"44.64 Gram Rainbow Bismuth Crystal Mineral Specimen From New Zealand, # TBC 3084",13.5,2018-01-08,44.64,0.3,WorthPoint
bismuth-crystal,"BISMUTH CRYSTAL Superior Quality! 3.6"" 209g Iridescent Rainbow USA Grown",14.9,2018-01-08,209,0.07,WorthPoint
bismuth-crystal,"BISMUTH CRYSTAL Rainbow And Blue 4.2"" 306g Iridescent Rainbow USA Grown",15,2018-01-08,306,0.05,WorthPoint
bismuth-crystal,99.23 Gram Rainbow Bismuth Crystal Mineral Specimen From New Zealand # TBC 3012,30,2018-01-08,99.23,0.3,WorthPoint
bismuth-crystal,Beautiful Bismuth Crystal Rainbow USA Grown 74 Grams Lot #2,14.5,2018-01-07,74,0.2,WorthPoint
bismuth-crystal,Beautiful Bismuth Crystal Rainbow USA Grown 76 Grams,13,2018-01-07,76,0.17,WorthPoint
bismuth-crystal,GEMCORE: Massive!!! Bismuth Plaque 785g Rainbow Crystal Display Specimen Geode,49.99,2018-01-07,785,0.06,WorthPoint
bismuth-crystal,A BIG Lot Of FIVE NEAT! BISMUTH Crystals Made In Germany And The U.K 99.3gr E,19.99,2018-01-06,99.3,0.2,WorthPoint
bismuth-crystal,Bismuth Crystal Mineral Specimen (Large) By Geofossils,28.29,2018-01-05,,,WorthPoint
bismuth-crystal,"GEMCORE: Museum-Grade! 7"" Rainbow Bismuth Bouquet Crystal Display Specimen",149.99,2018-01-04,,,WorthPoint
bismuth-crystal,"BISMUTH CRYSTAL Superior! Intricate! 4.2"" 330g Iridescent Rainbow USA Grown",26,2018-01-03,330,0.08,WorthPoint
bismuth-crystal,Impressive! BISMUTH CRYSTAL Plaque Geode 5.4 Inches Rainbow USA Stand Included,21.59,2018-01-03,,,WorthPoint
bismuth-crystal,"Large Bismuth Crystal Specimen Made In USA, 140g",13,2018-01-03,140,0.09,WorthPoint
bismuth-crystal,GEMCORE: Superior! Blue Bismuth Cluster 191g Crystal Display Specimen Rainbow,19.99,2017-12-31,191,0.1,WorthPoint
bismuth-crystal,"Large Bismuth Crystal Specimen Made In USA, 129g",15,2017-12-30,129,0.12,WorthPoint
bismuth-crystal,108.98 Gram Rainbow Bismuth Crystal Mineral Specimen From New Zealand # TBC 3006,33,2017-12-30,108.98,0.3,WorthPoint
bismuth-crystal,Bismuth Metal 99.99% Pure Kilogram,38.61,2017-12-29,,,WorthPoint
bismuth-crystal,"Large Bismuth Crystal Specimen Made In USA, 152g",15,2017-12-29,152,0.1,WorthPoint
bismuth-crystal,"Large Bismuth Crystal Specimen Made In USA, 99g",11,2017-12-29,99,0.11,WorthPoint
bismuth-crystal,"Bismuth Crystal Specimen Made In USA, 143g",15,2017-12-29,143,0.1,WorthPoint
bismuth-crystal,Bismuth Crystals Fractal Sculpture Paperweight Beautiful Unique Gift Art Pw115,24.88,2017-12-27,,,WorthPoint
bismuth-crystal,GEMCORE: Superior! Bismuth Pyramid 130g Rainbow Crystal Display Specimen,34.99,2017-12-25,130,0.27,WorthPoint
bismuth-crystal,"Enormous Bismuth Crystal - 5""x4.25""x2"" - 798 Grams (~1.75lbs)!",30,2017-12-25,798,0.04,WorthPoint
bismuth-crystal,A Blue And Gold Colored BISMUTH Crystal From Germany! 80.3gr,29.99,2017-12-23,80.3,0.37,WorthPoint
bismuth-crystal,"GEMCORE: 6.8"" Rainbow Bismuth Plaque Crystal Display Iridescent Specimen W/Stand",49.99,2017-12-22,,,WorthPoint
bismuth-crystal,Bismuth Crystal. Lab Grown. 84 Grams,25,2017-12-22,84,0.3,WorthPoint
bismuth-crystal,Bismuth Crystal Lot 9pcs : 536g / 1lb 2.9oz - Gem Stallion USA Grown*,70,2017-12-19,536,0.13,WorthPoint
bismuth-crystal,Bismuth Crystal Lot 18pcs : 379g. / 13.4oz - Gem Stallion USA Grown*,50,2017-12-19,379,0.13,WorthPoint
bismuth-crystal,"Large Bismuth Crystal Specimen Made In USA, 198g",21,2017-12-18,198,0.11,WorthPoint
bismuth-crystal,"Large Bismuth Crystal Specimen Made In USA, 229g",18,2017-12-17,229,0.08,WorthPoint
bismuth-crystal,"Large Bismuth Crystal Specimen Made In USA, 113g",11,2017-12-17,113,0.1,WorthPoint
bismuth-crystal,"GEMCORE: HUGE! Rainbow Bismuth Pyramid 4.2"" Crystal Specimen Educational",49.99,2017-12-16,,,WorthPoint
bismuth-crystal,"Bismuth Crystal Specimen Made In USA, 144g",14,2017-12-16,144,0.1,WorthPoint
bismuth-crystal,GEMCORE: Massive!!! 2.9 LB Rainbow Bismuth Bouquet Crystal Display Specimen,149.99,2017-12-15,,,WorthPoint
bismuth-crystal,"Bismuth Crystal Specimen Made In USA, 125g",12,2017-12-15,125,0.1,WorthPoint
bismuth-crystal,"GEMCORE: Massive!!! 5.7"" Rainbow Bismuth Bouquet Crystal Display Specimen",159.99,2017-12-14,,,WorthPoint
bismuth-crystal,"Bismuth Crystal (1.50 Oz, 42.50 Grams)",14.99,2017-12-14,42.5,0.35,WorthPoint
bismuth-crystal,"Large Bismuth Crystal Specimen Made In USA, 222g",18,2017-12-13,222,0.08,WorthPoint
bismuth-crystal,"Large Bismuth Crystal Specimen Made In USA, 239g",16,2017-12-12,239,0.07,WorthPoint
bismuth-crystal,"Large Bismuth Crystal Specimen Made In USA, 190g",15,2017-12-12,190,0.08,WorthPoint
bismuth-crystal,A Super Symmetrical Pink Blue Blue And Gold BISMUTH Crystal Germany 108gr,19.99,2017-12-11,108,0.19,WorthPoint
bismuth-crystal,GEMCORE: Superior! Bismuth Pyramid 207g Rainbow Crystal Display Specimen,34.99,2017-12-11,207,0.17,WorthPoint
bismuth-crystal,"Bismuth Crystal Specimen Made In USA, 153g",11,2017-12-10,153,0.07,WorthPoint
bismuth-crystal,"Large Bismuth Crystal Specimen Made In USA, 161g",10,2017-12-10,161,0.06,WorthPoint
bismuth-crystal,"Four Small, Hoppered, Irridescent, Bismuth Crystals",19.99,2017-12-09,,,WorthPoint
bismuth-crystal,GEMCORE: Superior! Rainbow Bismuth Pyramid 222g Crystal Educational Metaphysical,34.99,2017-12-09,222,0.16,WorthPoint
bismuth-crystal,"Large Bismuth Crystal Specimen Made In USA, 125g",10,2017-12-09,125,0.08,WorthPoint
bismuth-crystal,"Large Bismuth Crystal Specimen Made In USA, 154g",10,2017-12-09,154,0.06,WorthPoint
bismuth-crystal,"BISMUTH CRYSTAL Superior! Intricate! 3"" 128g Iridescent Rainbow USA Grown",15.5,2017-12-09,128,0.12,WorthPoint
bismuth-crystal,"BISMUTH CRYSTAL Superior! Intricate! 2.9"" 131g Iridescent Rainbow USA Grown",13.5,2017-12-09,131,0.1,WorthPoint
bismuth-crystal,"GEMCORE: 6.5"" Rainbow Bismuth Splash Crystal Display Specimen Decor Metaphysical",37.99,2017-12-08,,,WorthPoint
bismuth-crystal,"GEMCORE: 3.7"" Bismuth Pyramid Rainbow Geode Crystal Display Specimen Healing",49.99,2017-12-08,,,WorthPoint
bismuth-crystal,GEMCORE: Superior! Bismuth Pyramid 200g Rainbow Crystal Display Specimen,27.99,2017-12-07,200,0.14,WorthPoint
bismuth-crystal,GEMCORE: Superior! Blue Bismuth Pyramid 124g Crystal Display Specimen Rainbow,19.99,2017-12-07,124,0.16,WorthPoint
bismuth-crystal,"Large Bismuth Crystal Specimen Made In USA, 372g",20,2017-12-07,372,0.05,WorthPoint
bismuth-crystal,GEMCORE: Bismuth Pyramid 370g Rainbow Crystal Display Specimen Educational,34.99,2017-12-07,370,0.09,WorthPoint
bismuth-crystal,65ct Mystery Of Rare Natural Bismuth Crystal Square Hole Crystal Cluster,10.5,2017-12-06,13,0.81,WorthPoint
bismuth-crystal,52.91 Gram Rainbow Bismuth Crystal Mineral Specimen From New Zealand # TBC 3071,16,2017-12-06,52.91,0.3,WorthPoint
bismuth-crystal,GEMCORE: Superior! Rainbow Bismuth Pyramid 221g Crystal Educational Metaphysical,39.99,2017-12-06,221,0.18,WorthPoint
bismuth-crystal,BISMUTH Crystal Cluster SUPERIOR! 2.7 Inches Tall 190g Iridescent USA Grown,15.49,2017-12-06,190,0.08,WorthPoint
bismuth-crystal,"BISMUTH CRYSTAL Superior! Intricate! 2.7"" 122g Iridescent Rainbow USA Grown",10.5,2017-12-06,122,0.09,WorthPoint
bismuth-crystal,A Pink Blue Purple Green And Gold AAA BISMUTH Crystal From Germany! 90.2gr,24.99,2017-12-05,90.2,0.28,WorthPoint
bismuth-crystal,GEMCORE: Superior! Blue Bismuth Crystal Iridescent Display Specimen - USA Made,49.99,2017-12-04,,,WorthPoint
bismuth-crystal,"50.73 Gram Rainbow Bismuth Crystal Mineral Specimen From New Zealand, # TBC 3058",15.25,2017-12-04,50.73,0.3,WorthPoint
bismuth-crystal,Bismuth Crystal 200.7 Gram RAINBOW Specimen Made In The U.S.A.,13.25,2017-12-03,200.7,0.07,WorthPoint
bismuth-crystal,GEMCORE: Superior! Bismuth Pyramid 169g Rainbow Crystal Display Specimen,24.99,2017-12-03,169,0.15,WorthPoint
bismuth-crystal,Bismuth Crystals Formation. 166 Grams.. Top Form / Colors / Luster,15,2017-12-03,166,0.09,WorthPoint
bismuth-crystal,Bismuth Crystals Formation. 1/2 Lb.. Top Form / Colors / Luster,30,2017-12-03,,,WorthPoint
bismuth-crystal,GEMCORE: Superior! Pink Bismuth Pyramid 79g Crystal Educational Metaphysical,19.99,2017-12-03,79,0.25,WorthPoint
bismuth-crystal,A Blue And Gold Colored BISMUTH Crystal From Germany! 73.6gr,14.99,2017-12-03,73.6,0.2,WorthPoint
bismuth-crystal,BISMUTH CRYSTAL 37cts. 29mm X 21mm GREAT FOR DISPLAY OR WIRE WRAPPING,13,2017-12-03,7.4,1.76,WorthPoint
bismuth-crystal,GEMCORE: Superior! Bismuth Pyramid Rainbow 170g Crystal Display Specimen,24.99,2017-12-02,170,0.15,WorthPoint
bismuth-crystal,"Large Bismuth Crystal Specimen Made In USA, 282g",20,2017-12-02,282,0.07,WorthPoint
bismuth-crystal,"GEMCORE: 3.2"" Blue Bismuth Crystal Iridescent Display Specimen - USA Made",17.99,2017-12-01,,,WorthPoint
bismuth-crystal,"Bismuth Crystal Specimen Made In USA, 150g",15,2017-12-01,150,0.1,WorthPoint
bismuth-crystal,A Larger! Pink Blue And Gold AAA BISMUTH Crystal From Germany! 86.5gr,19.99,2017-11-29,86.5,0.23,WorthPoint
bismuth-crystal,"BISMUTH CRYSTAL Superior! Intricate! 3.1"" 138g Iridescent Rainbow USA Grown",32.77,2017-11-29,138,0.24,WorthPoint
bismuth-crystal,"BISMUTH CRYSTAL Rainbow And Blue 3.6"" 434g Iridescent Rainbow USA Grown",29.9,2017-11-29,434,0.07,WorthPoint
bismuth-crystal,Bismuth Geode Globe On Custom Stand,115,2017-11-28,,,WorthPoint
bismuth-crystal,GEMCORE: Massive!!! 3 LB Rainbow Bismuth Bouquet Crystal Display Specimen,153.5,2017-11-28,,,WorthPoint
bismuth-crystal,GEMCORE: Superior! Bismuth Pyramid 72g Rainbow Crystal Display Specimen,17.49,2017-11-28,72,0.24,WorthPoint
bismuth-crystal,GEMCORE: Superior! Rainbow Bismuth Pyramid 65g Crystal Educational Metaphysical,17.49,2017-11-27,65,0.27,WorthPoint
bismuth-crystal,"BISMUTH CRYSTAL Cluster USA Made! 3.6"" 286g Healing Rainbow Blue",22.5,2017-11-27,286,0.08,WorthPoint
bismuth-crystal,GEMCORE: Superior! Rainbow Bismuth Pyramid 124g Crystal Educational Metaphysical,19.99,2017-11-27,124,0.16,WorthPoint
bismuth-crystal,Bismuth Crystal - 52 Gram Specimen - USA Grown By Gem Stallion (A.30),12,2017-11-27,52,0.23,WorthPoint
bismuth-crystal,Bismuth Crystal - 87 Gram Specimen - USA Grown By Gem Stallion (A.26),13,2017-11-26,87,0.15,WorthPoint
bismuth-crystal,"BISMUTH CRYSTAL Superior! Intricate! 3.4"" 191g Iridescent Rainbow USA Grown",20.5,2017-11-26,191,0.11,WorthPoint
bismuth-crystal,BISMUTH American Grown Brilliant PEACOCK Rainbow #37 HEAVY METAL 1 Pc,15,2017-11-25,,,WorthPoint
bismuth-crystal,A Larger! Purple Green Pink Blue And Gold AAA BISMUTH Crystal Germany! 67.8gr,39.99,2017-11-25,67.8,0.59,WorthPoint
bismuth-crystal,Large Lot 28 Pieces Rainbow BISMUTH Crystals Made In Germany 23.36 G Specimen,19.95,2017-11-24,23.36,0.85,WorthPoint
bismuth-crystal,LARGE 112g Rainbow Bismuth Crystal Gem Mineral Iridescent Geometry Cluster Lab,39.98,2017-11-24,112,0.36,WorthPoint
bismuth-crystal,GEMCORE: Superior! Rainbow Bismuth Pyramid 123g Crystal Educational Metaphysical,24.99,2017-11-23,123,0.2,WorthPoint
bismuth-crystal,GEMCORE: Superior! Pink Bismuth Pyramid 50g Crystal Educational Metaphysical,13.49,2017-11-22,50,0.27,WorthPoint
bismuth-crystal,GEMCORE: Superior! Rainbow Bismuth Pyramid 145g Crystal Educational Metaphysical,29.99,2017-11-22,145,0.21,WorthPoint
bismuth-crystal,Bismuth Crystal - USA Homegrown - 69 Gram Specimen - Gem Stallion (A.68),10.5,2017-11-20,69,0.15,WorthPoint
bismuth-crystal,Natural Bismuth Geode Display Specimen Educational Rainbow Crystal Shaman Marble,10,2017-11-19,,,WorthPoint
bismuth-crystal,A BIG Super Symmetrical Purple Blue & Gold BISMUTH Crystal England 145gr,29.99,2017-11-19,145,0.21,WorthPoint
bismuth-crystal,"GEMCORE: 3.5"" Bismuth Pyramid Rainbow Geode Crystal Display Specimen Healing",49.99,2017-11-18,,,WorthPoint
bismuth-crystal,Bismuth Crystal - 103 Gram Specimen - USA Grown By Gem Stallion (A.29),22.4,2017-11-18,103,0.22,WorthPoint
bismuth-crystal,Bismuth Crystal - USA Homegrown - 122 Gram Specimen - Gem Stallion (A.87 ),12,2017-11-17,122,0.1,WorthPoint
bismuth-crystal,Bismuth Crystal - USA Homegrown - 101 Gram Specimen - Gem Stallion (A.84 ),10,2017-11-17,101,0.1,WorthPoint
bismuth-crystal,A Super Symmetrical Purple Blue And Copper BISMUTH Crystal England 70.44gr,24.99,2017-11-17,70.44,0.35,WorthPoint
bismuth-crystal,"GEMCORE: Massive! 5.5"" Rainbow Bismuth Bouquet Crystal Display Specimen",84,2017-11-17,,,WorthPoint
bismuth-crystal,GEMCORE: Superior! Bismuth Geode Display Specimen Educational Rainbow Crystal,21.5,2017-11-16,,,WorthPoint
bismuth-crystal,GEMCORE: Superior! Rainbow Bismuth 253g Crystal Display Specimen Educational,39.99,2017-11-15,253,0.16,WorthPoint
bismuth-crystal,GEMCORE: Superior! Rainbow Bismuth 300g Crystal Display Specimen Educational,34.99,2017-11-15,300,0.12,WorthPoint
bismuth-crystal,"GEMCORE: 6.3"" Rainbow Bismuth Crystal Display Plaque Iridescent Specimen W/Stand",44,2017-11-15,,,WorthPoint
bismuth-crystal,5kg Of Rainbow Bismuth Crystals!,425,2017-11-13,5000,0.09,WorthPoint
bismuth-crystal,Bismuth Crystal - USA Homegrown - 71 Gram Specimen - Gem Stallion (A.71 ),12.8,2017-11-13,71,0.18,WorthPoint
bismuth-crystal,Large Lot 8 Pieces Rainbow BISMUTH Crystals Made In Germany 24.01 G Specimen,19.95,2017-11-12,24.01,0.83,WorthPoint
bismuth-crystal,"BISMUTH CRYSTAL PYRAMID USA Made! Cluster 3.2"" 194g Healing Rainbow",16.9,2017-11-12,194,0.09,WorthPoint
bismuth-crystal,"BISMUTH CRYSTAL Cluster USA Made! 3.4"" 197g Healing Rainbow",19.9,2017-11-12,197,0.1,WorthPoint
bismuth-crystal,Bismuth Crystal - USA Homegrown - 90 Gram Specimen - Gem Stallion (A.5),14.4,2017-11-12,90,0.16,WorthPoint
bismuth-crystal,Bismuth Crystal 190.0 Gram RAINBOW Specimen Made In The U.S.A.,12.25,2017-11-12,190,0.06,WorthPoint
bismuth-crystal,"BISMUTH CRYSTAL Superior! Intricate! 2.9"" 128g Iridescent Rainbow USA Grown",12.9,2017-11-11,128,0.1,WorthPoint
bismuth-crystal,"GEMCORE: 5.7"" Rainbow Bismuth Splash Crystal 322g Display Specimen Decor",39.99,2017-11-11,322,0.12,WorthPoint
bismuth-crystal,A Blue Pink And Gold Colored BISMUTH Crystal From Germany! 83.5gr E,19.99,2017-11-11,83.5,0.24,WorthPoint
bismuth-crystal,Bismuth Crystal - USA Homegrown - 75 Gram Specimen - Gem Stallion (A.15),14.4,2017-11-11,75,0.19,WorthPoint
bismuth-crystal,A BIG Lot Of Little Super NEAT! BISMUTH Crystals Made In Germany! 45.9gr,11.99,2017-11-10,45.9,0.26,WorthPoint
bismuth-crystal,"GEMCORE: 6.4"" Rainbow Bismuth Crystal Display Plaque Iridescent Specimen W/Stand",79.99,2017-11-10,,,WorthPoint
bismuth-crystal,GEMCORE: Superior! Rainbow Bismuth Pyramid 184g Crystal Display Specimen,27.99,2017-11-10,184,0.15,WorthPoint
bismuth-crystal,Bismuth Crystal - USA Homegrown - 62 Gram Specimen - Gem Stallion (A.81 ),11.2,2017-11-10,62,0.18,WorthPoint
bismuth-crystal,"49.04 Gram Rainbow Bismuth Crystal Mineral Specimen From New Zealand, # TBC 3055",14.75,2017-11-10,49.04,0.3,WorthPoint
bismuth-crystal,"Huge! BISMUTH CRYSTAL BOUQUET Superior Cluster 4.8"" 1134g Healing Rainbow USA",69.9,2017-11-10,1134,0.06,WorthPoint
bismuth-crystal,GEMCORE: One (1) Jewelry-Grade Bismuth Crystal Specimen Education Teaching,12.49,2017-11-08,,,WorthPoint
bismuth-crystal,BISMUTH CRYSTAL CLUSTER USA Made! 4.2 166g Healing Rainbow,22.5,2017-11-08,166,0.14,WorthPoint
bismuth-crystal,A HUGE! Lot Of 20 Small Super NEAT! BISMUTH Crystals Made In Germany 193gr E,49.99,2017-11-07,193,0.26,WorthPoint
bismuth-crystal,A Super Neat! Bright Pink Blue Green And Gold BISMUTH Crystal Germany! 92.0gr E,12.99,2017-11-07,92,0.14,WorthPoint
bismuth-crystal,A BIG! SUPER Symmetrical Purple Blue & Gold BISMUTH Crystal England 202gr,29.99,2017-11-07,202,0.15,WorthPoint
bismuth-crystal,"GEMCORE: 3"" Rainbow Bismuth Pyramid 213g Crystal Display Specimen Educational",39.99,2017-11-07,213,0.19,WorthPoint
bismuth-crystal,Bismuth Crystal - 77 Gram Specimen - USA Grown By Gem Stallion (A.41),16.8,2017-11-06,77,0.22,WorthPoint
bismuth-crystal,GEMCORE: Superior! Rainbow Bismuth Pyramid 153g Crystal Display Specimen,19.99,2017-11-06,153,0.13,WorthPoint
bismuth-crystal,Bismuth Crystal - USA Homegrown - 53 Gram Specimen - Gem Stallion (A.64),11.2,2017-11-06,53,0.21,WorthPoint
bismuth-crystal,A Larger Neat! Pink Green Blue And Gold BISMUTH Crystal From England 103.3gr,14.99,2017-11-06,103.3,0.15,WorthPoint
bismuth-crystal,"GEMCORE: 3.4"" Rainbow Bismuth Pyramid Geode Crystal Display Specimen Healing",12.5,2017-11-06,,,WorthPoint
bismuth-crystal,"GEMCORE: 5.1"" Rainbow Bismuth Crystal Display Plaque Iridescent Specimen W/Stand",33,2017-11-06,,,WorthPoint
bismuth-crystal,Bismuth Geode Crystal On Custom Stand,75,2017-11-04,,,WorthPoint
bismuth-crystal,A Bright Pink Blue Purple Green And Gold AAA BISMUTH Crystal Germany! 88.3gr,14.99,2017-11-04,88.3,0.17,WorthPoint
bismuth-crystal,BISMUTH CRYSTAL CLUSTER USA Made! 4.5 300g Healing Rainbow,24.9,2017-11-04,300,0.08,WorthPoint
bismuth-crystal,TWO! Larger Super Symmetrical BISMUTH Crystals Made In England! 127gr,15.99,2017-11-04,127,0.13,WorthPoint
bismuth-crystal,59mm 1.2OZ Blue Bismuth Crystal Cluster Mineral Specimen,20,2017-11-04,34.02,0.59,WorthPoint
bismuth-crystal,GEMCORE: Superior! Blue Bismuth Pyramid 162g Crystal Display Specimen Rainbow,24.99,2017-11-03,162,0.15,WorthPoint
bismuth-crystal,BISMUTH CRYSTAL CLUSTER Iridescent Rainbow Hoppered USA Grown!,16,2017-11-02,,,WorthPoint
bismuth-crystal,Rainbow BISMUTH Iridescent Hoppered Crystal,14,2017-11-02,,,WorthPoint
bismuth-crystal,GEMCORE: Rainbow Bismuth Pyramid 160g Crystal Display Specimen Educational,15.5,2017-11-02,160,0.1,WorthPoint
bismuth-crystal,"GEMCORE: 3.5"" Rainbow Bismuth Pyramid Geode Crystal Display Specimen Healing",19.5,2017-11-02,,,WorthPoint
bismuth-crystal,"BISMUTH CRYSTAL PYRAMID USA Made! Cluster 3.0"" 159g Healing Rainbow",20.5,2017-10-31,159,0.13,WorthPoint
bismuth-crystal,"BISMUTH CRYSTAL PYRAMID USA Made! Cluster 3.4"" 221g Healing Rainbow",15.5,2017-10-31,221,0.07,WorthPoint
bismuth-crystal,GEMCORE: Superior! Rainbow Bismuth Pyramid 160g Crystal Display Specimen,29.99,2017-10-30,160,0.19,WorthPoint
bismuth-crystal,Selenite Small Sticks Wands Plus Free Piece Of Bismuth Crystal 2 Pound,37.35,2017-10-30,,,WorthPoint
bismuth-crystal,GEMCORE: Rainbow Bismuth Pyramid 116g Crystal Display Specimen Educational,19.99,2017-10-30,116,0.17,WorthPoint
bismuth-crystal,A HUGE! Lot Of 20 Little Super NEAT! BISMUTH Crystals Made In Germany 147gr E,39.99,2017-10-30,147,0.27,WorthPoint
bismuth-crystal,"BISMUTH CRYSTAL BOUQUET Superior USA Made! Cluster 4.5"" 709g Healing Rainbow",69.9,2017-10-30,709,0.1,WorthPoint
bismuth-crystal,GEMCORE: Superior! Rainbow Bismuth Pyramid 104g Crystal Display Specimen,19.99,2017-10-29,104,0.19,WorthPoint
bismuth-crystal,A BIG Lot Of TEN! Little Super NEAT! BISMUTH Crystals Made In Germany! 89.0gr E,29.99,2017-10-28,89,0.34,WorthPoint
bismuth-crystal,A BIG Lot Of SIX Small Super NEAT! BISMUTH Crystals Made In Germany! 36.7gr E,14.99,2017-10-28,36.7,0.41,WorthPoint
bismuth-crystal,A Super Neat! Bright Pink Blue And Gold BISMUTH Crystal From Germany! 80.8gr E,10.99,2017-10-28,80.8,0.14,WorthPoint
bismuth-crystal,Lot Of 5 Bismuth Crystals Bislot44,19.9,2017-10-28,,,WorthPoint
bismuth-crystal,"DINO: XS RAINBOW BISMUTH CRYSTAL Specimens, Germany - 25 G - Large Lot!",11.5,2017-10-28,25,0.46,WorthPoint
bismuth-crystal,"GEMCORE: 4.9"" Rainbow Bismuth Crystal Display Plaque Iridescent Specimen",13.06,2017-10-26,,,WorthPoint
bismuth-crystal,"BISMUTH CRYSTAL Superior Quality USA Made! Cluster 2.4"" 97g Healing Rainbow",10.75,2017-10-25,97,0.11,WorthPoint
bismuth-crystal,"BISMUTH CRYSTAL Superior Quality USA Made! Cluster 2.8"" 120g Healing Rainbow",14.9,2017-10-25,120,0.12,WorthPoint
bismuth-crystal,GEMCORE: Massive 3 Lb Rainbow Bismuth Bouquet Crystal Display Specimen,164.25,2017-10-25,,,WorthPoint
bismuth-crystal,Bismuth Crystal - USA Homegrown - 43 Gram Specimen - Gem Stallion (A.69),11,2017-10-24,43,0.26,WorthPoint
bismuth-crystal,***Beautiful Large Bismuth Crystal Display***,32,2017-10-24,,,WorthPoint
bismuth-crystal,"GEMCORE: 5.3"" Rainbow Bismuth Crystal Display Plaque Iridescent Specimen W/Stand",37,2017-10-24,,,WorthPoint
bismuth-crystal,GEMCORE: Superior! Blue Bismuth Pyramid 170g Crystal Display Specimen Rainbow,19.99,2017-10-23,170,0.12,WorthPoint
bismuth-crystal,GEMCORE: Rainbow Bismuth Pyramid 93g Crystal Display Specimen Educational,20.5,2017-10-23,93,0.22,WorthPoint
bismuth-crystal,GEMCORE: Rainbow Bismuth Pyramid 155g Crystal Display Specimen Educational,10,2017-10-23,155,0.06,WorthPoint
bismuth-crystal,"GEMCORE: 3.6"" Rainbow Bismuth Pyramid Geode Crystal Display Specimen Healing",33,2017-10-23,,,WorthPoint
bismuth-crystal,Geometric Bismuth Crystal Specimen Blue Green Gold 30x46mm 22gm Flat Back,13,2017-10-22,22,0.59,WorthPoint
bismuth-crystal,Bismuth Crystal - USA Homegrown - 39 Gram Specimen - Gem Stallion (A.36),10,2017-10-21,39,0.26,WorthPoint
bismuth-crystal,A Bright Pink Blue And Gold BISMUTH Crystal From Germany! 36.8gr,14.99,2017-10-21,36.8,0.41,WorthPoint
bismuth-crystal,Bismuth Crystal - USA Homegrown - 99 Gram Specimen - Gem Stallion (A.94 ),26,2017-10-21,99,0.26,WorthPoint
bismuth-crystal,"BISMUTH CRYSTAL Superior Quality USA Made! Cluster 3.8"" 204g Healing Rainbow",23.9,2017-10-20,204,0.12,WorthPoint
bismuth-crystal,"DINO: XS RAINBOW BISMUTH CRYSTAL Specimens, Germany - 25 Grams - Large Lot!",10.49,2017-10-20,25,0.42,WorthPoint
bismuth-crystal,GEMCORE: Superior! Rainbow Bismuth Pyramid 159g Crystal Display Specimen,29.99,2017-10-19,159,0.19,WorthPoint
bismuth-crystal,YB Iridescent Rainbow Bismuth Crystal Cluster! Lab Grown. 2oz {B15J},20,2017-10-19,56.7,0.35,WorthPoint
bismuth-crystal,"BISMUTH CRYSTAL Superior Quality USA Made! Cluster 4.3"" 313g Healing Rainbow",29.9,2017-10-18,313,0.1,WorthPoint
bismuth-crystal,GEMCORE: Rainbow Bismuth Pyramid 125g Crystal Display Specimen Educational,13.71,2017-10-17,125,0.11,WorthPoint
bismuth-crystal,"BISMUTH CRYSTAL Superior Quality USA Made! Cluster 2.8"" 142g Healing Rainbow",15.9,2017-10-15,142,0.11,WorthPoint
bismuth-crystal,"BISMUTH CRYSTAL Superior Quality USA Made! Cluster 2.5"" 158g Healing Rainbow",16.9,2017-10-13,158,0.11,WorthPoint
bismuth-crystal,"Bismuth Crystal Mineral Specimen, Meditation,Healing, Geology . USA GROWN",12.99,2017-10-13,,,WorthPoint
bismuth-crystal,"BISMUTH CRYSTAL Superior Quality USA Made! Cluster 2.5"" 161g Healing Rainbow",17.9,2017-10-12,161,0.11,WorthPoint
bismuth-crystal,"BISMUTH CRYSTAL Superior Quality USA Made! Cluster 2.65"" 191g Healing Rainbow",17.9,2017-10-12,191,0.09,WorthPoint
bismuth-crystal,"DINO: XS RAINBOW BISMUTH CRYSTAL Specimens, Germany - 27.1 Grams - Large Lot!",14.5,2017-10-11,27.1,0.54,WorthPoint
bismuth-crystal,Bismuth Crystal - 57 Gram Specimen - USA Grown By Gem Stallion (A.38),13,2017-10-10,57,0.23,WorthPoint
bismuth-crystal,"GEMCORE: 7"" Rainbow Bismuth Crystal Plaque (2.3 Lb) Display Specimen - W/Stand",112.5,2017-10-10,,,WorthPoint
bismuth-crystal,"BISMUTH CRYSTAL Superior Quality USA Made! Cluster 2.8"" 149g Healing Rainbow",17.9,2017-10-09,149,0.12,WorthPoint
bismuth-crystal,A Giant! Symmetrical Purple Blue And Gold BISMUTH Crystal From England 659gr,69.99,2017-10-08,659,0.11,WorthPoint
bismuth-crystal,"BISMUTH CRYSTAL Superior Quality USA Made! Cluster 3.7"" 192g Healing Rainbow",19.9,2017-10-08,192,0.1,WorthPoint
bismuth-crystal,GEMCORE: 30 Pieces Bismuth Jewelry Wire-Wrap Crystals Educational Lab Grown USA,39.99,2017-10-07,,,WorthPoint
bismuth-crystal,"287 Gram Bismuth Metal Iridescent Crystal Bowl, Element 83 Sample",15,2017-10-06,287,0.05,WorthPoint
bismuth-crystal,Laboratory Grown Bismuth Crystal Tower,24,2017-10-06,,,WorthPoint
bismuth-crystal,Bismuth Metal Crystal Skull Geode,49,2017-10-05,,,WorthPoint
bismuth-crystal,"303 Gram Bismuth Metal Iridescent Crystal Bowl, Element 83 Sample",15,2017-10-04,303,0.05,WorthPoint
bismuth-crystal,"BISMUTH CRYSTAL Superior Quality USA Made! Cluster 3.1"" 117g Healing Rainbow",12.9,2017-10-04,117,0.11,WorthPoint
bismuth-crystal,Bismuth Crystal - USA Homegrown - 59 Gram Specimen - Gem Stallion (A.60),15,2017-10-04,59,0.25,WorthPoint
bismuth-crystal,GEMCORE: USA Quality Bismuth Crystal 160g Display Specimen Rainbow Metaphysical,16.5,2017-10-04,160,0.1,WorthPoint
bismuth-crystal,GEMCORE: Massive! 3 Lb Rainbow Bismuth Crystal Bouquet Display Specimen,130,2017-10-04,,,WorthPoint
bismuth-crystal,"BISMUTH CRYSTAL Display Mineral Specimen 4.6"" Tall 457g Iridescent Rainbow",34.9,2017-10-03,457,0.08,WorthPoint
bismuth-crystal,"BISMUTH CRYSTAL Superior Quality USA Made! Cluster 3.5"" 176g Healing Rainbow",19.06,2017-10-03,176,0.11,WorthPoint
bismuth-crystal,GEMCORE: USA Quality Bismuth Crystal 153g Display Specimen Rainbow Metaphysical,20.5,2017-10-03,153,0.13,WorthPoint
bismuth-crystal,"239 Gram Bismuth Metal Iridescent Crystal Bowl, Element 83 Sample",15,2017-09-29,239,0.06,WorthPoint
bismuth-crystal,GEMCORE: Massive! Rainbow Bismuth Crystal 286g Display Specimen Educational USA,32.99,2017-09-29,286,0.12,WorthPoint
bismuth-crystal,GEMCORE: Massive! Rainbow Bismuth Crystal 320g Display Jewelry Educational USA,19.99,2017-09-29,320,0.06,WorthPoint
bismuth-crystal,"DINO: 9 RAINBOW BISMUTH CRYSTAL Specimens, Germany - 25 Grams",14.5,2017-09-28,25,0.58,WorthPoint
bismuth-crystal,A Blue And Gold Colored BISMUTH Crystal From Germany! 86.1gr,24.99,2017-09-28,86.1,0.29,WorthPoint
bismuth-crystal,YB Iridescent Rainbow Bismuth Crystal Cluster! Lab Grown. 3oz {B17K},30,2017-09-27,85.05,0.35,WorthPoint
bismuth-crystal,"BISMUTH CRYSTAL Mineral Specimen 4.7"" Tall 632g Iridescent Rainbow USA Grown",19.9,2017-09-27,632,0.03,WorthPoint
bismuth-crystal,"GEMCORE: 2.8"" Bismuth Geode Display Specimen Educational Rainbow Crystal - USA",21.5,2017-09-27,,,WorthPoint
bismuth-crystal,GEMCORE: 219g Rainbow Bismuth Crystal Display Specimen Educational USA,29.99,2017-09-26,219,0.14,WorthPoint
bismuth-crystal,"BISMUTH CRYSTAL Cluster Display Specimen 3.9"" Tall 693g Iridescent USA Grown",31,2017-09-26,693,0.04,WorthPoint
bismuth-crystal,"GEMCORE: 2.5"" Rainbow Bismuth Crystal 99g Display Specimen Educational USA",12.49,2017-09-25,99,0.13,WorthPoint
bismuth-crystal,BISMUTH CRYSTAL Statue SUPERIOR! 3 Inches Tall 303g Iridescent USA Grown 'AAA',15.4,2017-09-25,303,0.05,WorthPoint
bismuth-crystal,"GEMCORE: 2.7"" Rainbow Bismuth Crystal 99g Display Specimen Educational USA",14.99,2017-09-24,99,0.15,WorthPoint
bismuth-crystal,"GEMCORE: 2.7"" Rainbow Bismuth Crystal 93g Display Specimen Educational USA",12.49,2017-09-24,93,0.13,WorthPoint
bismuth-crystal,"***SUPERB-Iridescent Multicolored Layered Bismuth Crystal, France***",25,2017-09-24,,,WorthPoint
bismuth-crystal,WOw! A BIG! Pink Blue Purple Green And Gold AAA BISMUTH Crystal Germany 105gr,29.99,2017-09-23,105,0.29,WorthPoint
bismuth-crystal,A BIG Lot Of TWELVE Little Super NEAT! BISMUTH Crystals Made In Germany 95.9gr E,29.99,2017-09-22,95.9,0.31,WorthPoint
bismuth-crystal,"GEMCORE: 2.4"" Rainbow Bismuth Crystal 69g Display Jewelry Educational USA",12.49,2017-09-22,69,0.18,WorthPoint
bismuth-crystal,"GEMCORE: 2.6"" Rainbow Bismuth Crystal 105g Display Specimen Educational USA",14.99,2017-09-21,105,0.14,WorthPoint
bismuth-crystal,"GEMCORE: 3.6"" Bismuth Egg Geode 300g Display Specimen Rainbow Crystal Healing",24.99,2017-09-21,300,0.08,WorthPoint
bismuth-crystal,Bismuth Geode On Hammered Steel Stand,140,2017-09-20,,,WorthPoint
bismuth-crystal,GEMCORE: Huge! Rainbow Bismuth Crystal 220g Display Specimen Educational USA,29.99,2017-09-20,220,0.14,WorthPoint
bismuth-crystal,54.92 Gram Rainbow Bismuth Crystal Mineral Specimen From New Zealand # TBC 3048,16.5,2017-09-20,54.92,0.3,WorthPoint
bismuth-crystal,"GEMCORE: 2.85"" Bismuth Geode Display Specimen Educational Rainbow Crystal - USA",27,2017-09-20,,,WorthPoint
bismuth-crystal,"GEMCORE: 3.8"" Rainbow Bismuth Crystal 338g Display Specimen Educational USA",24.49,2017-09-19,338,0.07,WorthPoint
bismuth-crystal,"BISMUTH CRYSTAL Cluster Rainbow Mineral Specimen 3"" 175g Iridescent USA Grown",24.5,2017-09-18,175,0.14,WorthPoint
bismuth-crystal,"GEMCORE: 7.8"" Rainbow Bismuth Splash Crystal 498g Display Specimen Decor",24.99,2017-09-18,498,0.05,WorthPoint
bismuth-crystal,"GEMCORE: 7"" Rainbow Bismuth Splash Crystal 360g Display Specimen Decor",39.99,2017-09-17,360,0.11,WorthPoint
bismuth-crystal,"GEMCORE: 2.5"" Rainbow Bismuth Crystal 106g Display Specimen Educational USA",14.99,2017-09-17,106,0.14,WorthPoint
bismuth-crystal,A Big Green Pink Purple And Gold AAA BISMUTH Crystal With Caliper Stand! 262gr E,59.99,2017-09-16,262,0.23,WorthPoint
bismuth-crystal,GEMCORE: Huge! Rainbow Bismuth Crystal Pyramid 510g Display Specimen Educational,49.99,2017-09-16,510,0.1,WorthPoint
bismuth-crystal,"GEMCORE: 4.2"" Rainbow Bismuth Crystal 283g Display Specimen Educational USA",29.99,2017-09-16,283,0.11,WorthPoint
bismuth-crystal,"GEMCORE: 6.5"" Rainbow Bismuth Crystal Plaque 645g Display Specimen - W/Stand",51,2017-09-15,645,0.08,WorthPoint
bismuth-crystal,"GEMCORE: 4.8"" Rainbow Bismuth Crystal 383g Display Specimen Educational USA",29.99,2017-09-14,383,0.08,WorthPoint
bismuth-crystal,"GEMCORE: 2.6"" Rainbow Bismuth Crystal 100g Display Specimen Educational USA",15.5,2017-09-14,100,0.16,WorthPoint
bismuth-crystal,GEMCORE: 2.5 Lb Rainbow Bismuth Crystal Bouquet Display Specimen - USA Made,136.18,2017-09-13,,,WorthPoint
bismuth-crystal,"GEMCORE: 2.5"" Rainbow Bismuth Crystal 92g Display Specimen Educational USA",14.99,2017-09-11,92,0.16,WorthPoint
bismuth-crystal,A HUGE! Lot Of 30 Little Super NEAT! BISMUTH Crystals Made In Germany 232gr,69.99,2017-09-11,232,0.3,WorthPoint
bismuth-crystal,A Pink Purple Green And Gold AAA BISMUTH Crystal From Germany! 81.0gr,24.99,2017-09-11,81,0.31,WorthPoint
bismuth-crystal,"GEMCORE: 6.25"" Rainbow Bismuth Crystal Plaque 783g Display Specimen - W/Stand",59.99,2017-09-11,783,0.08,WorthPoint
bismuth-crystal,A LONG! Blue And Gold BISMUTH Crystal From Germany 163.7gr,29.99,2017-09-10,163.7,0.18,WorthPoint
bismuth-crystal,A BIG! Pink Blue Purple Green And Gold BISMUTH Crystal From Germany! 81.6gr E,29.99,2017-09-09,81.6,0.37,WorthPoint
bismuth-crystal,"GEMCORE: 6.5"" Rainbow Bismuth Crystal Plaque 1110g Display Specimen - W/Stand",72,2017-09-08,1110,0.06,WorthPoint
bismuth-crystal,Minerals : Bismuth Crystals With Red And Green Iridescence,13.01,2017-09-07,,,WorthPoint
bismuth-crystal,"GEMCORE: 6"" Rainbow Bismuth Crystal 650g Display Specimen Educational USA",49.99,2017-09-07,650,0.08,WorthPoint
bismuth-crystal,"GEMCORE: 2.5"" Rainbow Bismuth Crystal 108g Display Specimen Educational USA",14.99,2017-09-07,108,0.14,WorthPoint
bismuth-crystal,"GEMCORE: 8.1"" Rainbow Bismuth Splash Crystal 498g Display Specimen Decor",31,2017-09-07,498,0.06,WorthPoint
bismuth-crystal,GEMCORE: Rainbow Bismuth Crystal 142g Display Specimen Educational USA,14.99,2017-09-06,142,0.11,WorthPoint
bismuth-crystal,BISMUTH CRYSTAL Rainbow Plaque Geode Section 6.1 Inches 823g Iridescent W/Stand,62,2017-09-04,823,0.08,WorthPoint
bismuth-crystal,GEMCORE: Rainbow Bismuth Crystal 192g Display Specimen Educational USA,14.99,2017-09-03,192,0.08,WorthPoint
bismuth-crystal,GEMCORE: Rainbow Bismuth Pyramid 82g Crystal Display Specimen Educational USA,11.5,2017-09-02,82,0.14,WorthPoint
bismuth-crystal,37.07 Gram Rainbow Bismuth Crystal Mineral Specimen From New Zealand # TBC 3097,11.25,2017-09-01,37.07,0.3,WorthPoint
bismuth-crystal,GEMCORE: Rainbow Bismuth Crystal 208g Display Specimen Educational USA,17.99,2017-09-01,208,0.09,WorthPoint
bismuth-crystal,"DINO: 9 RAINBOW BISMUTH CRYSTAL Specimens, Germany - 24 Grams",12.5,2017-08-31,24,0.52,WorthPoint
bismuth-crystal,GEMCORE: Rainbow Bismuth Crystal 104g Display Specimen Educational Lab Grown USA,10.49,2017-08-31,104,0.1,WorthPoint
bismuth-crystal,BISMUTH CRYSTAL Cluster Excellent! 5.1 Inches 670g Iridescent USA Grown,29.9,2017-08-29,670,0.04,WorthPoint
bismuth-crystal,A BIG! Pink Blue Purple Green And Gold AAA BISMUTH Crystal Germany! 175gr E,29.99,2017-08-27,175,0.17,WorthPoint
bismuth-crystal,"56.31 Gram Rainbow Bismuth Crystal Mineral Specimen From New Zealand, # TBC 3061",16.75,2017-08-27,56.31,0.3,WorthPoint
bismuth-crystal,"45.92 Gram Rainbow Bismuth Crystal Mineral Specimen From New Zealand, # TBC 3052",13.75,2017-08-26,45.92,0.3,WorthPoint
bismuth-crystal,"41.28 Gram Rainbow Bismuth Crystal Mineral Specimen From New Zealand, # TBC 3081",12.5,2017-08-26,41.28,0.3,WorthPoint
bismuth-crystal,A BIG! Pink Blue Purple Green Blue And Gold AAA BISMUTH Crystal Germany 254gr E,69.99,2017-08-26,254,0.28,WorthPoint
bismuth-crystal,A Blue Purple & Gold AAA BISMUTH Crystal On A Caliper Stand From Germany 268gr E,49.99,2017-08-26,268,0.19,WorthPoint
bismuth-crystal,"DINO: 4 Rare RAINBOW BISMUTH CRYSTAL Specimens, England - 22 Grams",12.5,2017-08-26,22,0.57,WorthPoint
bismuth-crystal,A Super Neat! Blue And Gold BISMUTH Crystal From Germany! 91.5gr,24.99,2017-08-26,91.5,0.27,WorthPoint
bismuth-crystal,Super Neat! A GIANT Sized Blue And Gold BISMUTH Crystal Germany! 310gr E,39.99,2017-08-24,310,0.13,WorthPoint
bismuth-crystal,A BIG! Blue Pink Green And Gold AAA BISMUTH Crystal From Germany 79.8gr,19.99,2017-08-24,79.8,0.25,WorthPoint
bismuth-crystal,Bismuth Crystal 94.4 Gram RAINBOW Specimen Made In The U.S.A.,15,2017-08-24,94.4,0.16,WorthPoint
bismuth-crystal,"DINO: 9 RAINBOW BISMUTH CRYSTAL Specimens, Germany - 31 Grams",10.5,2017-08-23,31,0.34,WorthPoint
bismuth-crystal,Laboratory Grown Bismuth Crystal Cluster,40,2017-08-22,,,WorthPoint
bismuth-crystal,A BIG! Blue Pink And Gold Colored BISMUTH Crystal Made In Germany! 133gr,24.99,2017-08-18,133,0.19,WorthPoint
bismuth-crystal,GEMCORE: Massive! 428g Rainbow Bismuth Crystal Display Specimen Iridescent Metal,39.99,2017-08-18,428,0.09,WorthPoint
bismuth-crystal,GEMCORE: 1.3 Lb Massive Rainbow Bismuth Crystal Bouquet Specimen Metal USA Made!,49.75,2017-08-18,,,WorthPoint
bismuth-crystal,GEMCORE: Rainbow Bismuth Crystal 98g Display Specimen Educational USA,14,2017-08-18,98,0.14,WorthPoint
bismuth-crystal,"GEMCORE: 3.7"" Bismuth Egg Geode Display Specimen Educational Rainbow Crystal USA",19.99,2017-08-17,,,WorthPoint
bismuth-crystal,GEMCORE: Rainbow Bismuth Crystal 102g Display Specimen Educational USA,12.99,2017-08-17,102,0.13,WorthPoint
bismuth-crystal,GEMCORE: Rainbow Bismuth Crystal 130g Display Specimen Educational USA,14.99,2017-08-17,130,0.12,WorthPoint
bismuth-crystal,GEMCORE: Rainbow Bismuth Temple 110g Display Crystal Specimen Educational USA,10.49,2017-08-17,110,0.1,WorthPoint
bismuth-crystal,"GEMCORE: 5.8"" Rainbow Bismuth Crystal Plaque Display Specimen -Stand Included",79.99,2017-08-16,,,WorthPoint
bismuth-crystal,GEMCORE: Vibrant! Rainbow Bismuth Crystal 85g Display Specimen Educational USA,10.49,2017-08-16,85,0.12,WorthPoint
bismuth-crystal,GEMCORE: Rainbow Bismuth Crystal 65g Display Specimen Educational USA,10.49,2017-08-16,65,0.16,WorthPoint
bismuth-crystal,"41.59 Gram Rainbow Bismuth Crystal Mineral Specimen From New Zealand, # TBC 3108",12.5,2017-08-15,41.59,0.3,WorthPoint
bismuth-crystal,BISMUTH CRYSTAL Cluster Impressive! 4.2 Inches 225g Iridescent USA Grown,14.9,2017-08-15,225,0.07,WorthPoint
bismuth-crystal,BISMUTH CRYSTAL Cluster Impressive! 3.6 Inches 230g USA Grown Mineral Specimen,15,2017-08-15,230,0.07,WorthPoint
bismuth-crystal,A Pink Blue Purple And Gold BISMUTH Crystal From Germany 80.6gr,24.99,2017-08-14,80.6,0.31,WorthPoint
bismuth-crystal,A Neat! Pink Blue Purple And Gold AAA BISMUTH Crystal From Germany! 87.9gr,24.99,2017-08-14,87.9,0.28,WorthPoint
bismuth-crystal,GEMCORE: Rainbow Bismuth Crystal 182g Display Specimen Educational USA,14.99,2017-08-14,182,0.08,WorthPoint
bismuth-crystal,"GEMCORE: 4.9"" Massive! Rainbow Bismuth Crystal Display Specimen Metal Iridescent",49.99,2017-08-14,,,WorthPoint
bismuth-crystal,GEMCORE: 3.3 Lb Rainbow Bismuth Crystal Bouquet Display Specimen - USA Made,102.5,2017-08-14,,,WorthPoint
bismuth-crystal,GEMCORE: Rainbow Bismuth Crystal 128g Display Specimen Educational USA,11.93,2017-08-14,128,0.09,WorthPoint
bismuth-crystal,Lot Of 10 Bismuth Crystals Bislot117,31.92,2017-08-12,,,WorthPoint
bismuth-crystal,A Really Neat! Pink Blue And Gold BISMUTH Crystal From England 68.3gr,19.99,2017-08-11,68.3,0.29,WorthPoint
bismuth-crystal,BISMUTH CRYSTAL Plaque 4.9 Inches 507g Iridescent Rainbow W/stand,24.9,2017-08-11,507,0.05,WorthPoint
bismuth-crystal,"GEMCORE: 3.7"" Rainbow Bismuth Pyramid Geode Crystal Display Specimen Healing",82.99,2017-08-11,,,WorthPoint
bismuth-crystal,"GEMCORE: 2.8"" Rainbow Bismuth Geode Display Specimen Educational Rainbow Crystal",16.99,2017-08-11,,,WorthPoint
bismuth-crystal,Bismuth 100 Gram Ingot Chunk 4n 99.99 Pure,10.55,2017-08-10,100,0.11,WorthPoint
bismuth-crystal,A BIG Lot Of THREE Larger Super NEAT! BISMUTH Crystals Made In England 161gr,19.99,2017-08-10,161,0.12,WorthPoint
bismuth-crystal,GEMCORE: Rainbow Bismuth Crystal 200g Display Specimen Educational USA,10.49,2017-08-10,200,0.05,WorthPoint
bismuth-crystal,GEMCORE: Massive! 256g Self-Standing Rainbow Bismuth Crystal Display Specimen,27,2017-08-10,256,0.11,WorthPoint
bismuth-crystal,"DINO: 5 Rare RAINBOW BISMUTH CRYSTAL Specimens, England - 23 Grams",11.52,2017-08-10,23,0.5,WorthPoint
bismuth-crystal,Super Neat! A Symmetrical Pink Blue And Gold BISMUTH Crystal From Germany! 130gr,24.99,2017-08-09,130,0.19,WorthPoint
bismuth-crystal,GEMCORE: Rainbow Bismuth Crystal 152g Display Specimen Educational USA,24.75,2017-08-09,152,0.16,WorthPoint
bismuth-crystal,"GEMCORE: Rainbow Bismuth Geode 2.9"" Display Specimen Educational Rainbow Crystal",24.99,2017-08-09,,,WorthPoint
bismuth-crystal,GEMCORE: Rainbow Bismuth Crystal 150g Display Specimen Educational USA,16.99,2017-08-09,150,0.11,WorthPoint
bismuth-crystal,"GEMCORE: 3.5"" Rinbow Bismuth Pyramid Geode Crystal Display Specimen Healing",41,2017-08-09,,,WorthPoint
bismuth-crystal,GEMCORE: Rainbow Bismuth Pyramid 56g Display Specimen Educational Crystal USA,15.5,2017-08-09,56,0.28,WorthPoint
bismuth-crystal,"4"" Bismuth Metal Crystal Skull Geode",19.95,2017-08-08,,,WorthPoint
bismuth-crystal,GEMCORE: Huge! 161g Rainbow Bismuth Crystal Display Specimen Educational USA,16.99,2017-08-08,161,0.11,WorthPoint
bismuth-crystal,GEMCORE: 7 Pieces Bismuth Jewelry Wire-Wrap Crystals Educational Lab Grown USA,11.49,2017-08-08,,,WorthPoint
bismuth-crystal,GEMCORE: 1.2 Lb Massive Rainbow Bismuth Crystal Bouquet Specimen Metal USA Made!,49.99,2017-08-08,,,WorthPoint
bismuth-crystal,GEMCORE: 3.7 Lb Rainbow Bismuth Crystal Bouquet Specimen Museum Quality! USA,99,2017-08-08,,,WorthPoint
bismuth-crystal,A Larger Super Symmetrical Blue And Gold BISMUTH Crystal Germany 84.8gr,29.99,2017-08-07,84.8,0.35,WorthPoint
bismuth-crystal,GEMCORE: 125g Rainbow Bismuth Crystal Display Specimen Educational USA,15.5,2017-08-07,125,0.12,WorthPoint
bismuth-crystal,GEMCORE: Massive! 495g Self-Standing Rainbow Bismuth Crystal Display Specimen,41,2017-08-07,495,0.08,WorthPoint
bismuth-crystal,GEMCORE: Rainbow Bismuth Crystal 228g Display Specimen Educational USA Grown,17.99,2017-08-07,228,0.08,WorthPoint
bismuth-crystal,GEMCORE: Rainbow Bismuth Crystal 246g Display Specimen Educational USA,20.5,2017-08-06,246,0.08,WorthPoint
bismuth-crystal,GEMCORE: Rainbow Bismuth Crystal 232g Display Specimen Educational USA,19.99,2017-08-06,232,0.09,WorthPoint
bismuth-crystal,GEMCORE: 9 Pieces Bismuth Jewelry Wire-Wrap Crystals Educational Lab Grown USA,11.5,2017-08-06,,,WorthPoint
bismuth-crystal,A BIG! Pink Green Copper And Gold AAA BISMUTH Crystal From Germany! 144gr,39.99,2017-08-05,144,0.28,WorthPoint
bismuth-crystal,67.53 Gram Rainbow Bismuth Crystal Mineral Specimen From New Zealand # TBC 3047,20,2017-08-05,67.53,0.3,WorthPoint
bismuth-crystal,GEMCORE: Rainbow Bismuth Crystal 172g Display Specimen Educational USA,15.5,2017-08-05,172,0.09,WorthPoint
bismuth-crystal,GEMCORE: Rainbow Bismuth Temple 70g Crystal Display Specimen Educational USA,11.5,2017-08-05,70,0.16,WorthPoint
bismuth-crystal,"GEMCORE: 3.6"" Bismuth Egg Geode Display Specimen Educational Rainbow Crystal USA",23.5,2017-08-05,,,WorthPoint
bismuth-crystal,GEMCORE: Rainbow Bismuth Crystal 135g Display Specimen Educational USA,12.99,2017-08-05,135,0.1,WorthPoint
bismuth-crystal,GEMCORE: Rainbow Bismuth Crystal 233g Display Specimen Educational USA Grown,14.99,2017-08-05,233,0.06,WorthPoint
bismuth-crystal,"GEMCORE: 2.9"" Rainbow Bismuth Geode Display Specimen Educational Rainbow Crystal",19.49,2017-08-05,,,WorthPoint
bismuth-crystal,BISMUTH Crystal Splash MAPLE LEAF Unique! Specimen 4.9 Inches Rainbow W/stand,19.9,2017-08-04,,,WorthPoint
bismuth-crystal,GEMCORE: 10 Pieces Bismuth Jewelry Wire-Wrap Crystals Educational Lab Grown USA,12.5,2017-08-04,,,WorthPoint
bismuth-crystal,GEMCORE: Rainbow Bismuth Crystal 140g Display Specimen Educational USA,21.5,2017-08-04,140,0.15,WorthPoint
bismuth-crystal,BISMUTH CRYSTAL Cluster Excellent! 4.7 Inches 752g Rainbow Self-standing Bouquet,49.9,2017-08-04,752,0.07,WorthPoint
bismuth-crystal,German BISMUTH Crystal 20 - 30 Gram Lab Grown Jewelry Grade Specimen RANDOM PICK,13.6,2017-08-03,30,0.45,WorthPoint
bismuth-crystal,"BISMUTH CRYSTAL Plaque Geode Section 6.1 Inches 823g Iridescent W/Stand ""AAA""",59.9,2017-08-03,823,0.07,WorthPoint
bismuth-crystal,GEMCORE: Massive! 496g Rainbow Bismuth Crystal Display Specimen Metal,40,2017-08-03,496,0.08,WorthPoint
bismuth-crystal,Bismuth Crystal Splash Pour Display Specimen 124g Rainbow Iridescent,18,2017-08-02,124,0.15,WorthPoint
bismuth-crystal,GEMCORE: Rainbow Bismuth Crystal 146g Display Specimen Educational USA,14.99,2017-08-02,146,0.1,WorthPoint
bismuth-crystal,"GEMCORE: 6.3"" Rainbow Bismuth Crystal Plaque Display Specimen -Stand Included",78,2017-08-02,,,WorthPoint
bismuth-crystal,Bismuth Crystal - A Grade 2 Ounces,11.99,2017-08-01,,,WorthPoint
bismuth-crystal,BISMUTH Crystal Geode Brilliant! 2.8 Inches 312g Iridescent Rainbow AAA,20,2017-08-01,312,0.06,WorthPoint
bismuth-crystal,BISMUTH CRYSTAL Intricate! 4.6 Inches 274g Iridescent Rainbow Mineral Specimen,15.5,2017-08-01,274,0.06,WorthPoint
bismuth-crystal,"GEMCORE: 6"" Rainbow Bismuth Crystal Plaque Display Specimen -Stand Included",76,2017-08-01,,,WorthPoint
bismuth-crystal,GEMCORE: Self-Standing 284g Rainbow Bismuth Crystal Display Specimen Metal,29,2017-08-01,284,0.1,WorthPoint
bismuth-crystal,"1 Lb 10 Oz Box Of Iridescent Bismuth Crystals, Lab Grown, Germany",22.5,2017-07-31,283.5,0.08,WorthPoint
bismuth-crystal,BISMUTH CRYSTAL Plaque Geode Plate 4.4 Inches 300g Iridescent Rainbow W/stand,19.9,2017-07-31,300,0.07,WorthPoint
bismuth-crystal,"GEMCORE: 6.5"" Rainbow Bismuth Crystal Plaque Display Specimen -Stand Included",90,2017-07-31,,,WorthPoint
bismuth-crystal,A Purple Blue And Gold AAA BISMUTH Crystal On A Caliper Stand! England 183gr E,39.99,2017-07-30,183,0.22,WorthPoint
bismuth-crystal,GEMCORE: Rainbow Bismuth Crystal 148g Display Specimen Educational USA,15.99,2017-07-28,148,0.11,WorthPoint
bismuth-crystal,BISMUTH CRYSTAL Pyramid 2.1 Inches 93g Iridescent Rainbow USA Grown 'AAA',28,2017-07-28,93,0.3,WorthPoint
bismuth-crystal,GEMCORE: 265g Rainbow Bismuth Crystal Display Specimen Educational Metal USA,19.99,2017-07-28,265,0.08,WorthPoint
bismuth-crystal,GEMCORE: Massive! 240g Rainbow Bismuth Crystal Display Specimen Educational USA,19.99,2017-07-27,240,0.08,WorthPoint
bismuth-crystal,Lot Of 10 Bismuth Crystals Bislot115,31.92,2017-07-26,,,WorthPoint
bismuth-crystal,GEMCORE: Massive Rainbow Bismuth Crystal 233g Display Specimen Educational USA,22.85,2017-07-26,233,0.1,WorthPoint
bismuth-crystal,"GEMCORE: 3.7"" Iridescent Bismuth Pyramid Geode Crystal Display Specimen Healing",41,2017-07-26,,,WorthPoint
bismuth-crystal,"2"" German Lab-Grown Rainbow Colored Skeletal Bismuth Crystal 115 Gr",30,2017-07-25,115,0.26,WorthPoint
bismuth-crystal,BISMUTH CRYSTAL Impressive! 4.3 Inches 159g Iridescent Rainbow USA Grown 'AAA',11.9,2017-07-25,159,0.07,WorthPoint
bismuth-crystal,Impressive! BISMUTH CRYSTAL 3.5 Inches 235g Iridescent Rainbow USA Grown 'AAA',20.5,2017-07-25,235,0.09,WorthPoint
bismuth-crystal,BISMUTH CRYSTAL Cluster Impressive! 5.7 Inches 790g Iridescent USA Grown,49.9,2017-07-25,790,0.06,WorthPoint
bismuth-crystal,BISMUTH CRYSTAL Cluster Intricate! 2.9 Inches 186g Iridescent USA Grown,13.9,2017-07-25,186,0.07,WorthPoint
bismuth-crystal,GEMCORE: Rainbow Bismuth Crystal 143g Display Specimen Educational USA Grown,12.49,2017-07-25,143,0.09,WorthPoint
bismuth-crystal,"Rainbow Bismuth Hopper Crystals - Germany - In 1.25"" Perky Box",18.26,2017-07-24,,,WorthPoint
bismuth-crystal,BISMUTH CRYSTAL Plaque Geode 6.75 Inches 1590g Iridescent USA Grown,79.9,2017-07-24,1590,0.05,WorthPoint
bismuth-crystal,BISMUTH CRYSTAL Intricate! 3.8 Inches 286g Iridescent Rainbow USA Grown 'AAA',19.9,2017-07-24,286,0.07,WorthPoint
bismuth-crystal,"GEMCORE: 2.85"" Rainbow Bismuth Geode Display Specimen Educational Crystal",14.99,2017-07-24,,,WorthPoint
bismuth-crystal,GEMCORE: Huge! 165g Rainbow Bismuth Crystal Display Specimen Educational USA,22.5,2017-07-24,165,0.14,WorthPoint
bismuth-crystal,GEMCORE: 118g Rainbow Bismuth Crystal Display Specimen Educational USA Grown,14.49,2017-07-24,118,0.12,WorthPoint
bismuth-crystal,"GEMCORE: 5.7"" Bismuth Plaque & 7.5 Bismuth Plate",150,2017-07-23,,,WorthPoint
bismuth-crystal,"Unique! Handmade BISMUTH CRYSTAL Gemstone Tree 7"" 543g Iridescent USA Grown",39.9,2017-07-23,543,0.07,WorthPoint
bismuth-crystal,"DINO: 5 Beautiful RAINBOW BISMUTH Crystal Specimens, Germany - 30 Grams",15.5,2017-07-23,30,0.52,WorthPoint
bismuth-crystal,GEMCORE: 72g Rainbow Bismuth Crystal Display Specimen Educational USA Grown,15,2017-07-23,72,0.21,WorthPoint
bismuth-crystal,Large Lot 25 Pieces Rainbow BISMUTH Crystals Made In Germany 46.93 G Specimen,17.5,2017-07-22,46.93,0.37,WorthPoint
bismuth-crystal,BISMUTH CRYSTAL Intricate! 3.4 Inches 151g Iridescent Rainbow USA Grown 'AAA',46,2017-07-22,151,0.3,WorthPoint
bismuth-crystal,"SUPERB RARE Native Bismuth Crystal Cluster SCHLEMA, GERMANY - Ex. Belsky",1950,2017-07-21,,,WorthPoint
bismuth-crystal,GEMCORE: 6 Pieces Bismuth Jewelry Wire-Wrap Crystals Educational Lab Grown USA,16.38,2017-07-21,,,WorthPoint
bismuth-crystal,GEMCORE: Huge! 172g Rainbow Bismuth Crystal Display Specimen Educational USA,17.5,2017-07-21,172,0.1,WorthPoint
bismuth-crystal,GEMCORE: 71g Rainbow Bismuth Crystal Temple Display Specimen Educational USA,13.5,2017-07-21,71,0.19,WorthPoint
bismuth-crystal,GEMCORE: 182g Self-Standing Rainbow Bismuth Crystal Display Specimen Metal,22.38,2017-07-21,182,0.12,WorthPoint
bismuth-crystal,GEMCORE: 163g Rainbow Bismuth Crystal Display Specimen Educational USA,19.38,2017-07-21,163,0.12,WorthPoint
bismuth-crystal,A Blue And Gold AAA BISMUTH Crystal On A Caliper Stand! From Germany 231gr,39.99,2017-07-20,231,0.17,WorthPoint
bismuth-crystal,Bismuth Crystal - Large 74 Gram Specimen - USA Grown By Gem Stallion (B.7),14.99,2017-07-20,74,0.2,WorthPoint
bismuth-crystal,BISMUTH CRYSTAL Intricate! 4.0 Inches 185g Iridescent Rainbow USA Grown 'AAA',27,2017-07-20,185,0.15,WorthPoint
bismuth-crystal,GEMCORE: Huge! Self-Standing Rainbow Bismuth Crystal Display Specimen Metal,22.38,2017-07-20,,,WorthPoint
bismuth-crystal,GEMCORE: Huge! 248g Self-Standing Rainbow Bismuth Crystal Display Specimen Metal,30.89,2017-07-20,248,0.12,WorthPoint
bismuth-crystal,GEMCORE: 8 Pieces Bismuth Jewelry Wire-Wrap Crystals Educational Lab Grown USA,20.5,2017-07-20,,,WorthPoint
bismuth-crystal,GEMCORE: Huge! 210g Self-Standing Rainbow Bismuth Crystal Display Specimen Metal,23.39,2017-07-20,210,0.11,WorthPoint
bismuth-crystal,GEMCORE: 75g Rainbow Bismuth Crystal Display Specimen Educational USA Grown,15.37,2017-07-20,75,0.2,WorthPoint
bismuth-crystal,A HUGE Super Symmetrical Blue And Gold BISMUTH Crystal From England 219gr,39.99,2017-07-19,219,0.18,WorthPoint
bismuth-crystal,GEMCORE: Massive! 235g Rainbow Bismuth Crystal Display Specimen Educational USA,14,2017-07-19,235,0.06,WorthPoint
bismuth-crystal,"GEMCORE: Huge! 5.9"" Self-Standing Rainbow Bismuth Crystal Display Specimen Metal",60,2017-07-19,,,WorthPoint
bismuth-crystal,Very Large! BISMUTH CRYSTAL 4.4 Inches 272g Iridescent Rainbow USA Grown 'AAA',17.9,2017-07-18,272,0.07,WorthPoint
bismuth-crystal,Unique! BISMUTH Crystal Splash BUTTERFLY Specimen 5 Inches 417g Rainbow USA Made,14.9,2017-07-18,417,0.04,WorthPoint
bismuth-crystal,"DINO: 7 XS RAINBOW BISMUTH CRYSTAL Specimens, Germany - 27 Grams",11.5,2017-07-18,27,0.43,WorthPoint
bismuth-crystal,GEMCORE: 136g Self-Standing Rainbow Bismuth Crystal Display Specimen Metal,18.01,2017-07-18,136,0.13,WorthPoint
bismuth-crystal,Bismuth Crystal - Large 75 Gram Specimen - USA Grown By Gem Stallion (F.18),14.99,2017-07-17,75,0.2,WorthPoint
bismuth-crystal,"GEMCORE: 3.7"" Blue Bismuth Pyramid Druzy Geode Crystal Display Specimen - USA",31,2017-07-17,,,WorthPoint
bismuth-crystal,GEMCORE: Huge! 251g Self-Standing Rainbow Bismuth Crystal Display Specimen Metal,22.5,2017-07-17,251,0.09,WorthPoint
bismuth-crystal,BISMUTH CRYSTAL Intricate! 3.0 Inches 185g Iridescent Rainbow USA Grown 'AAA',13.9,2017-07-17,185,0.08,WorthPoint
bismuth-crystal,Bismuth Crystal - Large 97 Gram Specimen - USA Grown By Gem Stallion (B.1),19.99,2017-07-16,97,0.21,WorthPoint
bismuth-crystal,Bismuth Crystal - Large 77 Gram Specimen - USA Grown By Gem Stallion (F.12),15.99,2017-07-16,77,0.21,WorthPoint
bismuth-crystal,Bismuth Crystal - Large 83 Gram Specimen - USA Grown By Gem Stallion (F.15),16.99,2017-07-16,83,0.2,WorthPoint
bismuth-crystal,Bismuth Crystal - Large 68 Gram Specimen - USA Grown By Gem Stallion (F.16),13.99,2017-07-16,68,0.21,WorthPoint
bismuth-crystal,GEMCORE: 153g Rainbow Bismuth Crystal Display Specimen Educational USA,10.5,2017-07-16,153,0.07,WorthPoint
bismuth-crystal,GEMCORE: Massive! Rainbow Bismuth Crystal Display Specimen Educational USA,13.85,2017-07-16,,,WorthPoint
bismuth-crystal,"Bismuth Crystal Geode 2""",36.87,2017-07-15,,,WorthPoint
bismuth-crystal,Brilliant Bismuth Crystal Cluster - Miniature,10,2017-07-15,,,WorthPoint
bismuth-crystal,DINO: Lg. Beautiful RAINBOW BISMUTH Crystal Specimen - 24.8 Grams England,11.82,2017-07-15,24.8,0.48,WorthPoint
bismuth-crystal,GEMCORE: 258g Rainbow Bismuth Crystal Display Specimen Educational USA,24.99,2017-07-15,258,0.1,WorthPoint
bismuth-crystal,GEMCORE: 4.6 Inch! Bismuth Crystal Plaque Iridescent Display Specimen -USA Made!,39,2017-07-14,,,WorthPoint
bismuth-crystal,"GEMCORE: 3.85"" Blue Bismuth Pyramid Druzy Geode Crystal Display Specimen - USA",26,2017-07-14,,,WorthPoint
bismuth-crystal,Superior! BISMUTH CRYSTAL Plaque 5.8 Inches 559g Iridescent USA Grown W/stand,57.78,2017-07-13,559,0.1,WorthPoint
bismuth-crystal,GEMCORE: 4.67 Lb Massive Rainbow Bismuth Crystal Display Specimen Metal USA,212.5,2017-07-13,,,WorthPoint
bismuth-crystal,GEMCORE: 5.2 Inch! Massive Rainbow Bismuth Crystal Display Specimen Metal -USA,40.51,2017-07-13,,,WorthPoint
bismuth-crystal,GEMCORE: Huge! 215g Rainbow Bismuth Crystal Display Specimen Educational USA,24.99,2017-07-13,215,0.12,WorthPoint
bismuth-crystal,GEMCORE: Huge! 217g Rainbow Bismuth Crystal Display Specimen Educational USA,17,2017-07-12,217,0.08,WorthPoint
bismuth-crystal,"Two Bismuth Disks For Levitation, Cast Bismuth Metal Ingots",19.95,2017-07-12,,,WorthPoint
bismuth-crystal,Unique! BISMUTH Crystal Splash Specimen 8.25 Inches 616g Rainbow USA Made 'AAA',29.9,2017-07-11,616,0.05,WorthPoint
bismuth-crystal,Laboratory Grown Bismuth Crystal,10,2017-07-11,,,WorthPoint
bismuth-crystal,Impressive! BISMUTH CRYSTAL 3.95 Inches 222g Iridescent Rainbow USA Grown 'AAA',14.9,2017-07-11,222,0.07,WorthPoint
bismuth-crystal,Brilliant! BISMUTH Crystal Egg Geode 3.5 Inches 304g Iridescent Rainbow USA Made,14.9,2017-07-10,304,0.05,WorthPoint
bismuth-crystal,Brilliant! BISMUTH Crystal Geode 2.8 Inches 311g Iridescent Rainbow USA Made,17.5,2017-07-10,311,0.06,WorthPoint
bismuth-crystal,"GEMCORE: 7.5"" Rainbow Bismuth Crystal Plaque Display Specimen Metal - W/Stand!",107.75,2017-07-10,,,WorthPoint
bismuth-crystal,Bismuth Crystal - Large 76 Gram Specimen - USA Grown By Gem Stallion (F.5),14.99,2017-07-08,76,0.2,WorthPoint
bismuth-crystal,A BIG! Blue Purple Copper Green And Gold AAA BISMUTH Crystal From Germany 150gr,29.99,2017-07-08,150,0.2,WorthPoint
bismuth-crystal,Bismuth Crystal 82 Large Gram Specimen - USA Grown By Gem Stallion (F.19),16.99,2017-07-08,,,WorthPoint
bismuth-crystal,GEMCORE: Huge! 476g Rainbow Bismuth Crystal Display Specimen Metal USA Grown,49,2017-07-08,476,0.1,WorthPoint
bismuth-crystal,GEMCORE: Huge! 388g Rainbow Bismuth Crystal Display Specimen Educational USA,39.99,2017-07-08,388,0.1,WorthPoint
bismuth-crystal,Large Mix Lot Pieces Rainbow BISMUTH Crystals Made In Germany 45.83 G Specimen,16,2017-07-07,45.83,0.35,WorthPoint
bismuth-crystal,GEMCORE: 4.7 Inch! Bismuth Crystal Plaque Iridescent Display Specimen -w/Stand!,32,2017-07-07,,,WorthPoint
bismuth-crystal,GEMCORE: 130g Rainbow Bismuth Crystal Display Specimen Educational USA Grown,14.99,2017-07-07,130,0.12,WorthPoint
bismuth-crystal,"DINO: XS RAINBOW BISMUTH CRYSTAL Specimens, Germany - 30.8 Grams - Large Lot!",13.58,2017-07-06,30.8,0.44,WorthPoint
bismuth-crystal,"GEMCORE: 3.9"" Rainbow Bismuth Pyramid Druzy Geode Crystal Display Specimen - USA",19.99,2017-07-06,,,WorthPoint
bismuth-crystal,GEMCORE: 6.5 Inch! Bismuth Crystal Plaque Iridescent Display Specimen -w/Stand,60,2017-07-06,,,WorthPoint
bismuth-crystal,Bismuth Crystal - 62 Gram Specimen - USA Grown By Gem Stallion (M.14),13.99,2017-07-05,62,0.23,WorthPoint
bismuth-crystal,Fascinating! BISMUTH CRYSTAL 3.3 Inches 192g Iridescent Rainbow USA Grown 'AAA',13.9,2017-07-05,192,0.07,WorthPoint
bismuth-crystal,"GEMCORE: 5.7"" Bismuth Crystal Plaque Iridescent Display Specimen -Stand Included",88.25,2017-07-05,,,WorthPoint
bismuth-crystal,"GEMCORE: 3.8"" Rainbow Bismuth Pyramid Druzy Geode Crystal Display Specimen - USA",23.85,2017-07-05,,,WorthPoint
bismuth-crystal,GEMCORE: 158g Rainbow Bismuth Crystal Display Specimen Educational USA Grown,17.49,2017-07-04,158,0.11,WorthPoint
bismuth-crystal,GEMCORE: Huge! 158g Rainbow Bismuth Crystal Display Specimen Educational USA,18.5,2017-07-04,158,0.12,WorthPoint
bismuth-crystal,GEMCORE: Huge! 170g Rainbow Bismuth Crystal Display Specimen Educational USA,20.49,2017-07-04,170,0.12,WorthPoint
bismuth-crystal,GEMCORE: Huge! 225g Rainbow Bismuth Crystal Display Specimen Educational USA,28,2017-07-04,225,0.12,WorthPoint
bismuth-crystal,GEMCORE: Huge! 230g Rainbow Bismuth Crystal Display Specimen Educational USA,29.99,2017-07-04,230,0.13,WorthPoint
bismuth-crystal,GEMCORE: 9 Pieces Medium Bismuth Crystal Jewelry Wire-Wrap Educational Lab Grown,15.49,2017-07-04,,,WorthPoint
bismuth-crystal,Impressive! BISMUTH CRYSTAL 3.6 Inches 265g Iridescent Rainbow USA Grown 'AAA',19.9,2017-07-03,265,0.08,WorthPoint
bismuth-crystal,"GEMCORE: 3.8"" Blue Bismuth Pyramid Druzy Geode Crystal Display Specimen - USA",35,2017-07-03,,,WorthPoint
bismuth-crystal,GEMCORE: 7 Pieces Large Bismuth Crystals Jewelry Wire-Wrap Educational Lab Grown,16.05,2017-07-03,,,WorthPoint
bismuth-crystal,Bismuth - New Zealand - High Quality - Best Color - Best Shape - M-2188 - 55.15g,12.95,2017-07-02,55.15,0.23,WorthPoint
bismuth-crystal,A Huge! Blue Purple Copper And Gold AAA BISMUTH Crystal From Germany 301gr,59.99,2017-07-02,301,0.2,WorthPoint
bismuth-crystal,Intricate! BISMUTH CRYSTAL 4.2 Inches 226g Iridescent Rainbow USA Grown 'AAA',15.5,2017-07-01,226,0.07,WorthPoint
bismuth-crystal,A Pink Blue Purple And Gold Rainbow Like BISMUTH Crystal From Germany! 74.0gr E,29.99,2017-06-30,74,0.41,WorthPoint
bismuth-crystal,"AAA Rainbow Bismuth Crystal Cluster 46g 2.5""x1.5""x.75"" NewZealand",49,2017-06-30,46,1.07,WorthPoint
bismuth-crystal,GEMCORE: 165g Rainbow Bismuth Crystal Display Specimen Educational USA Grown,15.5,2017-06-30,165,0.09,WorthPoint
bismuth-crystal,GEMCORE: 5.4 Lb Massive Rainbow Bismuth Crystal Display Specimen Metal USA Grown,219.5,2017-06-30,,,WorthPoint
bismuth-crystal,"240 Gram Bismuth Metal Iridescent Crystal Bowl, Element 83 Sample",13,2017-06-29,240,0.05,WorthPoint
bismuth-crystal,Bismuth Crystal - Large 73 Gram Specimen - USA Grown By Gem Stallion (B.11),14.99,2017-06-29,73,0.21,WorthPoint
bismuth-crystal,Brilliant! BISMUTH Crystal Geode 3.6 Inches 303g Iridescent Rainbow USA Made,20.48,2017-06-29,303,0.07,WorthPoint
bismuth-crystal,GEMCORE: 147g Rainbow Bismuth Crystal Display Specimen Educational USA Grown,12.5,2017-06-29,147,0.09,WorthPoint
bismuth-crystal,GEMCORE: 4 Inch Bismuth Crystal Plaque Iridescent Display Specimen Metal,18,2017-06-29,,,WorthPoint
bismuth-crystal,Bismuth Crystal - Large 80 Gram Specimen - USA Grown By Gem Stallion (F.11),15.99,2017-06-28,80,0.2,WorthPoint
bismuth-crystal,"DINO: XS RAINBOW BISMUTH CRYSTAL Specimens, Germany - 30 Grams- Large Lot!",12.5,2017-06-28,30,0.42,WorthPoint
bismuth-crystal,Lot Of 10 Bismuth Crystals Bislot113,31.92,2017-06-27,,,WorthPoint
bismuth-crystal,Super Neat! A BIG GREEN Pink PURPLE And Gold BISMUTH Crystal Germany 248gr,39.99,2017-06-27,248,0.16,WorthPoint
bismuth-crystal,GEMCORE: 12 Pieces Bismuth Jewelry Wire-Wrap Crystals Educational Lab Grown USA,12.5,2017-06-27,,,WorthPoint
bismuth-crystal,GEMCORE: 122g Rainbow Bismuth Crystal Display Specimen Educational USA Grown,14.99,2017-06-27,122,0.12,WorthPoint
bismuth-crystal,GEMCORE: 77g Rainbow Bismuth Crystal Display Specimen Educational USA Grown,15.49,2017-06-27,77,0.2,WorthPoint
bismuth-crystal,GEMCORE: 124g Rainbow Bismuth Crystal Display Specimen Educational USA Grown,14.49,2017-06-27,124,0.12,WorthPoint
bismuth-crystal,Bismuth Crystal - Large 71 Gram Specimen - USA Grown By Gem Stallion (F.23),14.99,2017-06-26,71,0.21,WorthPoint
bismuth-crystal,Intricate! BISMUTH CRYSTAL 2.25 Inches 83g Iridescent Rainbow USA Grown 'AAA',20.5,2017-06-26,83,0.25,WorthPoint
bismuth-crystal,Brilliant! BISMUTH Crystal Egg Geode 3.6 Inches 294g Iridescent Rainbow USA Made,26.98,2017-06-26,294,0.09,WorthPoint
bismuth-crystal,Impressive! BISMUTH CRYSTAL 4.4 Inches 321g Iridescent Rainbow USA Grown 'AAA',20.4,2017-06-26,321,0.06,WorthPoint
bismuth-crystal,Impressive! BISMUTH CRYSTAL 3.9 Inches 258g Iridescent Rainbow USA Grown 'AAA',37,2017-06-26,258,0.14,WorthPoint
bismuth-crystal,"GEMCORE: 8"" Rainbow Bismuth Crystal Plaque Display Specimen Metal - W/Stand!",100.99,2017-06-26,,,WorthPoint
bismuth-crystal,GEMCORE: 45g Rainbow Bismuth Crystal Display Specimen Educational USA Grown,10,2017-06-26,45,0.22,WorthPoint
bismuth-crystal,GEMCORE: 127g Rainbow Bismuth Crystal Display Specimen Educational USA Grown,15.5,2017-06-26,127,0.12,WorthPoint
bismuth-crystal,"Bismuth Crystal, MKSunlimited",34.21,2017-06-25,,,WorthPoint
bismuth-crystal,Bismuth Crystal - Large 113 Gram Specimen - USA Grown By Gem Stallion (R.17),22.99,2017-06-25,113,0.2,WorthPoint
bismuth-crystal,Bismuth Crystal - 60 Gram Specimen - USA Grown By Gem Stallion (M.13),11.99,2017-06-25,60,0.2,WorthPoint
bismuth-crystal,GEMCORE: 108g Rainbow Bismuth Crystal Display Specimen Educational USA Grown,13.5,2017-06-25,108,0.13,WorthPoint
bismuth-crystal,GEMCORE: 132g Rainbow Bismuth Crystal Display Specimen Educational USA Grown,13.5,2017-06-24,132,0.1,WorthPoint
bismuth-crystal,"65.81 Gram Rainbow Bismuth Crystal Mineral Specimen From New Zealand, # TBC 3003",19.75,2017-06-23,65.81,0.3,WorthPoint
bismuth-crystal,"GEMCORE: 2.9"" Bismuth Geode Display Specimen Educational Rainbow Crystal - USA",27,2017-06-23,,,WorthPoint
bismuth-crystal,GEMCORE: 150g Rainbow Bismuth Crystal Display Specimen Educational USA Grown,27.59,2017-06-23,150,0.18,WorthPoint
bismuth-crystal,A Super Symmetrical Light Blue And Gold Colored BISMUTH Crystal Germany 79.7gr,14.99,2017-06-22,79.7,0.19,WorthPoint
bismuth-crystal,"GEMCORE: 4.6"" Bismuth Crystal Plaque Iridescent Display Specimen Stand Included",20.99,2017-06-22,,,WorthPoint
bismuth-crystal,GEMCORE: 136g Rainbow Bismuth Crystal Display Specimen Educational USA Grown,18,2017-06-22,136,0.13,WorthPoint
bismuth-crystal,"294 Gram Bismuth Metal Iridescent Crystal Bowl, Element 83 Sample",14,2017-06-21,294,0.05,WorthPoint
bismuth-crystal,"DINO: 15 RAINBOW BISMUTH CRYSTAL Specimens, Germany - 25 Grams - Small Piece Lot",10.5,2017-06-21,25,0.42,WorthPoint
bismuth-crystal,"38.22 Gram Rainbow Bismuth Crystal Mineral Specimen From New Zealand, # TBC 3078",11.5,2017-06-21,38.22,0.3,WorthPoint
bismuth-crystal,GEMCORE: 114g Rainbow Bismuth Crystal Display Specimen Educational USA Grown,17.16,2017-06-21,114,0.15,WorthPoint
bismuth-crystal,GEMCORE: 3.6 Inch Bismuth Crystal Plaque Iridescent Display Specimen Metal,16.5,2017-06-21,,,WorthPoint
bismuth-crystal,"GEMCORE: 4"" Bismuth Crystal Plaque Iridescent Display Specimen - Stand Included!",43,2017-06-21,,,WorthPoint
bismuth-crystal,GEMCORE: 100g Rainbow Bismuth Crystal Display Specimen Educational USA Grown,11.99,2017-06-21,100,0.12,WorthPoint
bismuth-crystal,2x Beautiful Bismuth Crystal Geode Specimens Lot Colorful!,15,2017-06-20,,,WorthPoint
bismuth-crystal,A Big Symmetrical Pink Blue And Gold BISMUTH Crystal From Germany! 131gr,39.99,2017-06-20,131,0.31,WorthPoint
bismuth-crystal,50.01 Gram Rainbow Bismuth Crystal Mineral Specimen From New Zealand # TBC 3027,15,2017-06-20,50.01,0.3,WorthPoint
bismuth-crystal,GEMCORE: 8 Inch Rainbow Bismuth Crystal Plaque Display Specimen Metal - W/Stand!,99,2017-06-20,,,WorthPoint
bismuth-crystal,Superior! BISMUTH CRYSTAL Plaque 5.15 Inches 414g Iridescent USA Grown 'AAA',15.5,2017-06-20,414,0.04,WorthPoint
bismuth-crystal,Bismuth Crystals,200,2017-06-19,,,WorthPoint
bismuth-crystal,Super Neat! A Purple Blue Pink And Gold BISMUTH Crystal From Germany 85.3gr,19.99,2017-06-19,85.3,0.23,WorthPoint
bismuth-crystal,GEMCORE: 4.3 Inch Bismuth Crystal Plaque Iridescent Display Specimen Metal,34,2017-06-19,,,WorthPoint
bismuth-crystal,GEMCORE: 160g Rainbow Bismuth Crystal Display Specimen Educational USA Grown,15.5,2017-06-19,160,0.1,WorthPoint
bismuth-crystal,"GEMCORE: 3.5"" Blue Bismuth Pyramid Druzy Geode Crystal Display Specimen - USA",46,2017-06-19,,,WorthPoint
bismuth-crystal,"GEMCORE: 8"" Rainbow Bismuth Geode Plate Home Decore Display Specimen USA Grown",109.99,2017-06-18,,,WorthPoint
bismuth-crystal,Mixed Crystal Mineral Set 33pc Lot,38.95,2017-06-18,,,WorthPoint
bismuth-crystal,BISMUTH CRYSTAL 42.5cts. 24mm X 19mm X 15mm GREAT FOR DISPLAY OR WIRE WRAPPING,12,2017-06-18,8.5,1.41,WorthPoint
bismuth-crystal,BISMUTH CRYSTAL 40.5cts. 35mm X 14mm GREAT FOR DISPLAY OR WIRE WRAPPING,13,2017-06-18,8.1,1.6,WorthPoint
bismuth-crystal,50.00 Gram Rainbow Bismuth Crystal Mineral Specimen From New Zealand # TBC 3030,17.75,2017-06-18,50,0.36,WorthPoint
bismuth-crystal,"DINO: XS RAINBOW BISMUTH CRYSTAL Specimens, Germany - 38 Grams- Large Lot!",17.5,2017-06-17,38,0.46,WorthPoint
bismuth-crystal,Superior! BISMUTH CRYSTAL 2.8 Inches 191g Iridescent Rainbow USA Grown 'AAA',14.9,2017-06-17,191,0.08,WorthPoint
bismuth-crystal,BISMUTH CRYSTAL Intricate! 3.2 Inches 207g Iridescent Rainbow Blue USA 'AAA',14.9,2017-06-17,207,0.07,WorthPoint
bismuth-crystal,GEMCORE: 142g Rainbow Bismuth Crystal Display Specimen Educational USA Grown,18.5,2017-06-17,142,0.13,WorthPoint
bismuth-crystal,BISMUTH CRYSTAL Intricate! 2.2 Inches 83g Iridescent Rainbow USA Grown 'AAA',11.5,2017-06-16,83,0.14,WorthPoint
bismuth-crystal,Bismuth Crystal - Metal Mineral Rock,12.99,2017-06-15,,,WorthPoint
bismuth-crystal,111.54 Gram Rainbow Bismuth Crystal Mineral Specimen From New Zealand # TBC 3005,33,2017-06-15,111.54,0.3,WorthPoint
bismuth-crystal,GEMCORE: 155g Rainbow Bismuth Crystal Display Specimen Educational USA Grown,19.99,2017-06-15,155,0.13,WorthPoint
bismuth-crystal,"GEMCORE: 2.7"" Bismuth Geode Display Specimen Educational Rainbow Crystal - USA",24.5,2017-06-15,,,WorthPoint
bismuth-crystal,"GEMCORE: 4"" Rainbow Bismuth Crystal Plaque Display Specimen - Stand Included!",51,2017-06-15,,,WorthPoint
bismuth-crystal,GEMCORE: 73g Rainbow Bismuth Crystal Display Specimen Educational USA Grown,18.68,2017-06-15,73,0.26,WorthPoint
bismuth-crystal,Large Lot 16 Pieces Rainbow BISMUTH Crystals Made In Germany 46.95 G Specimen,19.75,2017-06-14,46.95,0.42,WorthPoint
bismuth-crystal,GEMCORE: 79g Rainbow Bismuth Crystal Display Specimen Educational USA Grown,15.76,2017-06-14,79,0.2,WorthPoint
bismuth-crystal,A Larger! Purple Pink Green And Gold BISMUTH Crystal From Germany! 106.9gr E,34.99,2017-06-14,106.9,0.33,WorthPoint
bismuth-crystal,"DINO: 2 RAINBOW BISMUTH CRYSTAL SPECIMENS, England, 44 Grams Rare Display",11.49,2017-06-14,44,0.26,WorthPoint
bismuth-crystal,43.03 Gram Rainbow Bismuth Crystal Mineral Specimen From New Zealand # TBC 3038,12.75,2017-06-14,43.03,0.3,WorthPoint
bismuth-crystal,BISMUTH CRYSTAL Intricate! 2.8 Inches 140g Iridescent Rainbow USA Grown 'AAA',10.4,2017-06-14,140,0.07,WorthPoint
bismuth-crystal,"GEMCORE: 6"" Bismuth Crystal Plaque Iridescent Display Specimen - Stand Included!",67.66,2017-06-14,,,WorthPoint
bismuth-crystal,GEMCORE: 71g Rainbow Bismuth Crystal Display Specimen Educational USA Grown,10.49,2017-06-14,71,0.15,WorthPoint
bismuth-crystal,"GEMCORE: 9"" Bismuth Copper Wire Gemstone Tree Display Home Decor Gem Stone",99,2017-06-14,,,WorthPoint
bismuth-crystal,GEMCORE: 215g Rainbow Bismuth Crystal Display Specimen Educational USA Grown,19.99,2017-06-14,215,0.09,WorthPoint
bismuth-crystal,Bismuth 100 Gram Ingot Chunk 4n 99.99 Pure - Free 2 Day Shipping,10.96,2017-06-13,100,0.11,WorthPoint
bismuth-crystal,GEMCORE: 131g Rainbow Bismuth Crystal Display Specimen Educational USA Grown,15.49,2017-06-13,131,0.12,WorthPoint
bismuth-crystal,GEMCORE: 200g Rainbow Bismuth Crystal Display Specimen Educational USA Grown,34,2017-06-13,200,0.17,WorthPoint
bismuth-crystal,A Neat! Pink Blue Purple Green And Gold AAA BISMUTH Crystal From Germany! 97.4gr,24.99,2017-06-13,97.4,0.26,WorthPoint
bismuth-crystal,"GEMCORE: 4"" Blue Bismuth Pyramid Druzy Geode Crystal Display Specimen - USA",29.58,2017-06-12,,,WorthPoint
bismuth-crystal,GEMCORE: 16 Pieces Bismuth Jewelry Wire-Wrap Crystals Educational Lab Grown USA,31.5,2017-06-12,,,WorthPoint
bismuth-crystal,GEMCORE: 145g Rainbow Bismuth Crystal Display Specimen Educational USA Grown,20.49,2017-06-12,145,0.14,WorthPoint
bismuth-crystal,BISMUTH CRYSTAL Beautiful! 3.53 Inches 156g Iridescent Rainbow USA Grown 'AAA',11,2017-06-12,156,0.07,WorthPoint
bismuth-crystal,Bismuth Geode On Custom Stand,99.95,2017-06-11,,,WorthPoint
bismuth-crystal,Large Bismuth Crystal- 80gr,10,2017-06-11,80,0.13,WorthPoint
bismuth-crystal,"259 Gram Bismuth Metal Iridescent Crystal Bowl, Element 83 Sample",16,2017-06-11,259,0.06,WorthPoint
bismuth-crystal,"GEMCORE: Stunning 8.2"" Rainbow Bismuth Geode Plate Home Decore - USA Grown",130,2017-06-10,,,WorthPoint
bismuth-crystal,GEMCORE: 76g Rainbow Bismuth Crystal Display Specimen Educational USA Grown,12.5,2017-06-10,76,0.16,WorthPoint
bismuth-crystal,A BIG! Pink Blue Purple And Gold AAA BISMUTH Crystal From Germany! 184gr E,39.99,2017-06-09,184,0.22,WorthPoint
bismuth-crystal,"DINO: XS RAINBOW BISMUTH CRYSTAL Specimens, Germany - 82 Grams- Large Lot!",17.52,2017-06-09,82,0.21,WorthPoint
bismuth-crystal,"GEMCORE: 5"" Blue Bismuth Crystal Plaque Display Specimen - Stand Included!",36,2017-06-09,,,WorthPoint
bismuth-crystal,GEMCORE: 120g Rainbow Bismuth Crystal Display Specimen Educational USA Grown,14.99,2017-06-09,120,0.12,WorthPoint
bismuth-crystal,A HUGE Super Symmetrical Pink Purple Green Blue And Gold BISMUTH Crystal 422gr E,99.99,2017-06-08,422,0.24,WorthPoint
bismuth-crystal,"GEMCORE: 3.6"" Blue Bismuth Pyramid Druzy Geode Crystal Display Specimen - USA",22.83,2017-06-08,,,WorthPoint
bismuth-crystal,GEMCORE: 143g Rainbow Bismuth Crystal Display Specimen Educational USA Grown,15.5,2017-06-07,143,0.11,WorthPoint
bismuth-crystal,"315 Gram Bismuth Metal Iridescent Crystal Bowl, Element 83 Sample",18,2017-06-06,315,0.06,WorthPoint
bismuth-crystal,BISMUTH Crystal Geode Beautiful! 3.65 Inches 294g Iridescent Rainbow USA Made,27.99,2017-06-06,294,0.1,WorthPoint
bismuth-crystal,"(SOLD!) 6.4"" Museum-Grade Rainbow Bismuth Crystal Display Specimen - USA Grown",189,2017-06-05,,,WorthPoint
bismuth-crystal,"(SOLD!) 8"" Rainbow Bismuth Geode Plate Home Decore",99,2017-06-05,,,WorthPoint
bismuth-crystal,BISMUTH CRYSTAL Intricate! 2.68 Inches 121g Iridescent Rainbow USA Grown 'AAA',10.5,2017-06-05,121,0.09,WorthPoint
bismuth-crystal,Bismuth Crystal Geode Rainbow Iridescence Geometric Educational Science Gift,16.5,2017-06-04,,,WorthPoint
bismuth-crystal,Large Bismuth Crystal- 92gr,10,2017-06-04,92,0.11,WorthPoint
bismuth-crystal,GEMCORE: 86g Rainbow Bismuth Crystal Display Specimen Educational USA Grown,22.5,2017-06-03,86,0.26,WorthPoint
bismuth-crystal,GEMCORE: 70g Rainbow Bismuth Crystal Display Specimen Educational USA Grown,15.6,2017-06-03,70,0.22,WorthPoint
bismuth-crystal,GEMCORE: 67g Rainbow Bismuth Crystal Display Specimen Educational USA Grown,12.5,2017-06-02,67,0.19,WorthPoint
bismuth-crystal,"GEMCORE: 5.2"" Rainbow Bismuth Crystal Plaque Display Specimen - Stand Included!",162.5,2017-06-02,,,WorthPoint
bismuth-crystal,GEMCORE: 106g Rainbow Bismuth Crystal Display Specimen Educational USA Grown,13.5,2017-06-01,106,0.13,WorthPoint
bismuth-crystal,"GEMCORE: 2.75"" Bismuth Geode Display Specimen Educational Rainbow Crystal - USA",15.99,2017-06-01,,,WorthPoint
bismuth-crystal,A Green Pink Blue And Gold BISMUTH Crystal From Germany! 84.9gr,24.99,2017-05-31,84.9,0.29,WorthPoint
bismuth-crystal,GEMCORE: 250g Rainbow Bismuth Crystal Display Specimen Educational USA Grown,21.5,2017-05-31,250,0.09,WorthPoint
bismuth-crystal,GEMCORE: 200g Blue Bismuth Crystal Display Specimen Educational USA Grown,15.5,2017-05-31,200,0.08,WorthPoint
bismuth-crystal,GEMCORE: 92g Rainbow Bismuth Crystal Display Specimen Educational USA Grown,10.5,2017-05-31,92,0.11,WorthPoint
bismuth-crystal,47.75 Gram Rainbow Bismuth Crystal Mineral Specimen From New Zealand # TBC 3053,14.5,2017-05-30,47.75,0.3,WorthPoint
bismuth-crystal,BISMUTH CRYSTAL Intricate! 2.53 Inches 62g Iridescent Rainbow USA Grown 'AAA',10,2017-05-30,62,0.16,WorthPoint
bismuth-crystal,GEMCORE: 264g Rainbow Bismuth Crystal Display Specimen Educational USA Grown,32,2017-05-30,264,0.12,WorthPoint
bismuth-crystal,GEMCORE: 231g Blue Bismuth Crystal Display Specimen Educational USA Grown,31.5,2017-05-30,231,0.14,WorthPoint
bismuth-crystal,GEMCORE: 148g Rainbow Bismuth Crystal Display Specimen Educational USA Grown,20.5,2017-05-30,148,0.14,WorthPoint
bismuth-crystal,44.65 Gram Rainbow Bismuth Crystal Mineral Specimen From New Zealand # TBC 3057,13.25,2017-05-29,44.65,0.3,WorthPoint
bismuth-crystal,BISMUTH CRYSTAL Beautiful! 2.37 Inches 61 Grams Iridescent Rainbow USA Made,11.75,2017-05-29,61,0.19,WorthPoint
bismuth-crystal,GEMCORE: 263g Rainbow Bismuth Crystal Display Specimen Educational USA Grown,33.5,2017-05-29,263,0.13,WorthPoint
bismuth-crystal,GEMCORE: 151g Rainbow Bismuth Crystal Display Specimen Educational USA Grown,12.93,2017-05-29,151,0.09,WorthPoint
bismuth-crystal,A Larger Blue And Gold BISMUTH Crystal Made In Germany! 92.8gr,14.99,2017-05-27,92.8,0.16,WorthPoint
bismuth-crystal,A Larger Super Symmetrical Pink Blue And Gold BISMUTH Crystal Germany 124.1gr,29.99,2017-05-25,124.1,0.24,WorthPoint
bismuth-crystal,BISMUTH CRYSTAL Beautiful! 3.65 Inches 313g Iridescent Rainbow USA Made,29.9,2017-05-25,313,0.1,WorthPoint
bismuth-crystal,A Larger AAA Green Pink Blue Purple And Gold BISMUTH Crystal Germany 160gr E,34.99,2017-05-24,160,0.22,WorthPoint
bismuth-crystal,BISMUTH CRYSTAL Intricate! 2.4 Inches 78g Iridescent Rainbow USA Grown 'AAA',10.5,2017-05-21,78,0.13,WorthPoint
bismuth-crystal,BISMUTH CRYSTAL Beautiful! 2.35 Inches 45g Iridescent Rainbow Wire Wrap USA Made,16.5,2017-05-21,45,0.37,WorthPoint
bismuth-crystal,A Super Symmetrical Light Purple Blue And Gold BISMUTH Crystal Germany 130.9gr,29.99,2017-05-20,130.9,0.23,WorthPoint
bismuth-crystal,DINO: Lg. Beautiful RAINBOW BISMUTH Crystal Specimen - 27 Grams England,19.99,2017-05-20,27,0.74,WorthPoint
bismuth-crystal,GEMCORE: Rainbow Bismuth Crystal 89g Display Specimen Educational USA Grown,13.99,2017-05-20,89,0.16,WorthPoint
bismuth-crystal,63.07 Gram Rainbow Bismuth Crystal Mineral Specimen From New Zealand # TBC 3017,19,2017-05-19,63.07,0.3,WorthPoint
bismuth-crystal,GEMCORE: Rainbow Bismuth Crystal 100g Display Specimen Educational USA Grown,20.5,2017-05-19,100,0.21,WorthPoint
bismuth-crystal,"GEMCORE: 4.3"" Blue Bismuth Pyramid Druzy Geode Crystal Display Specimen - USA",36,2017-05-19,,,WorthPoint
bismuth-crystal,GEMCORE: Rainbow Bismuth Crystal 95g Display Specimen Educational USA Grown,26,2017-05-19,95,0.27,WorthPoint
bismuth-crystal,GEMCORE: Rainbow Bismuth Crystal 88g Display Specimen Educational USA Grown,26,2017-05-19,88,0.3,WorthPoint
bismuth-crystal,Bismuth Crystal Iridescent Mineral Specimen Minerals Rocks Ore #2,12,2017-05-18,,,WorthPoint
bismuth-crystal,A Big Super Symmetrical Blue And Gold BISMUTH Crystal From Germany 118.0gr,19.99,2017-05-18,118,0.17,WorthPoint
bismuth-crystal,A Small Super Symmetrical Purple Blue And Gold BISMUTH Crystal England 57.4gr,15.99,2017-05-18,57.4,0.28,WorthPoint
bismuth-crystal,"GEMCORE: 4.1"" Bismuth Pyramid Druzy Geode Crystal Display Specimen - USA",40,2017-05-18,,,WorthPoint
bismuth-crystal,GEMCORE: Rainbow Bismuth Crystal 190g Display Specimen Educational USA Grown,24.5,2017-05-18,190,0.13,WorthPoint
bismuth-crystal,42.02 Gram Rainbow Bismuth Crystal Mineral Specimen From New Zealand # TBC 3063,12.5,2017-05-17,42.02,0.3,WorthPoint
bismuth-crystal,GEMCORE: Rainbow Bismuth Crystal 115g Display Specimen Educational USA Grown,13.5,2017-05-17,115,0.12,WorthPoint
bismuth-crystal,GEMCORE: 180g Rainbow Bismuth Crystal Display Specimen Educational USA Grown,20.5,2017-05-17,180,0.11,WorthPoint
bismuth-crystal,"DINO: XS RAINBOW BISMUTH CRYSTAL Specimens, Germany - 74 Grams- Large Lot!",20.49,2017-05-16,74,0.28,WorthPoint
bismuth-crystal,GEMCORE: 157g Rainbow Bismuth Crystal Display Specimen Educational USA Grown,12.5,2017-05-16,157,0.08,WorthPoint
bismuth-crystal,"GEMCORE: 3.8"" Rainbow Bismuth Crystal Display Specimen Educational USA Grown",20.5,2017-05-16,,,WorthPoint
bismuth-crystal,"GEMCORE: 4.5"" Blue & Pink Bismuth Crystal Display Specimen Educational USA Grown",30,2017-05-16,,,WorthPoint
bismuth-crystal,DINO: 2 Rare RAINBOW BISMUTH Crystal Specimens - 45 Grams England,19.99,2017-05-15,45,0.44,WorthPoint
bismuth-crystal,Bismuth Skull,49.95,2017-05-15,,,WorthPoint
bismuth-crystal,Bismuth Crystal Geode Extremely Rare Worlds Largest,400,2017-05-15,,,WorthPoint
bismuth-crystal,BISMUTH CRYSTAL 37 Cts. 29mm X 21mm X 17mm GREAT FOR DISPLAY OR WIRE WRAPPING,12,2017-05-15,7.4,1.62,WorthPoint
bismuth-crystal,A BIG Super Symmetrical Purple Blue And Gold AAA BISMUTH Crystal England 138gr E,49.99,2017-05-15,138,0.36,WorthPoint
bismuth-crystal,A Larger Symmetrical Blue And Gold BISMUTH Crystal From Germany! 141.2gr,29.99,2017-05-15,141.2,0.21,WorthPoint
bismuth-crystal,"GEMCORE: 4"" Rainbow Bismuth Crystal Display Specimen Educational USA Grown",28.98,2017-05-15,,,WorthPoint
bismuth-crystal,A BIG VERY Symmetrical Blue Purple And Gold BISMUTH Crystal From England 173gr,79.99,2017-05-14,173,0.46,WorthPoint
bismuth-crystal,A Symmetrical Pink Purple Green And Gold BISMUTH Crystal From Germany 121.2gr,29.99,2017-05-14,121.2,0.25,WorthPoint
bismuth-crystal,Lot Of 10 Bismuth Crystals Bislot120,31.92,2017-05-13,,,WorthPoint
bismuth-crystal,Lot Of 10 Bismuth Crystals Bislot116,31.92,2017-05-13,,,WorthPoint
bismuth-crystal,Bismuth Globe,155,2017-05-11,,,WorthPoint
bismuth-crystal,"GEMCORE: 4.1"" Blue Bismuth Pyramid Druzy Geode Crystal Display Specimen - USA",50,2017-05-11,,,WorthPoint
bismuth-crystal,A Larger! Green Pink Blue And Gold BISMUTH Crystal From Germany! 100.7gr,19.99,2017-05-10,100.7,0.2,WorthPoint
bismuth-crystal,40.02 Gram Rainbow Bismuth Crystal Mineral Specimen From New Zealand # TBC 3036,12.5,2017-05-10,40.02,0.31,WorthPoint
bismuth-crystal,GEMCORE: 61g Rainbow Bismuth Crystal Display Specimen Educational USA Grown,10.49,2017-05-10,61,0.17,WorthPoint
bismuth-crystal,GEMCORE: 88g Rainbow Bismuth Crystal Display Specimen Educational USA Grown,18.5,2017-05-10,88,0.21,WorthPoint
bismuth-crystal,50.84 Gram Rainbow Bismuth Crystal Mineral Specimen From New Zealand # TBC 3035,15,2017-05-09,50.84,0.3,WorthPoint
bismuth-crystal,"49.30 Gram Rainbow Bismuth Crystal Mineral Specimen From New Zealand, # TBC 3046",14.75,2017-05-09,49.3,0.3,WorthPoint
bismuth-crystal,"GEMCORE: 7.5"" Museum-Grade Rainbow Bismuth Crystal Display Specimen - USA",79,2017-05-09,,,WorthPoint
bismuth-crystal,GEMCORE: Gorgeous Blue Bismuth Crystal 238g Display Specimen Educational - USA,30,2017-05-09,238,0.13,WorthPoint
bismuth-crystal,"BISMUTH CRYSTAL 3.39 Inches 159g Iridescent Rainbow Mineral Specimen ""AAA""",21.21,2017-05-09,159,0.13,WorthPoint
bismuth-crystal,Bismuth Goede,99.95,2017-05-08,,,WorthPoint
bismuth-crystal,"GEMCORE: 3.7"" Rainbow Bismuth Crystal Display Specimen Educational USA Grown",18.49,2017-05-08,,,WorthPoint
bismuth-crystal,GEMCORE: Rainbow Bismuth Crystal 114g Display Specimen Educational USA Grown,10.5,2017-05-08,114,0.09,WorthPoint
bismuth-crystal,"GEMCORE: 3.3"" Rainbow Bismuth Crystal Display Specimen Educational USA Grown",15.49,2017-05-08,,,WorthPoint
bismuth-crystal,GEMCORE: Huge! Blue Bismuth Crystal 169g Display Specimen Educational USA Grown,19.5,2017-05-08,169,0.12,WorthPoint
bismuth-crystal,Super Neat! A Green Pink Purple Blue And Gold BISMUTH Crystal Germany 84.4gr,24.99,2017-05-07,84.4,0.3,WorthPoint
bismuth-crystal,A Super Symmetrical Light Blue And Gold BISMUTH Crystal Germany 72.2gr,14.99,2017-05-06,72.2,0.21,WorthPoint
bismuth-crystal,A Larger Very Symmetrical PINK BLUE & Gold BISMUTH Crystal From Germany 111.6gr,19.99,2017-05-06,111.6,0.18,WorthPoint
bismuth-crystal,"333 Gram Bismuth Metal Iridescent Crystal Bowl, Element 83 Sample",25,2017-05-06,333,0.08,WorthPoint
bismuth-crystal,"DINO: XS RAINBOW BISMUTH CRYSTAL Specimens, Germany - 64 Grams- Large Lot!",19.99,2017-05-06,64,0.31,WorthPoint
bismuth-crystal,"GEMCORE: 6"" Museum-Grade Rainbow Bismuth Crystal Display Specimen Self-Standing!",199,2017-05-05,,,WorthPoint
bismuth-crystal,GEMCORE: Stunning Blue Bismuth Crystal 281g Display Specimen Educational USA,26,2017-05-05,281,0.09,WorthPoint
bismuth-crystal,37.66 Gram Rainbow Bismuth Crystal Mineral Specimen From New Zealand # TBC 3104,11.5,2017-05-04,37.66,0.31,WorthPoint
bismuth-crystal,73.70 Gram Rainbow Bismuth Crystal Mineral Specimen From New Zealand # TBC 3014,22,2017-05-04,73.7,0.3,WorthPoint
bismuth-crystal,GEMCORE: Rainbow Bismuth Crystal 173g Display Specimen Educational USA Grown,15.49,2017-05-04,173,0.09,WorthPoint
bismuth-crystal,"GEMCORE: 8"" Museum-Grade Rainbow Bismuth Crystal Display Specimen Self-Standing!",199,2017-05-03,,,WorthPoint
bismuth-crystal,51.80 Gram Rainbow Bismuth Crystal Mineral Specimen From New Zealand # TBC 3015,15.5,2017-05-03,51.8,0.3,WorthPoint
bismuth-crystal,GEMCORE: Rainbow Bismuth Crystal 101g Display Specimen Educational USA Grown,12.99,2017-05-02,101,0.13,WorthPoint
bismuth-crystal,GEMCORE: Rainbow Bismuth Crystal 105g Display Specimen Educational USA Grown,20.5,2017-05-02,105,0.2,WorthPoint
bismuth-crystal,GEMCORE: Rainbow Bismuth Crystal 216g Display Specimen Educational USA Grown,14.99,2017-05-01,216,0.07,WorthPoint
bismuth-crystal,GEMCORE: Rainbow Bismuth Crystal 185g Display Specimen Educational USA Grown,17.5,2017-05-01,185,0.09,WorthPoint
bismuth-crystal,5 Genuine Bismuth Crystals-They Are Indeed Very Beautiful Crystals.Free.Shipping,15.5,2017-05-01,5,3.1,WorthPoint
bismuth-crystal,"DINO: XS RAINBOW BISMUTH CRYSTAL Specimens, Germany - 66 Grams- Large Lot!",20.5,2017-04-28,66,0.31,WorthPoint
bismuth-crystal,"37.86 Gram Rainbow Bismuth Crystal Mineral Specimen From New Zealand, # TBC 3067",11.25,2017-04-28,37.86,0.3,WorthPoint
bismuth-crystal,GEMCORE: Rainbow Bismuth Crystal 197g Display Specimen Educational USA Grown,14.99,2017-04-28,197,0.08,WorthPoint
bismuth-crystal,Mixed Crystal Mineral Gemstone Set 28pc Lot,28,2017-04-27,,,WorthPoint
bismuth-crystal,Bismuth Tower Beautiful Unique One Of A Kind Display Hand Made USA Rainbow 1,18,2017-04-27,,,WorthPoint
bismuth-crystal,"39.08 Gram Rainbow Bismuth Crystal Mineral Specimen From New Zealand, # TBC 3102",13.5,2017-04-27,39.08,0.35,WorthPoint
bismuth-crystal,GEMCORE: Gorgeous Blue Bismuth Crystal 334g Display Specimen Educational USA,14.99,2017-04-27,334,0.04,WorthPoint
bismuth-crystal,"GEMCORE: Massive 8.2"" Museum-Grade Rainbow Bismuth Geode Plate Decore USA",130,2017-04-26,,,WorthPoint
bismuth-crystal,"34.82 Gram Rainbow Bismuth Crystal Mineral Specimen From New Zealand, # TBC 3096",10.5,2017-04-26,34.82,0.3,WorthPoint
bismuth-crystal,Mixed Crystal Mineral Gemstone Set 34pc Lot,32.5,2017-04-26,,,WorthPoint
bismuth-crystal,GEMCORE: Rainbow Bismuth Crystal 153g Display Specimen Educational USA Growng,20.5,2017-04-26,153,0.13,WorthPoint
bismuth-crystal,GEMCORE: Rainbow Bismuth Crystal 183g Display Specimen Educational USA Growng,20.5,2017-04-26,183,0.11,WorthPoint
bismuth-crystal,Kilogram Bismuth Metal 99.99% Pure - Free 2 Day Shipping,37.67,2017-04-25,,,WorthPoint
bismuth-crystal,"37.80 Gram Rainbow Bismuth Crystal Mineral Specimen From New Zealand, # TBC 3075",11.5,2017-04-25,37.8,0.3,WorthPoint
bismuth-crystal,BISMUTH CRYSTAL 3.25 Inches 170g Iridescent Rainbow USA 'AAA',14.5,2017-04-25,170,0.09,WorthPoint
bismuth-crystal,36.40 Gram Rainbow Bismuth Crystal Mineral Specimen From New Zealand # TBC 3085,11,2017-04-24,36.4,0.3,WorthPoint
bismuth-crystal,"95.98 Gram Rainbow Bismuth Crystal Mineral Specimen From New Zealand, # TBC 3019",29,2017-04-24,95.98,0.3,WorthPoint
bismuth-crystal,48.66 Gram Rainbow Bismuth Crystal Mineral Specimen From New Zealand # TBC 3033,14.5,2017-04-24,48.66,0.3,WorthPoint
bismuth-crystal,63.16 Gram Rainbow Bismuth Crystal Mineral Specimen From New Zealand # TBC 3039,18.75,2017-04-24,63.16,0.3,WorthPoint
bismuth-crystal,GEMCORE: Gorgeous Blue Bismuth Crystal 127g Display Specimen Educational USA,15.5,2017-04-23,127,0.12,WorthPoint
bismuth-crystal,A Larger! Purple Green Pink Blue And Gold BISMUTH Crystal From Germany! 106gr,29.99,2017-04-22,106,0.28,WorthPoint
bismuth-crystal,GEMCORE: Rainbow Bismuth Crystal Display Specimen Powerful Healing USA Grown,14.99,2017-04-22,,,WorthPoint
bismuth-crystal,"DINO: 10 RAINBOW BISMUTH CRYSTAL Specimens, Germany - 32 Grams - XS Piece Lot",17.5,2017-04-22,32,0.55,WorthPoint
bismuth-crystal,35.51 Gram Rainbow Bismuth Crystal Mineral Specimen From New Zealand # TBC 3050,10.5,2017-04-22,35.51,0.3,WorthPoint
bismuth-crystal,GEMCORE: Gorgeous Blue Bismuth Crystal 200g Display Specimen Educational USA,11.49,2017-04-22,200,0.06,WorthPoint
bismuth-crystal,GEMCORE: Rainbow Bismuth Crystal 196g Display Specimen Educational USA Grown,19.5,2017-04-22,196,0.1,WorthPoint
bismuth-crystal,GEMCORE: 4.89 Lb Bismuth Bouquet Museum-Grade Rainbow Crystal Specimen USA-Grown,199,2017-04-21,,,WorthPoint
bismuth-crystal,DINO: Lg. Beautiful RAINBOW BISMUTH Crystal Specimen - 30 Grams England,12.5,2017-04-21,30,0.42,WorthPoint
bismuth-crystal,GEMCORE: Gorgeous Blue Bismuth Crystal 226g Display Specimen Educational USA,15.5,2017-04-21,226,0.07,WorthPoint
bismuth-crystal,GEMCORE: Rainbow Bismuth Crystal 260g Display Specimen Educational USA,23.5,2017-04-21,260,0.09,WorthPoint
bismuth-crystal,GEMCORE: Gorgeous Blue Bismuth Crystal 207g Display Specimen Educational USA,10.49,2017-04-21,207,0.05,WorthPoint
bismuth-crystal,"GEMCORE: 4.65"" Museum-Grade Rainbow Bismuth Crystal Specimen Healing USA Grown",41,2017-04-21,,,WorthPoint
bismuth-crystal,39.36 Gram Rainbow Bismuth Crystal Mineral Specimen From New Zealand # TBC 3094,11.75,2017-04-20,39.36,0.3,WorthPoint
bismuth-crystal,Bismuth Crystal 80 Large Gram Specimen - USA Grown By Gem Stallion (F.21),17.59,2017-04-20,,,WorthPoint
bismuth-crystal,"DINO: XS RAINBOW BISMUTH CRYSTAL Specimens, Germany - 75 Grams- Large Lot!",27,2017-04-20,75,0.36,WorthPoint
bismuth-crystal,GEMCORE: Gorgeous Blue Bismuth Crystal 687g Display Specimen Educational USA,32,2017-04-20,687,0.05,WorthPoint
bismuth-crystal,"GEMCORE: Striking! 4.75"" Bismuth Pyramid Geode Crystal Powerful Transformation",26,2017-04-20,,,WorthPoint
bismuth-crystal,Bismuth Crystal - Large 78 Gram Specimen - USA Grown By Gem Stallion (F.14),15.99,2017-04-19,78,0.21,WorthPoint
bismuth-crystal,GEMCORE: Blue Bismuth Geode Crystal Specimen Powerful Transformation - USA!,10.5,2017-04-19,,,WorthPoint
bismuth-crystal,GEMCORE: Rainbow Bismuth Crystal 138g Display Educational Specimen USA Grown,16.5,2017-04-19,138,0.12,WorthPoint
bismuth-crystal,GEMCORE: Rainbow Bismuth Crystal 224g Display Specimen Educational USA Growng,34,2017-04-19,224,0.15,WorthPoint
bismuth-crystal,36.34 Gram Rainbow Bismuth Crystal Mineral Specimen From New Zealand # TBC 3026,10.95,2017-04-18,36.34,0.3,WorthPoint
bismuth-crystal,Bismuth Crystal 99 Large Gram Specimen - USA Grown By Gem Stallion (F.22),19.99,2017-04-18,,,WorthPoint
bismuth-crystal,73.05 Gram Rainbow Bismuth Crystal Mineral Specimen From New Zealand # TBC 3032,22,2017-04-17,73.05,0.3,WorthPoint
bismuth-crystal,A Larger Purple Green Pink Blue & Gold AAA BISMUTH Crystal From Germany 165.8gr,39.99,2017-04-16,165.8,0.24,WorthPoint
bismuth-crystal,Bismuth Crystal - Large 105 Gram Specimen - USA Grown By Gem Stallion (B.14),20.79,2017-04-15,105,0.2,WorthPoint
bismuth-crystal,Bismuth Crystal Tower Metal Meditation Energy Metaphysical BIS49,18,2017-04-15,,,WorthPoint
bismuth-crystal,Bismuth Crystal - Large 85 Gram Specimen - USA Grown By Gem Stallion (F.1),17.59,2017-04-15,85,0.21,WorthPoint
bismuth-crystal,"DINO: RAINBOW BISMUTH CRYSTAL SPECIMEN, England, 25 Grams Rare Display",14.5,2017-04-15,25,0.58,WorthPoint
bismuth-crystal,"DINO: 10 RAINBOW BISMUTH CRYSTAL Specimens, Germany - 35 Grams - XS Piece Lot",12.5,2017-04-14,35,0.36,WorthPoint
bismuth-crystal,Educational Innovations Bismuth Crystal,14.45,2017-04-13,,,WorthPoint
bismuth-crystal,"68.68 Gram Rainbow Bismuth Crystal Mineral Specimen From New Zealand, # TBC 3040",20,2017-04-13,68.68,0.29,WorthPoint
bismuth-crystal,42.30 Gram Rainbow Bismuth Crystal Mineral Specimen From New Zealand # TBC 3069,12.5,2017-04-13,42.3,0.3,WorthPoint
bismuth-crystal,"44.54 Gram Rainbow Bismuth Crystal Mineral Specimen From New Zealand, # TBC 3031",13.5,2017-04-13,44.54,0.3,WorthPoint
bismuth-crystal,Bismuth Crystal - Large 64 Gram Specimen - USA Grown By Gem Stallion (B.13),11.99,2017-04-13,64,0.19,WorthPoint
bismuth-crystal,GEMCORE: Rainbow Bismuth Crystal 127g Display Educational Specimen USA Grown,15.55,2017-04-13,127,0.12,WorthPoint
bismuth-crystal,"DINO: XS RAINBOW BISMUTH CRYSTAL Specimens, Germany - 77 Grams- Large Lot!",20.5,2017-04-12,77,0.27,WorthPoint
bismuth-crystal,52.56 Gram Rainbow Bismuth Crystal Mineral Specimen From New Zealand # TBC 3051,15.75,2017-04-12,52.56,0.3,WorthPoint
bismuth-crystal,GEMCORE: Rainbow Bismuth Crystal 195g Display Educational Specimen USA Grown,19.99,2017-04-12,195,0.1,WorthPoint
bismuth-crystal,GEMCORE: Rainbow Bismuth Crystal 344g Display Specimen Educational USA Grown,28,2017-04-12,344,0.08,WorthPoint
bismuth-crystal,56.72 Gram Rainbow Bismuth Crystal Mineral Specimen From New Zealand # TBC 3010,17,2017-04-11,56.72,0.3,WorthPoint
bismuth-crystal,Bismuth Crystal - Large 117 Gram Specimen - USA Grown By Gem Stallion (B.17),23.19,2017-04-11,117,0.2,WorthPoint
bismuth-crystal,A Very Symmetrical Purple Blue And Gold BISMUTH Crystal From England 85.4gr,19.99,2017-04-11,85.4,0.23,WorthPoint
bismuth-crystal,A HUGE! Light Pink Blue & Gold Colored AAA BISMUTH Crystal From Germany! 330gr,59.99,2017-04-11,330,0.18,WorthPoint
bismuth-crystal,GEMCORE: Rainbow Bismuth Crystal 112g Display Educational Specimen USA Grown,13,2017-04-10,112,0.12,WorthPoint
bismuth-crystal,GEMCORE: Rainbow Bismuth Crystal 116g Display Specimen Educational USA Grown,12.5,2017-04-10,116,0.11,WorthPoint
bismuth-crystal,"GEMCORE: Massive 4.7"" Museum-Grade Rainbow Bismuth Crystal Specimen Healing USA",24.99,2017-04-10,,,WorthPoint
bismuth-crystal,GEMCORE: Rainbow Bismuth Crystal 116g Display Educational Specimen USA Grown,11.99,2017-04-10,116,0.1,WorthPoint
bismuth-crystal,Bismuth Crystal - 49 Gram Specimen - USA Grown By Gem Stallion (M.7),10.39,2017-04-09,49,0.21,WorthPoint
bismuth-crystal,A Larger Neat! Purple Blue And Gold BISMUTH Crystal From England 82.3gr,14.99,2017-04-09,82.3,0.18,WorthPoint
bismuth-crystal,A Larger! Blue Pink Purple And Gold BISMUTH Crystal From Germany! 68.2gr,24.99,2017-04-09,68.2,0.37,WorthPoint
bismuth-crystal,A BIG Symmetrical Blue And Gold BISMUTH Crystal From Germany! 178.5gr E,39.99,2017-04-09,178.5,0.22,WorthPoint
bismuth-crystal,GEMCORE: Gorgeous Blue Bismuth Crystal 121g Display Specimen Educational USA,11.99,2017-04-09,121,0.1,WorthPoint
bismuth-crystal,GEMCORE: Rainbow Bismuth Crystal 154g Display Educational Specimen USA Grown,12.99,2017-04-09,154,0.08,WorthPoint
bismuth-crystal,35.35 Gram Rainbow Bismuth Crystal Mineral Specimen From New Zealand # TBC 3110,10.75,2017-04-08,35.35,0.3,WorthPoint
bismuth-crystal,53.79 Gram Rainbow Bismuth Crystal Mineral Specimen From New Zealand # TBC 3091,16,2017-04-08,53.79,0.3,WorthPoint
bismuth-crystal,GEMCORE: Pink & Gold Bismuth Crystal 75g Display Specimen Educational USA Grown,26,2017-04-08,75,0.35,WorthPoint
bismuth-crystal,GEMCORE: Rainbow Bismuth Crystal 167g Display Educational Specimen USA Grown,14.99,2017-04-07,167,0.09,WorthPoint
bismuth-crystal,GEMCORE: Rainbow Bismuth Crystal 242g Display Specimen Educational USA Grown,19.99,2017-04-07,242,0.08,WorthPoint
bismuth-crystal,GEMCORE: Rainbow Bismuth Crystal 160g Display Specimen Educational USA Grown,27,2017-04-07,160,0.17,WorthPoint
bismuth-crystal,"DINO: Xlarge RAINBOW BISMUTH CRYSTAL SPECIMEN, England, 33 Grams Rare Display",19.99,2017-04-06,33,0.61,WorthPoint
bismuth-crystal,Bismuth Geode G5,99.95,2017-04-06,,,WorthPoint
bismuth-crystal,"DINO: 10 XS Piece Lot RAINBOW BISMUTH CRYSTAL Specimens, Germany - 22 Grams",16.02,2017-04-06,22,0.73,WorthPoint
bismuth-crystal,GEMCORE: Rainbow Bismuth Crystal 137g Display Educational Specimen USA Grown,13.5,2017-04-06,137,0.1,WorthPoint
bismuth-crystal,GEMCORE: Rainbow Bismuth Crystal 388g Display Specimen Educational USA Grown,42.03,2017-04-06,388,0.11,WorthPoint
bismuth-crystal,"58.73 Gram Rainbow Bismuth Crystal Mineral Specimen From New Zealand, # TBC 3064",17.5,2017-04-05,58.73,0.3,WorthPoint
bismuth-crystal,"39.97 Gram Rainbow Bismuth Crystal Mineral Specimen From New Zealand, # TBC 3043",12,2017-04-05,39.97,0.3,WorthPoint
bismuth-crystal,A Huge! Pink Blue Purple Green And Gold AAA BISMUTH Crystal From Germany 333gr E,99.99,2017-04-04,333,0.3,WorthPoint
bismuth-crystal,GEMCORE: Rainbow Bismuth Crystal 250g Display Specimen Educational USA Grown,25.01,2017-04-04,250,0.1,WorthPoint
bismuth-crystal,GEMCORE: Rainbow Bismuth Crystal 111g Display Specimen Educational USA Grown,11.99,2017-04-04,111,0.11,WorthPoint
bismuth-crystal,GEMCORE: Rainbow Bismuth Crystal 161g Display Educational Specimen USA Grown,16.5,2017-04-04,161,0.1,WorthPoint
bismuth-crystal,49.22 Gram Rainbow Bismuth Crystal Mineral Specimen From New Zealand # TBC 3065,17.5,2017-04-03,49.22,0.36,WorthPoint
bismuth-crystal,GEMCORE: Rainbow Bismuth Crystal 93g Display Specimen Educational USA Grown,26,2017-04-03,93,0.28,WorthPoint
