material_slug,title,price_usd,sale_date,weight_grams,price_per_gram,source
campo-del-cielo-meteorite,Meteorite And Display Cube 6.8 Gram Genuine Campo Del Cielo Meteorite With COA,29.99,2026-01-23,6.8,4.41,WorthPoint
campo-del-cielo-meteorite,61.8 Grams CAMPO DEL CIELO METEORITE Polished With A Flat Side On It/ Info + COA,34.99,2026-01-21,61.8,0.57,WorthPoint
campo-del-cielo-meteorite,Low Price Super Shape! Big Campo Del Cielo Meteorite Shattered Crystal! 130.4 Gm,81.75,2026-01-20,130.4,0.63,WorthPoint
campo-del-cielo-meteorite,"Authentic Meteorites - Space Rocks Campo Del Cielo, Argentina Discovered 1576 Ad",11.5,2026-01-20,,,WorthPoint
campo-del-cielo-meteorite,Lot Of 5 Authentic Campo Del Cielo Meteorites Collection 6a,14.95,2026-01-19,,,WorthPoint
campo-del-cielo-meteorite,Authentic Real Meteorite Space Rock Campo Del Cielo Argentina 1576AD Crystal INB,15.99,2026-01-18,,,WorthPoint
campo-del-cielo-meteorite,Meteorite CAMPO DEL CIELO Rare Silicate Inclusion Of This Iron !!- Thin Section,52,2026-01-18,,,WorthPoint
campo-del-cielo-meteorite,Minerals *** METALLIC METEORITE Campo Del Cielo ARGENTINA,20.33,2026-01-18,,,WorthPoint
campo-del-cielo-meteorite,42.6 Grams CAMPO DEL CIELO METEORITE Polished With A Flat Side On It/ Info + COA,29.99,2026-01-18,42.6,0.7,WorthPoint
campo-del-cielo-meteorite,66.6 Grams CAMPO DEL CIELO METEORITE Polished With A Flat Side On It/ Info + COA,38,2026-01-18,66.6,0.57,WorthPoint
campo-del-cielo-meteorite,48 Gm Campo Del Cielo Meteorite Crystal Great Piece With Stand Jal,47.45,2026-01-17,48,0.99,WorthPoint
campo-del-cielo-meteorite,72.4 Grams CAMPO DEL CIELO Iron METEORITE Polished + Certificate Of Authenticity,53.99,2026-01-17,72.4,0.75,WorthPoint
campo-del-cielo-meteorite,‚ú∞ Iron Stone Meteorite Campo Del Cielo Meteor Comet Rock's Specimen Collection,19.99,2026-01-16,,,WorthPoint
campo-del-cielo-meteorite,"35.01 Gram Campo Del Cielo Argentina Meteorite, Iron From Outer Space # ME 647",26.5,2026-01-16,35.01,0.76,WorthPoint
campo-del-cielo-meteorite,"78 Grams Campo Del Cielo Meteorite Specimens, Argentinian Raw Meteorites Lot",61.5,2026-01-16,78,0.79,WorthPoint
campo-del-cielo-meteorite,Campo Del Cielo Meteorite 10.5 Grams,14.99,2026-01-15,10.5,1.43,WorthPoint
campo-del-cielo-meteorite,Campo Del Cielo Meteorite 19.2 Grams,18.99,2026-01-15,19.2,0.99,WorthPoint
campo-del-cielo-meteorite,Campo Del Cielo Meteorite 19.8 Grams,18.99,2026-01-15,19.8,0.96,WorthPoint
campo-del-cielo-meteorite,15.93 Gm Quality Campo Del Cielo Meteorite C. 1576 - Exact Lot 1568,19.95,2026-01-15,15.93,1.25,WorthPoint
campo-del-cielo-meteorite,NWA 0869 - L3-6-W1-S3 Chondrite Meteorite - 0869-0628 - 10.63g - COA - Complete,10.95,2026-01-15,10.63,1.03,WorthPoint
campo-del-cielo-meteorite,74.4 Grams CAMPO DEL CIELO METEORITE Polished With A Flat Side On It/ Info + COA,42.99,2026-01-15,74.4,0.58,WorthPoint
campo-del-cielo-meteorite,70 Grams CAMPO DEL CIELO METEORITE Polished With A Flat Side On It/ Info + COA,41,2026-01-15,70,0.59,WorthPoint
campo-del-cielo-meteorite,"Beautiful Campo Del Cielo Meteorite Specimen, Triangle, Astronomy Gift, 12.84g",35.2,2026-01-14,12.84,2.74,WorthPoint
campo-del-cielo-meteorite,Meteorite Necklace W/ Chain Campo Del Cielo 7.0 Grams Real Dinosaur Girl COA 54,26.69,2026-01-14,7,3.81,WorthPoint
campo-del-cielo-meteorite,92.95 Gm Quality Campo Del Cielo Meteorite C. 1576 - Exact Lot 1566,28.95,2026-01-13,92.95,0.31,WorthPoint
campo-del-cielo-meteorite,6 Gram CAMPO DEL CIELO Iron Meteorite From Argentina (#F7975),8.01,2026-01-13,6,1.34,WorthPoint
campo-del-cielo-meteorite,706 Gm CAMPO DEL CIELO METEORITE BEAUTIFUL AAA GRADE METEORITE 1.56 POUNDS,806.55,2026-01-13,706,1.14,WorthPoint
campo-del-cielo-meteorite,Campo Del Cielo METEORITE 100% Natural Fell In Argentina 14.1gr,19.99,2026-01-12,14.1,1.42,WorthPoint
campo-del-cielo-meteorite,Campo Del Cielo Meteorite Etched Slice Weight 27 Grams 1.75 Inches,41,2026-01-12,27,1.52,WorthPoint
campo-del-cielo-meteorite,14.7 Grams CAMPO DEL CIELO Iron METEORITE Polished + Certificate Of Authenticity,11.49,2026-01-12,14.7,0.78,WorthPoint
campo-del-cielo-meteorite,7.90 Gm Quality Campo Del Cielo Meteorite C. 1576 - Exact Lot 1557,11.5,2026-01-11,7.9,1.46,WorthPoint
campo-del-cielo-meteorite,683 Gram CAMPO DEL CIELO METEORITE THUMBPRINTS REGMAGLYPTS,380,2026-01-11,683,0.56,WorthPoint
campo-del-cielo-meteorite,"3 X Authentic Space Meteorite Campo Del Cielo, Argentina Meteor Shower 2200 BC",30,2026-01-11,,,WorthPoint
campo-del-cielo-meteorite,278 Gm. Las Palmas Campo Del Cielo Meteorite Museum Gd. Stand .61 Lbs,569.05,2026-01-11,278,2.05,WorthPoint
campo-del-cielo-meteorite,250 GM LOT OF CAMPO DEL CIELO METEORITE CRYSTALS FROM .5-30 Gm IN SIZE MIXTURE,125,2026-01-11,250,0.5,WorthPoint
campo-del-cielo-meteorite,Lot Of 5 Authentic Campo Del Cielo Meteorites Collection 18a,14.95,2026-01-10,,,WorthPoint
campo-del-cielo-meteorite,10.6 Grams CAMPO DEL CIELO METEORITE Polished Charm Pendant For A Necklace,12.99,2026-01-10,10.6,1.23,WorthPoint
campo-del-cielo-meteorite,Campo Del Cielo Meteorite 19.5 Grams,18.99,2026-01-10,19.5,0.97,WorthPoint
campo-del-cielo-meteorite,Campo Del Cielo Meteorite 18.3 Grams,18.99,2026-01-09,18.3,1.04,WorthPoint
campo-del-cielo-meteorite,50.2 Grams NEW CAMPO DEL CIELO METEORITE Polished + Certificate Of Authenticity,37.99,2026-01-09,50.2,0.76,WorthPoint
campo-del-cielo-meteorite,34.4 Grams CAMPO DEL CIELO METEORITE Polished With A Flat Side On It/ Info + COA,19.99,2026-01-09,34.4,0.58,WorthPoint
campo-del-cielo-meteorite,9.20 Gm Quality Campo Del Cielo Meteorite C. 1576 - Exact Lot 1550,18,2026-01-08,9.2,1.96,WorthPoint
campo-del-cielo-meteorite,72.7 Grams CAMPO DEL CIELO METEORITE Polished With A Flat Side On It/ Info + COA,39.99,2026-01-08,72.7,0.55,WorthPoint
campo-del-cielo-meteorite,32 Gm Campo Del Cielo Meteorite Crystal Great Piece With Stand Jal,33.2,2026-01-08,32,1.04,WorthPoint
campo-del-cielo-meteorite,60.5 Grams CAMPO DEL CIELO METEORITE Polished With A Flat Side On It/ Info + COA,34.99,2026-01-08,60.5,0.58,WorthPoint
campo-del-cielo-meteorite,"2016 CAMPO DEL CIELO Meteorite 3oz $20 Silver Coin 333 Minted, 1 Of 12 PF-70",1200,2026-01-08,85.05,14.11,WorthPoint
campo-del-cielo-meteorite,35 Gm Campo Del Cielo Meteorite Crystal Great Piece With Stand Jal,33.2,2026-01-08,35,0.95,WorthPoint
campo-del-cielo-meteorite,"Authentic Space Meteorite - Campo Del Cielo Meteor Shower, Argentina, C. 2200 BC",10.44,2026-01-08,,,WorthPoint
campo-del-cielo-meteorite,65.8 Grams CAMPO DEL CIELO METEORITE Polished With A Flat Side On It/ Info + COA,37.99,2026-01-07,65.8,0.58,WorthPoint
campo-del-cielo-meteorite,33.3 Grams NEW CAMPO DEL CIELO METEORITE Polished + Certificate Of Authenticity,24.99,2026-01-07,33.3,0.75,WorthPoint
campo-del-cielo-meteorite,75.7 Grams CAMPO DEL CIELO METEORITE Polished With A Flat Side On It/ Info + COA,40.99,2026-01-07,75.7,0.54,WorthPoint
campo-del-cielo-meteorite,"Meteriorite Space Rock, Campo Del Cielo Argentina*",28.25,2026-01-07,,,WorthPoint
campo-del-cielo-meteorite,TWO! Small Campo Del Cielo METEORITE S 100% Authentic 13.2gr,16.99,2026-01-06,13.2,1.29,WorthPoint
campo-del-cielo-meteorite,Lot Of 5 Authentic Campo Del Cielo Meteorites Collection 13a,14.95,2026-01-05,,,WorthPoint
campo-del-cielo-meteorite,39.8 Grams NEW CAMPO DEL CIELO METEORITE Polished + Certificate Of Authenticity,29.99,2026-01-05,39.8,0.75,WorthPoint
campo-del-cielo-meteorite,14.8 Grams CAMPO DEL CIELO Iron METEORITE Polished + Certificate Of Authenticity,11.49,2026-01-05,14.8,0.78,WorthPoint
campo-del-cielo-meteorite,127.17 Carat Campo Del Cielo Meteorite From Argentina *VIDEO*,747.5,2026-01-05,,,WorthPoint
campo-del-cielo-meteorite,Meteorite Lot Of 5 With COA‚Äôs - Campo Del Cielo - Canyon Diablo - 30+ Lbs,3295,2026-01-04,,,WorthPoint
campo-del-cielo-meteorite,"Las Palmas (CDC) Meteorite Found In Paraguay 2007, 286.8 Grams As Found",215,2026-01-04,286.8,0.75,WorthPoint
campo-del-cielo-meteorite,62.8 Grams CAMPO Del CIELO METEORITES ( 1 To 5 Grams Each ) Polished With A COA,39.99,2026-01-03,62.8,0.64,WorthPoint
campo-del-cielo-meteorite,73.8 Grams CAMPO DEL CIELO Iron METEORITE Polished + Certificate Of Authenticity,54.99,2026-01-02,73.8,0.75,WorthPoint
campo-del-cielo-meteorite,67.5 Grams NEW CAMPO DEL CIELO METEORITE Polished + Certificate Of Authenticity,49.99,2026-01-01,67.5,0.74,WorthPoint
campo-del-cielo-meteorite,Campo Del Cielo Meteorite Etched Slice Weight 44 Grams 1.75 Inches,66,2026-01-01,44,1.5,WorthPoint
campo-del-cielo-meteorite,38 Gm Campo Del Cielo Meteorite Crystal Great Piece With Stand Jal,37.95,2026-01-01,38,1,WorthPoint
campo-del-cielo-meteorite,Beautiful 260 Gm. Etched Campo Del Cielo Meteorite End Cut .57 Lbs.,236.55,2026-01-01,260,0.91,WorthPoint
campo-del-cielo-meteorite,‚ú∞ Iron Stone Meteorite Fragment Lot Asteroid Meteor Outer Space Comet Rock's COA,19.99,2025-12-31,,,WorthPoint
campo-del-cielo-meteorite,LARGE 392 Gm. URUACU IRON METEORITE ; BRAZIL STAND INCLUDED TOP GRADE; .86 LBS,345,2025-12-31,392,0.88,WorthPoint
campo-del-cielo-meteorite,94 Gm Campo Del Cielo Meteorite Crystal Great Piece With Stand Jal,94.95,2025-12-30,94,1.01,WorthPoint
campo-del-cielo-meteorite,Authentic Space Meteorite Campo Del Cielo Meteor Shower Argentina 2200 BC,6.74,2025-12-30,,,WorthPoint
campo-del-cielo-meteorite,1000 Gm LOT OF CAMPO DEL CIELO METEORITE CRYSTALS 1-3 GMS IN SIZE JAL,498.75,2025-12-30,1000,0.5,WorthPoint
campo-del-cielo-meteorite,500 Gm LOT OF CAMPO DEL CIELO METEORITE CRYSTALS 5-10 GMS IN SIZE 1/2 KILO JAL,251.75,2025-12-29,500,0.5,WorthPoint
campo-del-cielo-meteorite,61.3 Grams NEW CAMPO DEL CIELO METEORITE Polished + Certificate Of Authenticity,49.99,2025-12-29,61.3,0.82,WorthPoint
campo-del-cielo-meteorite,53 Grams NEW CAMPO DEL CIELO METEORITE Polished + Certificate Of Authenticity,42.99,2025-12-29,53,0.81,WorthPoint
campo-del-cielo-meteorite,11.3 Grams NEW CAMPO DEL CIELO METEORITE Polished + Certificate Of Authenticity,8.99,2025-12-29,11.3,0.8,WorthPoint
campo-del-cielo-meteorite,6.36 Grams~CAMPO DEL CIELO Iron METEORITE~CHRISTMAS TREE ORNAMENT/Pendant,7.79,2025-12-29,6.36,1.22,WorthPoint
campo-del-cielo-meteorite,4.67 Grams~CAMPO DEL CIELO Iron METEORITE~CHRISTMAS TREE ORNAMENT/Pendant,6.49,2025-12-29,4.67,1.39,WorthPoint
campo-del-cielo-meteorite,4.93 Grams~CAMPO DEL CIELO Iron METEORITE~CHRISTMAS TREE ORNAMENT/Pendant,6.49,2025-12-29,4.93,1.32,WorthPoint
campo-del-cielo-meteorite,78 Gm Campo Del Cielo Meteorite Crystal Great Piece With Stand Jal,75.95,2025-12-29,78,0.97,WorthPoint
campo-del-cielo-meteorite,Huge 1018 Gm Campo Del Cielo Meteorite Museum Collectors Grade 2.3 Lbs,1165.5,2025-12-29,1018,1.14,WorthPoint
campo-del-cielo-meteorite,7.68 Gm Quality Campo Del Cielo Meteorite C. 1576 - Exact Lot 1551,8.95,2025-12-29,7.68,1.17,WorthPoint
campo-del-cielo-meteorite,"Meteorite Specimen Campo Del Cielo, 32.05 Grams, Moving Piece, Astronomy Gift",57.6,2025-12-28,32.05,1.8,WorthPoint
campo-del-cielo-meteorite,5.84 Grams~CAMPO DEL CIELO Iron METEORITE~CHRISTMAS TREE ORNAMENT/Pendant,7.79,2025-12-28,5.84,1.33,WorthPoint
campo-del-cielo-meteorite,15.9 Gram CAMPO DEL CIELO Iron METEORITE Polished + Certificate Of Authenticity,11.99,2025-12-28,15.9,0.75,WorthPoint
campo-del-cielo-meteorite,Meteorite Campo Iron Nickel Large Big Piece 4600 Grams 007 Lowest Price On Ebay,499,2025-12-27,4600,0.11,WorthPoint
campo-del-cielo-meteorite,Meteorite And Display Cube 15.1 Gram Genuine Campo Del Cielo Meteorite With COA,44.99,2025-12-27,15.1,2.98,WorthPoint
campo-del-cielo-meteorite,Beautiful 648 Gm Campo Del Cielo Polished & Tumbled Meteorite 1.4 Lb,474.05,2025-12-27,648,0.73,WorthPoint
campo-del-cielo-meteorite,Campo Del Cielo Meteorite Flight Orientated !! 364 Grams Iron Nickel Meteorite,231,2025-12-27,364,0.63,WorthPoint
campo-del-cielo-meteorite,Lot Of 5 Authentic Campo Del Cielo Meteorites Collection 2a,14.95,2025-12-27,,,WorthPoint
campo-del-cielo-meteorite,420 Gram Campo Del Cielo Iron Nickel Meteorite Flight Orientated,289,2025-12-26,420,0.69,WorthPoint
campo-del-cielo-meteorite,NWA 0869 - L3-6-W1-S3 Chondrite Meteorite - 0869-0626 - 6.33g - COA - Complete,5.95,2025-12-26,6.33,0.94,WorthPoint
campo-del-cielo-meteorite,NWA 0869 - L3-6-W1-S3 Chondrite Meteorite - 0869-0625 - 5.96g - COA - Complete,5.95,2025-12-26,5.96,1,WorthPoint
campo-del-cielo-meteorite,"31.55 Gram Campo Del Cielo Argentina Meteorite, Iron From Outer Space # ME 524",23.75,2025-12-26,31.55,0.75,WorthPoint
campo-del-cielo-meteorite,"Campo Del Cielo Meteorite,Certified Iron Meteorite In Display Box",280,2025-12-25,,,WorthPoint
campo-del-cielo-meteorite,"CAMPO DEL CIELO METEORITE; .68 LBS., Heavy, 308 Grams",100,2025-12-25,308,0.32,WorthPoint
campo-del-cielo-meteorite,296 Gm Campo Del Cielo Polished & Tumbled Meteorite .7 Lb Silicate,199.45,2025-12-24,296,0.67,WorthPoint
campo-del-cielo-meteorite,Meteorites - Iron Meteorite 38.8g Mirror Polished Long Slice,27.95,2025-12-24,38.8,0.72,WorthPoint
campo-del-cielo-meteorite,62 Gm Campo Del Cielo Meteorite Crystal Great Piece With Stand Jal,64.95,2025-12-24,62,1.05,WorthPoint
campo-del-cielo-meteorite,4.85 Grams~CAMPO DEL CIELO Iron METEORITE~PENDANT~Cosmic Jewelry!,7.99,2025-12-24,4.85,1.65,WorthPoint
campo-del-cielo-meteorite,88.52 Gm Quality Campo Del Cielo Meteorite C. 1576 - Exact Lot 1561,28.95,2025-12-24,88.52,0.33,WorthPoint
campo-del-cielo-meteorite,"94.67 Gram Campo Del Cielo Argentina Meteorite, Iron From Outer Space # ME 708",59,2025-12-24,94.67,0.62,WorthPoint
campo-del-cielo-meteorite,Meteorites - 147g Campo Del Cielo Polished And Unfinished Slices,147,2025-12-23,147,1,WorthPoint
campo-del-cielo-meteorite,Campo Del Cielo Meteorite 38 Grams,28.99,2025-12-23,38,0.76,WorthPoint
campo-del-cielo-meteorite,Lg 980 Gm Campo Del Cielo Meteorite Aaa Grade 2.1 Lbs Stand,1075.5,2025-12-23,980,1.1,WorthPoint
campo-del-cielo-meteorite,5 -Authentic Real Meteorites Space Rock Campo Del Cielo Meteor Shower Argentina,25,2025-12-23,,,WorthPoint
campo-del-cielo-meteorite,18.14 Grams All 4 Campo Del Cielo Meteorites Christmas Tree Ornaments,15,2025-12-23,18.14,0.83,WorthPoint
campo-del-cielo-meteorite,Authentic Meteorite-space Rock Campo Del Cielo Argentina Discovered 1576ad,7.75,2025-12-22,,,WorthPoint
campo-del-cielo-meteorite,292 Gm New Campo Del Cielo Meteorite ;a Grade!! Beautiful Small Meteorite,331.74,2025-12-22,292,1.14,WorthPoint
campo-del-cielo-meteorite,12.2 Grams CAMPO DEL CIELO Iron METEORITE Polished + Certificate Of Authenticity,9.99,2025-12-22,12.2,0.82,WorthPoint
campo-del-cielo-meteorite,"NGC MS69 ASE + 90% Silver Lot | Walker, Franklin, Slabs, Meteorite",137.5,2025-12-22,,,WorthPoint
campo-del-cielo-meteorite,CAMPO DEL CIELO LARGE METEORITE With Certificate Of Authenticity (31-40g),34.99,2025-12-21,40,0.87,WorthPoint
campo-del-cielo-meteorite,GENUINE CAMPO DE CIELO METEORITE PIECE - 2.7 X 1.4 X 1.0 Cms 8.72 Gms #11,22.66,2025-12-21,8.72,2.6,WorthPoint
campo-del-cielo-meteorite,GENUINE CAMPO DE CIELO METEORITE PIECE - 1.8 X 1.5 X 0.9 Cms 6.42 Gms #10,19.99,2025-12-21,6.42,3.11,WorthPoint
campo-del-cielo-meteorite,61.9 Grams NEW CAMPO DEL CIELO METEORITE Polished + Certificate Of Authenticity,49.99,2025-12-21,61.9,0.81,WorthPoint
campo-del-cielo-meteorite,Campo Del Cielo Meteorite Etched Slice Weight 39.4 Grams 1.75 Inches,59,2025-12-21,39.4,1.5,WorthPoint
campo-del-cielo-meteorite,Larger! Campo Del Cielo METEORITE 100% Natural Fell In Argentina 40.0gr,39.99,2025-12-21,40,1,WorthPoint
campo-del-cielo-meteorite,8.21 Gm Quality Campo Del Cielo Meteorite C. 1576 - Exact Lot 1559,8.95,2025-12-21,8.21,1.09,WorthPoint
campo-del-cielo-meteorite,132 Gm. Las Palmas Campo Meteorite ; Museum Gd. Burn Hole,949.99,2025-12-21,132,7.2,WorthPoint
campo-del-cielo-meteorite,Campo Del Cielo METEORITE 100% Natural Fell In Argentina 30.3gr,31.99,2025-12-21,30.3,1.06,WorthPoint
campo-del-cielo-meteorite,39.6 Grams NEW CAMPO DEL CIELO METEORITE Polished + Certificate Of Authenticity,30.99,2025-12-21,39.6,0.78,WorthPoint
campo-del-cielo-meteorite,5.81 Gm Quality Campo Del Cielo Meteorite C. 1576 - Exact Lot 1369,8.95,2025-12-21,5.81,1.54,WorthPoint
campo-del-cielo-meteorite,1972 Proof Set ‚Ä¢ PCGS PR69DCAM Quarter ‚Ä¢ Mercury Dime ‚Ä¢ War Nickel Lot,37.78,2025-12-21,,,WorthPoint
campo-del-cielo-meteorite,90.27 Gm Quality Campo Del Cielo Meteorite C. 1576 - Exact Lot 1560,28.95,2025-12-20,90.27,0.32,WorthPoint
campo-del-cielo-meteorite,8.55 Grams CAMPO DEL CIELO METEORITE Polished Charm Pendant For A Necklace,11.99,2025-12-20,8.55,1.4,WorthPoint
campo-del-cielo-meteorite,Campo Del Cielo Genuine Iron Nickel Meteorite Pendant Necklace 6.51 Grams,22.27,2025-12-19,6.51,3.42,WorthPoint
campo-del-cielo-meteorite,25.9 Grams All 8 CAMPO Del CIELO METEORITES Polished Charms Pendants With A COA,23.99,2025-12-19,25.9,0.93,WorthPoint
campo-del-cielo-meteorite,Campo Del Cielo Iron Meteorite Fragment 0.95 Grams With Case And Info Card,12.8,2025-12-19,0.95,13.47,WorthPoint
campo-del-cielo-meteorite,Lot Of THREE! Small Campo Del Cielo Meteorites 100% Authentic 14.9gr,20.99,2025-12-19,14.9,1.41,WorthPoint
campo-del-cielo-meteorite,"Meteorite Nugget Specimen Campo Del Cielo, 59.13g, Moving Piece, Astronomy Gift",88.8,2025-12-19,59.13,1.5,WorthPoint
campo-del-cielo-meteorite,‚ú∞‚ú∞ Iron Stone Meteorite Fragment Lot Asteroid Meteor Outer Space Comet Rock's ‚ú∞‚ú∞,19.99,2025-12-19,,,WorthPoint
campo-del-cielo-meteorite,15.8 Grams CAMPO DEL CIELO Iron METEORITE Polished + Certificate Of Authenticity,11.99,2025-12-19,15.8,0.76,WorthPoint
campo-del-cielo-meteorite,18.06 Grams NEW CAMPO DEL CIELO METEORITE Polished + Certificate Of Authenticity,14.49,2025-12-19,18.06,0.8,WorthPoint
campo-del-cielo-meteorite,14.91 Grams CAMPO DEL CIELO METEORITE Polished Charm Pendant For A Necklace,13.99,2025-12-18,14.91,0.94,WorthPoint
campo-del-cielo-meteorite,Campo Del Cielo Meteorite 100% Natural FELL In Argentina 16.1gr,23.99,2025-12-18,16.1,1.49,WorthPoint
campo-del-cielo-meteorite,38.1 Grams NEW CAMPO DEL CIELO METEORITE Polished + Certificate Of Authenticity,29.99,2025-12-18,38.1,0.79,WorthPoint
campo-del-cielo-meteorite,83.81 Gm Quality Campo Del Cielo Meteorite C. 1576 - Exact Lot 1562,32,2025-12-18,83.81,0.38,WorthPoint
campo-del-cielo-meteorite,AMAZING UNIQUELY SHAPED 429g CAMPO IRON METEORITE COVERED IN THUMBPRINTS!,325,2025-12-18,429,0.76,WorthPoint
campo-del-cielo-meteorite,Campo Del Cielo METEORITE 100% Natural FELL In Argentina 12.9gr,19.99,2025-12-18,12.9,1.55,WorthPoint
campo-del-cielo-meteorite,83.24 Gram - Campo Del Cielo - Iron Meteorite Crystal - Found In Argentina,84,2025-12-18,83.24,1.01,WorthPoint
campo-del-cielo-meteorite,Campo Del Cielo Meteorite 20‚Äì30g ‚Äì Real Space Rock Nugget Holiday Science Giftüåå,38.98,2025-12-17,30,1.3,WorthPoint
campo-del-cielo-meteorite,93.45 Gram - Campo Del Cielo - Iron Meteorite Crystal - Found In Argentina,75.2,2025-12-17,93.45,0.8,WorthPoint
campo-del-cielo-meteorite,Authentic Campo Del Cielo Meteorite,350,2025-12-17,,,WorthPoint
campo-del-cielo-meteorite,5.33 Grams~CAMPO DEL CIELO Iron METEORITE~CHRISTMAS TREE ORNAMENT/Pendant,6.49,2025-12-17,5.33,1.22,WorthPoint
campo-del-cielo-meteorite,64.8 Grams NEW CAMPO DEL CIELO METEORITE Polished + Certificate Of Authenticity,46.99,2025-12-17,64.8,0.73,WorthPoint
campo-del-cielo-meteorite,Larger! Campo Del Cielo Meteorite 100% Natural From Argentina 37.0gr,37.99,2025-12-17,37,1.03,WorthPoint
campo-del-cielo-meteorite,8.57 Grams NEW CAMPO DEL CIELO METEORITE Polished Charm Pendant For A Necklace,9.99,2025-12-17,8.57,1.17,WorthPoint
campo-del-cielo-meteorite,87.7 Grams NEW CAMPO DEL CIELO METEORITE Polished + Certificate Of Authenticity,64.99,2025-12-17,87.7,0.74,WorthPoint
campo-del-cielo-meteorite,Meteorite Campo Iron Nickel Large Big Piece Of 1769 Grams 016 Lowest Price On E,799,2025-12-17,1769,0.45,WorthPoint
campo-del-cielo-meteorite,Lot Of 5 Authentic Campo Del Cielo Meteorites Collection 14a,6.9,2025-12-17,,,WorthPoint
campo-del-cielo-meteorite,124.00 Gm Quality Campo Del Cielo Meteorite C. 1576 - Exact Lot 1563,29.95,2025-12-17,124,0.24,WorthPoint
campo-del-cielo-meteorite,7.70 Gm Quality Campo Del Cielo Meteorite C. 1576 - Exact Lot 1558,8.95,2025-12-17,7.7,1.16,WorthPoint
campo-del-cielo-meteorite,15.7 Grams~CAMPO DEL CIELO Iron METEORITE~Pendant NECKLACE~Cosmic Jewelry!,29.99,2025-12-17,15.7,1.91,WorthPoint
campo-del-cielo-meteorite,250 GM LOT OF CAMPO DEL CIELO METEORITE CRYSTALS FROM 10-15 Gm IN SIZE,128.25,2025-12-16,250,0.51,WorthPoint
campo-del-cielo-meteorite,250 GRS LOT OF CAMPO DEL CIELO METEORITE CRYSTALS FROM 5-10 Gm IN SIZE,128.25,2025-12-16,250,0.51,WorthPoint
campo-del-cielo-meteorite,Lot Of 12 Authentic Meteorite Space Rock Campo Del Cielo Argentina 1576 AD,46.01,2025-12-16,,,WorthPoint
campo-del-cielo-meteorite,85.88 Gram - Campo Del Cielo - Iron Meteorite Crystal - Found In Argentina,68,2025-12-16,85.88,0.79,WorthPoint
campo-del-cielo-meteorite,Campo Del Cielo METEORITE 100% Natural FELL In Argentina 11.3gr,19.99,2025-12-16,11.3,1.77,WorthPoint
campo-del-cielo-meteorite,37.6 Grams NEW CAMPO DEL CIELO METEORITE Polished + Certificate Of Authenticity,28.99,2025-12-16,37.6,0.77,WorthPoint
campo-del-cielo-meteorite,110.00 Gm Quality Campo Del Cielo Meteorite C. 1576 - Exact Lot 1564,28.95,2025-12-16,110,0.26,WorthPoint
campo-del-cielo-meteorite,9.52 Gm Quality Campo Del Cielo Meteorite C. 1576 - Exact Lot 1554,8.95,2025-12-16,9.52,0.94,WorthPoint
campo-del-cielo-meteorite,12.6 Grams CAMPO DEL CIELO Iron METEORITE Polished + Certificate Of Authenticity,9.99,2025-12-15,12.6,0.79,WorthPoint
campo-del-cielo-meteorite,36.2 Grams NEW CAMPO DEL CIELO METEORITE Polished + Certificate Of Authenticity,28.99,2025-12-15,36.2,0.8,WorthPoint
campo-del-cielo-meteorite,Lot Of 5 Authentic Campo Del Cielo Meteorites Collection 12a,6.9,2025-12-15,,,WorthPoint
campo-del-cielo-meteorite,Campo Del Cielo Argentina 3 Gram Meteorite Fragment,20,2025-12-15,3,6.67,WorthPoint
campo-del-cielo-meteorite,68.29 Gm Quality Campo Del Cielo Meteorite C. 1576 - Exact Lot 1565,29.95,2025-12-15,68.29,0.44,WorthPoint
campo-del-cielo-meteorite,Meteorite And Display Cube 11.8 Gram Genuine Campo Del Cielo Meteorite With COA,37.99,2025-12-15,11.8,3.22,WorthPoint
campo-del-cielo-meteorite,5.00 Grams~CAMPO DEL CIELO Iron METEORITE~CHRISTMAS TREE ORNAMENT/Pendant,6.49,2025-12-14,5,1.3,WorthPoint
campo-del-cielo-meteorite,1000 Gm LOT OF CAMPO DEL CIELO METEORITE CRYSTALS 20-30 GMS IN SIZE 1 KILO JAL,498.75,2025-12-14,1000,0.5,WorthPoint
campo-del-cielo-meteorite,45 Gm BABY CAMPO DEL CIELO METEORITE BEAUTIFUL AA GRADE METEORITE JAL,56.05,2025-12-14,45,1.25,WorthPoint
campo-del-cielo-meteorite,190 Gm Campo Del Cielo Polished & Tumbled Meteorite .41 Lb,189.95,2025-12-14,190,1,WorthPoint
campo-del-cielo-meteorite,78.07 Gram - Campo Del Cielo - Iron Meteorite Crystal - Found In Argentina,66.3,2025-12-14,78.07,0.85,WorthPoint
campo-del-cielo-meteorite,Two Authentic Space Meteorites ~ Finds In Argentina & Sahara Desert In Nw Africa,18.88,2025-12-14,,,WorthPoint
campo-del-cielo-meteorite,Lot Of 5 Authentic Campo Del Cielo Meteorites Collection 11a,6.9,2025-12-14,,,WorthPoint
campo-del-cielo-meteorite,6.58 Grams CAMPO DEL CIELO METEORITE Polished Charm Pendant For A Necklace,9.99,2025-12-14,6.58,1.52,WorthPoint
campo-del-cielo-meteorite,"US Coin Lot ‚Äì Silver, PCGS Type 2 Slab, 2010 Proof Quarters, Buffalo, Meteorite",16.5,2025-12-14,,,WorthPoint
campo-del-cielo-meteorite,Campo Del Cielo Meteorite 100% Natural FELL In Argentina 13.3gr,22.99,2025-12-13,13.3,1.73,WorthPoint
campo-del-cielo-meteorite,78.5 Grams NEW CAMPO DEL CIELO METEORITE Polished + Certificate Of Authenticity,60.99,2025-12-13,78.5,0.78,WorthPoint
campo-del-cielo-meteorite,82.5 Grams NEW CAMPO DEL CIELO METEORITE Polished + Certificate Of Authenticity,69.99,2025-12-13,82.5,0.85,WorthPoint
campo-del-cielo-meteorite,11.1 Grams CAMPO DEL CIELO METEORITE Pendant M-6,11.99,2025-12-13,11.1,1.08,WorthPoint
campo-del-cielo-meteorite,8.6 Grams CAMPO DEL CIELO METEORITE Pendant M-11,10.99,2025-12-13,8.6,1.28,WorthPoint
campo-del-cielo-meteorite,11.1 Grams CAMPO DEL CIELO METEORITE Pendant M-5,11.99,2025-12-13,11.1,1.08,WorthPoint
campo-del-cielo-meteorite,15.1 Grams CAMPO DEL CIELO METEORITE Polished Charm Pendant For A Necklace,13.99,2025-12-13,15.1,0.93,WorthPoint
campo-del-cielo-meteorite,78.2 Grams NEW CAMPO DEL CIELO METEORITE Polished + Certificate Of Authenticity,60.99,2025-12-13,78.2,0.78,WorthPoint
campo-del-cielo-meteorite,12.8 Grams CAMPO DEL CIELO Iron METEORITE Polished + Certificate Of Authenticity,9.99,2025-12-13,12.8,0.78,WorthPoint
campo-del-cielo-meteorite,Lot Of 5 Authentic Campo Del Cielo Meteorites Collection 10a,6.9,2025-12-13,,,WorthPoint
campo-del-cielo-meteorite,"544 Gm. Campo Del Cielo Individual Meteorite Aaa Gd, 1.2 Lbs. Std Beautiful Jal",616.55,2025-12-13,544,1.13,WorthPoint
campo-del-cielo-meteorite,57.90 Gm Quality Campo Del Cielo Meteorite C. 1576 - Exact Lot 1567,28.95,2025-12-13,57.9,0.5,WorthPoint
campo-del-cielo-meteorite,5.82 Grams~CAMPO DEL CIELO Iron METEORITE~Pendant NECKLACE~Cosmic Jewelry!,14.99,2025-12-13,5.82,2.58,WorthPoint
campo-del-cielo-meteorite,"Campo Del Cielo Meteorite Piece, From Argentina",39.99,2025-12-13,,,WorthPoint
campo-del-cielo-meteorite,95.27 Gram - Campo Del Cielo - Iron Meteorite Crystal - Found In Argentina,81.6,2025-12-12,95.27,0.86,WorthPoint
campo-del-cielo-meteorite,Lg 181 Gm Campo Del Cielo Meteorite Aaa Grade .4 Lbs Stand,179.1,2025-12-12,181,0.99,WorthPoint
campo-del-cielo-meteorite,INDIVIDUAL BEAUTIFUL 36g CAMPO DEL CIELO IRON METEORITE FRAGMENT!,32,2025-12-12,36,0.89,WorthPoint
campo-del-cielo-meteorite,Highest Quality Lot! Best Ever! New Campo Meteorite Shattered Crystals 500 Gms,250,2025-12-12,500,0.5,WorthPoint
campo-del-cielo-meteorite,"""Campo Del Cielo Meteorite Pendant Necklace On A 24"""" Snake Chain, Argentina""",29.99,2025-12-12,,,WorthPoint
campo-del-cielo-meteorite,11.9 Grams CAMPO DEL CIELO Iron METEORITE Polished + Certificate Of Authenticity,8.99,2025-12-12,11.9,0.76,WorthPoint
campo-del-cielo-meteorite,176 Gm Campo Del Cielo Polished & Tumbled Etched Meteorite .4 Lb,237.45,2025-12-12,176,1.35,WorthPoint
campo-del-cielo-meteorite,18.12 Grams NEW CAMPO DEL CIELO METEORITE Polished + Certificate Of Authenticity,14.49,2025-12-12,18.12,0.8,WorthPoint
campo-del-cielo-meteorite,500 Gm LOT OF CAMPO DEL CIELO METEORITE CRYSTALS 3-5 GMS IN SIZE 1/2 KILO JAL,239.16,2025-12-12,500,0.48,WorthPoint
campo-del-cielo-meteorite,125 Gm LOT OF CAMPO DEL CIELO METEORITE CRYSTALS 15-20 GMS IN SIZE 1/8 KILO JAL,66.5,2025-12-12,125,0.53,WorthPoint
campo-del-cielo-meteorite,"Large 5400 Gm Campo Del Cielo Meteorite Museum Collectors Grade, 12 Pounds",1495,2025-12-12,5400,0.28,WorthPoint
campo-del-cielo-meteorite,Space Meteorite Fragment Campo Del Cielo Meteor Shower Argentina C. 2200 BC,43.2,2025-12-12,,,WorthPoint
campo-del-cielo-meteorite,Campo Del Cielo Meteorite 100% Natural From Argentina 20.3gr,29.99,2025-12-11,20.3,1.48,WorthPoint
campo-del-cielo-meteorite,Campo Del Cielo Meteorite 100% Natural FELL In Argentina 18.8gr,24.99,2025-12-11,18.8,1.33,WorthPoint
campo-del-cielo-meteorite,Campo Del Cielo Meteorite 100% Natural FELL In Argentina 24.8gr,29.99,2025-12-11,24.8,1.21,WorthPoint
campo-del-cielo-meteorite,Campo Del Cielo Meteorite 100% Natural FELL In Argentina 17.8gr,24.99,2025-12-11,17.8,1.4,WorthPoint
campo-del-cielo-meteorite,13.1 Grams CAMPO DEL CIELO METEORITE Polished Charm Pendant For A Necklace,15.99,2025-12-11,13.1,1.22,WorthPoint
campo-del-cielo-meteorite,Authentic Space Meteorite - Campo Del Cielo Meteor Shower Argentina 2200 Bc,5.95,2025-12-11,,,WorthPoint
campo-del-cielo-meteorite,"Campo Del Cielo Iron Meteorite ‚Äì Authentic Space Rock, Certified And Historical",18,2025-12-11,,,WorthPoint
campo-del-cielo-meteorite,Lot Of 5 Authentic Campo Del Cielo Meteorites Collection 8a,8.05,2025-12-11,,,WorthPoint
campo-del-cielo-meteorite,"Huge Coin Lot! Silver, Gold, Platinum, Graded Slabs, ATB Set, Meteorite, Etc!!!",155,2025-12-11,,,WorthPoint
campo-del-cielo-meteorite,"Beautiful Campo Del Cielo Meteorite Specimen 38.26 Grams, Astronomy Gift, Space",57.6,2025-12-10,38.26,1.51,WorthPoint
campo-del-cielo-meteorite,10.4 Grams CAMPO DEL CIELO METEORITE Polished Charm Pendant For A Necklace,12.99,2025-12-10,10.4,1.25,WorthPoint
campo-del-cielo-meteorite,9.37 Grams CAMPO DEL CIELO METEORITE Polished Charm Pendant For A Necklace,12.99,2025-12-10,9.37,1.39,WorthPoint
campo-del-cielo-meteorite,8.87 Gm Quality Campo Del Cielo Meteorite C. 1576 - Exact Lot 1361,8.95,2025-12-10,8.87,1.01,WorthPoint
campo-del-cielo-meteorite,Lg 408 Gm Campo Del Cielo Meteorite Aa Grade .9 Lbs Stand,422.1,2025-12-10,408,1.03,WorthPoint
campo-del-cielo-meteorite,Meteorite And Display Cube 7.0 Gram Genuine Campo Del Cielo Meteorite With COA,29.99,2025-12-10,7,4.28,WorthPoint
campo-del-cielo-meteorite,INDIVIDUAL BEAUTIFUL LARGE 97g CAMPO DEL CIELO IRON METEORITE FRAGMENT!,87,2025-12-10,97,0.9,WorthPoint
campo-del-cielo-meteorite,Lot Of 5 Authentic Campo Del Cielo Meteorites Collection 7a,6.9,2025-12-10,,,WorthPoint
campo-del-cielo-meteorite,63.5 Grams NEW CAMPO DEL CIELO METEORITE Polished + Certificate Of Authenticity,50.99,2025-12-10,63.5,0.8,WorthPoint
campo-del-cielo-meteorite,59.4 Grams NEW CAMPO DEL CIELO METEORITE Polished + Certificate Of Authenticity,45.99,2025-12-10,59.4,0.77,WorthPoint
campo-del-cielo-meteorite,60.6 Grams NEW CAMPO DEL CIELO METEORITE Polished + Certificate Of Authenticity,45.99,2025-12-10,60.6,0.76,WorthPoint
campo-del-cielo-meteorite,9.62 Grams~CAMPO DEL CIELO Iron METEORITE~Pendant NECKLACE~Cosmic Jewelry!,19.99,2025-12-10,9.62,2.08,WorthPoint
campo-del-cielo-meteorite,Flight Orientated Campo Del Cielo Meteorite 1327 Grams Iron Nickel Meteorite,734,2025-12-10,1327,0.55,WorthPoint
campo-del-cielo-meteorite,Campo Del Cielo Large Iron Nickel Meteorite Big Piece Meteor Asteroid Space Rock,62.99,2025-12-10,,,WorthPoint
campo-del-cielo-meteorite,About 33.10 Grams Authentic NEW CAMPO DEL CIELO METEORITE,28.95,2025-12-10,33.1,0.87,WorthPoint
campo-del-cielo-meteorite,35.3 Grams Authentic CAMPO DEL CIELO METEORITE,31.99,2025-12-10,35.3,0.91,WorthPoint
campo-del-cielo-meteorite,Campo Del Cielo Meteorite Etched Slice Weight 30.1 Grams 1.75 Inches,45,2025-12-09,30.1,1.5,WorthPoint
campo-del-cielo-meteorite,X262-351) 9+ G Campo Del Cielo Iron Meteorite 1576 Octahedrite Fragment Specimen,22.99,2025-12-09,,,WorthPoint
campo-del-cielo-meteorite,44 Gm Campo Del Cielo Meteorite Crystal Great Piece With Stand Jal,42.7,2025-12-09,44,0.97,WorthPoint
campo-del-cielo-meteorite,67.4 Grams NEW CAMPO DEL CIELO METEORITE Polished + Certificate Of Authenticity,52.99,2025-12-09,67.4,0.79,WorthPoint
campo-del-cielo-meteorite,84.4 Grams NEW CAMPO DEL CIELO METEORITE Polished + Certificate Of Authenticity,63.99,2025-12-09,84.4,0.76,WorthPoint
campo-del-cielo-meteorite,67.7 Grams NEW CAMPO DEL CIELO METEORITE Polished + Certificate Of Authenticity,54,2025-12-09,67.7,0.8,WorthPoint
campo-del-cielo-meteorite,87.2 Grams NEW CAMPO DEL CIELO METEORITE Polished + Certificate Of Authenticity,64.99,2025-12-09,87.2,0.75,WorthPoint
campo-del-cielo-meteorite,6.02 Gm Quality Campo Del Cielo Meteorite C. 1576 - Exact Lot 1367,8.95,2025-12-09,6.02,1.49,WorthPoint
campo-del-cielo-meteorite,9.19 Gm Quality Campo Del Cielo Meteorite C. 1576 - Exact Lot 1353,10.5,2025-12-09,9.19,1.14,WorthPoint
campo-del-cielo-meteorite,11.66 Grams NEW CAMPO DEL CIELO METEORITE Polished + Certificate Of Authenticity,8.99,2025-12-09,11.66,0.77,WorthPoint
campo-del-cielo-meteorite,"William Henry B05 ""Custom"" Folding Knife With Damascus Blade.",2750,2025-12-08,,,WorthPoint
campo-del-cielo-meteorite,2023 Republic Ghana Meteorite Cube & 2 Oz Silver Coin 5 Cedis - Legal Tender,229,2025-12-08,56.7,4.04,WorthPoint
campo-del-cielo-meteorite,17.42 Grams NEW CAMPO DEL CIELO METEORITE Polished + Certificate Of Authenticity,13.49,2025-12-08,17.42,0.77,WorthPoint
campo-del-cielo-meteorite,Campo Del Cielo Meteorite 47.1 Gram,34.99,2025-12-08,47.1,0.74,WorthPoint
campo-del-cielo-meteorite,Meteorite Specimen,18,2025-12-08,,,WorthPoint
campo-del-cielo-meteorite,96.54 Gram - Campo Del Cielo - Iron Meteorite Crystal - Found In Argentina,96,2025-12-08,96.54,0.99,WorthPoint
campo-del-cielo-meteorite,Larger Campo Del Cielo Meteorite 100% Natural From Argentina 21.3gr,29.99,2025-12-08,21.3,1.41,WorthPoint
campo-del-cielo-meteorite,Lot Of 5 Authentic Campo Del Cielo Meteorites Collection 5a,11.5,2025-12-08,,,WorthPoint
campo-del-cielo-meteorite,10.02 Gm Quality Campo Del Cielo Meteorite C. 1576 - Exact Lot 1354,8.95,2025-12-08,10.02,0.89,WorthPoint
campo-del-cielo-meteorite,"HUGE Coin Lot‚ÄìNGC ASE, Franklin, SLQ, Mercury, Gold Flake, Notes, Sets, Buffalo",107.5,2025-12-08,,,WorthPoint
campo-del-cielo-meteorite,6pc Campo Del Cielo Meteorite Specimens Iron Nickel Meteorites Argentina Lot,26,2025-12-08,,,WorthPoint
campo-del-cielo-meteorite,5-authentic Meteorite-slabbed Space Rocks,11.5,2025-12-07,,,WorthPoint
campo-del-cielo-meteorite,19.48 Grams NEW CAMPO DEL CIELO METEORITE Polished + Certificate Of Authenticity,15.49,2025-12-07,19.48,0.8,WorthPoint
campo-del-cielo-meteorite,96.63 Gram - Campo Del Cielo - Iron Meteorite Crystal - Found In Argentina,82.45,2025-12-07,96.63,0.85,WorthPoint
campo-del-cielo-meteorite,6.40 Grams NEW CAMPO DEL CIELO METEORITE Polished Charm Pendant For A Necklace,9.99,2025-12-07,6.4,1.56,WorthPoint
campo-del-cielo-meteorite,810 GM. CAMPO DEL CIELO METEORITE ; B GRADE; BEAUTIFUL ;1.78 + Pounds; CHEAP!!,474.95,2025-12-07,810,0.59,WorthPoint
campo-del-cielo-meteorite,696 Gm Campo Del Cielo Meteorite Aa Grade 1.5 Lbs Low Low Price Beautiful Lg,629.1,2025-12-07,696,0.9,WorthPoint
campo-del-cielo-meteorite,41.7 Grams NEW CAMPO DEL CIELO METEORITE Polished + Certificate Of Authenticity,31.99,2025-12-07,41.7,0.77,WorthPoint
campo-del-cielo-meteorite,15 Grams CAMPO DEL CIELO Iron METEORITE Polished + Certificate Of Authenticity,11.99,2025-12-07,15,0.8,WorthPoint
campo-del-cielo-meteorite,Lot Of 5 Authentic Campo Del Cielo Meteorites Collection 4a,12.5,2025-12-07,,,WorthPoint
campo-del-cielo-meteorite,10.24 Gm Quality Campo Del Cielo Meteorite C. 1576 - Exact Lot 1355,10.5,2025-12-07,10.24,1.03,WorthPoint
campo-del-cielo-meteorite,"Meteorite Specimen Campo Del Cielo, 48.10 Grams, Iron Meteorite, Astronomy Gift",70.4,2025-12-06,48.1,1.46,WorthPoint
campo-del-cielo-meteorite,Lot Of 5 Authentic Campo Del Cielo Meteorites Collection 3a,14.5,2025-12-06,,,WorthPoint
campo-del-cielo-meteorite,9.35 Gm Quality Campo Del Cielo Meteorite C. 1576 - Exact Lot 1356,9.5,2025-12-06,9.35,1.02,WorthPoint
campo-del-cielo-meteorite,16.18 Grams NEW CAMPO DEL CIELO METEORITE Polished + Certificate Of Authenticity,13.49,2025-12-05,16.18,0.83,WorthPoint
campo-del-cielo-meteorite,72.9 Grams Of 6 NEW CAMPO DEL CIELO METEORITE Christmas Tree Ornaments With COA,38.99,2025-12-05,72.9,0.53,WorthPoint
campo-del-cielo-meteorite,16.3 Grams NEW CAMPO DEL CIELO METEORITE Polished + Certificate Of Authenticity,13.49,2025-12-05,16.3,0.83,WorthPoint
campo-del-cielo-meteorite,18.5 Grams NEW CAMPO DEL CIELO METEORITE Polished + Certificate Of Authenticity,14.49,2025-12-05,18.5,0.78,WorthPoint
campo-del-cielo-meteorite,38.9 Grams All 6 CAMPO Del CIELO METEORITES Christmas Tree Ornaments With A COA,27.99,2025-12-05,38.9,0.72,WorthPoint
campo-del-cielo-meteorite,9.29 Gm Quality Campo Del Cielo Meteorite C. 1576 - Exact Lot 1357,9.5,2025-12-05,9.29,1.02,WorthPoint
campo-del-cielo-meteorite,Meteorite And Display Cube 7.1 Gram Genuine Campo Del Cielo Meteorite With COA,29.99,2025-12-05,7.1,4.22,WorthPoint
campo-del-cielo-meteorite,Meteorite And Display Cube 6.3 Gram Genuine Campo Del Cielo Meteorite With COA,34.99,2025-12-05,6.3,5.55,WorthPoint
campo-del-cielo-meteorite,65.6 Grams NEW CAMPO DEL CIELO METEORITE Polished + Certificate Of Authenticity,55.99,2025-12-04,65.6,0.85,WorthPoint
campo-del-cielo-meteorite,67.3 Grams NEW CAMPO DEL CIELO METEORITE Polished + Certificate Of Authenticity,56.99,2025-12-04,67.3,0.85,WorthPoint
campo-del-cielo-meteorite,63.3 Grams NEW CAMPO DEL CIELO METEORITE Polished + Certificate Of Authenticity,53,2025-12-04,63.3,0.84,WorthPoint
campo-del-cielo-meteorite,Loose Stones And Stones In Cases,36,2025-12-04,,,WorthPoint
campo-del-cielo-meteorite,67.6 Grams NEW CAMPO DEL CIELO METEORITE Polished + Certificate Of Authenticity,55.99,2025-12-04,67.6,0.83,WorthPoint
campo-del-cielo-meteorite,63.7 Grams NEW CAMPO DEL CIELO METEORITE Polished + Certificate Of Authenticity,48.99,2025-12-04,63.7,0.77,WorthPoint
campo-del-cielo-meteorite,Lot Of 5 Authentic Campo Del Cielo Meteorites Collection 1a,15.5,2025-12-04,,,WorthPoint
campo-del-cielo-meteorite,6.20 Gm Quality Campo Del Cielo Meteorite C. 1576 - Exact Lot 1358,8.95,2025-12-04,6.2,1.44,WorthPoint
campo-del-cielo-meteorite,638 Gm. Campo Del Cielo Meteorite Aa Grade 1.4 Lbs Stand Cleaned,474.96,2025-12-03,638,0.74,WorthPoint
campo-del-cielo-meteorite,9.60 Gm Quality Campo Del Cielo Meteorite C. 1576 - Exact Lot 1360,8.95,2025-12-03,9.6,0.93,WorthPoint
campo-del-cielo-meteorite,37.7 Grams NEW CAMPO DEL CIELO METEORITE Polished + Certificate Of Authenticity,28.99,2025-12-03,37.7,0.77,WorthPoint
campo-del-cielo-meteorite,66.8 Grams NEW CAMPO DEL CIELO METEORITE Polished + Certificate Of Authenticity,51.99,2025-12-03,66.8,0.78,WorthPoint
campo-del-cielo-meteorite,4.33 Grams~CAMPO DEL CIELO Iron METEORITE~PENDANT~Cosmic Jewelry!,10.99,2025-12-03,4.33,2.54,WorthPoint
campo-del-cielo-meteorite,3.95 Grams~CAMPO DEL CIELO Iron METEORITE~PENDANT~Cosmic Jewelry!,10.99,2025-12-03,3.95,2.78,WorthPoint
campo-del-cielo-meteorite,Lot Of 5 Authentic Campo Del Cielo Meteorites Collection 21a,7.5,2025-12-03,,,WorthPoint
campo-del-cielo-meteorite,250 Gm LOT OF CAMPO DEL CIELO METEORITE CRYSTALS 30-50 GMS IN SIZE 1/4 KILO JAL,128.25,2025-12-03,250,0.51,WorthPoint
campo-del-cielo-meteorite,15.2 Grams CAMPO DEL CIELO METEORITE Pendant M-15,15.99,2025-12-02,15.2,1.05,WorthPoint
campo-del-cielo-meteorite,Genuine Meteorite And Display Cube 11.1 Gram Campo Del Cielo Meteorite With COA,34.99,2025-12-02,11.1,3.15,WorthPoint
campo-del-cielo-meteorite,16.48 Grams NEW CAMPO DEL CIELO METEORITE Polished + Certificate Of Authenticity,13.49,2025-12-02,16.48,0.82,WorthPoint
campo-del-cielo-meteorite,Ancient & Medieval World Coins With Campo Del Cielo Meteorite,37.38,2025-12-02,,,WorthPoint
campo-del-cielo-meteorite,Meteorite Necklace W/ Chain Campo Del Cielo 5.2 Grams -Authentic,19.99,2025-12-01,5.2,3.84,WorthPoint
campo-del-cielo-meteorite,Campo Del Cielo Meteorite 100% Natural From Argentina 19.2gr,27.99,2025-12-01,19.2,1.46,WorthPoint
campo-del-cielo-meteorite,Lot Of 6 Authentic Meteorite Space Rock Campo Del Cielo & NWA Nickel Iron,50.47,2025-12-01,,,WorthPoint
campo-del-cielo-meteorite,Lot Of 5 Authentic Campo Del Cielo Meteorites Collection 19a,6.9,2025-12-01,,,WorthPoint
campo-del-cielo-meteorite,9.52 Grams CAMPO DEL CIELO METEORITE Polished Charm Pendant For A Necklace,10.99,2025-12-01,9.52,1.15,WorthPoint
campo-del-cielo-meteorite,4.48 Grams CAMPO DEL CIELO METEORITE Polished Charm Pendant For A Necklace,9.99,2025-12-01,4.48,2.23,WorthPoint
campo-del-cielo-meteorite,7.63 Grams CAMPO DEL CIELO METEORITE Polished Charm Pendant For A Necklace,10.99,2025-12-01,7.63,1.44,WorthPoint
campo-del-cielo-meteorite,Estate Coin Lot ‚Äì 1964 Silver Set Indians BU Buffalo V Nickel Gold Slabs Knife,76,2025-12-01,,,WorthPoint
campo-del-cielo-meteorite,90 GM. Canyon Diablo METEORITE AAA GRADE .2 Lb Arizona Usa Stand,122.55,2025-11-30,90,1.36,WorthPoint
campo-del-cielo-meteorite,Meteorites - 124g Campo Del Cielo Assorted Cut Pieces,49.95,2025-11-30,124,0.4,WorthPoint
campo-del-cielo-meteorite,Meteorites - 73g Campo Del Cielo Assorted Small Slices,24.95,2025-11-30,73,0.34,WorthPoint
campo-del-cielo-meteorite,Meteorite And Tektite Collection USA & Argentina,39.99,2025-11-30,,,WorthPoint
campo-del-cielo-meteorite,7.81 Grams CAMPO DEL CIELO METEORITE Polished Charm Pendant For A Necklace,8.99,2025-11-30,7.81,1.15,WorthPoint
campo-del-cielo-meteorite,Meteorite Campo Iron Nickel Large Big Piece 549 Grams 018 Lowest Price On Ebay,199,2025-11-29,549,0.36,WorthPoint
campo-del-cielo-meteorite,28.72 Grams All 8 CAMPO Del CIELO METEORITES Polished Charms Pendants With A COA,25.99,2025-11-29,28.72,0.9,WorthPoint
campo-del-cielo-meteorite,66.9 Grams NEW CAMPO DEL CIELO METEORITE Polished + Certificate Of Authenticity,55.99,2025-11-29,66.9,0.84,WorthPoint
campo-del-cielo-meteorite,Campo Del Cielo METEORITE 100% Natural Fell In Argentina 27.6gr,29.99,2025-11-29,27.6,1.09,WorthPoint
campo-del-cielo-meteorite,19.4 Grams NEW CAMPO DEL CIELO METEORITE Polished + Certificate Of Authenticity,15.49,2025-11-29,19.4,0.8,WorthPoint
campo-del-cielo-meteorite,‚ú∞ Iron Stone Meteorite Campo Del Cielo Meteor Comet Rock's üî•Black Friday Sale!,20.5,2025-11-29,,,WorthPoint
campo-del-cielo-meteorite,1-piece Of Real Authentic Meteorite In Collectors Floating Case & Stand With COA,8,2025-11-29,,,WorthPoint
campo-del-cielo-meteorite,76.44 Gram - Campo Del Cielo - Iron Meteorite Crystal - Found In Argentina,65.45,2025-11-29,76.44,0.86,WorthPoint
campo-del-cielo-meteorite,Lot Of 5 Authentic Campo Del Cielo Meteorites Collection 17a,8.5,2025-11-29,,,WorthPoint
campo-del-cielo-meteorite,(x262-74) 5 G Campo Del Cielo Iron Meteorite 1576 Shrapnel Fragment Specimen,10.49,2025-11-29,5,2.1,WorthPoint
campo-del-cielo-meteorite,X262-350) 9 G Campo Del Cielo Iron Meteorite 1576 Octahedrite Fragment Specimen,16.09,2025-11-29,9,1.79,WorthPoint
campo-del-cielo-meteorite,28.4 Grams All 8 CAMPO Del CIELO METEORITES Polished Charms Pendants With A COA,24.99,2025-11-28,28.4,0.88,WorthPoint
campo-del-cielo-meteorite,558 Gm. Campo Del Cielo Meteorite Aaa Grade Beautiful Meteorite 1.23lbs,629.1,2025-11-28,558,1.13,WorthPoint
campo-del-cielo-meteorite,390 Gm Campo Del Cielo Polished & Tumbled Meteorite .9 Lb Silicate,260.95,2025-11-28,390,0.67,WorthPoint
campo-del-cielo-meteorite,Lot Of 5 Authentic Campo Del Cielo Meteorites Collection 16a,6.9,2025-11-28,,,WorthPoint
campo-del-cielo-meteorite,224 Gm Campo Del Cielo Polished & Tumbled Etched Meteorite .5 Lb Silicate,242.95,2025-11-28,224,1.08,WorthPoint
campo-del-cielo-meteorite,Campo Del Cielo Meteorite,149,2025-11-27,,,WorthPoint
campo-del-cielo-meteorite,342 Gm . CAMPO DEL CIELO METEORITE; A GRADE ; .75 LBS.,314.1,2025-11-27,342,0.92,WorthPoint
campo-del-cielo-meteorite,388 Gm. New Campo Del Cielo Meteorite ;.85 Lbs Aaa Grade Very Few Left,359.96,2025-11-27,388,0.93,WorthPoint
campo-del-cielo-meteorite,Lot Of 5 Authentic Campo Del Cielo Meteorites Collection 15a,12.5,2025-11-27,,,WorthPoint
campo-del-cielo-meteorite,Beautiful 222 Gm Campo Del Cielo Polished & Tumbled Etched Meteorite,179.95,2025-11-27,222,0.81,WorthPoint
campo-del-cielo-meteorite,1412 Gm. Campo Del Cielo Meteorite ; Aa Grade! Beautiful Meteorite; 3.1 Lbs,842.1,2025-11-27,1412,0.6,WorthPoint
campo-del-cielo-meteorite,Low Price! Super Shape! Campo Del Cielo Meteorite Shattered Crystal! 172 Gms,104.25,2025-11-26,172,0.61,WorthPoint
campo-del-cielo-meteorite,Huge 142 Gm Campo Del Cielo Meteorite Crystal Great Piece W/ Stand .31 Lb Jal,141.55,2025-11-26,142,1,WorthPoint
campo-del-cielo-meteorite,Genuine Meteorite In Display Box | Campo Del Cielo Meteorite | Certified,235,2025-11-26,,,WorthPoint
campo-del-cielo-meteorite,Meteorite Campo Del Cielo Strike Iron Nickle Argentina 2 Mm 11.3 Grams JL72,15.99,2025-11-26,11.3,1.42,WorthPoint
campo-del-cielo-meteorite,4.98 Grams CAMPO DEL CIELO METEORITE Polished Charm Pendant For A Necklacey,9.99,2025-11-26,4.98,2.01,WorthPoint
campo-del-cielo-meteorite,36 Grams All 8 CAMPO Del CIELO METEORITES Polished Charms Pendants With A COA,29.99,2025-11-26,36,0.83,WorthPoint
campo-del-cielo-meteorite,Campo Del Cielo METEORITE 100% Natural Fell In Argentina 23.7gr,29.99,2025-11-26,23.7,1.27,WorthPoint
campo-del-cielo-meteorite,5.09 Grams CAMPO DEL CIELO METEORITE Polished Charm Pendant For A Necklace + COA,6.99,2025-11-26,5.09,1.37,WorthPoint
campo-del-cielo-meteorite,51 GM. Canyon Diablo METEORITE AAA GRADE .11 Lb Arizona Usa Stand,62.1,2025-11-25,51,1.22,WorthPoint
campo-del-cielo-meteorite,Genuine Authentic Space Meteorite From Campo Del Cielo Meteor Shower Argentina,11,2025-11-25,,,WorthPoint
campo-del-cielo-meteorite,90.00 Gram - Campo Del Cielo - Iron Meteorite Crystal - Found In Argentina,76.5,2025-11-25,90,0.85,WorthPoint
campo-del-cielo-meteorite,250 Gm LOT OF CAMPO DEL CIELO METEORITE CRYSTALS 3-5 GMS IN SIZE 1/4 KILO JAL,121.84,2025-11-25,250,0.49,WorthPoint
campo-del-cielo-meteorite,84.97 Gram - Campo Del Cielo - Iron Meteorite Crystal - Found In Argentina,72.25,2025-11-25,84.97,0.85,WorthPoint
campo-del-cielo-meteorite,15.7 Grams NEW CAMPO DEL CIELO METEORITE Polished + Certificate Of Authenticity,12.49,2025-11-25,15.7,0.8,WorthPoint
campo-del-cielo-meteorite,‚òÜ Sm. Campo Del Cielo Nickel Iron Meteorite Pendant Necklace Meteor Space Rock ‚òÜ,17.77,2025-11-24,,,WorthPoint
campo-del-cielo-meteorite,13.1 Grams CAMPO DEL CIELO METEORITE Pendant M-13,13.99,2025-11-24,13.1,1.07,WorthPoint
campo-del-cielo-meteorite,20.8 Grams NEW CAMPO DEL CIELO METEORITE Polished + Certificate Of Authenticity,16.49,2025-11-24,20.8,0.79,WorthPoint
campo-del-cielo-meteorite,Meteorite Campo Iron Nickel Large Big Piece 6050 Grams 005 Lowest Price On Ebay,1490,2025-11-24,6050,0.25,WorthPoint
campo-del-cielo-meteorite,6.12 Grams NEW CAMPO DEL CIELO METEORITE Polished Charm Pendant For A Necklace,9.99,2025-11-24,6.12,1.63,WorthPoint
campo-del-cielo-meteorite,28.7 Grams All 8 CAMPO Del CIELO METEORITES Polished Charms Pendants With A COA,26.99,2025-11-24,28.7,0.94,WorthPoint
campo-del-cielo-meteorite,68.2 Grams NEW CAMPO DEL CIELO METEORITE Polished + Certificate Of Authenticity,55.99,2025-11-24,68.2,0.82,WorthPoint
campo-del-cielo-meteorite,16.7 Grams NEW CAMPO DEL CIELO METEORITE Polished + Certificate Of Authenticity,11.99,2025-11-24,16.7,0.72,WorthPoint
campo-del-cielo-meteorite,Campo Del Cielo METEORITE 100% Natural Fell In Argentina 33.6gr,34.99,2025-11-24,33.6,1.04,WorthPoint
campo-del-cielo-meteorite,77.17 Gram - Campo Del Cielo - Iron Meteorite Crystal - Found In Argentina,65.45,2025-11-23,77.17,0.85,WorthPoint
campo-del-cielo-meteorite,500 GRS LOT OF CAMPO DEL CIELO METEORITE CRYSTALS FROM 50-100 Gm IN SIZE,251.75,2025-11-23,500,0.5,WorthPoint
campo-del-cielo-meteorite,109 GM. Canyon Diablo METEORITE AAA GRADE .24 Lb Arizona Usa Stand,134.1,2025-11-23,109,1.23,WorthPoint
campo-del-cielo-meteorite,"Authentic Space Meteorite: Campo Del Cielo, Argentina - Circa 2200 BC",8,2025-11-22,,,WorthPoint
campo-del-cielo-meteorite,Meteorite Campo Iron Nickel Large Big Piece 2260 Grams 013 Best Price On Ebay,800,2025-11-22,2260,0.35,WorthPoint
campo-del-cielo-meteorite,214.59 G - Campo Del Cielo - Iron Meteorite 5 Slices - UGLY NEED RE-POLISH/ETCH,182.75,2025-11-22,214.59,0.85,WorthPoint
campo-del-cielo-meteorite,"TEN Campo Del Cielo Meteorite Pendant Pieces, From Argentina",49.99,2025-11-22,,,WorthPoint
campo-del-cielo-meteorite,Lot Of 7 Meteorites - 5 Campo Del Cielo And 2 North West Africa 7a,9.95,2025-11-22,,,WorthPoint
campo-del-cielo-meteorite,CAMPO Del Cielo METEORITE Pendant Or Necklace...a Falling Star! Argentina 1.95,15.99,2025-11-22,,,WorthPoint
campo-del-cielo-meteorite,Genuine Meteorite And Display Cube 16.2 Gram Campo Del Cielo Meteorite With COA,39.99,2025-11-21,16.2,2.47,WorthPoint
campo-del-cielo-meteorite,Huge 165 Gm Campo Del Cielo Meteorite Crystal Great Piece W/ Stand .36 Lb Jal,160.55,2025-11-21,165,0.97,WorthPoint
campo-del-cielo-meteorite,Lot Of 5 Authentic Campo Del Cielo Meteorites Collection 9a,7.4,2025-11-21,,,WorthPoint
campo-del-cielo-meteorite,AUTHENTIC METEORITE SPACE ROCK From CAMPO DEL CIELO ARGENTINA 1576 AD,15,2025-11-21,,,WorthPoint
campo-del-cielo-meteorite,CAMPO DEL CIELO NICKEL IRON METEORITE PIECE METEOR SPACE ROCK ASTEROID SHARD 5g,12.95,2025-11-21,5,2.59,WorthPoint
campo-del-cielo-meteorite,IRON NICKEL METEORITE PIECE METEOR SPECIMEN SPACE ROCK ASTEROID SHARD PENDANT 3g,9.95,2025-11-21,3,3.32,WorthPoint
campo-del-cielo-meteorite,Campo Del Cielo Iron Meteorite Crystal: Under 2 Grams,11,2025-11-20,2,5.5,WorthPoint
campo-del-cielo-meteorite,Meteorite And Display Cube 6.1 Gram Genuine Campo Del Cielo Meteorite With COA,29.99,2025-11-20,6.1,4.92,WorthPoint
campo-del-cielo-meteorite,14.2 Grams~CAMPO DEL CIELO Iron METEORITE~Fell In Argentina!,14.99,2025-11-20,14.2,1.06,WorthPoint
campo-del-cielo-meteorite,12.95 Grams NEW CAMPO DEL CIELO METEORITE Polished + Certificate Of Authenticity,10.49,2025-11-20,12.95,0.81,WorthPoint
campo-del-cielo-meteorite,Meteorite And Display Cube 6.5 Gram Genuine Campo Del Cielo Meteorite With COA,29.99,2025-11-20,6.5,4.61,WorthPoint
campo-del-cielo-meteorite,2018 $20 Fine Silver Coin - 150th Anniversary Of The Royal Astronomical Society,142.17,2025-11-20,,,WorthPoint
campo-del-cielo-meteorite,AUTHENTIC METEORITE üí• CAMPO DEL CIELO ARGENTINA 1576 AD üí• With COA üí•,9.95,2025-11-20,,,WorthPoint
campo-del-cielo-meteorite,Campo Del Cielo Meteorite Pendant ‚Äì Genuine Iron From Space With Certificate,39,2025-11-20,,,WorthPoint
campo-del-cielo-meteorite,Campo Del Cielo Large Iron Nickel Meteorite Piece Meteor Big Space Rock Asteroid,32.95,2025-11-20,,,WorthPoint
campo-del-cielo-meteorite,7.79 Grams CAMPO DEL CIELO METEORITE Polished Charm Pendant For A Necklace,9.99,2025-11-20,7.79,1.28,WorthPoint
campo-del-cielo-meteorite,6.50 Grams NEW CAMPO DEL CIELO METEORITE Polished Charm Pendant For A Necklace,9.99,2025-11-20,6.5,1.54,WorthPoint
campo-del-cielo-meteorite,Meteorite And Display Cube 11.1 Gram Genuine Campo Del Cielo Meteorite With COA,34.99,2025-11-20,11.1,3.15,WorthPoint
campo-del-cielo-meteorite,‚òÑÔ∏èUnique Campo Del Cielo Meteorite 2-3g Real Space Rock! 4.6 BILLION YRS OLD!(P),6.95,2025-11-20,3,2.32,WorthPoint
campo-del-cielo-meteorite,7.23 Gm Quality Campo Del Cielo Meteorite C. 1576 - Exact Lot 1372,8.95,2025-11-20,7.23,1.24,WorthPoint
campo-del-cielo-meteorite,500 Gm LOT OF CAMPO DEL CIELO METEORITE CRYSTALS. 20-30 GMS IN SIZE JAL,251.75,2025-11-19,500,0.5,WorthPoint
campo-del-cielo-meteorite,18.41 Grams NEW CAMPO DEL CIELO METEORITE Polished + Certificate Of Authenticity,13.99,2025-11-19,18.41,0.76,WorthPoint
campo-del-cielo-meteorite,125 Gm LOT OF CAMPO DEL CIELO METEORITE CRYSTALS 1-3 GMS IN SIZE LOW PRICE JAL,66.5,2025-11-19,125,0.53,WorthPoint
campo-del-cielo-meteorite,6.11 Gm Quality Campo Del Cielo Meteorite C. 1576 - Exact Lot 1380,8.95,2025-11-19,6.11,1.46,WorthPoint
campo-del-cielo-meteorite,7.06 Gm Quality Campo Del Cielo Meteorite C. 1576 - Exact Lot 1373,8.95,2025-11-19,7.06,1.27,WorthPoint
campo-del-cielo-meteorite,"Meteorite Specimen Campo Del Cielo, 30.48 Grams, Iron Meteorite, Astronomy Gift",47.2,2025-11-19,30.48,1.55,WorthPoint
campo-del-cielo-meteorite,"Meteorite Specimen Campo Del Cielo, 86.90 Grams, Iron Meteorite, Astronomy Gift",129.6,2025-11-19,86.9,1.49,WorthPoint
campo-del-cielo-meteorite,250 Gm LOT OF CAMPO DEL CIELO METEORITE CRYSTALS 0-1 GMS IN SIZE LOW PRICE JAL,128.25,2025-11-18,250,0.51,WorthPoint
campo-del-cielo-meteorite,6.52 Gm Quality Campo Del Cielo Meteorite C. 1576 - Exact Lot 1374,18.5,2025-11-18,6.52,2.84,WorthPoint
campo-del-cielo-meteorite,Meteorites - 74g Campo Del Cielo Assorted Small Slices,24.95,2025-11-17,74,0.34,WorthPoint
campo-del-cielo-meteorite,‚òÑÔ∏èUnique Campo Del Cielo Meteorite 1-2g Real Space Rock! 4.6 BILLION YRS OLD!(E),5.95,2025-11-17,2,2.98,WorthPoint
campo-del-cielo-meteorite,14.7 Grams CAMPO DEL CIELO METEORITE Pendant M-2,14.99,2025-11-17,14.7,1.02,WorthPoint
campo-del-cielo-meteorite,13.8 Grams NEW CAMPO DEL CIELO METEORITE Polished + Certificate Of Authenticity,10.99,2025-11-17,13.8,0.8,WorthPoint
campo-del-cielo-meteorite,7.99 Gm Quality Campo Del Cielo Meteorite C. 1576 - Exact Lot 1375,8.95,2025-11-17,7.99,1.12,WorthPoint
campo-del-cielo-meteorite,"Genuine Campo Del Cielo Meteorite, 7.2g",50,2025-11-16,7.2,6.94,WorthPoint
campo-del-cielo-meteorite,Campo Del Cielo Meteorites. Set Of Four Specimens W/ Certificate Of Authenticity,20,2025-11-16,,,WorthPoint
campo-del-cielo-meteorite,6.50 Gm Quality Campo Del Cielo Meteorite C. 1576 - Exact Lot 1376,8.95,2025-11-16,6.5,1.38,WorthPoint
campo-del-cielo-meteorite,87.3 Grams NEW CAMPO DEL CIELO METEORITE Polished + Certificate Of Authenticity,64.99,2025-11-16,87.3,0.74,WorthPoint
campo-del-cielo-meteorite,78.58 Gram - Campo Del Cielo - Iron Meteorite Crystal - Found In Argentina,66.3,2025-11-16,78.58,0.84,WorthPoint
campo-del-cielo-meteorite,Authentic Real Meteorite Space Rock Campo Del Cielo Meteor Shower Argentina,5,2025-11-16,,,WorthPoint
campo-del-cielo-meteorite,5.28 Grams~CAMPO DEL CIELO Iron METEORITE~Fell In Argentina!,5.99,2025-11-16,5.28,1.13,WorthPoint
campo-del-cielo-meteorite,12.2 Grams CAMPO DEL CIELO METEORITE Pendant M-16,12.99,2025-11-15,12.2,1.06,WorthPoint
campo-del-cielo-meteorite,Meteorite Collection Lot Three Different Types Labeled With Display Box,74.75,2025-11-15,,,WorthPoint
campo-del-cielo-meteorite,Low Price! Super Shape! Big Campo Del Cielo Meteorite Shattered Crystal! 134 Gms,78.75,2025-11-15,134,0.59,WorthPoint
campo-del-cielo-meteorite,Genuine Meteorite And Display Cube 8.8 Gram Campo Del Cielo Meteorite With COA,32.99,2025-11-15,8.8,3.75,WorthPoint
campo-del-cielo-meteorite,LARGE 914 Gm. URUACU IRON METEORITE BRAZIL STAND INCLUDED TOP GRADE 1.9 LBS,1079.95,2025-11-15,914,1.18,WorthPoint
campo-del-cielo-meteorite,96.38 Gram - Campo Del Cielo - Iron Meteorite Crystal - Found In Argentina,81.92,2025-11-15,96.38,0.85,WorthPoint
campo-del-cielo-meteorite,6.62 Gm Quality Campo Del Cielo Meteorite C. 1576 - Exact Lot 1384,8.95,2025-11-15,6.62,1.35,WorthPoint
campo-del-cielo-meteorite,7.25 Gm Quality Campo Del Cielo Meteorite C. 1576 - Exact Lot 1377,8.95,2025-11-15,7.25,1.23,WorthPoint
campo-del-cielo-meteorite,500 Gm LOT OF CAMPO DEL CIELO METEORITE CRYSTALS 0-1 GMS IN SIZE LOW PRICE JAL,249.38,2025-11-14,500,0.5,WorthPoint
campo-del-cielo-meteorite,"Authentic Sealed Campo Del Cielo Meteorite Collection, 4 Fragments Argentina",6.99,2025-11-14,,,WorthPoint
campo-del-cielo-meteorite,614 GM. CAMPO DEL CIELO METEORITE A GRADE 1.35 Lbs. CHEAP! CLEANED SILICATE,449.1,2025-11-14,614,0.73,WorthPoint
campo-del-cielo-meteorite,108 Grams NEW CAMPO DEL CIELO METEORITE Light Rust Showing Can Be Cleaned Off.,59.99,2025-11-14,108,0.56,WorthPoint
campo-del-cielo-meteorite,6.98 Gm Quality Campo Del Cielo Meteorite C. 1576 - Exact Lot 1378,8.95,2025-11-14,6.98,1.28,WorthPoint
campo-del-cielo-meteorite,392 Gm . CAMPO DEL CIELO METEORITE; BEAUTIFU AAA GRADE METEORITE!! .9+ LBS,422.28,2025-11-14,392,1.08,WorthPoint
campo-del-cielo-meteorite,1146 GM. CAMPO DEL CIELO METEORITE MED GRADE LARGE METEORITE 2.5 Lbs.,680.1,2025-11-13,1146,0.59,WorthPoint
campo-del-cielo-meteorite,1- Pair Of Campo Del Cielo Meteorite Crystal Pendants 8-10 Gms Each No Chain Jal,18,2025-11-13,10,1.8,WorthPoint
campo-del-cielo-meteorite,Meteorites - 4 Campo Del Cielo Dust/Cuttings Specimen Vials,47.95,2025-11-13,,,WorthPoint
campo-del-cielo-meteorite,33.4 Grams NEW CAMPO DEL CIELO METEORITE Polished + Certificate Of Authenticity,27.49,2025-11-13,33.4,0.82,WorthPoint
campo-del-cielo-meteorite,15.6 Grams NEW CAMPO DEL CIELO METEORITE Polished + Certificate Of Authenticity,12.49,2025-11-13,15.6,0.8,WorthPoint
campo-del-cielo-meteorite,19.9 Grams NEW CAMPO DEL CIELO METEORITE Polished + Certificate Of Authenticity,14.99,2025-11-13,19.9,0.75,WorthPoint
campo-del-cielo-meteorite,6.95 Gm Quality Campo Del Cielo Meteorite C. 1576 - Exact Lot 1379,10.01,2025-11-13,6.95,1.44,WorthPoint
campo-del-cielo-meteorite,1636 Gm. Campo Del Cielo Meteorite ; Med. Grade Cleaned; 3.46 Lbs.; Cheap!,809.1,2025-11-12,1636,0.49,WorthPoint
campo-del-cielo-meteorite,5.94 Grams~CAMPO DEL CIELO Iron METEORITE~Pendant NECKLACE~Cosmic Jewelry!,14.99,2025-11-12,5.94,2.52,WorthPoint
campo-del-cielo-meteorite,12.4 Grams CAMPO DEL CIELO METEORITE Pendant M-33,12.99,2025-11-12,12.4,1.05,WorthPoint
campo-del-cielo-meteorite,13.3 Grams CAMPO DEL CIELO METEORITE Pendant M-14,13.99,2025-11-12,13.3,1.05,WorthPoint
campo-del-cielo-meteorite,Campo Del Cielo Meteorite 100% Natural From Argentina 26.7gr,29.99,2025-11-12,26.7,1.12,WorthPoint
campo-del-cielo-meteorite,69.1 Grams NEW CAMPO DEL CIELO METEORITE Has A Polished Flat Side With A COA,34.99,2025-11-12,69.1,0.51,WorthPoint
campo-del-cielo-meteorite,64.7 Grams NEW CAMPO DEL CIELO METEORITE Polished + Certificate Of Authenticity,49.99,2025-11-11,64.7,0.77,WorthPoint
campo-del-cielo-meteorite,6.23 Grams CAMPO DEL CIELO METEORITE Polished Charm Pendant For A Necklace,8.99,2025-11-11,6.23,1.44,WorthPoint
campo-del-cielo-meteorite,Meteorites - 72g Campo Del Cielo Assorted Small Slices,24.95,2025-11-11,72,0.35,WorthPoint
campo-del-cielo-meteorite,Meteorites - 17.3g Campo Del Cielo Small Pieces Specimen Vial,17.95,2025-11-11,17.3,1.04,WorthPoint
campo-del-cielo-meteorite,Meteorites - 125g Campo Del Cielo Assorted Cut Pieces,49.95,2025-11-11,125,0.4,WorthPoint
campo-del-cielo-meteorite,1709 Gm. Campo Del Cielo Meteorite Aa Grade 3.8 Lb Stand,310,2025-11-11,1709,0.18,WorthPoint
campo-del-cielo-meteorite,Campo Del Cielo Nickel Iron Meteorite Pendant Necklace Piece Meteor Space Rock,27.95,2025-11-11,,,WorthPoint
campo-del-cielo-meteorite,6.35 Grams CAMPO DEL CIELO METEORITE Polished Charm Pendant For A Necklace,7.99,2025-11-11,6.35,1.26,WorthPoint
campo-del-cielo-meteorite,Lot Of 5 Authentic Campo Del Cielo Meteorites Collection 20a,15.5,2025-11-11,,,WorthPoint
campo-del-cielo-meteorite,Campo Del Cielo Iron Nickel Meteorite Argentina 19.57 Grams,29.75,2025-11-11,19.57,1.52,WorthPoint
campo-del-cielo-meteorite,7.08 Gm Quality Campo Del Cielo Meteorite C. 1576 - Exact Lot 1381,8.95,2025-11-11,7.08,1.26,WorthPoint
campo-del-cielo-meteorite,"""Campo Del Cielo Meteorite Pendant Necklace On A 24"""" Link Chain, Argentina""",25.99,2025-11-10,,,WorthPoint
campo-del-cielo-meteorite,Meteorite Lot Campo Del Cielo Northwest Africa NWA Nickel Iron Space Rocks,45.42,2025-11-10,,,WorthPoint
campo-del-cielo-meteorite,Iron Stone Meteorite Tektite Fragment Lot Asteroid Meteor Space Comet Rock 4.6g,19.99,2025-11-10,4.6,4.35,WorthPoint
campo-del-cielo-meteorite,500 Gm LOT OF CAMPO DEL CIELO METEORITE CRYSTALS 50-100 GMS IN SIZE JAL,251.75,2025-11-10,500,0.5,WorthPoint
campo-del-cielo-meteorite,500 Gm LOT OF CAMPO DEL CIELO METEORITE CRYSTALS 30-50 GMS IN SIZE 1/2 KILO JAL,251.75,2025-11-10,500,0.5,WorthPoint
campo-del-cielo-meteorite,7.32 Gm Quality Campo Del Cielo Meteorite C. 1576 - Exact Lot 1382,8.95,2025-11-10,7.32,1.22,WorthPoint
campo-del-cielo-meteorite,82.96 Gram - Campo Del Cielo - Iron Meteorite Crystal - Found In Argentina,85,2025-11-10,82.96,1.02,WorthPoint
campo-del-cielo-meteorite,1244 GM. NEW CAMPO DEL CIELO METEORITE ; AA+ GRADE!! 2.7+ Pound CLEANED,750,2025-11-10,1244,0.6,WorthPoint
campo-del-cielo-meteorite,340 Gm . CAMPO DEL CIELO METEORITE AAA GRADE .75 LBS. JAL,323,2025-11-10,340,0.95,WorthPoint
campo-del-cielo-meteorite,68.6 Grams NEW CAMPO DEL CIELO METEORITE Has A Polished Flat Side With A COA,34.99,2025-11-09,68.6,0.51,WorthPoint
campo-del-cielo-meteorite,AUTHENTIC METEORITE SPACE ROCK CAMPO DEL CIELO ARGENTINA 1576 AD. Slab ID Varies,11.99,2025-11-09,,,WorthPoint
campo-del-cielo-meteorite,LARGE 638 Gm. URUACU IRON METEORITE ; BRAZIL STAND INCLUDED TOP GRADE;1.4 LBS,809.1,2025-11-08,638,1.27,WorthPoint
campo-del-cielo-meteorite,35.1 Grams NEW CAMPO DEL CIELO METEORITE Polished + Certificate Of Authenticity,28.49,2025-11-08,35.1,0.81,WorthPoint
campo-del-cielo-meteorite,13.55 Grams NEW CAMPO DEL CIELO METEORITE Polished + Certificate Of Authenticity,10.99,2025-11-08,13.55,0.81,WorthPoint
campo-del-cielo-meteorite,Original Meteorite - Campo Del Cielo Site - With Display Case FREE SHIPPING G,14,2025-11-07,,,WorthPoint
campo-del-cielo-meteorite,12.84 Grams NEW CAMPO DEL CIELO METEORITE Polished + Certificate Of Authenticity,10.49,2025-11-07,12.84,0.82,WorthPoint
campo-del-cielo-meteorite,Campo Del Cielo Meteorite 40 Grams,29.99,2025-11-07,40,0.75,WorthPoint
campo-del-cielo-meteorite,18.74 Grams NEW CAMPO DEL CIELO METEORITE Polished + Certificate Of Authenticity,14.99,2025-11-07,18.74,0.8,WorthPoint
campo-del-cielo-meteorite,Campo Del Cielo Meteorite Pendant,184,2025-11-06,,,WorthPoint
campo-del-cielo-meteorite,Meteorite And Display Cube 7.5 Gram Genuine Campo Del Cielo Meteorite With COA,29.99,2025-11-06,7.5,4,WorthPoint
campo-del-cielo-meteorite,250 Gm LOT OF CAMPO DEL CIELO METEORITE CRYSTALS 10-15 GMS IN SIZE; JAL,128.25,2025-11-06,250,0.51,WorthPoint
campo-del-cielo-meteorite,114 Gm BABY CAMPO DEL CIELO METEORITE BEAUTIFUL B GRADE METEORITE JAL,143.1,2025-11-06,114,1.26,WorthPoint
campo-del-cielo-meteorite,6.36 Gm Quality Campo Del Cielo Meteorite C. 1576 - Exact Lot 1386,8.95,2025-11-06,6.36,1.41,WorthPoint
campo-del-cielo-meteorite,(2 Lot) Iron Meteorite 9.58g; 6.14g Campo Del Cielo #9027,25,2025-11-06,9.58,2.61,WorthPoint
campo-del-cielo-meteorite,17.9 Grams~CAMPO DEL CIELO Iron METEORITE~Fell In Argentina!,17.99,2025-11-05,17.9,1.01,WorthPoint
campo-del-cielo-meteorite,Possible Campo Del Cielo Meteorite With Natural Indentations,100,2025-11-05,,,WorthPoint
campo-del-cielo-meteorite,Meteorites - 100 Grams Of Campo Del Cielo Fine Dust Bulk Package,47.95,2025-11-05,100,0.48,WorthPoint
campo-del-cielo-meteorite,Meteorites - Campo Del Cielo Dust/Cuttings 100 Gram Quantity Lot,79.95,2025-11-05,100,0.8,WorthPoint
campo-del-cielo-meteorite,"Campo Del Cielo, Iron, IAB-MG Meteorite Found In Argentina 1576, 1655.9 Grams",650,2025-11-05,1655.9,0.39,WorthPoint
campo-del-cielo-meteorite,Meteorite Set ~ Stone & Iron 15 Grams!,15.99,2025-11-05,15,1.07,WorthPoint
campo-del-cielo-meteorite,5.45 Gm Quality Campo Del Cielo Meteorite C. 1576 - Exact Lot 1387,8.95,2025-11-05,5.45,1.64,WorthPoint
campo-del-cielo-meteorite,4.32 Grams~CAMPO DEL CIELO Iron METEORITE~Pendant NECKLACE~Cosmic Jewelry!,19.99,2025-11-05,4.32,4.63,WorthPoint
campo-del-cielo-meteorite,7.26 Grams~CAMPO DEL CIELO Iron METEORITE~Pendant NECKLACE~Cosmic Jewelry!,19.99,2025-11-05,7.26,2.75,WorthPoint
campo-del-cielo-meteorite,Authentic Campo Del Cielo Meteorite Authenticated Certified Holder INB 1576 AD,12.5,2025-11-04,,,WorthPoint
campo-del-cielo-meteorite,Campo Del Cielo METEORITE Necklace ...a Falling Star! Argentina 2.67,16.99,2025-11-04,,,WorthPoint
campo-del-cielo-meteorite,19.8 Grams NEW CAMPO DEL CIELO METEORITE Polished + Certificate Of Authenticity,15.99,2025-11-04,19.8,0.81,WorthPoint
campo-del-cielo-meteorite,Meteorites Space Rock ALIEN SHAPE Campo Del Cielo Argentina Asteroid 221645457,12.45,2025-11-04,,,WorthPoint
campo-del-cielo-meteorite,Meteorite And Display Cube 10.5 Gram Genuine Campo Del Cielo Meteorite With COA,34.99,2025-11-04,10.5,3.33,WorthPoint
campo-del-cielo-meteorite,20.5 Grams NEW CAMPO DEL CIELO METEORITE Polished + Certificate Of Authenticity,14.99,2025-11-04,20.5,0.73,WorthPoint
campo-del-cielo-meteorite,36.7 Grams NEW CAMPO DEL CIELO METEORITE Polished + Certificate Of Authenticity,28.99,2025-11-04,36.7,0.79,WorthPoint
campo-del-cielo-meteorite,20.6 Grams NEW CAMPO DEL CIELO METEORITE Polished + Certificate Of Authenticity,14.99,2025-11-04,20.6,0.73,WorthPoint
campo-del-cielo-meteorite,18.21 Grams NEW CAMPO DEL CIELO METEORITE Polished + Certificate Of Authenticity,14.99,2025-11-04,18.21,0.82,WorthPoint
campo-del-cielo-meteorite,43.5 Grams NEW CAMPO DEL CIELO METEORITE Polished + Certificate Of Authenticity,34.99,2025-11-04,43.5,0.8,WorthPoint
campo-del-cielo-meteorite,20.9 Grams NEW CAMPO DEL CIELO METEORITE Polished + Certificate Of Authenticity,16.99,2025-11-04,20.9,0.81,WorthPoint
campo-del-cielo-meteorite,About 33 Grams Authentic NEW CAMPO DEL CIELO METEORITE,29.95,2025-11-03,33,0.91,WorthPoint
campo-del-cielo-meteorite,61.8 Grams NEW CAMPO DEL CIELO METEORITE Has A Polished Flat Side With A COA,32.99,2025-11-02,61.8,0.53,WorthPoint
campo-del-cielo-meteorite,Campo Del Cielo Iron Meteorite Large Pendant Necklace Charm Meteor Space Rock,39.95,2025-11-02,,,WorthPoint
campo-del-cielo-meteorite,93.47 Gram - Campo Del Cielo - Iron Meteorite Crystal - Found In Argentina,95,2025-11-01,93.47,1.02,WorthPoint
campo-del-cielo-meteorite,Campo Del Cielo Metorite 239 Grams,100,2025-11-01,239,0.42,WorthPoint
campo-del-cielo-meteorite,Large Campo Del Cielo Meteorite 4147.5 Grams,1000,2025-11-01,4147.5,0.24,WorthPoint
campo-del-cielo-meteorite,Campo Del Cielo Meteorite 1364 Grams,117.5,2025-11-01,1364,0.09,WorthPoint
campo-del-cielo-meteorite,18.55 Grams NEW CAMPO DEL CIELO METEORITE Polished + Certificate Of Authenticity,14.49,2025-11-01,18.55,0.78,WorthPoint
campo-del-cielo-meteorite,"""METEORITE PENDANT 18"""" Necklace - UNISEX - ONE OF A KIND - GREAT GIFT FOR MEN!!""",60.01,2025-11-01,,,WorthPoint
campo-del-cielo-meteorite,Campo Del Cielo Meteorite 140.3 G,189.99,2025-10-31,140.3,1.35,WorthPoint
campo-del-cielo-meteorite,3 Authentic Meteorites Campo Del Cielo Meteor Shower,29.9,2025-10-31,,,WorthPoint
campo-del-cielo-meteorite,Lot Of THREE! Smaller Campo Del Cielo METEORITE S 100% Authentic 18.4gr,21.99,2025-10-31,18.4,1.2,WorthPoint
campo-del-cielo-meteorite,Campo Del Cielo Iron Nickel Meteorite Argentina 3.92 Grams,12.75,2025-10-30,3.92,3.25,WorthPoint
campo-del-cielo-meteorite,Campo Del Cielo Iron Nickel Meteorite Argentina 16.26 Grams,32.75,2025-10-30,16.26,2.01,WorthPoint
campo-del-cielo-meteorite,53.2 Grams NEW CAMPO DEL CIELO METEORITE Polished + Certificate Of Authenticity,39.99,2025-10-30,53.2,0.75,WorthPoint
campo-del-cielo-meteorite,99.02 Gram - Campo Del Cielo - Iron Meteorite Crystal - Found In Argentina,99,2025-10-30,99.02,1,WorthPoint
campo-del-cielo-meteorite,Meteorite And Display Cube 9.9 Gram Genuine Campo Del Cielo Meteorite With COA,32.99,2025-10-29,9.9,3.33,WorthPoint
campo-del-cielo-meteorite,Meteorites - Iron Meteorite 32.8g Mirror Polished Slice,41.95,2025-10-29,32.8,1.28,WorthPoint
campo-del-cielo-meteorite,"Meteorite Specimen Campo Del Cielo, 20.32 Grams, Iron Meteorite, Astronomy Gift",39,2025-10-29,20.32,1.92,WorthPoint
campo-del-cielo-meteorite,141 Gm. Baby Campo Del Cielo Meteorite A+ Grade W Stand,152.1,2025-10-29,141,1.08,WorthPoint
campo-del-cielo-meteorite,14.13 Grams NEW CAMPO DEL CIELO METEORITE Polished + Certificate Of Authenticity,11.99,2025-10-29,14.13,0.85,WorthPoint
campo-del-cielo-meteorite,12.8 Grams NEW CAMPO DEL CIELO METEORITE Polished + Certificate Of Authenticity,10.49,2025-10-29,12.8,0.82,WorthPoint
campo-del-cielo-meteorite,12.9 Grams NEW CAMPO DEL CIELO METEORITE Polished + Certificate Of Authenticity,10.49,2025-10-29,12.9,0.81,WorthPoint
campo-del-cielo-meteorite,Meteorite Campo Iron Nickel Large Big Piece 453 Grams 019 Lowest Price On Ebay,199,2025-10-28,453,0.44,WorthPoint
campo-del-cielo-meteorite,34.3 Grams NEW CAMPO DEL CIELO METEORITE Polished + Certificate Of Authenticity,27.99,2025-10-28,34.3,0.82,WorthPoint
campo-del-cielo-meteorite,Huge 186 Gm Campo Del Cielo Meteorite Crystal Great Piece W/ Stand .41 Lb Jal,189.05,2025-10-28,186,1.02,WorthPoint
campo-del-cielo-meteorite,47 Gm Campo Del Cielo Meteorite Crystal Great Piece With Stand Jal,47.45,2025-10-28,47,1.01,WorthPoint
campo-del-cielo-meteorite,180 Gm Baby Campo Del Cielo Meteorite A Grade! Stand Cleaned .4#,179.1,2025-10-28,180,1,WorthPoint
campo-del-cielo-meteorite,11.2 Grams CAMPO DEL CIELO METEORITE Pendant M-21,14.99,2025-10-27,11.2,1.34,WorthPoint
campo-del-cielo-meteorite,6.17 Grams CAMPO DEL CIELO METEORITE Polished Charm Pendant For A Necklace,8.99,2025-10-27,6.17,1.46,WorthPoint
campo-del-cielo-meteorite,81.10 Gram - Campo Del Cielo - Iron Meteorite Crystal - Found In Argentina,81,2025-10-27,81.1,1,WorthPoint
campo-del-cielo-meteorite,Vintage Campo Del Cielo Meteorite Charm 5/8‚Äù X 1/2‚Äù,6.99,2025-10-26,,,WorthPoint
campo-del-cielo-meteorite,18.3 Grams~CAMPO DEL CIELO Iron METEORITE~Fell In Argentina! Flat Side,14.99,2025-10-26,18.3,0.82,WorthPoint
campo-del-cielo-meteorite,Meteorite And Display Cube 8.3 Gram Genuine Campo Del Cielo Meteorite With COA,32.99,2025-10-26,8.3,3.97,WorthPoint
campo-del-cielo-meteorite,"CAMPO DEL CIELO METEORITE, MOLDAVITE & Pakimer Diamond NECKLACE!",79.99,2025-10-26,,,WorthPoint
campo-del-cielo-meteorite,"33.68 Gram Campo Del Cielo Argentina Meteorite, Iron From Outer Space # ME 600 B",31,2025-10-26,33.68,0.92,WorthPoint
campo-del-cielo-meteorite,20.7 Grams NEW CAMPO DEL CIELO METEORITE Polished + Certificate Of Authenticity,16.49,2025-10-25,20.7,0.8,WorthPoint
campo-del-cielo-meteorite,20 Grams NEW CAMPO DEL CIELO METEORITE Polished + Certificate Of Authenticity,16.49,2025-10-25,20,0.82,WorthPoint
campo-del-cielo-meteorite,500 GM LOT OF CAMPO DEL CIELO METEORITE CRYSTALS FROM 10-15 Gm IN SIZE,251.75,2025-10-25,500,0.5,WorthPoint
campo-del-cielo-meteorite,34.6 Grams NEW CAMPO DEL CIELO METEORITE Polished + Certificate Of Authenticity,27.99,2025-10-24,34.6,0.81,WorthPoint
campo-del-cielo-meteorite,7.22 Gm Quality Campo Del Cielo Meteorite C. 1576 - Exact Lot 1005,18.25,2025-10-24,7.22,2.53,WorthPoint
campo-del-cielo-meteorite,Meteorites - 70g Campo Del Cielo Assorted Small Slices,24.95,2025-10-23,70,0.36,WorthPoint
campo-del-cielo-meteorite,14 Grams NEW CAMPO DEL CIELO METEORITE Polished + Certificate Of Authenticity,10.99,2025-10-23,14,0.79,WorthPoint
campo-del-cielo-meteorite,9.892 Grams NEW CAMPO DEL CIELO METEORITE Polished + Certificate Of Authenticity,7.99,2025-10-23,9.892,0.81,WorthPoint
campo-del-cielo-meteorite,HUGE 23.5 Kgm CAMPO DEL CIELO METEORITE AAA GD METEORITE 51.7 LB SCULPTURED JAL,16195.5,2025-10-23,23500,0.69,WorthPoint
campo-del-cielo-meteorite,1 Campo Del Cielo Meteorite Necklace With Box Per Lot. 7 Grams,20,2025-10-23,7,2.86,WorthPoint
campo-del-cielo-meteorite,Meteorites - Campo Del Cielo Fine Dust Specimen Vial,10.95,2025-10-22,,,WorthPoint
campo-del-cielo-meteorite,Meteorites - Campo Del Cielo Dust/Cuttings Specimen Vial,12.95,2025-10-22,,,WorthPoint
campo-del-cielo-meteorite,"Meteorite Specimen Campo Del Cielo, 77.24 Grams, Iron Meteorite, Astronomy Gift",123.2,2025-10-22,77.24,1.6,WorthPoint
campo-del-cielo-meteorite,Meteorites - Iron Meteorite 10.9g Mirror Polished Slice,14.95,2025-10-22,10.9,1.37,WorthPoint
campo-del-cielo-meteorite,Meteorites - 65g Campo Del Cielo Assorted Small Slices,24.95,2025-10-22,65,0.38,WorthPoint
campo-del-cielo-meteorite,50 Campo Del Cielo Meteorites In This Lot,65,2025-10-22,,,WorthPoint
campo-del-cielo-meteorite,"Muonionalusta Meteorite Pendant Necklace, From Sweden",119.99,2025-10-21,,,WorthPoint
campo-del-cielo-meteorite,Flown Apollo 11 Kapton Foil And Campo Del Cielo With Crater-Like Regmaglypts,1250,2025-10-21,,,WorthPoint
campo-del-cielo-meteorite,4.52 Grams CAMPO DEL CIELO METEORITE Polished Charm Pendant For A Necklace + COA,5.99,2025-10-21,4.52,1.33,WorthPoint
campo-del-cielo-meteorite,350 Gm. Baby Campo Del Cielo Meteorite Museum Grade! Beautiful .8 Lbs. Cleaned,299,2025-10-21,350,0.85,WorthPoint
campo-del-cielo-meteorite,250 Gm LOT OF CAMPO DEL CIELO METEORITE CRYSTALS. 20-30 GMS IN SIZE 1/4 KG JAL,128.25,2025-10-20,250,0.51,WorthPoint
campo-del-cielo-meteorite,9.24 Grams CAMPO DEL CIELO METEORITE Polished Charm Pendant For A Necklace,11.99,2025-10-20,9.24,1.3,WorthPoint
campo-del-cielo-meteorite,METEORITE MEDALS. Lot Of 4 Different 47 Mm Medals,168,2025-10-20,,,WorthPoint
campo-del-cielo-meteorite,1242 Gm. Campo Del Cielo Meteorite Aaa Grade Sculptured 2.7 Lb Cleaned,899.1,2025-10-19,1242,0.72,WorthPoint
campo-del-cielo-meteorite,Campo Del Cielo Meteorite Fragments Genuine Iron Nickel Space Rock Set Of 5,14.52,2025-10-19,,,WorthPoint
campo-del-cielo-meteorite,Meteorites Gemstones Coins Fossil Mixed Collectibles Lot ‚Äì No Reserve,22.72,2025-10-19,,,WorthPoint
campo-del-cielo-meteorite,Meteorite Campo Iron Nickel Large Big Piece 1069 Grams 017 Lowest Price On Ebay,350,2025-10-18,1069,0.33,WorthPoint
campo-del-cielo-meteorite,5.92 Grams CAMPO DEL CIELO METEORITE Polished Charm Pendant For A Necklace,8.99,2025-10-18,5.92,1.52,WorthPoint
campo-del-cielo-meteorite,14.8 Grams NEW CAMPO DEL CIELO METEORITE Polished + Certificate Of Authenticity,10.49,2025-10-18,14.8,0.71,WorthPoint
campo-del-cielo-meteorite,112 Grams NEW CAMPO DEL CIELO METEORITE Polished + Certificate Of Authenticity,85.99,2025-10-18,112,0.77,WorthPoint
campo-del-cielo-meteorite,442 Gm. Campo Del Cielo Meteorite ; A Grade Meteorite 1 Pounds; Beautiful,302.1,2025-10-17,442,0.68,WorthPoint
campo-del-cielo-meteorite,MUONIONALUSTA IRON METEORITE PENDANT $198 Sterling 925 Silver Jewelry STARBORN,198,2025-10-17,,,WorthPoint
campo-del-cielo-meteorite,"""Campo Del Cielo Iron Meteorite Piece 1"""" Holocene Argentina COA 6405""",34.95,2025-10-17,,,WorthPoint
campo-del-cielo-meteorite,Meteorite - Campo Del Cielo - Iron Meteorite - CDC-5057 - 5.26g - COA - Crystals,24.95,2025-10-17,5.26,4.74,WorthPoint
campo-del-cielo-meteorite,13.24 Grams NEW CAMPO DEL CIELO METEORITE Polished + Certificate Of Authenticity,10.49,2025-10-17,13.24,0.79,WorthPoint
campo-del-cielo-meteorite,2x Campo Del Cielo Authentic Space Meteorite 2200BC Slabbed + 7pc NWA Meteorite,25,2025-10-17,,,WorthPoint
campo-del-cielo-meteorite,Meteorite Campo Iron Nickel Mass Piece Of 12.150 Grams 025 Lowest Price On Ebay,10342,2025-10-16,12.15,851.19,WorthPoint
campo-del-cielo-meteorite,748 Gm CAMPO DEL CIELO METEORITE BEAUTIFUL BABY AAA GD METEORITE 1.68LBS JAL,809.1,2025-10-16,748,1.08,WorthPoint
campo-del-cielo-meteorite,Meteorites - 17.4g Campo Del Cielo Small Pieces Specimen Vial,17.95,2025-10-15,17.4,1.03,WorthPoint
campo-del-cielo-meteorite,9.92 Grams CAMPO DEL CIELO METEORITE Polished Charm Pendant For A Necklace,12.99,2025-10-15,9.92,1.31,WorthPoint
campo-del-cielo-meteorite,28.6 Grams All 8 CAMPO Del CIELO METEORITES Polished Charms Pendants With A COA,26.99,2025-10-15,28.6,0.94,WorthPoint
campo-del-cielo-meteorite,"84.33 Gram Campo Del Cielo Argentina Meteorite, Iron From Outer Space # ME 694 B",69,2025-10-15,84.33,0.82,WorthPoint
campo-del-cielo-meteorite,Beautiful 414 Gm Campo Del Cielo Polished & Tumbled Etched Meteorite,359.96,2025-10-15,414,0.87,WorthPoint
campo-del-cielo-meteorite,6.792 Grams CAMPO DEL CIELO METEORITE Polished Charm Pendant For A Necklace,9.99,2025-10-14,6.792,1.47,WorthPoint
campo-del-cielo-meteorite,Meteorites - Iron Meteorite 140.0g Mirror Polished Corner Piece,139.95,2025-10-14,140,1,WorthPoint
campo-del-cielo-meteorite,1728 Gm. Campo Del Cielo Meteorite ; Aa Grade! Meteorite! 3.8 Lbs,1345.5,2025-10-13,1728,0.78,WorthPoint
campo-del-cielo-meteorite,1576 X 3 Pcs. METEORITE Slabbed Campo Del Cielo Meteor Space Rocks = 3 Pieces NR,16.99,2025-10-13,,,WorthPoint
campo-del-cielo-meteorite,125 Gm LOT OF CAMPO DEL CIELO METEORITE CRYSTALS 0-1 GMS IN SIZE LOW PRICE JAL,61.75,2025-10-12,125,0.49,WorthPoint
campo-del-cielo-meteorite,Campo Del Cielo Meteorite 33 Grams,24.99,2025-10-12,33,0.76,WorthPoint
campo-del-cielo-meteorite,About 34.6 Grams Authentic NEW CAMPO DEL CIELO METEORITE,27.95,2025-10-12,34.6,0.81,WorthPoint
campo-del-cielo-meteorite,Huge 137 Gm Campo Del Cielo Meteorite Crystal Great Piece With Stand .3 Lb Jal,132.05,2025-10-12,137,0.96,WorthPoint
campo-del-cielo-meteorite,63.7 Grams NEW CAMPO DEL CIELO METEORITE Has A Polished Flat Side With A COA,51,2025-10-12,63.7,0.8,WorthPoint
campo-del-cielo-meteorite,632 Gm CAMPO DEL CIELO METEORITE BEAUTIFUL AAA GRADE METEORIT 1.4 POUNDS,683.1,2025-10-11,632,1.08,WorthPoint
campo-del-cielo-meteorite,250 Gm LOT OF CAMPO DEL CIELO METEORITE CRYSTALS 5-10 GMS IN SIZE 1/4 KILO JAL,128.25,2025-10-11,250,0.51,WorthPoint
campo-del-cielo-meteorite,6.51 Grams CAMPO DEL CIELO METEORITE Polished Charm Pendant For A Necklace,8.99,2025-10-11,6.51,1.38,WorthPoint
campo-del-cielo-meteorite,Meteorite Necklace W/ Chain Campo Del Cielo 5.1 Grams Real Dinosaur Girl COA 48,26.09,2025-10-10,5.1,5.12,WorthPoint
campo-del-cielo-meteorite,1036 Gm. Campo Del Cielo Meteorite Collectors Gd. Sculptured Meteorite 2.3 Lbs,1799.1,2025-10-09,1036,1.74,WorthPoint
campo-del-cielo-meteorite,Campo Del Cielo Iron Nickel Meteorite Argentina 6.90 Grams,12.75,2025-10-09,6.9,1.85,WorthPoint
campo-del-cielo-meteorite,17.3 Grams NEW CAMPO DEL CIELO METEORITE Polished + Certificate Of Authenticity,13.99,2025-10-09,17.3,0.81,WorthPoint
campo-del-cielo-meteorite,108 GM. Canyon Diablo METEORITE AAA GRADE .24 Lb Arizona Usa Stand,134.1,2025-10-09,108,1.24,WorthPoint
campo-del-cielo-meteorite,"2200 B.C. Authentic Space Meteorite Campo Del Cielo, Meteor Shower Argentina!",18.5,2025-10-09,,,WorthPoint
campo-del-cielo-meteorite,218 Gm. Campo Del Cielo Meteorite ; Museum Grade! Silicated Meteorite; .5 Lbs,241.1,2025-10-08,218,1.11,WorthPoint
campo-del-cielo-meteorite,INDIVIDUAL BEAUTIFUL Large 110g CAMPO DEL CIELO IRON METEORITE FRAGMENT!,99,2025-10-08,110,0.9,WorthPoint
campo-del-cielo-meteorite,Iron Meteorite ~ Sculpted Campo Del Cielo!,24.99,2025-10-08,,,WorthPoint
campo-del-cielo-meteorite,37.6 Grams All 5 CAMPO Del CIELO METEORITES Christmas Tree Ornaments With A COA,21.99,2025-10-08,37.6,0.58,WorthPoint
campo-del-cielo-meteorite,Authentic Space Meteorites,27.6,2025-10-08,,,WorthPoint
campo-del-cielo-meteorite,5.99 Grams CAMPO DEL CIELO METEORITE Polished Charm Pendant For A Necklace,8.99,2025-10-07,5.99,1.5,WorthPoint
campo-del-cielo-meteorite,Campo Del Cielo Meteorite 79 Grams,59.99,2025-10-07,79,0.76,WorthPoint
campo-del-cielo-meteorite,"Lot Of 11, Authentic Space Meteorite- Campo Del Cielo Argentina 2200 BC",19,2025-10-07,,,WorthPoint
campo-del-cielo-meteorite,13.47 Grams NEW CAMPO DEL CIELO METEORITE Polished + Certificate Of Authenticity,10.49,2025-10-07,13.47,0.78,WorthPoint
campo-del-cielo-meteorite,12.1 Grams NEW CAMPO DEL CIELO METEORITE Polished + Certificate Of Authenticity,9.99,2025-10-07,12.1,0.83,WorthPoint
campo-del-cielo-meteorite,Combined Listing Nine Items,1200,2025-10-07,,,WorthPoint
campo-del-cielo-meteorite,250 Gm LOT OF CAMPO DEL CIELO METEORITE CRYSTALS 1-3 GMS IN SIZE LOW PRICE JAL,128.25,2025-10-06,250,0.51,WorthPoint
campo-del-cielo-meteorite,"201 Gram CAMPO DEL CIELO-Chaco Iron Octahedrite, Coarse From Argentina",22.5,2025-10-05,201,0.11,WorthPoint
campo-del-cielo-meteorite,Campo Del Cielo Iron Meteorites Magnetized Argentina Lot Of 2 See Video,16.99,2025-10-05,,,WorthPoint
campo-del-cielo-meteorite,5.86 Grams CAMPO DEL CIELO Iron METEORITE Fell In Argentina!,6.99,2025-10-05,5.86,1.19,WorthPoint
campo-del-cielo-meteorite,6.22 Grams CAMPO DEL CIELO METEORITE Polished Charm Pendant For A Necklace,7.99,2025-10-05,6.22,1.28,WorthPoint
campo-del-cielo-meteorite,166 Grams NEW CAMPO DEL CIELO METEORITE Polished + Certificate Of Authenticity,139.99,2025-10-05,166,0.84,WorthPoint
campo-del-cielo-meteorite,About 37.2 Grams Authentic NEW CAMPO DEL CIELO METEORITE,30.95,2025-10-04,37.2,0.83,WorthPoint
campo-del-cielo-meteorite,99 GM. Canyon Diablo METEORITE AAA GRADE .22 Lb Arizona Usa,110,2025-10-04,99,1.11,WorthPoint
campo-del-cielo-meteorite,INDIVIDUAL BEAUTIFUL LARGE 114g CAMPO DEL CIELO IRON METEORITE FRAGMENT!,103,2025-10-03,114,0.9,WorthPoint
campo-del-cielo-meteorite,Space Meteorite Collection (7) From Campo Del Cielo And Africa Meteor Showers M1,22.45,2025-10-03,,,WorthPoint
campo-del-cielo-meteorite,17.2 Grams NEW CAMPO DEL CIELO METEORITE Polished + Certificate Of Authenticity,13.49,2025-10-03,17.2,0.78,WorthPoint
campo-del-cielo-meteorite,10.48 Gm Quality Campo Del Cielo Meteorite C. 1576 - Exact Lot 1002,15.5,2025-10-03,10.48,1.48,WorthPoint
campo-del-cielo-meteorite,"35.07 Gram Campo Del Cielo Argentina Meteorite, Iron From Outer Space # ME 582 B",31,2025-10-03,35.07,0.88,WorthPoint
campo-del-cielo-meteorite,6.31 Grams NEW CAMPO DEL CIELO METEORITE Polished Charm Pendant For A Necklace,9.49,2025-10-02,6.31,1.5,WorthPoint
campo-del-cielo-meteorite,13 Grams CAMPO DEL CIELO METEORITE Polished Charm Pendant For A Necklace + COA,11.99,2025-10-02,13,0.92,WorthPoint
campo-del-cielo-meteorite,7.86 Grams CAMPO DEL CIELO METEORITE Polished Charm Pendant For A Necklace,9.99,2025-10-02,7.86,1.27,WorthPoint
campo-del-cielo-meteorite,25.7 Grams All 8 CAMPO Del CIELO METEORITES Polished Charms Pendants With A COA,23.99,2025-10-02,25.7,0.93,WorthPoint
campo-del-cielo-meteorite,25.5 Grams All 8 CAMPO Del CIELO METEORITES Polished Charms Pendants With A COA,21.99,2025-10-02,25.5,0.86,WorthPoint
campo-del-cielo-meteorite,Meteorite Campo Del Cielo Strike Iron Nickle Argentina 5.6 Grams U26,8.99,2025-10-01,5.6,1.61,WorthPoint
campo-del-cielo-meteorite,302 Gm Campo Del Cielo Polished & Tumbled Meteorite .7 Lb,188.95,2025-09-29,302,0.63,WorthPoint
campo-del-cielo-meteorite,"Authentic Meteorite, Campo Del Cielo, Argentina-Discovered 1576 AD .10 G Crystal",6,2025-09-29,10,0.6,WorthPoint
campo-del-cielo-meteorite,Beautiful 344 Gm Campo Del Cielo Etched Meteorite Slab!!!,305.1,2025-09-26,344,0.89,WorthPoint
campo-del-cielo-meteorite,"""Campo Del Cielo Iron Meteorite From Argentina 1 3/4"""" By 1 1/4"""" 42.3 Grams""",29.99,2025-09-26,42.3,0.71,WorthPoint
campo-del-cielo-meteorite,Meteorites - Iron Meteorite 13.6g Mirror Polished Slice,19.95,2025-09-25,13.6,1.47,WorthPoint
campo-del-cielo-meteorite,Beautiful Thick Slice Of Campo Del Cielo Meteorite Slab 776 Gms 1.7 Lbs,494.1,2025-09-24,776,0.64,WorthPoint
campo-del-cielo-meteorite,1044 Gm CAMPO DEL CIELO METEORITE BEAUTIFUL LG MUSEUM GRADE 2.3 LBS STABILIZED,525,2025-09-24,1044,0.5,WorthPoint
campo-del-cielo-meteorite,10.9 Grams CAMPO DEL CIELO Iron METEORITE Fell In Argentina!,26,2025-09-21,10.9,2.39,WorthPoint
campo-del-cielo-meteorite,20.7 Grams CAMPO DEL CIELO Iron METEORITE Fell In Argentina!,32,2025-09-21,20.7,1.55,WorthPoint
campo-del-cielo-meteorite,International Numismatic Bureau Meteorite Campo Del Cielo Argentina (x2) -A,19.99,2025-09-20,,,WorthPoint
campo-del-cielo-meteorite,X260-23) 4.6g Campo Del Cielo Meteorite Natural Shape Space Pendant Iron Nickel,34.99,2025-09-19,4.6,7.61,WorthPoint
campo-del-cielo-meteorite,"Lot Of 81 Authentic Space Meteorite: Campo Del Cielo, Argentina - Circa 2200 BC",9,2025-09-19,,,WorthPoint
campo-del-cielo-meteorite,1122 Gm. Campo Del Cielo Meteorite Aaa Grade!! Beautiful 2.45 Pounds; Cheap!,610,2025-09-18,1122,0.54,WorthPoint
campo-del-cielo-meteorite,1734 GM. CAMPO DEL CIELO METEORITE B GD 3.8 Lbs. INEXPENSIVE CLEANED SILICATE,899,2025-09-18,1734,0.52,WorthPoint
campo-del-cielo-meteorite,1656 Gm. New Campo Del Cielo Meteorite ; B Grade!! Beautiful; 3.64 Pounds; Cheap,895.5,2025-09-18,1656,0.54,WorthPoint
campo-del-cielo-meteorite,Beautiful 2092 Gm. Campo Del Cielo Meteorite 4.6 # Quarter Cut,989.1,2025-09-18,2092,0.47,WorthPoint
campo-del-cielo-meteorite,Beautiful 975 Gm. Etched Campo Del Cielo Meteorite Triple Cut,863.1,2025-09-18,975,0.89,WorthPoint
campo-del-cielo-meteorite,1234 GM. CAMPO DEL CIELO METEORITE B+ GRADE LARGE METEORITE 2.7 Lbs. CLEANED,719.1,2025-09-18,1234,0.58,WorthPoint
campo-del-cielo-meteorite,‚ú∞ Iron Stone Meteorite Tektite Fragment Lot Asteroid Meteor Space Comet Rock 3g,14.99,2025-09-18,3,5,WorthPoint
campo-del-cielo-meteorite,Meteorites - Iron Meteorite 36.1g Mirror Polished Slice,42.95,2025-09-17,36.1,1.19,WorthPoint
campo-del-cielo-meteorite,Meteorites - 17.7g Campo Del Cielo Small Pieces Specimen Vial,17.95,2025-09-17,17.7,1.01,WorthPoint
campo-del-cielo-meteorite,Meteorites - Iron Meteorite 14.3g Mirror Polished Slice,19.95,2025-09-17,14.3,1.4,WorthPoint
campo-del-cielo-meteorite,Vintage 1975 Folk Art Welders Belt Buckle /w Meteorites One Of A Kind Pl. Read,240,2025-09-17,,,WorthPoint
campo-del-cielo-meteorite,Campo Del Cielo Iron Meteorite Specimen SHOOTING STAR W/ Display Case & ID Card,8.98,2025-09-16,,,WorthPoint
campo-del-cielo-meteorite,68.3 Grams NEW CAMPO DEL CIELO METEORITE Polished + Certificate Of Authenticity,55.99,2025-09-16,68.3,0.82,WorthPoint
campo-del-cielo-meteorite,Authentic Space Meteorite,7.11,2025-09-16,,,WorthPoint
campo-del-cielo-meteorite,‚óè(1 Pc) Authentic Real Meteorite Space Rock Campo Del Cielo Argentina 1576 ADINB,6.99,2025-09-15,,,WorthPoint
campo-del-cielo-meteorite,Meteorites - Iron Meteorite 23.5g Mirror Polished Slice - Pendant,32.95,2025-09-15,23.5,1.4,WorthPoint
campo-del-cielo-meteorite,Meteorites - 15.0g Campo Del Cielo Small Pieces Specimen Vial,14.95,2025-09-15,15,1,WorthPoint
campo-del-cielo-meteorite,Campo Del Cielo Iron Meteorite Fragment (Argentina) W/ Wooden Desktop Plaque,49.99,2025-09-14,,,WorthPoint
campo-del-cielo-meteorite,83.90 Gram - Campo Del Cielo - Iron Meteorite Crystal - Found In Argentina,83,2025-09-13,83.9,0.99,WorthPoint
campo-del-cielo-meteorite,"Meteorite, Campo Del Cielo Authentic Iron-nickel Specimen (45 Grams)",45,2025-09-13,45,1,WorthPoint
campo-del-cielo-meteorite,2 SLICES CAMPO DEL CIELO METEORITE SLABS 452 GMS And 718 GMS.,500,2025-09-13,452,1.11,WorthPoint
campo-del-cielo-meteorite,4 Authentic Real Meteorite Space Rock Campo Del Cielo Meteor Shower Argentina,24.99,2025-09-13,,,WorthPoint
campo-del-cielo-meteorite,4.37 Grams CAMPO DEL CIELO METEORITE Polished Charm Pendant For A Necklace + COA,6.99,2025-09-13,4.37,1.6,WorthPoint
campo-del-cielo-meteorite,Authentic Space Meteorite In Display Case,25.52,2025-09-12,,,WorthPoint
campo-del-cielo-meteorite,67.9 Grams NEW CAMPO DEL CIELO METEORITE Polished + Certificate Of Authenticity,53.99,2025-09-11,67.9,0.8,WorthPoint
campo-del-cielo-meteorite,Campo Del Cielo Iron Nickel Meteorite Argentina 3.64 Grams,12.75,2025-09-11,3.64,3.5,WorthPoint
campo-del-cielo-meteorite,Campo Del Cielo Iron Nickel Meteorite Argentina 5.75 Grams,12.75,2025-09-11,5.75,2.22,WorthPoint
campo-del-cielo-meteorite,4.0g Campo Del Cielo Iron Nickel Meteorite ‚Äì Real Space Rock Asteroid Fragment,14.94,2025-09-10,4,3.74,WorthPoint
campo-del-cielo-meteorite,LOT OF CAMPO DEL CIELO METEORITE -Argentina* In Hard Case,15.5,2025-09-10,,,WorthPoint
campo-del-cielo-meteorite,17.6 Grams NEW CAMPO DEL CIELO METEORITE Polished + Certificate Of Authenticity,13.49,2025-09-10,17.6,0.77,WorthPoint
campo-del-cielo-meteorite,16.6 Grams NEW CAMPO DEL CIELO METEORITE Polished + Certificate Of Authenticity,12.49,2025-09-10,16.6,0.75,WorthPoint
campo-del-cielo-meteorite,5.24 Grams CAMPO DEL CIELO METEORITE Polished Charm Pendant For A Necklace + COA,6.99,2025-09-09,5.24,1.33,WorthPoint
campo-del-cielo-meteorite,6.00 Grams CAMPO DEL CIELO Iron METEORITE Fell In Argentina!,6.99,2025-09-09,6,1.17,WorthPoint
campo-del-cielo-meteorite,Meteorite And Display Cube 8.2 Gram Genuine Campo Del Cielo Meteorite With COA,32.99,2025-09-08,8.2,4.02,WorthPoint
campo-del-cielo-meteorite,125 Gm LOT OF CAMPO DEL CIELO METEORITE CRYSTALS 3-5 GMS IN SIZE 1/8 KILO JAL,61.75,2025-09-08,125,0.49,WorthPoint
campo-del-cielo-meteorite,Set Of 4 Authentic Space Meteorites - Campo Del Cielo - Argentina ~2200 BC,15,2025-09-08,,,WorthPoint
campo-del-cielo-meteorite,17.0 Grams CAMPO DEL CIELO Iron METEORITE Fell In Argentina!,12.99,2025-09-08,17,0.76,WorthPoint
campo-del-cielo-meteorite,Meteorite Campo Del Cielo Strike Iron Nickel Argentina 8.8 Grams I70,11.87,2025-09-07,8.8,1.35,WorthPoint
campo-del-cielo-meteorite,Meteorite Campo Del Cielo Strike Iron Nickel Argentina 9.4 Grams I96,13.19,2025-09-07,9.4,1.4,WorthPoint
campo-del-cielo-meteorite,INDIVIDUAL BEAUTIFUL LARGE 101g CAMPO DEL CIELO IRON METEORITE FRAGMENT!,92,2025-09-07,101,0.91,WorthPoint
campo-del-cielo-meteorite,500 Gm LOT OF CAMPO DEL CIELO METEORITE CRYSTALS 15-20 GMS IN SIZE 1/2 KILO JAL,251.75,2025-09-06,500,0.5,WorthPoint
campo-del-cielo-meteorite,Iron Meteorite ~ Sculpted Campo Del Cielo With Holes!!!,24.99,2025-09-06,,,WorthPoint
campo-del-cielo-meteorite,462 Gm Campo Del Cielo Meteorite 1 Lb,260,2025-09-06,462,0.56,WorthPoint
campo-del-cielo-meteorite,"Campo Del Cielo Meteorite Display Label, Aluminum",6.5,2025-09-06,,,WorthPoint
campo-del-cielo-meteorite,1082 Gm. Campo Del Cielo Meteorite B Grade 2.4 Lbs. Cheap Silicate Cleaned,629.1,2025-09-06,1082,0.58,WorthPoint
campo-del-cielo-meteorite,Meteorites - Iron Meteorite 56.9g Mirror Polished Slice,54.95,2025-09-05,56.9,0.97,WorthPoint
campo-del-cielo-meteorite,Iron Meteorite ~ Sculpted Campo Del Cielo,7.99,2025-09-05,,,WorthPoint
campo-del-cielo-meteorite,10.00 Gram - Campo Del Cielo - Iron Meteorite Pendant - From Argentina,25,2025-09-05,10,2.5,WorthPoint
campo-del-cielo-meteorite,5.6g Campo Del Cielo Iron Nickel Meteorite Piece Meteor Space Rock Asteroid 0013,17.35,2025-09-05,5.6,3.1,WorthPoint
campo-del-cielo-meteorite,ONE Campo Del Cielo Meteorite - Genuine Iron Nickel Meteorite From Argentina,12,2025-09-04,,,WorthPoint
campo-del-cielo-meteorite,"31.59 Gram Campo Del Cielo Argentina Meteorite, Iron From Outer Space # ME 598 B",25,2025-09-03,31.59,0.79,WorthPoint
campo-del-cielo-meteorite,"METEORITE NECKLACE, IRON NICKEL, CAMPO Del CIELO, SPACE ROCK #4028",19.95,2025-09-03,,,WorthPoint
campo-del-cielo-meteorite,LARGE 1650g CAMPO DEL CIELO METEORITE! 3.5LB! 4 Billion Years Old!!,650,2025-09-03,1650,0.39,WorthPoint
campo-del-cielo-meteorite,1394 Gm CAMPO DEL CIELO METEORITE BEAUTIFUL AAA GRADE METEORITE 3.1 POUNDS,1529.1,2025-09-02,1394,1.1,WorthPoint
campo-del-cielo-meteorite,MUSEUM QUALITY HUGE 50 Lb CAMPO DEL CIELO IRON METEORITE COVERED IN THUMBPRINTS!,16000,2025-09-02,,,WorthPoint
campo-del-cielo-meteorite,436 Gm CAMPO DEL CIELO METEORITE BEAUTIFUL AA GRADE METEORITE .95 POUNDS,476.1,2025-09-02,436,1.09,WorthPoint
campo-del-cielo-meteorite,Campo Del Cielo Meteorite Kamacite Crystal 53.6 Grams,25,2025-09-02,53.6,0.47,WorthPoint
campo-del-cielo-meteorite,"78.89 Gram Campo Del Cielo Argentina Meteorite, Iron From Outer Space # ME 681 C",64,2025-09-02,78.89,0.81,WorthPoint
campo-del-cielo-meteorite,"Meteorite, Campo Del Cielo Authentic Iron-nickel Specimen (34.3 Grams)",34.3,2025-09-01,34.3,1,WorthPoint
campo-del-cielo-meteorite,"(2) 1576 METEORITE Slabbed Campo Del Cielo Meteor Space Rocks, Qty 2",20,2025-09-01,,,WorthPoint
campo-del-cielo-meteorite,"Meteorite**NWA Unc.**57.40, Beautiful Ordinary Chondrite!! Partial Oriented!!",11.5,2025-09-01,,,WorthPoint
campo-del-cielo-meteorite,290 Gm. Campo Del Cielo Meteorite ; B Grade!! .63 Pounds; Cheap!! Cheap!!,269.1,2025-08-31,290,0.93,WorthPoint
campo-del-cielo-meteorite,Authentic Campo Del Cielo Meteorite In Case-3 Grams,11.95,2025-08-30,3,3.98,WorthPoint
campo-del-cielo-meteorite,Campo Del Cielo Meteorite - 25.17 Kilograms,7500,2025-08-29,,,WorthPoint
campo-del-cielo-meteorite,"Campo Del Cielo Meteorite - 4,800 Grams",5500,2025-08-29,800,6.88,WorthPoint
campo-del-cielo-meteorite,"Campo Del Cielo Meteorite Sphere - 2,896.1 Grams",9375,2025-08-29,896.1,10.46,WorthPoint
campo-del-cielo-meteorite,Campo Del Cielo Meteorite - 15.87 Kilograms,6562.5,2025-08-29,,,WorthPoint
campo-del-cielo-meteorite,"Campo Del Cielo Meteorite - 1,673.4 Grams",2500,2025-08-29,673.4,3.71,WorthPoint
campo-del-cielo-meteorite,1000 GRS LOT OF CAMPO DEL CIELO METEORITE CRYSTALS FROM 20-30 Gm IN SIZE,498.75,2025-08-29,1000,0.5,WorthPoint
campo-del-cielo-meteorite,"236.55 G - Miscellaneous Iron Meteorite Slices - UGLY, NEED RE-POLISH/ETCH",236,2025-08-29,236.55,1,WorthPoint
campo-del-cielo-meteorite,"156.83 G - Miscellaneous Iron Meteorite Slices - UGLY, NEED RE-POLISH/ETCH",156.83,2025-08-29,156.83,1,WorthPoint
campo-del-cielo-meteorite,Lot Of FIVE! Small Campo Del Cielo Meteorites 100% Authentic 7.8gr,16.99,2025-08-28,7.8,2.18,WorthPoint
campo-del-cielo-meteorite,Beautiful 304 Gm Campo Del Cielo Polished & Tumbled Etched Meteorite,269.95,2025-08-28,304,0.89,WorthPoint
campo-del-cielo-meteorite,About 52.5 Grams Authentic NEW CAMPO DEL CIELO METEORITE,42.99,2025-08-28,52.5,0.82,WorthPoint
campo-del-cielo-meteorite,"32.95 Gram Campo Del Cielo Argentina Meteorite, Iron From Outer Space # ME 648 B",24.75,2025-08-28,32.95,0.75,WorthPoint
campo-del-cielo-meteorite,About 32.82 Grams Authentic CAMPO DEL CIELO METEORITE,29.95,2025-08-28,32.82,0.91,WorthPoint
campo-del-cielo-meteorite,31.6 Grams All 8 CAMPO Del CIELO METEORITES Polished Charms Pendants With A COA,25.99,2025-08-26,31.6,0.82,WorthPoint
campo-del-cielo-meteorite,Dealer Lot! Highest Quality Ever! New Campo Meteorite Shattered Crystals 1 Kilo,450,2025-08-26,,,WorthPoint
campo-del-cielo-meteorite,"Muonionalusta Meteorite Triangle In A Display Box, From Sweden",69.99,2025-08-25,,,WorthPoint
campo-del-cielo-meteorite,"Muonionalusta Meteorite Square In A Display Box, From Sweden",49.99,2025-08-25,,,WorthPoint
campo-del-cielo-meteorite,5.38 Grams CAMPO DEL CIELO Iron METEORITE Fell In Argentina!,6.99,2025-08-25,5.38,1.3,WorthPoint
campo-del-cielo-meteorite,Meteorites -Campo Del Cielo Iron Meteorite 48.6g Unfinished Slices Lot Of 8,60.75,2025-08-24,48.6,1.25,WorthPoint
campo-del-cielo-meteorite,23.5 Grams CAMPO DEL CIELO METEORITE Polished + Certificate Of Authenticity,18.99,2025-08-24,23.5,0.81,WorthPoint
campo-del-cielo-meteorite,"Campo Del Cielo Meteorite Specimens, Lot Of Ten, 126 Grams, Astronomy Gift",126,2025-08-24,126,1,WorthPoint
campo-del-cielo-meteorite,Meteorite Lot - See Description For Details,25,2025-08-23,,,WorthPoint
campo-del-cielo-meteorite,Authentic Space Meteorite- Campo Del Cielo Argentina 2200 BC,5.55,2025-08-23,,,WorthPoint
campo-del-cielo-meteorite,200 Gm. Campo Del Cielo Meteorite A Grade! .44 Pound Cleaned Baby Campo Cheap,206.1,2025-08-22,200,1.03,WorthPoint
campo-del-cielo-meteorite,8.41 Grams CAMPO DEL CIELO Iron METEORITE Fell In Argentina!,9.99,2025-08-19,8.41,1.19,WorthPoint
campo-del-cielo-meteorite,Meteorites - Iron Meteorite 23.2g Mirror Polished Slice - Pendant,32.95,2025-08-18,23.2,1.42,WorthPoint
campo-del-cielo-meteorite,MUSEUM QUALITY METEORITE- From Campo Del Cielo Meteorite- HUGE 37.8 POUNDS!,8600,2025-08-18,,,WorthPoint
campo-del-cielo-meteorite,Lg 1006 Gm Campo Del Cielo Meteorite Museum Collectors Grade 2.2 Lbs,1165.5,2025-08-18,1006,1.16,WorthPoint
campo-del-cielo-meteorite,148 GM. Canyon Diablo METEORITE AAA GRADE!! BEAUTIFUL BABY METEORITE; .33#,179.1,2025-08-17,148,1.21,WorthPoint
campo-del-cielo-meteorite,SLICE CAMPO DEL CIELO METEORITE SLAB 292 GMS 5-6 Mm Thick .64 LB,224.95,2025-08-17,292,0.77,WorthPoint
campo-del-cielo-meteorite,Meteorite And Display Cube 6.4 Gram Genuine Campo Del Cielo Meteorite With COA,29.99,2025-08-17,6.4,4.69,WorthPoint
campo-del-cielo-meteorite,Campo Del Cielo - Space Coin - Cut From A Meteorite - Super Cool Item - RARE,51.99,2025-08-17,,,WorthPoint
campo-del-cielo-meteorite,4.97 Grams CAMPO DEL CIELO METEORITE Polished Charm Pendant For A Necklace + COA,5.99,2025-08-17,4.97,1.21,WorthPoint
campo-del-cielo-meteorite,Campo Del Cielo Iron Meteorite From Space Found In Argentina,13.99,2025-08-17,,,WorthPoint
campo-del-cielo-meteorite,Genuine Meteorite Speciman,10,2025-08-16,,,WorthPoint
campo-del-cielo-meteorite,About 36.14 Grams Authentic NEW CAMPO DEL CIELO METEORITE,28.99,2025-08-16,36.14,0.8,WorthPoint
campo-del-cielo-meteorite,Campo Del Cielo Meteorite Coarse Iron Octahedrite 405 Grams Found 1576,80,2025-08-16,405,0.2,WorthPoint
campo-del-cielo-meteorite,500 Gm LOT OF CAMPO DEL CIELO METEORITE CRYSTALS 1-3 GMS IN SIZE LOW PRICE JAL,256.5,2025-08-15,500,0.51,WorthPoint
campo-del-cielo-meteorite,5.11 Grams CAMPO DEL CIELO METEORITE Polished Charm Pendant For A Necklace + COA,6.99,2025-08-15,5.11,1.37,WorthPoint
campo-del-cielo-meteorite,6.69 Grams~Iron METEORITE VARIETY~ Whole Pieces In Gift Jar~Cosmic Keepsake!,14.99,2025-08-15,6.69,2.24,WorthPoint
campo-del-cielo-meteorite,"Campo Del Cielo, Argentina Meteorite 84 Grams With Certificate Of Authenticity",79.25,2025-08-15,84,0.94,WorthPoint
campo-del-cielo-meteorite,SUPERB 449g CAMPO DEL CIELO IRON METEORITE COVERED IN THUMBPRINTS! GREAT SHAPE!,489,2025-08-15,449,1.09,WorthPoint
campo-del-cielo-meteorite,23.3 Grams NEW CAMPO DEL CIELO METEORITE Polished + Certificate Of Authenticity,16.99,2025-08-14,23.3,0.73,WorthPoint
campo-del-cielo-meteorite,290 Gm. Campo Del Cielo Meteorite Aaa Grade!! Beautiful Baby Meteorite; .63#,314.1,2025-08-14,290,1.08,WorthPoint
campo-del-cielo-meteorite,Large Iron Nickel Meteorite Campo Big Piece 2850 Grams 001 Astro Space Rock,499,2025-08-14,2850,0.18,WorthPoint
campo-del-cielo-meteorite,Large Iron Nickel Meteorite Campo Big Piece 3050 Grams 003 Astro Space Rock,499,2025-08-14,3050,0.16,WorthPoint
campo-del-cielo-meteorite,Large Iron Nickel Meteorite Campo Big Piece 252 Grams 002 Astro Space Rock,130,2025-08-14,252,0.52,WorthPoint
campo-del-cielo-meteorite,Authentic Meteorite Space Rock,31.05,2025-08-14,,,WorthPoint
campo-del-cielo-meteorite,250 GRS LOT OF CAMPO DEL CIELO METEORITE CRYSTALS FROM 50-100 Gm IN SIZE,128.25,2025-08-12,250,0.51,WorthPoint
campo-del-cielo-meteorite,4.76 Gram - Campo Del Cielo - Iron Meteorite Pendant - From Argentina,20,2025-08-12,4.76,4.2,WorthPoint
campo-del-cielo-meteorite,Rare Old Meteorite Collection Black Friday Gift Deal Sale Old Bible God Star Lot,14.99,2025-08-12,,,WorthPoint
campo-del-cielo-meteorite,1586 Gm. Campo Del Cielo Meteorite Museum Grade 3.5lbs. Stand Jal Ablation Cav,1799.1,2025-08-11,1586,1.13,WorthPoint
campo-del-cielo-meteorite,SUPER SHAPE! BEAUTIFUL LARGE 572g CAMPO DEL CIELO IRON METEORITE FRAGMENT!,545,2025-08-11,572,0.95,WorthPoint
campo-del-cielo-meteorite,78.6 Grams NEW CAMPO DEL CIELO METEORITE Polished + Certificate Of Authenticity,60.99,2025-08-11,78.6,0.78,WorthPoint
campo-del-cielo-meteorite,4.62 Grams CAMPO DEL CIELO METEORITE Polished Charm Pendant For A Necklace + COA,6.49,2025-08-11,4.62,1.4,WorthPoint
campo-del-cielo-meteorite,7.8 Kilogram CAMPO DEL CIELO Like METEORITE Replica AAA GRADE LARGE CRATER 17 Lb,121.5,2025-08-11,,,WorthPoint
campo-del-cielo-meteorite,Authentic Campo Del Cielo Meteorite | Certified Space Rock From Argentina,180,2025-08-11,,,WorthPoint
campo-del-cielo-meteorite,36.3 Grams NEW CAMPO DEL CIELO METEORITE Polished + Certificate Of Authenticity,27.99,2025-08-10,36.3,0.77,WorthPoint
campo-del-cielo-meteorite,CAMPO DEL CIELO PENDANT Iron Meteorite Specimen SHOOTING STAR Argentina,31.99,2025-08-10,,,WorthPoint
campo-del-cielo-meteorite,CAMPO DEL CIELO IRON NICKEL METEORITE 1400 Grams Florida US,590,2025-08-10,1400,0.42,WorthPoint
campo-del-cielo-meteorite,"Campo Del Cielo Iron IAB Meteorite Found In Argentina 1576, 19.63 Grams",25,2025-08-10,19.63,1.27,WorthPoint
campo-del-cielo-meteorite,Campo Del Cielo METEORITE 100% Natural From Argentina 8.6gr,13.99,2025-08-10,8.6,1.63,WorthPoint
campo-del-cielo-meteorite,29.93 Gram Campo Del Cielo Fractured Meteorite Iron Crystal Argentina C38,29.93,2025-08-09,29.93,1,WorthPoint
campo-del-cielo-meteorite,389 Gm. Campo Del Cielo Meteorite ;.85 Lbs,150,2025-08-09,389,0.39,WorthPoint
campo-del-cielo-meteorite,7 Authentic Real Meteorite Space Rock Campo Del Cielo Meteor Shower Argentina,7,2025-08-09,,,WorthPoint
campo-del-cielo-meteorite,50 Gm Campo Del Cielo Meteorite Crystal Great Piece With Stand Jal,47.45,2025-08-08,50,0.95,WorthPoint
campo-del-cielo-meteorite,Authentic Meteorite Pendant Or Necklace...a Falling Star! 3.26,16.99,2025-08-08,,,WorthPoint
campo-del-cielo-meteorite,5.79 Grams CAMPO DEL CIELO METEORITE Polished Charm Pendant For A Necklace + COA,6.99,2025-08-08,5.79,1.21,WorthPoint
campo-del-cielo-meteorite,245 Gm Campo Del Cielo Meteorite ;.86 Lbs,107.5,2025-08-07,245,0.44,WorthPoint
campo-del-cielo-meteorite,9.16 Grams CAMPO DEL CIELO METEORITE Polished Charm Pendant For A Necklace,9.99,2025-08-07,9.16,1.09,WorthPoint
campo-del-cielo-meteorite,660 GM. CAMPO DEL CIELO METEORITE ; MED GRADE! METEORITE! 1.4 LBS. Cheap!!,359.96,2025-08-07,660,0.55,WorthPoint
campo-del-cielo-meteorite,Meteorite And Display Cube 9.0 Gram Genuine Campo Del Cielo Meteorite With COA,32.99,2025-08-06,9,3.67,WorthPoint
campo-del-cielo-meteorite,45.9 Grams All 12 CAMPO Del CIELO METEORITES Polished Charms Pendants With A COA,33.99,2025-08-06,45.9,0.74,WorthPoint
campo-del-cielo-meteorite,790 Gm CAMPO DEL CIELO METEORITE BEAUTIFUL BABY AAA GD METEORITE 1.74 LBS JAL,854.95,2025-08-05,790,1.08,WorthPoint
campo-del-cielo-meteorite,Huge 134 Gm Campo Del Cielo Meteorite Crystal Great Piece W/ Stand .29 Lb Jal,141.55,2025-08-05,134,1.06,WorthPoint
campo-del-cielo-meteorite,(30) Pieces Iron Meteorites 64.1 Grams Campo Del Cielo From Argentina Info Card,52.5,2025-08-05,64.1,0.82,WorthPoint
campo-del-cielo-meteorite,33.8 Grams NEW CAMPO DEL CIELO METEORITE Polished + Certificate Of Authenticity,26.99,2025-08-04,33.8,0.8,WorthPoint
campo-del-cielo-meteorite,27.6 Grams NEW CAMPO DEL CIELO METEORITE Polished + Certificate Of Authenticity,22.99,2025-08-03,27.6,0.83,WorthPoint
campo-del-cielo-meteorite,26.4 Grams CAMPO DEL CIELO METEORITE Polished + Certificate Of Authenticity,21,2025-08-03,26.4,0.8,WorthPoint
campo-del-cielo-meteorite,Iron Nickel Meteorite Campo Del Cielo Flight Orientated !! 174 Grams,174,2025-08-03,174,1,WorthPoint
campo-del-cielo-meteorite,NWA 0869 - L3-6-W1-S3 Chondrite Meteorite - 0869-0590 - 19.44g - COA - Oh Ya!!,19.95,2025-08-02,19.44,1.03,WorthPoint
campo-del-cielo-meteorite,Meteorite Campo Del Cielo Strike Iron Nickle Argentina 5.5 Grams U8,8.99,2025-08-02,5.5,1.63,WorthPoint
campo-del-cielo-meteorite,INDIVIDUAL BEAUTIFUL LARGE 180g CAMPO DEL CIELO IRON METEORITE FRAGMENT!,162,2025-08-02,180,0.9,WorthPoint
campo-del-cielo-meteorite,Gorgeous Chunk Of Genuine Campo Del Cielo Meteorite 30 Grams + Custom Display,59.95,2025-08-02,30,2,WorthPoint
campo-del-cielo-meteorite,Meteorite Collection,522.75,2025-08-02,,,WorthPoint
campo-del-cielo-meteorite,BEAUTIFUL 466 GM CAMPO DEL CIELO POLISHED & TUMBLED ETCHED METEORITE!! Silicate,359.96,2025-08-01,466,0.77,WorthPoint
campo-del-cielo-meteorite,INDIVIDUAL BEAUTIFUL LARGE 83g CAMPO DEL CIELO IRON METEORITE FRAGMENT!,75,2025-08-01,83,0.9,WorthPoint
campo-del-cielo-meteorite,16.9 Grams NEW CAMPO DEL CIELO METEORITE Polished + Certificate Of Authenticity,12.99,2025-08-01,16.9,0.77,WorthPoint
campo-del-cielo-meteorite,Campo Del Cielo - Iron Meteorite - CDC-5063 - 0.50g COA - Nice Crystal Specimen,5.5,2025-08-01,0.5,11,WorthPoint
campo-del-cielo-meteorite,Campo Del Cielo - Iron Meteorite - CDC-4985 - 2.43g COA - Nice Crystal Specimen,24.95,2025-08-01,2.43,10.27,WorthPoint
campo-del-cielo-meteorite,Beautiful 1120 Gm. Campo Del Cielo Meteorite 2.5 # Quarter Cut;,539.1,2025-07-31,1120,0.48,WorthPoint
campo-del-cielo-meteorite,Authentic Meteorite Pendant Or Necklace...a Falling Star! 4.12,16.99,2025-07-31,,,WorthPoint
campo-del-cielo-meteorite,Campo Del Cielo Space Meteorite Slab,27.84,2025-07-31,,,WorthPoint
campo-del-cielo-meteorite,Meteorites - Iron Meteorite 7.6g Mirror Polished Slice,12.95,2025-07-30,7.6,1.7,WorthPoint
campo-del-cielo-meteorite,Meteorites - Iron Meteorite 10.8g Mirror Polished Slice,15.95,2025-07-30,10.8,1.48,WorthPoint
campo-del-cielo-meteorite,5.98 Grams NEW CAMPO DEL CIELO METEORITE Polished Charm Pendant For A Necklace,9.99,2025-07-30,5.98,1.67,WorthPoint
campo-del-cielo-meteorite,77.2 Grams NEW CAMPO DEL CIELO METEORITE Polished + Certificate Of Authenticity,64.99,2025-07-30,77.2,0.84,WorthPoint
campo-del-cielo-meteorite,CAMPO Del Cielo METEORITE 100% Natural From Argentina 8.7gr,14.99,2025-07-30,8.7,1.72,WorthPoint
campo-del-cielo-meteorite,556 Gm CAMPO DEL CIELO METEORITE BEAUTIFUL AAA GRADE METEORITE 1.2 POUNDS JAL,692.1,2025-07-29,556,1.24,WorthPoint
campo-del-cielo-meteorite,30.05 Gram Campo Del Cielo Fractured Meteorite Iron Crystal Argentina C32,30.05,2025-07-29,30.05,1,WorthPoint
campo-del-cielo-meteorite,29.40 Gram Campo Del Cielo Fractured Meteorite Iron Crystal Argentina C56,29.4,2025-07-29,29.4,1,WorthPoint
campo-del-cielo-meteorite,29.8 Grams All 8 CAMPO Del CIELO METEORITES Polished Charms Pendants With A COA,25.49,2025-07-28,29.8,0.86,WorthPoint
campo-del-cielo-meteorite,44.2 Grams All 12 CAMPO Del CIELO METEORITES Polished Charms Pendants With A COA,34.99,2025-07-28,44.2,0.79,WorthPoint
campo-del-cielo-meteorite,5.19 Grams CAMPO DEL CIELO METEORITE Polished Charm Pendant For A Necklace + COA,6.99,2025-07-28,5.19,1.35,WorthPoint
campo-del-cielo-meteorite,Genuine Taoudenni Meteorite ‚Äì Rare Diogenite From Asteroid Belt | Certified,78,2025-07-28,,,WorthPoint
campo-del-cielo-meteorite,3 Grams Of Meteorite From Campo Del Cielo In Argentina üî•üëÄüî•,18.99,2025-07-28,3,6.33,WorthPoint
campo-del-cielo-meteorite,"Lot Of 8, Authentic Space Meteorite- Campo Del Cielo Argentina 2200 BC",21,2025-07-28,,,WorthPoint
campo-del-cielo-meteorite,Lot 0f (8) Authentic Space Meteorites From Campo Del Cielo - Argentina ~2200 BC,45,2025-07-28,,,WorthPoint
campo-del-cielo-meteorite,Lot Of 6 Small Campo Del Cielo Iron Meteorite Crystals 7.18g Total Weight,25,2025-07-28,7.18,3.48,WorthPoint
campo-del-cielo-meteorite,500 GRS LOT OF CAMPO DEL CIELO METEORITE CRYSTALS FROM 5-10 Gm IN SIZE,251.75,2025-07-28,500,0.5,WorthPoint
campo-del-cielo-meteorite,(30) Pieces Iron Meteorites 41.5 Grams Campo Del Cielo From Argentina Info Card,30,2025-07-28,41.5,0.72,WorthPoint
campo-del-cielo-meteorite,Campo Del Cielo Authentic Meteorite Specimen (52.8 Grams),52.8,2025-07-27,52.8,1,WorthPoint
campo-del-cielo-meteorite,Campo Del Cielo Iron Nickel Meteorite Lot Argentina 26.02 Grams,31.27,2025-07-26,26.02,1.2,WorthPoint
campo-del-cielo-meteorite,Campo Del Cielo Iron Nickel Meteorite Lot Argentina 25.24 Grams,31.27,2025-07-26,25.24,1.24,WorthPoint
campo-del-cielo-meteorite,Meteorite Campo Del Cielo Strike Iron Nickel Argentina 5.7 Grams I72,8.99,2025-07-25,5.7,1.58,WorthPoint
campo-del-cielo-meteorite,114 Grams Total And You Get All 9 CAMPO DEL CIELO METEORITES Polished With COA,82.99,2025-07-24,114,0.73,WorthPoint
campo-del-cielo-meteorite,Campo Del Cielo Iron Nickel Meteorite Argentina 3.84 Grams,12.75,2025-07-24,3.84,3.32,WorthPoint
campo-del-cielo-meteorite,NWA 0869 - L3-6-W1-S3 Chondrite Meteorite - 0869-0589 - 19.07g - COA - Oh Ya!!,19.95,2025-07-24,19.07,1.05,WorthPoint
campo-del-cielo-meteorite,Beautiful 612 Gm Campo Del Cielo Etched Meteorite Slab!!!,250,2025-07-23,612,0.41,WorthPoint
campo-del-cielo-meteorite,Lot Of 6 Genuine Authentic Space Meteorite From Campo Del Cielo Meteor Shower,17,2025-07-23,6,2.83,WorthPoint
campo-del-cielo-meteorite,19.5 Grams NEW CAMPO DEL CIELO METEORITE Polished + Certificate Of Authenticity,14.99,2025-07-22,19.5,0.77,WorthPoint
campo-del-cielo-meteorite,Big Lot Of Little Campo Del Cielo METEORITE S 100% Authentic Argentina 18.8gr,20.99,2025-07-22,18.8,1.12,WorthPoint
campo-del-cielo-meteorite,"Authentic Space Meteorite, Campo Del Cielo, C. 2200 BC",8.29,2025-07-22,,,WorthPoint
campo-del-cielo-meteorite,Beautiful 634 Gm Campo Del Cielo Meteorite Quarter Cut 2 Sides,404.1,2025-07-21,634,0.64,WorthPoint
campo-del-cielo-meteorite,117 Grams Total And You Get All 9 CAMPO DEL CIELO METEORITES Polished With COA,83.99,2025-07-21,117,0.72,WorthPoint
campo-del-cielo-meteorite,90.5 Grams NEW CAMPO DEL CIELO METEORITE Polished + Certificate Of Authenticity,69.99,2025-07-21,90.5,0.77,WorthPoint
campo-del-cielo-meteorite,31.64 Gram Campo Del Cielo Fractured Meteorite Iron Crystal Argentina C55,31.64,2025-07-21,31.64,1,WorthPoint
campo-del-cielo-meteorite,15.8 Grams CAMPO DEL CIELO METEORITE Pendant M-39,15.99,2025-07-21,15.8,1.01,WorthPoint
campo-del-cielo-meteorite,(3√ó) Campo Del Cielo Space Meteorite AUTHENTIC Slabbed 2200bc,8.74,2025-07-21,,,WorthPoint
campo-del-cielo-meteorite,Campo Del Cielo Authentic Meteorite Specimen (41.3 Grams),36,2025-07-21,41.3,0.87,WorthPoint
campo-del-cielo-meteorite,"Las Palmas, Iron IAB Meteorite, Found In Argentina, 132.89 Grams As Found!",236,2025-07-21,132.89,1.78,WorthPoint
campo-del-cielo-meteorite,"Meteorite, Campo Del Cielo Authentic Iron-nickel Specimen (52.1 Grams)",41.68,2025-07-20,52.1,0.8,WorthPoint
campo-del-cielo-meteorite,59.1 Grams CAMPO DEL CIELO METEORITE Polished With A Certificate Of Authenticity,47.99,2025-07-20,59.1,0.81,WorthPoint
campo-del-cielo-meteorite,16.5 Grams NEW CAMPO DEL CIELO METEORITE Polished + Certificate Of Authenticity,11.99,2025-07-19,16.5,0.73,WorthPoint
campo-del-cielo-meteorite,16.8 Grams NEW CAMPO DEL CIELO METEORITE Polished + Certificate Of Authenticity,12.49,2025-07-19,16.8,0.74,WorthPoint
campo-del-cielo-meteorite,FOUR 25.6 Grams NEW CAMPO DEL CIELO METEORITES - User The_prime_connection Only,12.49,2025-07-19,25.6,0.49,WorthPoint
campo-del-cielo-meteorite,Genuine Space Meteorites From Campo Del Cielo Meteor Shower Argentina In Case,5.75,2025-07-18,,,WorthPoint
campo-del-cielo-meteorite,63 Grams NEW CAMPO DEL CIELO METEORITE Polished + Certificate Of Authenticity,53,2025-07-18,63,0.84,WorthPoint
campo-del-cielo-meteorite,11.35 Grams CAMPO DEL CIELO METEORITE Polished Charm Pendant For A Necklace,14.99,2025-07-17,11.35,1.32,WorthPoint
campo-del-cielo-meteorite,Big Lot Of Little Campo Del Cielo Meteorites 100% Authentic Argentina 19.5gr,20.99,2025-07-17,19.5,1.08,WorthPoint
campo-del-cielo-meteorite,1000 GRS LOT OF CAMPO DEL CIELO METEORITE CRYSTALS FROM 5-10 Gm IN SIZE,498.75,2025-07-17,1000,0.5,WorthPoint
campo-del-cielo-meteorite,596 Gm. Campo Del Cielo Meteorite ; Museum Grade!! Beautiful Baby Campo 1.3 Lb,539.1,2025-07-16,596,0.9,WorthPoint
campo-del-cielo-meteorite,"35.51 Gram Campo Del Cielo Argentina Meteorite, Iron From Outer Space # ME 641 B",26.75,2025-07-16,35.51,0.75,WorthPoint
campo-del-cielo-meteorite,7.78 Grams CAMPO DEL CIELO METEORITE Polished Charm Pendant For A Necklace,6.99,2025-07-15,7.78,0.9,WorthPoint
campo-del-cielo-meteorite,"23.7 KG, (52.4lbs) CAMPO DEL CIELO Meteorite ACQUIRED ‚Äú1998‚Äù!",5750,2025-07-15,23700,0.24,WorthPoint
campo-del-cielo-meteorite,104 Gm Campo Del Cielo Meteorite Crystal Great Piece With Stand Jal,103.55,2025-07-15,104,1,WorthPoint
campo-del-cielo-meteorite,48 Gm Campo Del Cielo Meteorite A Grade!! Cheap. Stand,53.95,2025-07-14,48,1.12,WorthPoint
campo-del-cielo-meteorite,SLICE OF CAMPO DEL CIELO METEORITE SLAB 575 GMS STAND; 4 Mm Thick 1.26 Lbs,359.96,2025-07-14,575,0.63,WorthPoint
campo-del-cielo-meteorite,1000 Gm LOT OF CAMPO DEL CIELO METEORITE CRYSTALS 3-5 GMS IN SIZE 1 KILO JAL,498.75,2025-07-14,1000,0.5,WorthPoint
campo-del-cielo-meteorite,98 Grams NEW CAMPO DEL CIELO METEORITE Polished + Certificate Of Authenticity,74.99,2025-07-14,98,0.77,WorthPoint
campo-del-cielo-meteorite,Campo Del Cielo Iron Nickel Meteorite Argentina 4.04 Grams,12.75,2025-07-14,4.04,3.16,WorthPoint
campo-del-cielo-meteorite,18.3 Grams NEW CAMPO DEL CIELO METEORITE Polished + Certificate Of Authenticity,13.49,2025-07-14,18.3,0.74,WorthPoint
campo-del-cielo-meteorite,18.8 Grams NEW CAMPO DEL CIELO METEORITE Polished + Certificate Of Authenticity,13.99,2025-07-14,18.8,0.74,WorthPoint
campo-del-cielo-meteorite,"41.44 Gram Campo Del Cielo Argentina Meteorite, Iron From Outer Space # ME 645 B",31,2025-07-14,41.44,0.75,WorthPoint
campo-del-cielo-meteorite,Mother Lode 10 LBS Gem Mining Rough Space Coast Gem Mining Company,27,2025-07-13,,,WorthPoint
campo-del-cielo-meteorite,Lucky Strike 5 LBS Gem Mining Rough Space Coast Gem Mining Company,15,2025-07-13,,,WorthPoint
campo-del-cielo-meteorite,Authentic Meteorite Specimen Campo Del Cielo Bronze High Relief 50 Mm Medal,105,2025-07-13,,,WorthPoint
campo-del-cielo-meteorite,Authentic Campo Del Cielo Meteorite Authenticated,5.49,2025-07-12,,,WorthPoint
campo-del-cielo-meteorite,11.9 Grams NEW CAMPO DEL CIELO METEORITE Polished + Certificate Of Authenticity,8.99,2025-07-12,11.9,0.76,WorthPoint
campo-del-cielo-meteorite,1148 Gm. Campo Del Cielo Meteorite B Grade 2.5 Lbs Cheap Stand Cleaned,629.96,2025-07-11,1148,0.55,WorthPoint
campo-del-cielo-meteorite,"44.25 Gram Campo Del Cielo Argentina Meteorite, Iron From Outer Space # ME 610 B",33.25,2025-07-10,44.25,0.75,WorthPoint
campo-del-cielo-meteorite,4.46 Grams CAMPO DEL CIELO METEORITE Polished Charm Pendant For A Necklace + COA,5.99,2025-07-10,4.46,1.34,WorthPoint
campo-del-cielo-meteorite,5.97 Grams CAMPO DEL CIELO METEORITE Polished Charm Pendant For A Necklace + COA,6.49,2025-07-10,5.97,1.09,WorthPoint
campo-del-cielo-meteorite,6.55 Grams NEW CAMPO DEL CIELO METEORITE Polished Charm Pendant For A Necklace,9.99,2025-07-10,6.55,1.53,WorthPoint
campo-del-cielo-meteorite,CAMPO Del Cielo METEORITE 100% Natural From Argentina 7.5gr,14.99,2025-07-10,7.5,2,WorthPoint
campo-del-cielo-meteorite,Campo Del Cielo METEORITE 100% Natural From Argentina 7.7gr,15.99,2025-07-10,7.7,2.08,WorthPoint
campo-del-cielo-meteorite,29.11 Gram Campo Del Cielo Fractured Meteorite Iron Crystal Argentina C39,29.11,2025-07-10,29.11,1,WorthPoint
campo-del-cielo-meteorite,30.28 Gram Campo Del Cielo Fractured Meteorite Iron Crystal Argentina C33,30.28,2025-07-10,30.28,1,WorthPoint
campo-del-cielo-meteorite,Meteorite Necklace W/ Chain Campo Del Cielo 2.6 Grams Real Dinosaur Girl COA 41,28.49,2025-07-10,2.6,10.96,WorthPoint
campo-del-cielo-meteorite,27.2 Grams All 8 CAMPO Del CIELO METEORITES Polished Charms Pendants With A COA,23.99,2025-07-10,27.2,0.88,WorthPoint
campo-del-cielo-meteorite,6.42 Grams CAMPO DEL CIELO METEORITE Polished Charm Pendant For A Necklace,5.99,2025-07-10,6.42,0.93,WorthPoint
campo-del-cielo-meteorite,82 Gm Campo Del Cielo Meteorite Crystal Great Piece With Stand Jal,84.55,2025-07-10,82,1.03,WorthPoint
campo-del-cielo-meteorite,151 Gm Campo Del Cielo Meteorite B Grade Low Low Price,120,2025-07-09,151,0.79,WorthPoint
campo-del-cielo-meteorite,Authentic Meteorite Pendant Or Necklace...a Falling Star! 8.85,19.99,2025-07-09,,,WorthPoint
campo-del-cielo-meteorite,Beautiful 474 Gm. Etched Campo Del Cielo Meteorite Triple Cut,314.1,2025-07-09,474,0.66,WorthPoint
campo-del-cielo-meteorite,996 Gm CAMPO DEL CIELO METEORITE BEAUTIFUL AAA GRADE METEORITE 2.2 POUNDS,1075.5,2025-07-08,996,1.08,WorthPoint
campo-del-cielo-meteorite,2pcs Authentic Real Meteorite Space Rock Campo Del Cielo Argentina 1576AD .10g,8.52,2025-07-07,10,0.85,WorthPoint
campo-del-cielo-meteorite,Meteorite And Display Cube 8.7 Gram Genuine Campo Del Cielo Meteorite With COA,32.99,2025-07-07,8.7,3.79,WorthPoint
campo-del-cielo-meteorite,Pair Of Meteorites..nwa & Campo Del Cielo,15.99,2025-07-07,,,WorthPoint
campo-del-cielo-meteorite,Meteorite Necklace W/ Chain Campo Del Cielo 14.1 Grams Real Dinosaur Girl COA 01,32.25,2025-07-05,14.1,2.29,WorthPoint
campo-del-cielo-meteorite,96.8 Grams NEW CAMPO DEL CIELO METEORITE Polished + Certificate Of Authenticity,73.99,2025-07-05,96.8,0.76,WorthPoint
campo-del-cielo-meteorite,ARGENTINA MNH Selections: Scott #2445 Campo Del Cielo Meteorite 3D CV$10+,6.27,2025-07-04,,,WorthPoint
campo-del-cielo-meteorite,Huge 1690 Gm Campo Del Cielo Meteorite Aaa Museum Collectors Grade 3.7 Lbs Jal,2245.5,2025-07-04,1690,1.33,WorthPoint
campo-del-cielo-meteorite,13.1 Grams CAMPO DEL CIELO METEORITE Pendant M-29,13.99,2025-07-04,13.1,1.07,WorthPoint
campo-del-cielo-meteorite,29g Campo Del Cielo Iron-nickel Meteorite Fragment. Argentina. Excellent.,27,2025-07-04,29,0.93,WorthPoint
campo-del-cielo-meteorite,9158 Gm Campo Del Cielo Meteorite Aaa Grade. 20.2 Lbs Sculptured; Jal,7495.5,2025-07-03,9158,0.82,WorthPoint
campo-del-cielo-meteorite,"Meteorite Nugget Specimen Campo Del Cielo, 39.18g, Moving Piece, Astronomy Gift",63.2,2025-07-03,39.18,1.61,WorthPoint
campo-del-cielo-meteorite,Authentic Meteorite Pendant Or Necklace...a Falling Star! 7.65,16.99,2025-07-03,,,WorthPoint
campo-del-cielo-meteorite,944 Gm. Campo Del Cielo Meteorite ; Aa Grade!! 2.1+ Lbs. Strand Cleaned,656.96,2025-07-03,944,0.7,WorthPoint
campo-del-cielo-meteorite,944 Gm. Campo Del Cielo Meteorite ; A Grade!! Beautiful 2.1 Pounds; Cleaned,539.1,2025-07-03,944,0.57,WorthPoint
campo-del-cielo-meteorite,8.51 Grams NEW CAMPO DEL CIELO METEORITE Polished Charm Pendant For A Necklace,9.99,2025-07-02,8.51,1.17,WorthPoint
campo-del-cielo-meteorite,Prospector 2 LBS Gem Mining Rough Space Coast Gem Mining Company,8,2025-07-01,,,WorthPoint
campo-del-cielo-meteorite,Meteorite Campo Del Cielo Strike Iron Nickel Argentina 4.5 Grams I16,8.99,2025-07-01,4.5,2,WorthPoint
campo-del-cielo-meteorite,1522 Gm. New Campo Del Cielo Meteorite A Grade!! Silicate 3.34 Pounds Stand,700,2025-07-01,1522,0.46,WorthPoint
campo-del-cielo-meteorite,Campo Del Cielo Iron Meteorite 32 Grams Met-I-1 Chaco Mexico,28,2025-06-30,32,0.88,WorthPoint
campo-del-cielo-meteorite,"HEFTY, 2368 Gram CAMPO DEL CIELO IRON METEORITE COVERED IN THUMBPRINTS!",1695,2025-06-30,2368,0.72,WorthPoint
campo-del-cielo-meteorite,Campo Del Cielo Meteorite Etched Slice Weight 19.9 Grams 1.75 Inches,30,2025-06-29,19.9,1.51,WorthPoint
campo-del-cielo-meteorite,984 Gm CAMPO DEL CIELO METEORITE AAA GRADE METEORITE 2.2 POUNDS,1079.1,2025-06-29,984,1.1,WorthPoint
campo-del-cielo-meteorite,Slice Campo Del Cielo Meteorite Slab 38 Gms Stand,44.95,2025-06-29,38,1.18,WorthPoint
campo-del-cielo-meteorite,X6 Authentic Space Meteorite - Campo Del Cielo Meteor Shower - Argentina,15.78,2025-06-29,,,WorthPoint
campo-del-cielo-meteorite,Two Authentic Space Meteorite Rocks 2200 BC Campo Del Cielo Meteor Shower,11.87,2025-06-28,,,WorthPoint
campo-del-cielo-meteorite,Campo Del Cielo Meteorite Slice Widmanst√§tten Patterns Argentina COA 6244,39.95,2025-06-28,,,WorthPoint
campo-del-cielo-meteorite,Meteorites - Iron Meteorite 10.2g Mirror Polished Slice,14.95,2025-06-27,10.2,1.47,WorthPoint
campo-del-cielo-meteorite,Massive Meteorite Lot From Private Collector 38+ Samples (New Photos & Details),260,2025-06-27,,,WorthPoint
campo-del-cielo-meteorite,4 Slices; 2 SERICHO Pallasite Meteorite And 2 Campo Del Cielo Meteorites Slices,53.1,2025-06-26,,,WorthPoint
campo-del-cielo-meteorite,LG 5.75X5.25 IN SLICE OF CAMPO DEL CIELO METEORITE SLICE 600 GMS STD; 1.3 Lbs,386.96,2025-06-26,600,0.64,WorthPoint
campo-del-cielo-meteorite,Monstrous 334 Gm Campo Del Cielo Meteorite Crystal W/ Stand .73 Lb,350.55,2025-06-26,334,1.05,WorthPoint
campo-del-cielo-meteorite,4.54 Grams NEW CAMPO DEL CIELO METEORITE Polished Charm Pendant For A Necklace,8.99,2025-06-24,4.54,1.98,WorthPoint
campo-del-cielo-meteorite,30.9 Grams All 8 CAMPO Del CIELO METEORITES Polished Charms Pendants With A COA,25.99,2025-06-24,30.9,0.84,WorthPoint
campo-del-cielo-meteorite,Meteorite Campo Del Cielo Strike Iron Nickel Argentina 6.3 Grams I56,10.22,2025-06-24,6.3,1.62,WorthPoint
campo-del-cielo-meteorite,Lot Of 4 Authentic Meteorites Space Rock Campo Del Cielo Argentina 1576AD Slab,16.5,2025-06-23,,,WorthPoint
campo-del-cielo-meteorite,4 Authentic Space Meteorites ~ Campo Del Cielo Meteor Shower ~argentina ~2200 Bc,24,2025-06-23,,,WorthPoint
campo-del-cielo-meteorite,Campo Del Cielo Meteorite Specimens,42,2025-06-23,,,WorthPoint
campo-del-cielo-meteorite,4.33 Grams CAMPO DEL CIELO METEORITE Polished Charm Pendant For A Necklace + COA,5.99,2025-06-22,4.33,1.38,WorthPoint
campo-del-cielo-meteorite,Campo Del Cielo - Iron Meteorite - CDC-4983 - COA - Crystals Specimen Pendant,14.95,2025-06-22,,,WorthPoint
campo-del-cielo-meteorite,4.11 Grams CAMPO DEL CIELO METEORITE Polished Charm Pendant For A Necklace + COA,5.99,2025-06-21,4.11,1.46,WorthPoint
campo-del-cielo-meteorite,14.05 GM Uruacu Meteorite Fragment Iron Fractured Brazil IAB-MG Crystal RARE A62,29.98,2025-06-21,14.05,2.13,WorthPoint
campo-del-cielo-meteorite,314 Gm. Campo Del Cielo Meteorite ; Aaa Grade!! Beautiful Museum Gd .7 Lbs,296.96,2025-06-21,314,0.95,WorthPoint
campo-del-cielo-meteorite,570 Gm.campo Del Cielo Meteorite ; Aaa Grade!! 1.3 Lbs.;,539.1,2025-06-20,570,0.95,WorthPoint
campo-del-cielo-meteorite,125 GRS LOT OF CAMPO DEL CIELO METEORITE CRYSTALS FROM 5-10 Gm IN SIZE,61.75,2025-06-20,125,0.49,WorthPoint
campo-del-cielo-meteorite,Meteorites - Iron Meteorite 26.8g Mirror Polished Slice,35.95,2025-06-20,26.8,1.34,WorthPoint
campo-del-cielo-meteorite,"One (1) Authentic Meteorite,in Collectors Felt Bag With Magnifying Case,and COA",8,2025-06-20,,,WorthPoint
campo-del-cielo-meteorite,864 Gm CAMPO DEL CIELO METEORITE BEAUTIFUL LG MUSEUM GD METEORITE 1.9 LBS JAL,1165.5,2025-06-20,864,1.35,WorthPoint
campo-del-cielo-meteorite,"Meteorite Specimen Campo Del Cielo, 104.54g, Space Gift, COA, Astronomy Gift",140,2025-06-19,104.54,1.34,WorthPoint
campo-del-cielo-meteorite,NWA 0869 - L3-6-W1-S3 Chondrite Meteorite - 0869-0588 - 10.40g - COA - Oriented,9.95,2025-06-19,10.4,0.96,WorthPoint
campo-del-cielo-meteorite,Beautiful 164 Gm Campo Del Cielo Polished & Tumbled Meteorite!!,107.96,2025-06-18,164,0.66,WorthPoint
campo-del-cielo-meteorite,186 Gm Campo Del Cielo Meteorite A Grade .41 Lbs. Stand Cleaned,179.1,2025-06-18,186,0.96,WorthPoint
campo-del-cielo-meteorite,400 Gm. Campo Del Cielo Meteorite ; A Aa Grade! Gorgeous Baby Campo Meteorite,449.96,2025-06-18,400,1.12,WorthPoint
campo-del-cielo-meteorite,Authentic Meteorite Pendant Or Necklace...a Falling Star! 6.30,16.99,2025-06-17,,,WorthPoint
campo-del-cielo-meteorite,20.3 Grams NEW CAMPO DEL CIELO METEORITE Polished + Certificate Of Authenticity,14.99,2025-06-17,20.3,0.74,WorthPoint
campo-del-cielo-meteorite,27.6 Grams All 8 CAMPO Del CIELO METEORITES Polished Charms Pendants With A COA,23.99,2025-06-17,27.6,0.87,WorthPoint
campo-del-cielo-meteorite,31.1 Grams All 8 CAMPO Del CIELO METEORITES Polished Charms Pendants With A COA,24.99,2025-06-17,31.1,0.8,WorthPoint
campo-del-cielo-meteorite,2210 Gm CAMPO DEL CIELO METEORITE ; AAA GRADE 4.86+ Lbs.; Beautiful Lg.meteorite,1795.5,2025-06-17,2210,0.81,WorthPoint
campo-del-cielo-meteorite,Campo Del Cielo Meteorite Etched Slice Weight 27.3 Grams 1.5 Inches,41,2025-06-16,27.3,1.5,WorthPoint
campo-del-cielo-meteorite,Beautiful 282 Gm Campo Del Cielo Polished & Tumbled Et Meteorite .62 Lb,179.1,2025-06-16,282,0.64,WorthPoint
campo-del-cielo-meteorite,"Authentic Meteorite Campo Del Cielo, Diamond Crystal #4 In All",15,2025-06-16,,,WorthPoint
campo-del-cielo-meteorite,104 Grams NEW CAMPO DEL CIELO METEORITE Polished + Certificate Of Authenticity,74.99,2025-06-16,104,0.72,WorthPoint
campo-del-cielo-meteorite,14.3 Grams CAMPO DEL CIELO METEORITE Polished Charm Pendant For A Necklace,11.99,2025-06-15,14.3,0.84,WorthPoint
campo-del-cielo-meteorite,Small Meteorite Specimen Campo Del Cielo In Case,9.99,2025-06-15,,,WorthPoint
campo-del-cielo-meteorite,10.46kg Campo Del Cielo Iron Meteorite,5520,2025-06-15,10460,0.53,WorthPoint
campo-del-cielo-meteorite,Liberia - 2022 Allasite Meteorite - Stamp Souvenir Sheet - LIB220302b1,11.9,2025-06-14,,,WorthPoint
campo-del-cielo-meteorite,Beautiful 402 Gm. Etched Campo Del Cielo Meteorite Sculptural Multi Cut .9 Lbs,314.1,2025-06-13,402,0.78,WorthPoint
campo-del-cielo-meteorite,"32.60 Gram Campo Del Cielo Argentina Meteorite, Iron From Outer Space # ME 547 B",24.5,2025-06-12,32.6,0.75,WorthPoint
campo-del-cielo-meteorite,500 GM LOT OF CAMPO DEL CIELO METEORITE CRYSTALS FROM 15-20 Gm IN SIZE,251.75,2025-06-12,500,0.5,WorthPoint
campo-del-cielo-meteorite,"Meteorite Specimen Campo Del Cielo, 38.49 Grams, Iron Meteorite, Astronomy Gift",53.6,2025-06-12,38.49,1.39,WorthPoint
campo-del-cielo-meteorite,NWA 0869 - L3-6-W1-S3 Chondrite Meteorite - 0869-0586 - 7.91g - COA - Oriented,9.95,2025-06-10,7.91,1.26,WorthPoint
campo-del-cielo-meteorite,INDIVIDUAL BEAUTIFUL LARGE 80g CAMPO DEL CIELO IRON METEORITE FRAGMENT!,72,2025-06-10,80,0.9,WorthPoint
campo-del-cielo-meteorite,Meteorites - Iron Meteorite 4.5g Mirror Polished Slice,10.95,2025-06-10,4.5,2.43,WorthPoint
campo-del-cielo-meteorite,19.2 Grams NEW CAMPO DEL CIELO METEORITE Polished + Certificate Of Authenticity,14.99,2025-06-10,19.2,0.78,WorthPoint
campo-del-cielo-meteorite,Meteorite Lot 1,24.99,2025-06-09,,,WorthPoint
campo-del-cielo-meteorite,Meteorite Campo Del Cielo Strike Iron Nickel Argentina 9.1 Grams I67,12.53,2025-06-09,9.1,1.38,WorthPoint
campo-del-cielo-meteorite,Meteorite Campo Del Cielo Strike Iron Nickle Argentina 2.9 Grams U22,8.99,2025-06-09,2.9,3.1,WorthPoint
campo-del-cielo-meteorite,11.4 Grams NEW CAMPO DEL CIELO METEORITE Polished + Certificate Of Authenticity,8.29,2025-06-09,11.4,0.73,WorthPoint
campo-del-cielo-meteorite,Beautiful 390 Gm. Campo Del Cielo Meteorite .85 Lb Sculptural Cut 6 Sides,251.95,2025-06-09,390,0.65,WorthPoint
campo-del-cielo-meteorite,129 Gm. Campo Del Cielo Meteorite Aaa Grade .28+ Lbs. Std Cleaned Polished Jal,152.95,2025-06-09,129,1.19,WorthPoint
campo-del-cielo-meteorite,Campo Del Cielo METEORITE 100% Natural From Argentina 7.1gr,15.99,2025-06-09,7.1,2.25,WorthPoint
campo-del-cielo-meteorite,Campo Del Cielo Meteorite Etched Full Slice Weight 146.8 Grams 6.5 Inches,187,2025-06-08,146.8,1.27,WorthPoint
campo-del-cielo-meteorite,24.2 Grams NEW CAMPO DEL CIELO METEORITE Polished + Certificate Of Authenticity,19.99,2025-06-08,24.2,0.83,WorthPoint
campo-del-cielo-meteorite,16 Grams NEW CAMPO DEL CIELO METEORITE Polished + Certificate Of Authenticity,11.99,2025-06-07,16,0.75,WorthPoint
campo-del-cielo-meteorite,52 Gram Campo Del Cielo Argentina Iron Meteorite From Outer Space,39,2025-06-07,52,0.75,WorthPoint
campo-del-cielo-meteorite,19 Grams NEW CAMPO DEL CIELO METEORITE Polished + Certificate Of Authenticity,14.99,2025-06-06,19,0.79,WorthPoint
campo-del-cielo-meteorite,Meteorites - Iron Meteorite 4.7g Mirror Polished Slice,10.95,2025-06-06,4.7,2.33,WorthPoint
campo-del-cielo-meteorite,NWA 0869 - L3-6-W1-S3 Chondrite Meteorite - 0869-0587 - 9.40g - COA - Oriented,9.95,2025-06-06,9.4,1.06,WorthPoint
campo-del-cielo-meteorite,548 G Or 1.3 Lbs Campo Del Cielo Iron Meteorite,399.99,2025-06-04,548,0.73,WorthPoint
campo-del-cielo-meteorite,Meteorites - Iron Meteorite 85.1g Mirror Polished Slices Lot Of 10 Specimens,106.35,2025-06-03,85.1,1.25,WorthPoint
campo-del-cielo-meteorite,37 Gm Campo Del Cielo Meteorite Crystal Great Piece With Stand Jal,37.95,2025-06-03,37,1.03,WorthPoint
campo-del-cielo-meteorite,"Fabulous Toluca Meteorite, Complete Individual, Over 800 Grams, Rare Meteorite",600,2025-06-02,800,0.75,WorthPoint
campo-del-cielo-meteorite,NWA 0869 - L3-6-W1-S3 Chondrite Meteorite - 0869-0584 - 5.95g - COA - Oriented,9.95,2025-06-02,5.95,1.67,WorthPoint
campo-del-cielo-meteorite,Meteorites - Iron Meteorite 15.2g Mirror Polished End Piece,21.95,2025-06-02,15.2,1.44,WorthPoint
campo-del-cielo-meteorite,17 Grams NEW CAMPO DEL CIELO METEORITE Polished + Certificate Of Authenticity,13.39,2025-06-01,17,0.79,WorthPoint
campo-del-cielo-meteorite,Campo Del Cielo Iron Nickel Meteorite Lot Argentina 25.32 Grams,34.75,2025-06-01,25.32,1.37,WorthPoint
campo-del-cielo-meteorite,NWA 0869 - L3-6-W1-S3 Chondrite Meteorite - 0869-0585 - 6.82g - COA - Oriented,9.95,2025-05-31,6.82,1.46,WorthPoint
campo-del-cielo-meteorite,1240 GM. CAMPO DEL CIELO METEORITE B GRADE LARGE METEORITE 2.73 Lbs. CLEANED,647.19,2025-05-31,1240,0.52,WorthPoint
campo-del-cielo-meteorite,Meteorites - Iron Meteorite 21.9g Mirror Polished Slice,24.95,2025-05-31,21.9,1.14,WorthPoint
campo-del-cielo-meteorite,Meteorite Lot,24.99,2025-05-31,,,WorthPoint
campo-del-cielo-meteorite,"DANCING BEAR Meteorite From Space, 5 Pcs Campo Del Cielo From Argentina/",16.95,2025-05-31,,,WorthPoint
campo-del-cielo-meteorite,"3 Meteorite Set /Display Box- Stony Iron, Iron, Iron Nickel Meteorite Fragments",35,2025-05-31,,,WorthPoint
campo-del-cielo-meteorite,26.5 Grams CAMPO DEL CIELO METEORITE Polished + Certificate Of Authenticity,20.99,2025-05-30,26.5,0.79,WorthPoint
campo-del-cielo-meteorite,Meteorites - Iron Meteorite 21.3g Mirror Polished Thick Slice,24.95,2025-05-30,21.3,1.17,WorthPoint
campo-del-cielo-meteorite,Meteorite - Campo Del Cielo - Iron Meteorite - CDC-5058 - 5.22g - COA - Crystals,24.95,2025-05-29,5.22,4.78,WorthPoint
campo-del-cielo-meteorite,542 Gm. Campo Del Cielo Meteorite ; Med Grade! 1.1 Pounds; Stand; Cheap!!,554.9,2025-05-29,542,1.02,WorthPoint
campo-del-cielo-meteorite,Campo Del Cielo Authentic Meteorite Specimen (62.7 Grams),56.43,2025-05-29,62.7,0.9,WorthPoint
campo-del-cielo-meteorite,Meteorites - Iron Meteorite 22.2g Mirror Polished Slice,25.95,2025-05-28,22.2,1.17,WorthPoint
campo-del-cielo-meteorite,Meteorites - Iron Meteorite 8.8g Mirror Polished Slice,12.95,2025-05-28,8.8,1.47,WorthPoint
campo-del-cielo-meteorite,Lg 190 Gm Campo Del Cielo Meteorite Aaa Grade 4.1 Lbs Stand,224.1,2025-05-27,190,1.18,WorthPoint
campo-del-cielo-meteorite,3 Authentic Space Meteorites ~ Campo Del Cielo Meteor Shower ~argentina ~2200 Bc,18.88,2025-05-26,,,WorthPoint
campo-del-cielo-meteorite,3.88g CAMPO DEL CIELO METEORITE Pendant,10.5,2025-05-25,3.88,2.71,WorthPoint
campo-del-cielo-meteorite,5.29 Grams CAMPO DEL CIELO METEORITE Polished Charm Pendant For A Necklace + COA,6.99,2025-05-25,5.29,1.32,WorthPoint
campo-del-cielo-meteorite,3.49 Grams CAMPO DEL CIELO METEORITE Polished Charm Pendant For A Necklace + COA,5.99,2025-05-25,3.49,1.72,WorthPoint
campo-del-cielo-meteorite,4.87 Grams CAMPO DEL CIELO METEORITE Polished Charm Pendant For A Necklace + COA,5.99,2025-05-25,4.87,1.23,WorthPoint
campo-del-cielo-meteorite,Campo Del Cielo Meteorite AUTHENTIC Slabbed Lot Of 5!!!,9.99,2025-05-25,,,WorthPoint
campo-del-cielo-meteorite,Set Of 2 Iron Meteorites 10.7g Gebel Kamil And 10.2g Aletai,15.5,2025-05-25,10.7,1.45,WorthPoint
campo-del-cielo-meteorite,184 Gm Campo Del Cielo Meteorite A Grade!! Beautiful Cleaned. Stand,179.95,2025-05-25,184,0.98,WorthPoint
campo-del-cielo-meteorite,Campo Del Cielo Meteorite Flight Orientated !! 180 Grams Iron Nickel Meteorite,159,2025-05-25,180,0.88,WorthPoint
campo-del-cielo-meteorite,Authentic Meteorite Pendant Or Necklace...a Falling Star! 5.02,16.99,2025-05-25,,,WorthPoint
campo-del-cielo-meteorite,Meteorite/diamond Crystal Lot Of 8,38,2025-05-24,,,WorthPoint
campo-del-cielo-meteorite,CAMPO DEL CIELO 875g Iron Meteorite THICK ETCHED SLICE Stabilized IMCA Sellers,710,2025-05-23,875,0.81,WorthPoint
campo-del-cielo-meteorite,5.55 Grams CAMPO DEL CIELO METEORITE Polished Charm Pendant For A Necklace + COA,6.99,2025-05-23,5.55,1.26,WorthPoint
campo-del-cielo-meteorite,1576 METEORITE Slabbed Campo Del Cielo Meteor Space Rock LOT #3 NR,19.99,2025-05-23,,,WorthPoint
campo-del-cielo-meteorite,Campo Del Cielo Iron Nickel Meteorite Argentina 3.78 Grams,12.75,2025-05-23,3.78,3.37,WorthPoint
campo-del-cielo-meteorite,9.3 Grams CAMPO DEL CIELO METEORITE Pendant M-16,11.99,2025-05-23,9.3,1.29,WorthPoint
campo-del-cielo-meteorite,32 Grams All 8 CAMPO Del CIELO METEORITES Polished Charms Pendants With A COA,25.99,2025-05-22,32,0.81,WorthPoint
campo-del-cielo-meteorite,Campo Del Cielo Authentic Meteorite Specimen (59.9 Grams),54,2025-05-22,59.9,0.9,WorthPoint
campo-del-cielo-meteorite,Campo Del Cielo Authentic Meteorite Specimen (59.8 Grams),53.82,2025-05-22,59.8,0.9,WorthPoint
campo-del-cielo-meteorite,682 Gm . CAMPO DEL CIELO METEORITE 1.5+ Pounds LOW LOW PRICE AAA GRADE CLEANED,566.19,2025-05-22,682,0.83,WorthPoint
campo-del-cielo-meteorite,Meterorite Necklace W/ Chain Campo Del Cielo 13.1 Grams Genuine Dino Girl COA 30,29.69,2025-05-22,13.1,2.27,WorthPoint
campo-del-cielo-meteorite,Authentic Meteorite Pendant Or Necklace...a Falling Star! 2.17,16.99,2025-05-22,,,WorthPoint
campo-del-cielo-meteorite,42.5 Grams All 12 CAMPO Del CIELO METEORITES Polished Charms Pendants With A COA,32.99,2025-05-21,42.5,0.78,WorthPoint
campo-del-cielo-meteorite,119 Grams Total And You Get All 9 CAMPO DEL CIELO METEORITES Polished With COA,84.99,2025-05-21,119,0.71,WorthPoint
campo-del-cielo-meteorite,28 Gm Campo Del Cielo Meteorite A Grade Beautiful Tiny Meteorite Stand,42.71,2025-05-21,28,1.53,WorthPoint
campo-del-cielo-meteorite,Meteorites - Iron Meteorite 62.8g Mirror Polished Slices Lot Of 8 Specimens,78.5,2025-05-21,62.8,1.25,WorthPoint
campo-del-cielo-meteorite,218 Gm CAMPO DEL CIELO METEORITE ; AA GRADE . 47 LBS CLEANED STAND,206.28,2025-05-21,218,0.95,WorthPoint
campo-del-cielo-meteorite,NWA 0869 - L3-6-W1-S3 Chondrite Meteorite - 0869-0579 - 4.02g - COA - End Cut,7.5,2025-05-20,4.02,1.87,WorthPoint
campo-del-cielo-meteorite,"Campo Del Cielo Iron IAB Meteorite Found Argentina 1576, 17.58 Grams",24,2025-05-20,17.58,1.37,WorthPoint
campo-del-cielo-meteorite,26 Grams CAMPO DEL CIELO METEORITE Polished + Certificate Of Authenticity,20.99,2025-05-20,26,0.81,WorthPoint
campo-del-cielo-meteorite,25.1 Grams CAMPO DEL CIELO METEORITE Polished + Certificate Of Authenticity,19.99,2025-05-20,25.1,0.8,WorthPoint
campo-del-cielo-meteorite,25.5 Grams CAMPO DEL CIELO METEORITE Polished + Certificate Of Authenticity,19.99,2025-05-19,25.5,0.78,WorthPoint
campo-del-cielo-meteorite,5.08 Grams CAMPO DEL CIELO Iron METEORITE Fell In Argentina!,6.99,2025-05-19,5.08,1.38,WorthPoint
campo-del-cielo-meteorite,NWA 0869 - L3-6-W1-S3 Chondrite Meteorite - 0869-0581 - 4.01g - COA - End Cut,10.26,2025-05-17,4.01,2.56,WorthPoint
campo-del-cielo-meteorite,"44.90 Gram Campo Del Cielo Argentina Meteorite, Iron From Outer Space # ME 628 B",33.75,2025-05-17,44.9,0.75,WorthPoint
campo-del-cielo-meteorite,Mini Museum Meteorite Campo Del Cielo Meteorite,25,2025-05-16,,,WorthPoint
campo-del-cielo-meteorite,Beautiful 586 Gm. Etched Campo Del Cielo Meteorite Quarter Cut,359.1,2025-05-15,586,0.61,WorthPoint
campo-del-cielo-meteorite,Campo Del Cielo METEORITE 100% Natural From Argentina 9.9gr,15.99,2025-05-15,9.9,1.62,WorthPoint
campo-del-cielo-meteorite,4.94 Grams CAMPO DEL CIELO METEORITE Polished Charm Pendant For A Necklace + COA,5.99,2025-05-15,4.94,1.21,WorthPoint
campo-del-cielo-meteorite,"Meteorite Specimen Campo Del Cielo, 35.38 Grams, Iron Meteorite, Astronomy Gift",58,2025-05-13,35.38,1.64,WorthPoint
campo-del-cielo-meteorite,AMAZING SCULPTED 130g BABY CAMPO DEL CIELO IRON METEORITE!,179,2025-05-13,130,1.38,WorthPoint
campo-del-cielo-meteorite,Campo Del Cielo Authentic Meteorite Specimen (66.4 Grams),59.76,2025-05-12,66.4,0.9,WorthPoint
campo-del-cielo-meteorite,Meteorite Lot #3 Plus Moon And Mars,66,2025-05-12,,,WorthPoint
campo-del-cielo-meteorite,Authentic Space Meteorite Lot Of 14 Campo Del Cielo Meteor Shower Argentina,93.49,2025-05-12,,,WorthPoint
campo-del-cielo-meteorite,39.6 Grams All 12 CAMPO Del CIELO METEORITES Polished Charms Pendants With A COA,34,2025-05-12,39.6,0.86,WorthPoint
campo-del-cielo-meteorite,20.6 Grams CAMPO DEL CIELO METEORITE Polished + Certificate Of Authenticity,15.99,2025-05-12,20.6,0.78,WorthPoint
campo-del-cielo-meteorite,5.61 Grams CAMPO DEL CIELO METEORITE Polished Charm Pendant For A Necklace + COA,6.99,2025-05-11,5.61,1.25,WorthPoint
campo-del-cielo-meteorite,Meteorite Lot #2,51,2025-05-11,,,WorthPoint
campo-del-cielo-meteorite,16.9 Grams CAMPO DEL CIELO METEORITE Polished + Certificate Of Authenticity,11.99,2025-05-11,16.9,0.71,WorthPoint
campo-del-cielo-meteorite,5 In. SLICE OF CAMPO DEL CIELO METEORITE SLAB 450 GMS STAND; 1 Lbs,313.45,2025-05-11,450,0.7,WorthPoint
campo-del-cielo-meteorite,6 Different Meteorites And A Mosasaurus Tooth Fossil In Case,10.99,2025-05-11,,,WorthPoint
campo-del-cielo-meteorite,123.4 Grams Lot Of NEW CAMPO DEL CIELO Shiny METEORITES 1 To 2 Grams Each W/ COA,87.99,2025-05-10,123.4,0.71,WorthPoint
campo-del-cielo-meteorite,4.26 Grams CAMPO DEL CIELO METEORITE Polished Charm Pendant For A Necklace + COA,5.99,2025-05-09,4.26,1.41,WorthPoint
campo-del-cielo-meteorite,Meteorites,37,2025-05-09,,,WorthPoint
campo-del-cielo-meteorite,42.3 Grams All 12 CAMPO Del CIELO METEORITES Polished Charms Pendants With A COA,30.99,2025-05-09,42.3,0.73,WorthPoint
campo-del-cielo-meteorite,Meteorites - Iron Meteorite 101.4g Polished And Etched Part Slice,92.95,2025-05-09,101.4,0.92,WorthPoint
campo-del-cielo-meteorite,494 Gm .CAMPO DEL CIELO METEORITE ; AAA QUALITY; 1.1 LB BEAUTIFUL;,664.05,2025-05-09,494,1.34,WorthPoint
campo-del-cielo-meteorite,Huge 189 Gm Campo Del Cielo Meteorite Crystal Great Piece W/ Stand .41 Lb Jal,189.05,2025-05-08,189,1,WorthPoint
campo-del-cielo-meteorite,"Campo Del Cielo Iron Meteorite, Lot Of Many Small Fragments, 290 Gr #2",289.99,2025-05-07,290,1,WorthPoint
campo-del-cielo-meteorite,Meteorites - Iron Meteorite 123.4g Mirror Polished Slices Lot Of 8 Specimens,154.25,2025-05-06,123.4,1.25,WorthPoint
campo-del-cielo-meteorite,4.22 Grams CAMPO DEL CIELO METEORITE Polished Charm Pendant For A Necklace + COA,5.99,2025-05-06,4.22,1.42,WorthPoint
campo-del-cielo-meteorite,13.4 Grams CAMPO DEL CIELO METEORITE Polished Charm Pendant For A Necklace,12.99,2025-05-06,13.4,0.97,WorthPoint
campo-del-cielo-meteorite,130.8 Grams Lot Of NEW CAMPO DEL CIELO Shiny METEORITES 1 To 2 Grams Each W/ COA,95,2025-05-06,130.8,0.73,WorthPoint
campo-del-cielo-meteorite,Campo Del Cielo Authentic Meteorite Specimen (43 Grams),43.2,2025-05-06,43,1,WorthPoint
campo-del-cielo-meteorite,7.64 Grams NEW CAMPO DEL CIELO METEORITE Polished Charm Pendant For A Necklace,12.99,2025-05-06,7.64,1.7,WorthPoint
campo-del-cielo-meteorite,5.32 Grams CAMPO DEL CIELO Iron METEORITE Fell In Argentina!,5.99,2025-05-06,5.32,1.13,WorthPoint
campo-del-cielo-meteorite,8.43 Grams NEW CAMPO DEL CIELO METEORITE Polished Charm Pendant For A Necklace,10,2025-05-05,8.43,1.19,WorthPoint
campo-del-cielo-meteorite,16.3 Grams CAMPO DEL CIELO METEORITE Polished Charm Pendant For A Necklace,15.99,2025-05-05,16.3,0.98,WorthPoint
campo-del-cielo-meteorite,9.58 Grams NEW CAMPO DEL CIELO METEORITE Polished Charm Pendant For A Necklace,9.99,2025-05-05,9.58,1.04,WorthPoint
campo-del-cielo-meteorite,11.9 Grams NEW CAMPO DEL CIELO METEORITE Polished Charm Pendant For A Necklace,9.99,2025-05-05,11.9,0.84,WorthPoint
campo-del-cielo-meteorite,11.6 Grams NEW CAMPO DEL CIELO METEORITE Polished Charm Pendant For A Necklace,10.99,2025-05-05,11.6,0.95,WorthPoint
campo-del-cielo-meteorite,15 Grams CAMPO DEL CIELO METEORITE Polished Charm Pendant For A Necklace + COA,14.99,2025-05-05,15,1,WorthPoint
campo-del-cielo-meteorite,31.1 Grams CAMPO DEL CIELO METEORITE Polished + Certificate Of Authenticity,24.99,2025-05-05,31.1,0.8,WorthPoint
campo-del-cielo-meteorite,11.7 Grams NEW CAMPO DEL CIELO METEORITE Polished Charm Pendant For A Necklace,9.99,2025-05-05,11.7,0.85,WorthPoint
campo-del-cielo-meteorite,11.4 Grams CAMPO DEL CIELO METEORITE Polished Charm Pendant For A Necklace,13.99,2025-05-05,11.4,1.23,WorthPoint
campo-del-cielo-meteorite,14.4 Grams CAMPO DEL CIELO METEORITE Polished Charm Pendant For A Necklace + COA,12.99,2025-05-05,14.4,0.9,WorthPoint
campo-del-cielo-meteorite,11.3 Grams CAMPO DEL CIELO METEORITE Polished Charm Pendant For A Necklace + COA,10.99,2025-05-05,11.3,0.97,WorthPoint
campo-del-cielo-meteorite,14.5 Grams CAMPO DEL CIELO METEORITE Polished Charm Pendant For A Necklace + COA,12.99,2025-05-05,14.5,0.9,WorthPoint
campo-del-cielo-meteorite,10.3 Grams CAMPO DEL CIELO METEORITE Polished Charm Pendant For A Necklace +COA,12.99,2025-05-05,10.3,1.26,WorthPoint
campo-del-cielo-meteorite,15.2 Grams NEW CAMPO DEL CIELO METEORITE Polished Charm Pendant For A Necklace,12.99,2025-05-05,15.2,0.85,WorthPoint
campo-del-cielo-meteorite,10.5 Grams CAMPO DEL CIELO METEORITE Polished Charm Pendant For A Necklace +COA,12.99,2025-05-05,10.5,1.24,WorthPoint
campo-del-cielo-meteorite,11 Grams CAMPO DEL CIELO METEORITE Polished Charm Pendant For A Necklace,13.99,2025-05-05,11,1.27,WorthPoint
campo-del-cielo-meteorite,11.2 Grams NEW CAMPO DEL CIELO METEORITE Polished Charm Pendant For A Necklace,10.99,2025-05-05,11.2,0.98,WorthPoint
campo-del-cielo-meteorite,9.08 Grams NEW CAMPO DEL CIELO METEORITE Polished Charm Pendant For A Necklace,9.99,2025-05-05,9.08,1.1,WorthPoint
campo-del-cielo-meteorite,11.2 Grams CAMPO DEL CIELO METEORITE Polished Charm Pendant For A Necklace +COA,13.99,2025-05-05,11.2,1.25,WorthPoint
campo-del-cielo-meteorite,12.1 Grams CAMPO DEL CIELO METEORITE Polished Charm Pendant For A Necklace + COA,11.99,2025-05-05,12.1,0.99,WorthPoint
campo-del-cielo-meteorite,9.30 Grams CAMPO DEL CIELO METEORITE Polished Charm Pendant For A Necklace,9.99,2025-05-05,9.3,1.07,WorthPoint
campo-del-cielo-meteorite,15.8 Grams CAMPO DEL CIELO METEORITE Polished Charm Pendant For A Necklace +COA,16.99,2025-05-05,15.8,1.08,WorthPoint
campo-del-cielo-meteorite,58.8 Grams NEW CAMPO DEL CIELO METEORITE Polished + Certificate Of Authenticity,50.99,2025-05-05,58.8,0.87,WorthPoint
campo-del-cielo-meteorite,12.7 Grams CAMPO DEL CIELO METEORITE Polished Charm Pendant For A Necklace + COA,11.99,2025-05-05,12.7,0.94,WorthPoint
campo-del-cielo-meteorite,14.9 Grams NEW CAMPO DEL CIELO METEORITE Polished Charm Pendant For A Necklace,12.99,2025-05-05,14.9,0.87,WorthPoint
campo-del-cielo-meteorite,14.1 Grams CAMPO DEL CIELO METEORITE Polished Charm Pendant For A Necklace +COA,15.99,2025-05-05,14.1,1.13,WorthPoint
campo-del-cielo-meteorite,8.62 Grams CAMPO DEL CIELO METEORITE Polished Charm Pendant For A Necklace,9.99,2025-05-05,8.62,1.16,WorthPoint
campo-del-cielo-meteorite,Large Slice Of Campo Del Cielo Meteorite Slab 508 Gms,341.05,2025-05-05,508,0.67,WorthPoint
campo-del-cielo-meteorite,Meteorite Collection ‚Äì 9 Authentic Specimens ‚Äì Boxed Campo Del Cielo + 8 Capsule,22.52,2025-05-05,,,WorthPoint
campo-del-cielo-meteorite,Campo Del Cielo Iron Nickel Meteorite Argentina 6.11 Grams,12.11,2025-05-05,6.11,1.98,WorthPoint
campo-del-cielo-meteorite,5.40 Grams CAMPO DEL CIELO Iron METEORITE Fell In Argentina!,5.99,2025-05-05,5.4,1.11,WorthPoint
campo-del-cielo-meteorite,25.4 Grams CAMPO DEL CIELO METEORITE Polished + Certificate Of Authenticity,20,2025-05-04,25.4,0.79,WorthPoint
campo-del-cielo-meteorite,Four Authentic Space Meteorite Rocks 2200 BC Campo Del Cielo Meteor Shower,10,2025-05-03,,,WorthPoint
campo-del-cielo-meteorite,Authentic Meteorite Space Rock Campo Del Cielo Argentina 5 Ea,20,2025-05-03,,,WorthPoint
campo-del-cielo-meteorite,About 39.9 Grams Authentic NEW CAMPO DEL CIELO METEORITE,38.95,2025-05-03,39.9,0.98,WorthPoint
campo-del-cielo-meteorite,Campo Del Cielo Authentic Meteorite Specimen (63.3 Grams),56.97,2025-05-03,63.3,0.9,WorthPoint
campo-del-cielo-meteorite,Campo Del Cielo Authentic Meteorite Specimen (70.7 Grams),63.63,2025-05-03,70.7,0.9,WorthPoint
campo-del-cielo-meteorite,Meteorite Campo Del Cielo Strike Iron Nickel Argentina 4.2 Grams I30,8.99,2025-05-02,4.2,2.14,WorthPoint
campo-del-cielo-meteorite,Meteorites - Iron Meteorite 25.1g Mirror Polished Thick Slice,34.95,2025-05-01,25.1,1.39,WorthPoint
campo-del-cielo-meteorite,Campo Del Cielo METEORITE 100% Natural From Argentina 8.5gr,15.99,2025-05-01,8.5,1.88,WorthPoint
campo-del-cielo-meteorite,4 Meteorites In Display Case,35,2025-05-01,,,WorthPoint
campo-del-cielo-meteorite,4.0g Campo Del Cielo Iron Nickel Meteorite Piece Meteor Space Rock Asteroid 0014,16.94,2025-05-01,4,4.24,WorthPoint
campo-del-cielo-meteorite,1000 Gm LOT OF CAMPO DEL CIELO METEORITE CRYSTALS 5-10 GMS IN SIZE 1 KILO JAL,498.75,2025-05-01,1000,0.5,WorthPoint
campo-del-cielo-meteorite,250 Gm LOT OF CAMPO DEL CIELO METEORITE CRYSTALS 15-20 GMS IN SIZE 1/4 KILO JAL,128.25,2025-05-01,250,0.51,WorthPoint
campo-del-cielo-meteorite,3.59 Grams CAMPO DEL CIELO Iron METEORITE Fell In Argentina!,7,2025-05-01,3.59,1.95,WorthPoint
campo-del-cielo-meteorite,Meteorites - Iron Meteorite 12.1g Mirror Polished Slice,16.95,2025-04-30,12.1,1.4,WorthPoint
campo-del-cielo-meteorite,Lot Of THREE! Smaller Campo Del Cielo Meteorites 100% Authentic 18.9gr,18.99,2025-04-30,18.9,1,WorthPoint
campo-del-cielo-meteorite,11.1 Grams CAMPO DEL CIELO METEORITE Polished Charm Pendant For A Necklace + COA,10.99,2025-04-30,11.1,0.99,WorthPoint
campo-del-cielo-meteorite,AAA Quality Campo Del Cielo Iron Meteorite! 8.5kg. Unbeatable Shape.,4995,2025-04-30,8500,0.59,WorthPoint
campo-del-cielo-meteorite,836 Gm CAMPO DEL CIELO METEORITE ;AAA GRADE METEORITE; 1.8 LB STAND,785,2025-04-29,836,0.94,WorthPoint
campo-del-cielo-meteorite,1076 Gm. Campo Del Cielo Meteorite B Grade ; 2.34 Lbs. Cheap! Cleaned Silicate,584.1,2025-04-29,1076,0.54,WorthPoint
campo-del-cielo-meteorite,194 Gm Campo Del Cielo Meteorite A Grade Beautiful .42 Lbs Cleaned Stand,179.95,2025-04-29,194,0.93,WorthPoint
campo-del-cielo-meteorite,268 Gm Campo Del Cielo Meteorite. B Grade Beautiful Cleaned Meteorite .58 Lbs,249,2025-04-29,268,0.93,WorthPoint
campo-del-cielo-meteorite,Campo Del Cielo Authentic Meteorite Specimen (61.7 Grams),61.7,2025-04-29,61.7,1,WorthPoint
campo-del-cielo-meteorite,842 GM. CAMPO DEL CIELO METEORITE B+ GRADE 1.85+ Pound CLEANED STAND,539.96,2025-04-29,842,0.64,WorthPoint
campo-del-cielo-meteorite,4 Meteorites Each In Display Jar! 2 Sikhote-Alin & 2 Campo Del Cielo! No Reserve,9.99,2025-04-28,,,WorthPoint
campo-del-cielo-meteorite,24.3 Grams NEW CAMPO DEL CIELO METEORITE Polished + Certificate Of Authenticity,19.99,2025-04-28,24.3,0.82,WorthPoint
campo-del-cielo-meteorite,Lot Of 5 Authentic Meteorites Space Rock Campo Del Cielo Argentina 1576AD Slab,29.99,2025-04-28,,,WorthPoint
campo-del-cielo-meteorite,"2,635 G Or 5.8lbs Campo Del Cielo Iron Meteorite",2150,2025-04-28,635,3.39,WorthPoint
campo-del-cielo-meteorite,"""Collection Of 13 Authentic Space Meteorite """"Campo Del Cielo Argentina"""" 2200 BC""",200,2025-04-27,,,WorthPoint
campo-del-cielo-meteorite,Huge 3446 Gm Campo Del Cielo Meteorite Grade A 7.6 Pounds Sculptural Shape!,1399,2025-04-27,3446,0.41,WorthPoint
campo-del-cielo-meteorite,"Campo Del Cielo Iron Meteorite From Argentina, 19.4 Grams",7.99,2025-04-27,19.4,0.41,WorthPoint
campo-del-cielo-meteorite,Lot Of 4 AuthenticCampo Del Cielo Meteorite - In Holder,11.03,2025-04-27,,,WorthPoint
campo-del-cielo-meteorite,36 Gm Campo Del Cielo Meteorite Crystal Great Piece With Stand Jal,37.95,2025-04-27,36,1.05,WorthPoint
campo-del-cielo-meteorite,Beautiful 656 Gm Campo Del Cielo Etched Meteorite Slab Silicate Areas And Seams,664.05,2025-04-27,656,1.01,WorthPoint
campo-del-cielo-meteorite,10 Total Authentic Meteorite Space Rock Campo Del Cielo Argentina C 2200 BC,18.5,2025-04-27,,,WorthPoint
campo-del-cielo-meteorite,Beautiful 858 Gm. Etched Campo Del Cielo Meteorite Quarter Cut,629.1,2025-04-26,858,0.73,WorthPoint
campo-del-cielo-meteorite,Beautiful 340 Gm. Etched Campo Del Cielo Meteorite Quarter Cut .75 Lbs,236.55,2025-04-26,340,0.7,WorthPoint
campo-del-cielo-meteorite,12 Grams CAMPO DEL CIELO METEORITE Polished Charm Pendant For A Necklace,11.99,2025-04-26,12,1,WorthPoint
campo-del-cielo-meteorite,8.77 Grams NEW CAMPO DEL CIELO METEORITE Polished Charm Pendant For A Necklace,9.99,2025-04-26,8.77,1.14,WorthPoint
campo-del-cielo-meteorite,2 Authentic Space Meteorite Rocks 2200 BC Campo Del Cielo Meteor Shower,9.5,2025-04-26,,,WorthPoint
campo-del-cielo-meteorite,(20+) Campo Del Cielo Iron Meteorite Specimens,17.7,2025-04-26,,,WorthPoint
campo-del-cielo-meteorite,"Authentic Meteorite-Space Rock, Campo Del Cielo Argentina, INB",9.99,2025-04-24,,,WorthPoint
campo-del-cielo-meteorite,Campo Del Cielo Meteorite - 50.80 Kilograms,27500,2025-04-23,,,WorthPoint
campo-del-cielo-meteorite,Campo Del Cielo Meteorite - 31.2 Kilograms,12500,2025-04-23,,,WorthPoint
campo-del-cielo-meteorite,"Campo Del Cielo Meteorite - 6,570 Grams",4500,2025-04-23,570,7.89,WorthPoint
campo-del-cielo-meteorite,"Sword - ""Ekleipsis""",21250,2025-04-23,,,WorthPoint
campo-del-cielo-meteorite,"Campo Del Cielo Meteorite - 2,371.9 Grams",2562.5,2025-04-23,371.9,6.89,WorthPoint
campo-del-cielo-meteorite,Campo Del Cielo Meteorite Etched ''Cube'' - 700.6 Grams,1750,2025-04-23,700.6,2.5,WorthPoint
campo-del-cielo-meteorite,"""Las Palmas"" (Unofficial) Meteorite - 593.1 Grams",1875,2025-04-23,593.1,3.16,WorthPoint
campo-del-cielo-meteorite,65 Grams NEW CAMPO DEL CIELO METEORITE Polished + Certificate Of Authenticity,54.99,2025-04-23,65,0.85,WorthPoint
campo-del-cielo-meteorite,BEAUTIFUL 5.5x2.75 INCH 210 GM CAMPO DEL CIELO METEORITE SLAB .46 LBS,170.05,2025-04-23,210,0.81,WorthPoint
campo-del-cielo-meteorite,858 Gm. Campo Del Cielo Meteorite ; A Grade!! Beautiful 1.8 Pounds; Cheap!,499,2025-04-23,858,0.58,WorthPoint
campo-del-cielo-meteorite,67.2 Grams NEW CAMPO DEL CIELO METEORITE Polished + Certificate Of Authenticity,53.99,2025-04-23,67.2,0.8,WorthPoint
campo-del-cielo-meteorite,Authentic Space Meteorite - Campo Del Cielo Meteor Shower - Argentina C 2200 BC,9.99,2025-04-22,,,WorthPoint
campo-del-cielo-meteorite,Meteorite CAMPO DEL CIELO 56 Grams W/Wooden Storage Box & Velvet Pouch,29.99,2025-04-22,56,0.54,WorthPoint
campo-del-cielo-meteorite,734 GM. CAMPO DEL CIELO METEORITE ; AAA GRADE METEORITE 1.6+lbs.,675.97,2025-04-22,734,0.92,WorthPoint
campo-del-cielo-meteorite,60.58 Grams Authentic CAMPO DEL CIELO METEORITE,51.95,2025-04-21,60.58,0.86,WorthPoint
campo-del-cielo-meteorite,Campo Del Cielo Authentic Meteorite Specimen (64.3 Grams),64.3,2025-04-21,64.3,1,WorthPoint
campo-del-cielo-meteorite,Campo Del Cielo Authentic Meteorite Specimen (58 Grams),58,2025-04-21,58,1,WorthPoint
campo-del-cielo-meteorite,Campo Del Cielo Authentic Meteorite Specimen (59.2 Grams),59.2,2025-04-21,59.2,1,WorthPoint
campo-del-cielo-meteorite,AAA Quality Campo Del Cielo Iron Meteorite 1.932kg. Remnant Fusion Crust! Stable,757.57,2025-04-20,1932,0.39,WorthPoint
campo-del-cielo-meteorite,INDIVIDUAL BEAUTIFUL LARGE 112g CAMPO DEL CIELO IRON METEORITE FRAGMENT!,99,2025-04-20,112,0.88,WorthPoint
campo-del-cielo-meteorite,Campo Del Cielo Iron Nickel Meteorite Argentina 6.55 Grams,11.86,2025-04-20,6.55,1.81,WorthPoint
campo-del-cielo-meteorite,Camp Del Cielo Meteorite,10,2025-04-20,,,WorthPoint
campo-del-cielo-meteorite,Pair Of Authentic Space Meteorite Rocks 2200 BC Campo Del Cielo Meteor Shower,7.88,2025-04-20,,,WorthPoint
campo-del-cielo-meteorite,500 GRS LOT OF CAMPO DEL CIELO METEORITE CRYSTALS FROM. 20-30 Gm IN SIZE,251.75,2025-04-19,500,0.5,WorthPoint
campo-del-cielo-meteorite,Meteorites - Iron Meteorite 148.2g Polished And Etched Partial Slice,139.95,2025-04-19,148.2,0.94,WorthPoint
campo-del-cielo-meteorite,INDIVIDUAL BEAUTIFUL LARGE 94g CAMPO DEL CIELO IRON METEORITE FRAGMENT!,85,2025-04-18,94,0.9,WorthPoint
campo-del-cielo-meteorite,X260-15 Campo Del Cielo Meteorite 5 Gr Slice Pendant Widmanstatten Iron Nickel,25.99,2025-04-17,5,5.2,WorthPoint
campo-del-cielo-meteorite,39 Gm Campo Del Cielo Meteorite Crystal Great Piece With Stand Jal,42.7,2025-04-17,39,1.09,WorthPoint
campo-del-cielo-meteorite,Genuine Meteorite And Display Cube 6.5 Gram Campo Del Cielo Meteorite And Magnet,29.99,2025-04-16,6.5,4.61,WorthPoint
campo-del-cielo-meteorite,Campo Del Cielo METEORITE 100% Natural From Argentina 8.2gr,15.99,2025-04-16,8.2,1.95,WorthPoint
campo-del-cielo-meteorite,Campo Del Cielo Iron Meteorite From Argentina With Regmaglypts 409 Grams,225,2025-04-16,409,0.55,WorthPoint
campo-del-cielo-meteorite,Argentina 1576 CAMPO DEL CIELO Meteorite Medal GEM W/ Actual METEOR Piece W/ COA,32.5,2025-04-15,,,WorthPoint
campo-del-cielo-meteorite,28.7 Grams CAMPO DEL CIELO METEORITE Polished + Certificate Of Authenticity,22.99,2025-04-15,28.7,0.8,WorthPoint
campo-del-cielo-meteorite,34 Gm Campo Del Cielo Meteorite Crystal Great Piece With Stand Jal,36.96,2025-04-14,34,1.09,WorthPoint
campo-del-cielo-meteorite,"Meteorite Specimen Pendant, Campo Del Cielo Meteorite",20,2025-04-14,,,WorthPoint
campo-del-cielo-meteorite,15 Grams NEW CAMPO DEL CIELO METEORITE Polished + Certificate Of Authenticity,11.49,2025-04-14,15,0.77,WorthPoint
campo-del-cielo-meteorite,SUPER SHAPE! BEAUTIFUL LARGE 99g CAMPO DEL CIELO IRON METEORITE FRAGMENT!,89,2025-04-14,99,0.9,WorthPoint
campo-del-cielo-meteorite,INDIVIDUAL BEAUTIFUL Large 115g CAMPO DEL CIELO IRON METEORITE FRAGMENT!,105,2025-04-14,115,0.91,WorthPoint
campo-del-cielo-meteorite,"Meteorite Specimen Campo Del Cielo, 12.67 Grams, Iron Meteorite, Astronomy Gift",44.8,2025-04-14,12.67,3.54,WorthPoint
campo-del-cielo-meteorite,106g CAMPO DEL CIELO IRON NICKEL METEORITE,59,2025-04-13,106,0.56,WorthPoint
campo-del-cielo-meteorite,Campo Del Cielo Iron Nickel Meteorite Lot Argentina 25.28 Grams,33.01,2025-04-13,25.28,1.31,WorthPoint
campo-del-cielo-meteorite,Huge 45 Kgms Campo Del Cielo Meteorite Aaa Collectors Museum Grade 99 Lbs. Jal,40608.44,2025-04-13,45000,0.9,WorthPoint
campo-del-cielo-meteorite,1090 Gm. Campo Del Cielo Meteorite ; A Grade Meteorite; Beautiful 2.4 Lbs.,631.7,2025-04-13,1090,0.58,WorthPoint
campo-del-cielo-meteorite,8.54 Grams CAMPO DEL CIELO METEORITE Polished Charm Pendant For A Necklace,9.99,2025-04-12,8.54,1.17,WorthPoint
campo-del-cielo-meteorite,11.4 Grams NEW CAMPO DEL CIELO METEORITE Polished Charm Pendant For A Necklace,9.99,2025-04-12,11.4,0.88,WorthPoint
campo-del-cielo-meteorite,13.1 Grams NEW CAMPO DEL CIELO METEORITE Polished Charm Pendant For A Necklace,10.99,2025-04-12,13.1,0.84,WorthPoint
campo-del-cielo-meteorite,29.6 Grams CAMPO DEL CIELO METEORITE Polished + Certificate Of Authenticity,23.99,2025-04-12,29.6,0.81,WorthPoint
campo-del-cielo-meteorite,27.4 Grams CAMPO DEL CIELO METEORITE Polished + Certificate Of Authenticity,21.99,2025-04-12,27.4,0.8,WorthPoint
campo-del-cielo-meteorite,30.6 Grams CAMPO DEL CIELO METEORITE Polished + Certificate Of Authenticity,24.99,2025-04-12,30.6,0.82,WorthPoint
campo-del-cielo-meteorite,"Authentic Meteorite, Space Rock, Campo Del Cielo, Argentina-Discovered 1576 AD",9.99,2025-04-11,,,WorthPoint
campo-del-cielo-meteorite,3x Campo Del Cielo Meteorite Authentic Space Dust C. 2200 BC Slabbed L3,11.99,2025-04-11,,,WorthPoint
campo-del-cielo-meteorite,Campo Del Cielo Meteorite AUTHENTIC Slabbed Lot Of 13 & Loose NW African,50,2025-04-11,,,WorthPoint
campo-del-cielo-meteorite,Campo Del Cielo Iron Nickel Meteorite Lot Argentina 50.28 Grams,59.75,2025-04-11,50.28,1.19,WorthPoint
campo-del-cielo-meteorite,Beautiful 778 Gm. Etched Campo Del Cielo Meteorite Quarter Cut,521.55,2025-04-10,778,0.67,WorthPoint
campo-del-cielo-meteorite,24.6 Grams NEW CAMPO DEL CIELO METEORITE Polished + Certificate Of Authenticity,19.99,2025-04-10,24.6,0.81,WorthPoint
campo-del-cielo-meteorite,6.89 Grams NEW CAMPO DEL CIELO METEORITE Polished Charm Pendant For A Necklace,8.99,2025-04-10,6.89,1.3,WorthPoint
campo-del-cielo-meteorite,Campo Del Cielo Authentic Meteorite Specimen (64.8 Grams),64.8,2025-04-10,64.8,1,WorthPoint
campo-del-cielo-meteorite,31.9 Grams CAMPO DEL CIELO METEORITE Polished + Certificate Of Authenticity,24.99,2025-04-10,31.9,0.78,WorthPoint
campo-del-cielo-meteorite,30.4 Grams CAMPO DEL CIELO METEORITE Polished + Certificate Of Authenticity,23.99,2025-04-10,30.4,0.79,WorthPoint
campo-del-cielo-meteorite,21.1 Grams NEW CAMPO DEL CIELO METEORITE Polished + Certificate Of Authenticity,16.99,2025-04-10,21.1,0.81,WorthPoint
campo-del-cielo-meteorite,12.4 Grams NEW CAMPO DEL CIELO METEORITE Polished Charm Pendant For A Necklace,9.99,2025-04-09,12.4,0.81,WorthPoint
campo-del-cielo-meteorite,12.52 Grams NEW CAMPO DEL CIELO METEORITE Polished Charm Pendant For A Necklace,9.99,2025-04-09,12.52,0.8,WorthPoint
campo-del-cielo-meteorite,14.3 Grams NEW CAMPO DEL CIELO METEORITE Polished Charm Pendant For A Necklace,13.5,2025-04-09,14.3,0.94,WorthPoint
campo-del-cielo-meteorite,5.39 Grams NEW CAMPO DEL CIELO METEORITE Polished Charm Pendant For A Necklace,8.99,2025-04-09,5.39,1.67,WorthPoint
campo-del-cielo-meteorite,15.5 Grams NEW CAMPO DEL CIELO METEORITE Polished Charm Pendant For A Necklace,12.99,2025-04-09,15.5,0.84,WorthPoint
campo-del-cielo-meteorite,12.5 Grams NEW CAMPO DEL CIELO METEORITE Polished Charm Pendant For A Necklace,9.99,2025-04-09,12.5,0.8,WorthPoint
campo-del-cielo-meteorite,630 Gm Campo Del Cielo Meteorite Aaa Grade Meteorite Silicated 1.4# Std Cleaned,630.22,2025-04-09,630,1,WorthPoint
campo-del-cielo-meteorite,96.9 Grams NEW CAMPO DEL CIELO METEORITE Polished + Certificate Of Authenticity,73.99,2025-04-09,96.9,0.76,WorthPoint
campo-del-cielo-meteorite,"34.60 Gram Campo Del Cielo Argentina Meteorite, Iron From Outer Space # ME 603 B",26,2025-04-09,34.6,0.75,WorthPoint
campo-del-cielo-meteorite,9.60 Grams NEW CAMPO DEL CIELO METEORITE Polished Charm Pendant For A Necklace,9.99,2025-04-08,9.6,1.04,WorthPoint
campo-del-cielo-meteorite,Campo Del Cielo Iron Nickel Meteorite Argentina 10.16 Grams,15.75,2025-04-08,10.16,1.55,WorthPoint
campo-del-cielo-meteorite,DANCING BEAR Real Meteorite Extra Large (35-55g) Genuine Form Campo 35-55g,83.99,2025-04-08,55,1.53,WorthPoint
campo-del-cielo-meteorite,21.3 Grams NEW CAMPO DEL CIELO METEORITE Polished + Certificate Of Authenticity,15.99,2025-04-08,21.3,0.75,WorthPoint
campo-del-cielo-meteorite,3688 Gm Campo Del Cielo Meteorite Aaa Grade 8.1 Lbs Lowest Price Jal,3651.07,2025-04-08,3688,0.99,WorthPoint
campo-del-cielo-meteorite,4 Authentic Space Meteorites Campo Del Cielo Meteor Shower Argentina 2200 BC,8,2025-04-07,,,WorthPoint
campo-del-cielo-meteorite,12.2 Grams NEW CAMPO DEL CIELO METEORITE Polished Charm Pendant For A Necklace,9.99,2025-04-07,12.2,0.82,WorthPoint
campo-del-cielo-meteorite,Pair Authentic Space Meteorite Rocks 2200 BC Campo Del Cielo Meteor Shower,5.87,2025-04-07,,,WorthPoint
campo-del-cielo-meteorite,Meteorites - Iron Meteorite 248g Mirror Polished Slice,225,2025-04-07,248,0.91,WorthPoint
campo-del-cielo-meteorite,"AAA Quality Campo Del Cielo Iron Meteorite! 1.571kg. Spectacular Shape, Stable.",651.52,2025-04-07,1571,0.41,WorthPoint
campo-del-cielo-meteorite,12.8 Grams CAMPO DEL CIELO METEORITE Polished Charm Pendant For A Necklace,14.99,2025-04-06,12.8,1.17,WorthPoint
campo-del-cielo-meteorite,Meteorite Campo Del Cielo Strike Iron Nickel Argentina 4.9 Grams I6,8.99,2025-04-06,4.9,1.83,WorthPoint
campo-del-cielo-meteorite,Campo Del Cielo Meteorite 23.5 Gm - IAB-MG Polished Slice,15,2025-04-06,23.5,0.64,WorthPoint
campo-del-cielo-meteorite,Hand Forged Meteorite Damascus Knife,35,2025-04-06,,,WorthPoint
campo-del-cielo-meteorite,SLICE CAMPO DEL CIELO METEORITE SLAB 372 GMS STAND 4-5 Mm Thick,270.7,2025-04-05,372,0.73,WorthPoint
campo-del-cielo-meteorite,1/2 OZ .999 Silver *APOLLO MOON LANDING* And *AUTHENTIC SPACE METEORITE* W/ COA,19.5,2025-04-05,56.7,0.34,WorthPoint
campo-del-cielo-meteorite,Campo Del Cielo METEORITE 100% Natural From Argentina 8.03gr,13.99,2025-04-04,8.03,1.74,WorthPoint
campo-del-cielo-meteorite,Campo Del Cielo Meteorite 100% Natural From Argentina 8.4gr,14.99,2025-04-04,8.4,1.78,WorthPoint
campo-del-cielo-meteorite,Wear A Falling STAR! Authentic Meteorite Pendant Or Necklace Argentina 5.38,15.99,2025-04-04,,,WorthPoint
campo-del-cielo-meteorite,Campo Del Cielo METEORITE 100% Natural Argentina 8.0gr,15.99,2025-04-04,8,2,WorthPoint
campo-del-cielo-meteorite,Campo Del Cielo METEORITE 100% Natural From Argentina 9.04gr,13.99,2025-04-04,9.04,1.55,WorthPoint
campo-del-cielo-meteorite,8.611 Grams NEW CAMPO DEL CIELO METEORITE Polished Charm Pendant For A Necklace,8.99,2025-04-04,8.611,1.04,WorthPoint
campo-del-cielo-meteorite,78 Gm Baby Campo Del Cielo Meteorite A Grade Stand Included,89.35,2025-04-03,78,1.15,WorthPoint
campo-del-cielo-meteorite,7.7 Grams CAMPO DEL CIELO METEORITE Pendant M-4,8.99,2025-04-03,7.7,1.17,WorthPoint
campo-del-cielo-meteorite,Meteorite Slab *Authentic Campo Del Cielo Meteorite* Est. Age 4.5 Billion Yrs,7.99,2025-04-03,,,WorthPoint
campo-del-cielo-meteorite,Authentic Meteorite - Space Rock From Campo Del Cielo - 1576 AD - Crystal,7.65,2025-04-03,,,WorthPoint
campo-del-cielo-meteorite,746 Gm . CAMPO DEL CIELO METEORITE ; .1.6 LBS; VERY LOW PRICE ;A GRADE,446.09,2025-04-02,746,0.6,WorthPoint
campo-del-cielo-meteorite,2 Authentic Space Meteorites Campo Del Cielo Meteor Shower Argentina C 2200 BC,12,2025-04-02,,,WorthPoint
campo-del-cielo-meteorite,368 Gm CAMPO DEL CIELO METEORITE BEAUTIFUL VERY FINE METEORITE .81 POUNDS,102.5,2025-04-02,368,0.28,WorthPoint
campo-del-cielo-meteorite,Campo Del Cielo Iron Nickel Meteorite Lot Argentina 25.23 Grams,34.75,2025-04-01,25.23,1.38,WorthPoint
campo-del-cielo-meteorite,65.8 Grams Lot CAMPO DEL CIELO METEORITES Polished 3 To 5+ Grams Each With COA,51.99,2025-04-01,65.8,0.79,WorthPoint
campo-del-cielo-meteorite,"2 Authentic Meteorite, Space Rock, Campo Del Cielo Argentina-Discovered 1576 AD",10.5,2025-04-01,,,WorthPoint
campo-del-cielo-meteorite,BEAUTIFUL 5.5x2.85 INCH 286 GM CAMPO DEL CIELO METEORITE SLAB .63 LBS,189.05,2025-04-01,286,0.66,WorthPoint
campo-del-cielo-meteorite,108 Gm . CAMPO DEL CIELO METEORITE PART A GRADE ; .71 LBS.,105.97,2025-03-31,108,0.98,WorthPoint
campo-del-cielo-meteorite,Campo Del Cielo Meteorite Authentic Space Dust AUTHENTIC Slabbed Lot Of 3,14.95,2025-03-31,,,WorthPoint
campo-del-cielo-meteorite,87 Gm Campo Del Cielo Meteorite Crystal Great Piece With Stand,80.32,2025-03-31,87,0.92,WorthPoint
campo-del-cielo-meteorite,4 Campo Del Cielo Meteorites In Display Jar! No Reserve Auction!,7.99,2025-03-31,,,WorthPoint
campo-del-cielo-meteorite,31.2 Grams NEW CAMPO DEL CIELO METEORITE Polished + Certificate Of Authenticity,26.99,2025-03-31,31.2,0.87,WorthPoint
campo-del-cielo-meteorite,4x Campo Del Cielo Meteor Fragments,30,2025-03-31,,,WorthPoint
campo-del-cielo-meteorite,480 Gm. Campo Del Cielo Meteorite ; Aaa Grade!! Beautiful 1.1 Pound;,487.31,2025-03-30,480,1.02,WorthPoint
campo-del-cielo-meteorite,26.7 Grams NEW CAMPO DEL CIELO METEORITE Polished + Certificate Of Authenticity,19.99,2025-03-30,26.7,0.75,WorthPoint
campo-del-cielo-meteorite,31.3 Grams CAMPO DEL CIELO METEORITE Polished With A Certificate Of Authenticity,21.99,2025-03-30,31.3,0.7,WorthPoint
campo-del-cielo-meteorite,29.8 Grams NEW CAMPO DEL CIELO METEORITE Polished + Certificate Of Authenticity,22.99,2025-03-30,29.8,0.77,WorthPoint
campo-del-cielo-meteorite,8.68 Grams NEW CAMPO DEL CIELO METEORITE Polished Charm Pendant For A Necklace,9.99,2025-03-30,8.68,1.15,WorthPoint
campo-del-cielo-meteorite,15.2 Grams CAMPO DEL CIELO METEORITE Polished Charm Pendant For A Necklace + COA,14.99,2025-03-30,15.2,0.99,WorthPoint
campo-del-cielo-meteorite,9.54 Grams CAMPO DEL CIELO METEORITE Polished Charm Pendant For A Necklace +COA,12.99,2025-03-30,9.54,1.36,WorthPoint
campo-del-cielo-meteorite,SLICE OF CAMPO DEL CIELO METEORITE SLAB 430 GMS 1 Lb. 6 MM THICK,269.85,2025-03-30,430,0.63,WorthPoint
campo-del-cielo-meteorite,Authentic Campo Del Cielo Meteorite .10g Fragments,9.99,2025-03-30,10,1,WorthPoint
campo-del-cielo-meteorite,103 Gm. Campo Del Cielo Meteorite Museum Grade!!. Stand The Very Best,189.95,2025-03-29,103,1.84,WorthPoint
campo-del-cielo-meteorite,Campo Del Cielo Meteorite From Argentina,10.99,2025-03-29,,,WorthPoint
campo-del-cielo-meteorite,1000 Gm LOT OF CAMPO DEL CIELO METEORITE CRYSTALS 50-100 GMS IN SIZE; 1 KILO,473.81,2025-03-29,1000,0.47,WorthPoint
campo-del-cielo-meteorite,Meteorite - Campo Del Cielo 4.5 Billions Years Old Found In 1576,21,2025-03-29,,,WorthPoint
campo-del-cielo-meteorite,"36.88 Gram Campo Del Cielo Argentina Meteorite, Iron From Outer Space # ME 677 B",27.75,2025-03-29,36.88,0.75,WorthPoint
campo-del-cielo-meteorite,SLICE CAMPO DEL CIELO METEORITE SLAB 282 GMS STAND 5 Mm Thick .62 Lb,198.5,2025-03-28,282,0.7,WorthPoint
campo-del-cielo-meteorite,Campo Del Cielo METEORITE 52.1 Grams,59,2025-03-27,52.1,1.13,WorthPoint
campo-del-cielo-meteorite,6 In SLICE CAMPO DEL CIELO METEORITE SLAB 326 GMS STAND 7 Mm Thick .71 Lb,207.53,2025-03-27,326,0.64,WorthPoint
campo-del-cielo-meteorite,"192 Gm. Campo Del Cielo Individual Meteorite A Grade, .42 Lbs. Stand Cleaned",218.5,2025-03-26,192,1.14,WorthPoint
campo-del-cielo-meteorite,Beautiful 502 Gm Campo Del Cielo Etched Meteorite Slab!!!,474.05,2025-03-26,502,0.94,WorthPoint
campo-del-cielo-meteorite,(4.4kg) Campo Del Cielo IRON METEORITE TOWER Etched On 4 Sides,1136,2025-03-26,4400,0.26,WorthPoint
campo-del-cielo-meteorite,6.88 Grams CAMPO DEL CIELO METEORITE Polished Charm Pendant For A Necklace,7.99,2025-03-26,6.88,1.16,WorthPoint
campo-del-cielo-meteorite,Campo Del Cielo METEORITE PENDANT 7.2 Grams,24,2025-03-26,7.2,3.33,WorthPoint
campo-del-cielo-meteorite,‚òÑÔ∏èmeteorite Campo Del Cielo Argentina 10.7 Grams (u),7.5,2025-03-25,10.7,0.7,WorthPoint
campo-del-cielo-meteorite,‚òÑÔ∏èmeteorite Campo Del Cielo Argentina 12.3 Grams (w),6.99,2025-03-25,12.3,0.57,WorthPoint
campo-del-cielo-meteorite,Campo Del Cielo Iron Nickel Meteorite Lot Argentina 25.55 Grams,34.75,2025-03-25,25.55,1.36,WorthPoint
campo-del-cielo-meteorite,Campo Del Cielo Iron Nickel Meteorite Lot Argentina 50.24 Grams,59.75,2025-03-25,50.24,1.19,WorthPoint
campo-del-cielo-meteorite,AAA Quality Campo Del Cielo Iron Meteorite! 3.801kg. Spectacular Regmaglypts,1995,2025-03-25,3801,0.52,WorthPoint
campo-del-cielo-meteorite,Beautiful 973 Gm. Etched Campo Del Cielo Meteorite Rectangular Cube,260,2025-03-23,973,0.27,WorthPoint
campo-del-cielo-meteorite,4.1g Campo Del Cielo Iron Nickel Meteorite Piece Meteor Space Rock Asteroid 0012,16.94,2025-03-23,4.1,4.13,WorthPoint
campo-del-cielo-meteorite,32.5 Grams NEW CAMPO DEL CIELO METEORITE Polished + Certificate Of Authenticity,25.99,2025-03-21,32.5,0.8,WorthPoint
campo-del-cielo-meteorite,Large Slab Of Campo Del Cielo Meteorite 1068 Gms Stand 16 Mmthick ;,949.05,2025-03-21,1068,0.89,WorthPoint
campo-del-cielo-meteorite,Iron Meteorite Lot Collection Campo Agoudal Nantan Muonionalusta Gibeon,199.99,2025-03-21,,,WorthPoint
campo-del-cielo-meteorite,14.9 Grams CAMPO DEL CIELO METEORITE Polished Charm Pendant For A Necklace + COA,12.99,2025-03-20,14.9,0.87,WorthPoint
campo-del-cielo-meteorite,Big Lot Of Small Campo Del Cielo Meteorites 100% Authentic 19.35gr,19.99,2025-03-20,19.35,1.03,WorthPoint
campo-del-cielo-meteorite,Beautiful 694 Gm Campo Del Cielo Etched Meteorite Slab!!!,654.55,2025-03-20,694,0.94,WorthPoint
campo-del-cielo-meteorite,15.8 Grams NEW CAMPO DEL CIELO METEORITE Polished + Certificate Of Authenticity,12.49,2025-03-19,15.8,0.79,WorthPoint
campo-del-cielo-meteorite,Monstrous 308 Gm Campo Del Cielo Meteorite Crystal W/ Stand,296.1,2025-03-19,308,0.96,WorthPoint
campo-del-cielo-meteorite,13 Pounds Etched Campo MASSIVE INCLUSION Iron Meteorite,1950,2025-03-18,,,WorthPoint
campo-del-cielo-meteorite,Authentic Campo Del Cielo Meteorite - Authenticated In Certified Holder #7173,11.96,2025-03-18,,,WorthPoint
campo-del-cielo-meteorite,10.32 GM Uruacu Meteorite Fragment Iron Fractured Brazil IAB-MG Crystal RARE A43,24.98,2025-03-18,10.32,2.42,WorthPoint
campo-del-cielo-meteorite,256 Gm . CAMPO DEL CIELO METEORITE .56 Pounds LOW LOW PRICE B GRADE,189.05,2025-03-17,256,0.74,WorthPoint
campo-del-cielo-meteorite,500 Gm LOT OF CAMPO DEL CIELO METEORITE CRYSTALS 10-15 GMS IN SIZE;,251.75,2025-03-17,500,0.5,WorthPoint
campo-del-cielo-meteorite,130.7 Grams NEW CAMPO DEL CIELO METEORITE Polished + Certificate Of Authenticity,89.99,2025-03-17,130.7,0.69,WorthPoint
campo-del-cielo-meteorite,15.3 Grams NEW CAMPO DEL CIELO METEORITE Polished + Certificate Of Authenticity,11.99,2025-03-17,15.3,0.78,WorthPoint
campo-del-cielo-meteorite,26.3 Grams NEW CAMPO DEL CIELO METEORITE Polished + Certificate Of Authenticity,19.99,2025-03-17,26.3,0.76,WorthPoint
campo-del-cielo-meteorite,500 Gm LOT OF CAMPO DEL CIELO METEORITE CRYSTALS; 15-20 GMS IN SIZE; 1/2 KILO,251.75,2025-03-16,500,0.5,WorthPoint
campo-del-cielo-meteorite,63.4 Grams NEW CAMPO DEL CIELO METEORITE Polished + Certificate Of Authenticity,50.99,2025-03-16,63.4,0.8,WorthPoint
campo-del-cielo-meteorite,"Campo Del Cielo Iron Meteorite From Argentina, 19.1 Grams.",10.5,2025-03-16,19.1,0.55,WorthPoint
campo-del-cielo-meteorite,"Campo Del Cielo Iron Meteorite From Argentina, 16.0 Grams.",7.99,2025-03-16,16,0.5,WorthPoint
campo-del-cielo-meteorite,250 GRS LOT OF CAMPO DEL CIELO METEORITE CRYSTALS FROM 30-50 Gm IN SIZE,128.25,2025-03-14,250,0.51,WorthPoint
campo-del-cielo-meteorite,Authentic Meteorite Space Rock Campo Del Cielo Argentina INB,11.8,2025-03-14,,,WorthPoint
campo-del-cielo-meteorite,"Authentic Meteorite X2 Lot- Campo Del Cielo, Argentina - 1576 AD .10g Crystal",24.99,2025-03-14,10,2.5,WorthPoint
campo-del-cielo-meteorite,Campo Del Cielo Meteorite From Argentina 4.8 Grams,5.99,2025-03-13,4.8,1.25,WorthPoint
campo-del-cielo-meteorite,Campo Del Cielo Authentic Meteorite Specimen (65.4 Grams),60.17,2025-03-13,65.4,0.92,WorthPoint
campo-del-cielo-meteorite,"Campo Del Cielo ""Crystal""",337.5,2025-03-13,,,WorthPoint
campo-del-cielo-meteorite,Meteorites - Iron Meteorite 14.6g Mirror Polished Slice - Pendant Ready,21.95,2025-03-13,14.6,1.5,WorthPoint
campo-del-cielo-meteorite,Meteorites - Iron Meteorite 12.2g Mirror Polished Slice - Pendant Ready,19.95,2025-03-13,12.2,1.64,WorthPoint
campo-del-cielo-meteorite,Meteorites - Iron Meteorite 13.1g Mirror Polished Slice - Pendant Ready,19.95,2025-03-13,13.1,1.52,WorthPoint
campo-del-cielo-meteorite,Campo Del Cielo Authentic Meteorite Specimen (55.5 Grams),51.06,2025-03-13,55.5,0.92,WorthPoint
campo-del-cielo-meteorite,2 Kg. Campo Del Cielo Meteorite Crystals 0-1 Gms & 2 Kg Larger Size Of Choice,1900,2025-03-13,1,1900,WorthPoint
campo-del-cielo-meteorite,Campo Del Cielo Meteorite 100% Natural From Argentina 10.0gr,14.99,2025-03-12,10,1.5,WorthPoint
campo-del-cielo-meteorite,14.4 Grams NEW CAMPO DEL CIELO METEORITE Polished + Certificate Of Authenticity,10.99,2025-03-12,14.4,0.76,WorthPoint
campo-del-cielo-meteorite,15.31 Grams NEW CAMPO DEL CIELO METEORITE Polished + Certificate Of Authenticity,11.99,2025-03-12,15.31,0.78,WorthPoint
campo-del-cielo-meteorite,Campo Del Cielo Meteorite Gorgeous End Piece 75mm 171g Argentina COA 5794,399.95,2025-03-11,171,2.34,WorthPoint
campo-del-cielo-meteorite,138 Gm . CAMPO DEL CIELO METEORITE B GRADE ; .3 LBS.,122.55,2025-03-11,138,0.89,WorthPoint
campo-del-cielo-meteorite,16.4 Grams NEW CAMPO DEL CIELO METEORITE Polished + Certificate Of Authenticity,12.99,2025-03-11,16.4,0.79,WorthPoint
campo-del-cielo-meteorite,1000 GRS LOT OF CAMPO DEL CIELO METEORITE CRYSTALS FROM 100 PLUS Gms. IN SIZE,525,2025-03-11,1000,0.53,WorthPoint
campo-del-cielo-meteorite,120 Gm . CAMPO DEL CIELO METEORITE B GRADE ; .26 LBS.,132.05,2025-03-10,120,1.1,WorthPoint
campo-del-cielo-meteorite,18.4 Grams NEW CAMPO DEL CIELO METEORITE Polished + Certificate Of Authenticity,14.99,2025-03-10,18.4,0.81,WorthPoint
campo-del-cielo-meteorite,11.1 Grams NEW CAMPO DEL CIELO METEORITE Polished + Certificate Of Authenticity,8.99,2025-03-10,11.1,0.81,WorthPoint
campo-del-cielo-meteorite,11 Total Authentic Meteorite Space Rock Campo Del Cielo Argentina C 2200 BC,35,2025-03-10,,,WorthPoint
campo-del-cielo-meteorite,Huge 208 Gm Campo Del Cielo Meteorite Crystal Great Piece With Stand .45 Lb,189.05,2025-03-09,208,0.91,WorthPoint
campo-del-cielo-meteorite,41 Gm Campo Del Cielo Meteorite Crystal Great Piece With Stand,42.7,2025-03-09,41,1.04,WorthPoint
campo-del-cielo-meteorite,7 Authentic Space Meteorite Rocks From The 2200 BC Campo Del Cielo Meteor Shower,15,2025-03-09,,,WorthPoint
campo-del-cielo-meteorite,"Campo Del Cielo Iron Meteorite From Argentina, 18.0 Grams",7.99,2025-03-09,18,0.44,WorthPoint
campo-del-cielo-meteorite,412 Gm CAMPO DEL CIELO METEORITE BEAUTIFUL AAA GRADE METEORITE .9 POUNDS,422.1,2025-03-09,412,1.02,WorthPoint
campo-del-cielo-meteorite,Beautiful 480 Gm. Etched Campo Del Cielo Meteorite Quad Cut,314.1,2025-03-09,480,0.65,WorthPoint
campo-del-cielo-meteorite,19.1 Grams NEW CAMPO DEL CIELO METEORITE Polished + Certificate Of Authenticity,15.49,2025-03-09,19.1,0.81,WorthPoint
campo-del-cielo-meteorite,34 Gm .CAMPO DEL CIELO METEORITE,35,2025-03-09,34,1.03,WorthPoint
campo-del-cielo-meteorite,"35.19 Gram Campo Del Cielo Argentina Meteorite, Iron From Outer Space # ME 563 B",26.5,2025-03-09,35.19,0.75,WorthPoint
campo-del-cielo-meteorite,"46.97 Gram Campo Del Cielo Argentina Meteorite, Iron From Outer Space # ME 646 B",35.5,2025-03-09,46.97,0.76,WorthPoint
campo-del-cielo-meteorite,"Meteorite, Iron, Campo Del Cielo, Argentina, Large 726g/1.6lbs,",650,2025-03-08,726,0.9,WorthPoint
campo-del-cielo-meteorite,1954 Gm CAMPO DEL CIELO METEORITE BEAUTIFUL LG MUSEUM GRADE METEORITE 4.3 LBS,2695.5,2025-03-08,1954,1.38,WorthPoint
campo-del-cielo-meteorite,Authentic Meteorite Space Rock Campo Del Cielo Argentina Discovered 1576 AD,10,2025-03-08,,,WorthPoint
campo-del-cielo-meteorite,Campo Del Cielo Iron Meteorite 28.05,26.99,2025-03-08,,,WorthPoint
campo-del-cielo-meteorite,Iron Metal Space Meteorite Mineral Campo Del Cielo Argentina,19.99,2025-03-08,,,WorthPoint
campo-del-cielo-meteorite,11.9 Grams CAMPO DEL CIELO METEORITE Polished Charm Pendant For A Necklace + COA,10.99,2025-03-08,11.9,0.92,WorthPoint
campo-del-cielo-meteorite,13.2 Grams CAMPO DEL CIELO METEORITE Polished Charm Pendant For A Necklace + COA,12.99,2025-03-08,13.2,0.98,WorthPoint
campo-del-cielo-meteorite,374 Gm CAMPO DEL CIELO METEORITE BEAUTIFUL AAA GRADE METEORITE .83 POUNDS,375,2025-03-08,374,1,WorthPoint
campo-del-cielo-meteorite,1874 Gm .CAMPO DEL CIELO METEORITE ;B GRADE; 4.1+ LBS BEAUTIFUL; CHEAP,895.5,2025-03-08,1874,0.48,WorthPoint
campo-del-cielo-meteorite,Lot Of 2 Meteorite Samples NW Africa Sahara Desert Campo Del Cielo Argentina,7.99,2025-03-07,,,WorthPoint
campo-del-cielo-meteorite,Huge 104 Gm Campo Del Cielo Meteorite Crystal Great Piece With Stand .23 Lb,94.05,2025-03-07,104,0.9,WorthPoint
campo-del-cielo-meteorite,Lot Of 4 Authentic Space Meteorite Campo Del Cielo Argentina. D01,15,2025-03-06,,,WorthPoint
campo-del-cielo-meteorite,"Campo Del Cielo Meteorite ""Crystal""",600,2025-03-06,,,WorthPoint
campo-del-cielo-meteorite,1792 GM. CAMPO DEL CIELO METEORITE ;AA GRADE LARGE METEORITE 3.94 Lbs. CHEAP!,989.1,2025-03-06,1792,0.55,WorthPoint
campo-del-cielo-meteorite,‚òÑÔ∏èUnique Campo Del Cielo Meteorite 3-4g Real Space Rock! 4.6 BILLION YRS OLD!(B),7.95,2025-03-06,4,1.99,WorthPoint
campo-del-cielo-meteorite,Large 2550 Gm Campo Del Cielo Meteorite Aa Grade 5.6 Lbs Low Low Price,1169.1,2025-03-06,2550,0.46,WorthPoint
campo-del-cielo-meteorite,13.45 Grams NEW CAMPO DEL CIELO METEORITE Polished + Certificate Of Authenticity,10.49,2025-03-05,13.45,0.78,WorthPoint
campo-del-cielo-meteorite,13.4 Grams NEW CAMPO DEL CIELO METEORITE Polished + Certificate Of Authenticity,10.49,2025-03-05,13.4,0.78,WorthPoint
campo-del-cielo-meteorite,Monstrous 368 Gm Campo Del Cielo Meteorite Crystal Great Piece With Stand,331.55,2025-03-05,368,0.9,WorthPoint
campo-del-cielo-meteorite,8 Grams CAMPO DEL CIELO METEORITE Pendant M-9,9.99,2025-03-05,8,1.25,WorthPoint
campo-del-cielo-meteorite,"Beautiful 7.6x4.6 Inch, 664 Gm Campo Del Cielo Etched Meteorite Slab!!!",566.1,2025-03-04,664,0.85,WorthPoint
campo-del-cielo-meteorite,Beautiful 820 Gm. Etched Campo Del Cielo Meteorite Pair 1.8 Lbs Stands,674.1,2025-03-04,820,0.82,WorthPoint
campo-del-cielo-meteorite,Beautiful 318 Gm Campo Del Cielo Polished & Tumbled Meteorite!!,206.95,2025-03-04,318,0.65,WorthPoint
campo-del-cielo-meteorite,9 Grams CAMPO DEL CIELO METEORITE Pendant M-7,9.99,2025-03-04,9,1.11,WorthPoint
campo-del-cielo-meteorite,26.9 Grams CAMPO DEL CIELO METEORITE Polished With A Certificate Of Authenticity,19.49,2025-03-04,26.9,0.72,WorthPoint
campo-del-cielo-meteorite,234 Gm . CAMPO DEL CIELO METEORITE; AA GRADE ; .51 LBS.,255.65,2025-03-04,234,1.09,WorthPoint
campo-del-cielo-meteorite,Beautiful 1098 Gm. Etched Campo Del Cielo Meteorite Pair 2.4 Lbs Stands,809.1,2025-03-04,1098,0.74,WorthPoint
campo-del-cielo-meteorite,Beautiful 260 Gm Campo Del Cielo Polished & Tumbled Meteorite!!,179.95,2025-03-03,260,0.69,WorthPoint
campo-del-cielo-meteorite,588 Gm Campo Del Cielo Polished & Tumbled Meteorite 1.3 Lb,359.96,2025-03-03,588,0.61,WorthPoint
campo-del-cielo-meteorite,5 Total Authentic Meteorite Slabs Space Rock Campo Del Cielo Argentina C 2200 BC,8.22,2025-03-03,,,WorthPoint
campo-del-cielo-meteorite,"35.32 Gram Campo Del Cielo Argentina Meteorite, Iron From Outer Space # ME 629 B",46,2025-03-03,35.32,1.3,WorthPoint
campo-del-cielo-meteorite,65.1 Grams NEW CAMPO DEL CIELO METEORITE Polished + Certificate Of Authenticity,53.99,2025-03-02,65.1,0.83,WorthPoint
campo-del-cielo-meteorite,7 Total Authentic Meteorite Space Rock Campo Del Cielo Argentina C 2200 BC,35,2025-03-02,,,WorthPoint
campo-del-cielo-meteorite,Space Meteorite From Campo Del Cielo Meteor Shower Argentina Genuine Authentic,16.75,2025-03-02,,,WorthPoint
campo-del-cielo-meteorite,"Space Meteorite From Campo Del Cielo, Argentina - Space Rock - Asteroid",6.99,2025-03-01,,,WorthPoint
campo-del-cielo-meteorite,Beautiful 218 Gm Campo Del Cielo Polished & Tumbled Meteorite!!,152.95,2025-03-01,218,0.7,WorthPoint
campo-del-cielo-meteorite,Beautiful 356 Gm Campo Del Cielo Polished & Tumbled Etched Meteorite,224.1,2025-03-01,356,0.63,WorthPoint
campo-del-cielo-meteorite,Meteorites - Iron Meteorite 156.8g Polished And Etched Large Full Slice,149.95,2025-03-01,156.8,0.96,WorthPoint
campo-del-cielo-meteorite,"1-Meteorite, Campo Del Cielo, Argentina-Discovered 1576 AD. Pic 3 Included",5.5,2025-03-01,,,WorthPoint
campo-del-cielo-meteorite,13 Grams NEW CAMPO DEL CIELO METEORITE Polished + Certificate Of Authenticity,9.99,2025-03-01,13,0.77,WorthPoint
campo-del-cielo-meteorite,Campo Del Cielo METEORITE 100% Natural From Argentina 9.60gr,13.99,2025-02-28,9.6,1.46,WorthPoint
campo-del-cielo-meteorite,74 Gm Campo Del Cielo Meteorite Crystal Great Piece With Stand,71.3,2025-02-27,74,0.96,WorthPoint
campo-del-cielo-meteorite,"""Las Palmas"" Meteorite",337.5,2025-02-27,,,WorthPoint
campo-del-cielo-meteorite,Campo Del Cielo Iron-Nickel Meteorite 178 Gram Etched Slice,150,2025-02-27,178,0.84,WorthPoint
campo-del-cielo-meteorite,Three Large 47mm Meteorite Medals,125,2025-02-27,,,WorthPoint
campo-del-cielo-meteorite,Set Of The Three Major Types Of Meteorites,237.5,2025-02-27,,,WorthPoint
campo-del-cielo-meteorite,Esthetic 5 Pound Campo Del Cielo Iron-Nickel Meteorite,362.5,2025-02-27,,,WorthPoint
campo-del-cielo-meteorite,Meteorites - Iron Meteorite 1050.8g Extra Large Polished And Etched Full Slice,739.95,2025-02-27,1050.8,0.7,WorthPoint
campo-del-cielo-meteorite,4 AUTHENTIC METEORITES SPACE ROCK From CAMPO DEL CIELO ARGENTINA 1576 AD,15,2025-02-27,,,WorthPoint
campo-del-cielo-meteorite,LARGE 5+ CAMPO DEL CIELO METEORITE AAA GRADE 7+ LBS. Stand,305,2025-02-27,,,WorthPoint
campo-del-cielo-meteorite,16.1 Grams NEW CAMPO DEL CIELO METEORITE Polished + Certificate Of Authenticity,12.99,2025-02-26,16.1,0.81,WorthPoint
campo-del-cielo-meteorite,Lot Of 2 Authentic Meteorites Campo Del Cielo,15,2025-02-26,,,WorthPoint
campo-del-cielo-meteorite,2880 Gm. Campo Del Cielo Meteorite ; Aaa Grade 6lb 5oz,1150,2025-02-26,2880,0.4,WorthPoint
campo-del-cielo-meteorite,"Meteorite Specimen Campo Del Cielo, 56.00 Grams, Iron Meteorite, Astronomy Gift",67.2,2025-02-26,56,1.2,WorthPoint
campo-del-cielo-meteorite,14 Total Authentic Meteorite Space Rock Campo Del Cielo Argentina C 2200 BC,35,2025-02-25,,,WorthPoint
campo-del-cielo-meteorite,Hand Forged Meteorite Knife,127.5,2025-02-25,,,WorthPoint
campo-del-cielo-meteorite,688 Gm. Campo Del Cielo Meteorite ;1.5 Lbs Museum Gd. Beautiful Lg. Meteorite,805.5,2025-02-25,688,1.17,WorthPoint
campo-del-cielo-meteorite,5.3 Grams CAMPO DEL CIELO METEORITE Pendant M-6,6.99,2025-02-25,5.3,1.32,WorthPoint
campo-del-cielo-meteorite,Fossil Dig 5 LBS Gem Mining Rough Space Coast Gem Mining Company,17,2025-02-25,,,WorthPoint
campo-del-cielo-meteorite,Authentic Meteorite Pendant Or Necklace...a Falling Star! 1.55,15.99,2025-02-24,,,WorthPoint
campo-del-cielo-meteorite,Campo Del Cielo Iron Meteorite - 4 Grams In Argentina,25,2025-02-23,4,6.25,WorthPoint
campo-del-cielo-meteorite,"89.03 Gram Campo Del Cielo Argentina Meteorite, Iron From Outer Space # ME 700 B",67,2025-02-23,89.03,0.75,WorthPoint
campo-del-cielo-meteorite,"40g Meteorite Fragment. Campo Del Cielo Strike, Argentina. Great Details. Exc.",26,2025-02-22,40,0.65,WorthPoint
campo-del-cielo-meteorite,15.33 Grams NEW CAMPO DEL CIELO METEORITE Polished + Certificate Of Authenticity,11.99,2025-02-21,15.33,0.78,WorthPoint
campo-del-cielo-meteorite,194 Gm . CAMPO DEL CIELO METEORITE; AA GRADE ; .43 LBS. STAND,204.35,2025-02-21,194,1.05,WorthPoint
campo-del-cielo-meteorite,Beautiful 325 Gm. Etched Campo Del Cielo Meteorite Pair .72 Lbs Stands,314.1,2025-02-20,325,0.97,WorthPoint
campo-del-cielo-meteorite,Campo Del Cielo METEORITE 100% Natural From Argentina 8.01gr,12.99,2025-02-20,8.01,1.62,WorthPoint
campo-del-cielo-meteorite,Campo Del Cielo METEORITE 100% Natural From Argentina 10.70gr,14.99,2025-02-20,10.7,1.4,WorthPoint
campo-del-cielo-meteorite,45 Gm Campo Del Cielo Meteorite Crystal Great Piece With Stand,40.57,2025-02-20,45,0.9,WorthPoint
campo-del-cielo-meteorite,"79.38 Gram Campo Del Cielo Argentina Meteorite, Iron From Outer Space # ME 692 B",84,2025-02-20,79.38,1.06,WorthPoint
campo-del-cielo-meteorite,Campo Del Cielo Meteorite In Riker Mount ‚Ä¢ 23 Grams,38,2025-02-19,23,1.65,WorthPoint
campo-del-cielo-meteorite,Huge 120 Gm Campo Del Cielo Meteorite Crystal Great Piece With Stand .26 Lb,98.37,2025-02-19,120,0.82,WorthPoint
campo-del-cielo-meteorite,133 Gm . CAMPO DEL CIELO METEORITE; AAA COLLECTORS GRADE ; .29 LBS.,179.1,2025-02-19,133,1.35,WorthPoint
campo-del-cielo-meteorite,Beautiful 4.25x4.5 Inch 426 Gm Campo Del Cielo Meteorite Slab 1 Lbs,269.1,2025-02-19,426,0.63,WorthPoint
campo-del-cielo-meteorite,SLICE CAMPO DEL CIELO METEORITE SLAB 296 GMS STAND 5 Mm Thick .65 Lb,224.95,2025-02-19,296,0.76,WorthPoint
campo-del-cielo-meteorite,164 Gm. New Campo Del Cielo Meteorite ; B Grade Meteorite; .36 Lb;,152.96,2025-02-18,164,0.93,WorthPoint
campo-del-cielo-meteorite,14.7 Grams CAMPO DEL CIELO METEORITE Polished Charm Pendant For A Necklace,13.99,2025-02-17,14.7,0.95,WorthPoint
campo-del-cielo-meteorite,Big Lot Of Small Campo Del Cielo Meteorites 100% Authentic 20.26gr,19.99,2025-02-17,20.26,0.99,WorthPoint
campo-del-cielo-meteorite,Campo Del Cielo(Fields Of Heaven) Argentina 100g Iron Nickel Meteorite Authentic,94.99,2025-02-17,100,0.95,WorthPoint
campo-del-cielo-meteorite,1996 CA$1 Proof .9999 Silver Dollar: 200th Anniv. Of John McIntosh Arrival In CA,95,2025-02-17,,,WorthPoint
campo-del-cielo-meteorite,602 Gm. Las Palmas Campo Meteorite 1.3 Lbs Museum Gd. Terrific Sculpturing,1075.5,2025-02-16,602,1.79,WorthPoint
campo-del-cielo-meteorite,Meteorite Rare Space Dust Collection Black Friday Xmas Gift Deals Sale God Stars,14.99,2025-02-16,,,WorthPoint
campo-del-cielo-meteorite,698 Gm . CAMPO DEL CIELO METEORITE; A GRADE ; 1.5 LBS. CHEAP!!,359.1,2025-02-16,698,0.51,WorthPoint
campo-del-cielo-meteorite,1000 Gm LOT OF CAMPO DEL CIELO METEORITE CRYSTALS 30-50 GMS IN SIZE; 1 KILO,473.81,2025-02-16,1000,0.47,WorthPoint
campo-del-cielo-meteorite,Campo Del Cielo Meteorite Don‚Äôt Know The Weigh Nice Size Piece 1 3/4‚Äù Across,39.99,2025-02-16,,,WorthPoint
campo-del-cielo-meteorite,SLICE CAMPO DEL CIELO METEORITE SLAB 412 GMS STAND 6 Mm Thick .91 Lb,269.95,2025-02-15,412,0.66,WorthPoint
campo-del-cielo-meteorite,26 Gram - 5 PIECES CAMPO DEL CIELO IRON METEORITE,13.01,2025-02-15,26,0.5,WorthPoint
campo-del-cielo-meteorite,77.1 Grams Of 6 NEW CAMPO DEL CIELO METEORITE Christmas Tree Ornaments With COA,38.99,2025-02-15,77.1,0.51,WorthPoint
campo-del-cielo-meteorite,60 Gm Campo Del Cielo Meteorite W/ Stand ‚Äî Hole For Jewelry,40,2025-02-15,60,0.67,WorthPoint
campo-del-cielo-meteorite,Campo Del Cielo Authentic Meteorite Specimen (59.6 Grams),59.6,2025-02-14,59.6,1,WorthPoint
campo-del-cielo-meteorite,34.4 Grams NEW CAMPO DEL CIELO METEORITE Polished + Certificate Of Authenticity,26.99,2025-02-13,34.4,0.78,WorthPoint
campo-del-cielo-meteorite,428 Gm CAMPO DEL CIELO METEORITE BEAUTIFUL AAA GRADE METEORITE .94 POUNDS,476.1,2025-02-13,428,1.11,WorthPoint
campo-del-cielo-meteorite,Campo Del Cielo Meteorite 100% Natural From Argentina 16.7gr,15.99,2025-02-12,16.7,0.96,WorthPoint
campo-del-cielo-meteorite,Beautiful 159 Gm Campo Del Cielo Polished & Tumbled Meteorite!!,116.96,2025-02-12,159,0.74,WorthPoint
campo-del-cielo-meteorite,166 Gm . CAMPO DEL CIELO METEORITE; AA GRADE ; .36 LBS.,170.15,2025-02-12,166,1.03,WorthPoint
campo-del-cielo-meteorite,24.6 Grams CAMPO DEL CIELO METEORITE Polished With A Certificate Of Authenticity,18.49,2025-02-12,24.6,0.75,WorthPoint
campo-del-cielo-meteorite,102 Gm Campo Del Cielo Meteorite Crystal Great Piece With Stand,98.37,2025-02-12,102,0.96,WorthPoint
campo-del-cielo-meteorite,Campo Del Cielo Meteorite Necklace Pendant LüëÄüëÄK,9.95,2025-02-11,,,WorthPoint
campo-del-cielo-meteorite,3 Authentic Space Meteorite Rocks 2200 BC Campo Del Cielo Meteor Shower In INB,5.95,2025-02-11,,,WorthPoint
campo-del-cielo-meteorite,Campo Del Cielo METEORITE 100% Natural Argentina 9.9gr,15.99,2025-02-10,9.9,1.62,WorthPoint
campo-del-cielo-meteorite,Meteorite Slabs Campo Del Cielo Argentina 5 Piece LOT Gifts Space Science,29.99,2025-02-10,,,WorthPoint
campo-del-cielo-meteorite,Large Us Coin Lot Mixed Years Slabbed Gems & Authentic Meteorites,109,2025-02-09,,,WorthPoint
campo-del-cielo-meteorite,"Meteorite Specimen Campo Del Cielo, 111.66 Grams, Iron Meteorite, Astronomy Gift",169,2025-02-09,111.66,1.51,WorthPoint
campo-del-cielo-meteorite,Campo Del Cielo METEORITE 100% Natural From Argentina 10.85gr,15.99,2025-02-08,10.85,1.47,WorthPoint
campo-del-cielo-meteorite,Campo Del Cielo METEORITE 100% Natural From Argentina 10.63gr,14.99,2025-02-08,10.63,1.41,WorthPoint
campo-del-cielo-meteorite,4.39 Grams NEW CAMPO DEL CIELO METEORITE Polished Charm Pendant For A Necklace,7.49,2025-02-08,4.39,1.71,WorthPoint
campo-del-cielo-meteorite,5.75 Grams NEW CAMPO DEL CIELO METEORITE Polished Charm Pendant For A Necklace,9.99,2025-02-08,5.75,1.74,WorthPoint
campo-del-cielo-meteorite,13.5 Grams CAMPO DEL CIELO METEORITE Polished Charm Pendant For A Necklace +COA,14.99,2025-02-08,13.5,1.11,WorthPoint
campo-del-cielo-meteorite,13.54 Grams CAMPO DEL CIELO METEORITE Polished Charm Pendant For A Necklace +COA,15.99,2025-02-08,13.54,1.18,WorthPoint
campo-del-cielo-meteorite,Authentic Campo Del Cielo Space Meteorite - Argentina C. 2200 BC,17.22,2025-02-08,,,WorthPoint
campo-del-cielo-meteorite,Authentic Campo Del Cielo Meteorite Fragment - Space Collectible From Argentina C. 2200 BC,9.84,2025-02-08,,,WorthPoint
campo-del-cielo-meteorite,1034 Gm. Campo Del Cielo Meteorite ; Med. Grade!! Beautiful; 2.2 Lbs.; Cheap!,539.1,2025-02-08,1034,0.52,WorthPoint
campo-del-cielo-meteorite,Campo Del Cielo Meteorites..1 Big 5 Small,29,2025-02-07,,,WorthPoint
campo-del-cielo-meteorite,Campo Del Cielo METEORITE 100% Natural From Argentina 7.28gr,13.99,2025-02-07,7.28,1.92,WorthPoint
campo-del-cielo-meteorite,Meteorites - Iron Meteorite 7.7g Mirror Polished Slice,12.95,2025-02-07,7.7,1.68,WorthPoint
campo-del-cielo-meteorite,16.2 Grams CAMPO DEL CIELO METEORITE Polished Charm Pendant For A Necklace +COA,17.99,2025-02-07,16.2,1.11,WorthPoint
campo-del-cielo-meteorite,10.53 Grams CAMPO DEL CIELO METEORITE Polished Charm Pendant For A Necklace +COA,13.99,2025-02-07,10.53,1.33,WorthPoint
campo-del-cielo-meteorite,6 Total Authentic Meteorite Space Rock Campo Del Cielo Argentina C 2200 BC W36,20.99,2025-02-07,,,WorthPoint
campo-del-cielo-meteorite,Beautiful 152 Gm Campo Del Cielo Polished & Tumbled Meteorite!!,107.96,2025-02-07,152,0.71,WorthPoint
campo-del-cielo-meteorite,"Meteorite Specimen Campo Del Cielo, 56.95 Grams, Iron Meteorite, Astronomy Gift",90.4,2025-02-07,56.95,1.59,WorthPoint
campo-del-cielo-meteorite,1000 GRS LOT OF CAMPO DEL CIELO METEORITE CRYSTALS FROM 50-100 Gm IN SIZE,473.81,2025-02-06,1000,0.47,WorthPoint
campo-del-cielo-meteorite,1000 GM LOT OF CAMPO DEL CIELO METEORITE CRYSTALS FROM 10-15 Gm IN SIZE,473.81,2025-02-06,1000,0.47,WorthPoint
campo-del-cielo-meteorite,PERFECT VALENTINE'S DAY GIFT Genuine Campo Del Cielo METEORITE Pieces Spell LOVE,122,2025-02-06,,,WorthPoint
campo-del-cielo-meteorite,Beautiful 802 Gm. Etched Campo Del Cielo Meteorite Triple Cut,539.1,2025-02-06,802,0.67,WorthPoint
campo-del-cielo-meteorite,Meteorites - Iron Meteorite 12.2g Mirror Polished Slice,16.95,2025-02-05,12.2,1.39,WorthPoint
campo-del-cielo-meteorite,508 Gm. Campo Del Cielo Meteorite ; Meteorite; 1.1 Lbs. Aaa Grade,674.95,2025-02-05,508,1.33,WorthPoint
campo-del-cielo-meteorite,Lot Of 5 Genuine Authentic Space Meteorite From Campo Del Cielo Meteor Shower,17.39,2025-02-04,5,3.48,WorthPoint
campo-del-cielo-meteorite,M√©t√©orite Campo Del Cielo Meteorite 138.7 Grams,49,2025-02-04,138.7,0.35,WorthPoint
campo-del-cielo-meteorite,Huge 174 Gm Campo Del Cielo Meteorite Crystal Great Piece With Stand,151.05,2025-02-03,174,0.87,WorthPoint
campo-del-cielo-meteorite,Lot Of FIVE! Smaller Campo Del Cielo Meteorites 100% Authentic 18.54gr,22.99,2025-02-03,18.54,1.24,WorthPoint
campo-del-cielo-meteorite,Beautiful 780 Gm. Etched Campo Del Cielo Meteorite Tripple Cut,719.1,2025-02-03,780,0.92,WorthPoint
campo-del-cielo-meteorite,690 Gm CAMPO DEL CIELO METEORITE AAA GRADE METEORITE 1.5 POUNDS SCULPTURED,899.1,2025-02-02,690,1.3,WorthPoint
campo-del-cielo-meteorite,125 Gm . CAMPO DEL CIELO METEORITE; A GRADE ; .28 LBS.,107.1,2025-02-02,125,0.86,WorthPoint
campo-del-cielo-meteorite,488 Gm CAMPO DEL CIELO METEORITE BEAUTIFUL AAA GRADE METEORITE 1.1 POUNDS,539.1,2025-02-02,488,1.1,WorthPoint
campo-del-cielo-meteorite,SLICE OF CAMPO DEL CIELO METEORITE SLAB 46 GMS 1-2 Mm Thick,35.1,2025-02-01,46,0.76,WorthPoint
campo-del-cielo-meteorite,Campo Del Cielo Meteorites..1 Big 1 Small,15,2025-02-01,,,WorthPoint
campo-del-cielo-meteorite,"37.21 Gram Campo Del Cielo Argentina Meteorite, Iron From Outer Space # ME 602 B",28,2025-02-01,37.21,0.75,WorthPoint
campo-del-cielo-meteorite,Meteorite Campo Del Cielo 1.5 Long 47.5 And Misc,16.1,2025-01-31,,,WorthPoint
campo-del-cielo-meteorite,226 GM. CAMPO DEL CIELO METEORITE ; B GRADE LARGE METEORITE .5 Lbs. CHEAP!,197.1,2025-01-30,226,0.87,WorthPoint
campo-del-cielo-meteorite,New Campo Del Cielo Iron Nickel Meteorite 78 Grams,49.49,2025-01-30,78,0.63,WorthPoint
campo-del-cielo-meteorite,Meteorites - Iron Meteorite 5.6g Mirror Polished Slice,9.95,2025-01-30,5.6,1.78,WorthPoint
campo-del-cielo-meteorite,Campo Del Cielo METEORITE 100% Natural From Argentina 7.65gr,12.99,2025-01-29,7.65,1.7,WorthPoint
campo-del-cielo-meteorite,Campo Del Cielo METEORITE 100% Natural From Argentina 8.41gr,13.99,2025-01-29,8.41,1.66,WorthPoint
campo-del-cielo-meteorite,100 Gm Campo Del Cielo Meteorite Crystal Great Piece With Stand,103.55,2025-01-29,100,1.04,WorthPoint
campo-del-cielo-meteorite,33g Meteorite Fragment. Campo Del Cielo Strike Argentina. Super Details. Exc.,26,2025-01-29,33,0.79,WorthPoint
campo-del-cielo-meteorite,13.7 Grams CAMPO DEL CIELO METEORITE Polished Charm Pendant For A Necklace +COA,15.99,2025-01-29,13.7,1.17,WorthPoint
campo-del-cielo-meteorite,Campo Del Cielo METEORITE 100% Natural From Argentina 10.23gr,14.99,2025-01-29,10.23,1.47,WorthPoint
campo-del-cielo-meteorite,"Authentic Alien Shape Meteorite Space Rock Campo Del Cielo Argentina, Discovered 1576 AD INB",11.8,2025-01-27,,,WorthPoint
campo-del-cielo-meteorite,125 Gm LOT OF CAMPO DEL CIELO METEORITE CRYSTALS; 15-20 GMS IN SIZE; 1/8 KILO,66.5,2025-01-26,125,0.53,WorthPoint
campo-del-cielo-meteorite,Campo Del Cielo Authentic Meteorite Specimen (71.2 Grams),64.08,2025-01-26,71.2,0.9,WorthPoint
campo-del-cielo-meteorite,Museum Quality 2kg Campo Del Cielo Meteorite.,1199,2025-01-25,2000,0.6,WorthPoint
campo-del-cielo-meteorite,500 GRS LOT OF CAMPO DEL CIELO METEORITE CRYSTALS FROM 100 Plus Gm IN SIZE,251.75,2025-01-24,500,0.5,WorthPoint
campo-del-cielo-meteorite,143 Grams Total And You Get All 12 CAMPO DEL CIELO METEORITES Polished With COA,104.99,2025-01-23,143,0.73,WorthPoint
campo-del-cielo-meteorite,"XL Meteorite, Treasure Chest, Authenticity Certificate 60-70 Grams",62.44,2025-01-23,70,0.89,WorthPoint
campo-del-cielo-meteorite,6 Campo Del Cielo Meteorite 194g -Space Rock- Plus Authenticity And Info. Card,149,2025-01-23,194,0.77,WorthPoint
campo-del-cielo-meteorite,SLICE OF CAMPO DEL CIELO METEORITE SLAB 500 GMS 5-6 Mm Thick 1.1 Lbs,314.1,2025-01-22,500,0.63,WorthPoint
campo-del-cielo-meteorite,9.76 Grams CAMPO DEL CIELO METEORITE Polished Charm Pendant For A Necklace +COA,11.99,2025-01-21,9.76,1.23,WorthPoint
campo-del-cielo-meteorite,24.9 Grams CAMPO DEL CIELO METEORITE Polished With A Certificate Of Authenticity,18.49,2025-01-20,24.9,0.74,WorthPoint
campo-del-cielo-meteorite,22.9 Grams NEW CAMPO DEL CIELO METEORITE Polished + Certificate Of Authenticity,17.99,2025-01-20,22.9,0.79,WorthPoint
campo-del-cielo-meteorite,1000 Gm LOT OF CAMPO DEL CIELO METEORITE CRYSTALS; 15-20 GMS IN SIZE; 1 KILO,498.75,2025-01-20,1000,0.5,WorthPoint
campo-del-cielo-meteorite,(3) Iron Meteorite Campo Del Cielo | International Numismatic Bureau Argentina,29.99,2025-01-19,,,WorthPoint
campo-del-cielo-meteorite,28.8 Grams NEW CAMPO DEL CIELO METEORITE Polished + Certificate Of Authenticity,21.99,2025-01-19,28.8,0.76,WorthPoint
campo-del-cielo-meteorite,Lot Of 4 Campo Del Cielo Meteorite - Authentic Space Rocks ~2200 BC Argentina,15,2025-01-19,,,WorthPoint
campo-del-cielo-meteorite,Authentic Campo Del Cielo Meteorite In Display,14,2025-01-19,,,WorthPoint
campo-del-cielo-meteorite,Campo Del Cielo Meteorite Pieces Slices Etc. 284 Gms Total Weight,199.95,2025-01-19,284,0.7,WorthPoint
campo-del-cielo-meteorite,25.4 Grams CAMPO DEL CIELO METEORITE Polished With Certificate Of Authenticity,18.99,2025-01-18,25.4,0.75,WorthPoint
campo-del-cielo-meteorite,29 Grams CAMPO DEL CIELO METEORITE Polished With Certificate Of Authenticity,22.99,2025-01-18,29,0.79,WorthPoint
campo-del-cielo-meteorite,Meteorite:CampoDel Cielo ‚òÅÔ∏è‚òÑÔ∏è Weight 12.626 Grams:Cool Iron Meteorite! ‚ù§Ô∏è,40,2025-01-17,12.626,3.17,WorthPoint
campo-del-cielo-meteorite,SLICE CAMPO DEL CIELO METEORITE SLAB 350 GMS STAND 5 Mm Thick .8 Lb,224.95,2025-01-17,350,0.64,WorthPoint
campo-del-cielo-meteorite,80.4 Grams NEW CAMPO DEL CIELO METEORITE Polished + Certificate Of Authenticity,59.99,2025-01-16,80.4,0.75,WorthPoint
campo-del-cielo-meteorite,Authentic Space Meteorite Ca. 2200 BC Campo Del Cielo Meteor Shower Argentina Space Rock INB,17.7,2025-01-16,,,WorthPoint
campo-del-cielo-meteorite,21.1 Grams CAMPO DEL CIELO METEORITE Polished With Certificate Of Authenticity,15.49,2025-01-16,21.1,0.73,WorthPoint
campo-del-cielo-meteorite,21.6 Grams CAMPO DEL CIELO METEORITE Polished With Certificate Of Authenticity,15.99,2025-01-16,21.6,0.74,WorthPoint
campo-del-cielo-meteorite,"78.87 Gram Campo Del Cielo Argentina Meteorite, Iron From Outer Space # ME 713 B",60,2025-01-15,78.87,0.76,WorthPoint
campo-del-cielo-meteorite,"10g Campo Del Cielo, Iron Meteorite Shavings - Very Clean - Ring Making Supply",45,2025-01-14,10,4.5,WorthPoint
campo-del-cielo-meteorite,Campo Del Cielo METEORITE 100% Natural From Argentina 8.93gr,14.99,2025-01-13,8.93,1.68,WorthPoint
campo-del-cielo-meteorite,Beautiful 141 Gm Campo Del Cielo Polished & Tumbled Meteorite!!,116.96,2025-01-13,141,0.83,WorthPoint
campo-del-cielo-meteorite,Campo Del Cielo Meteorite 100% Natural From Argentina 14.5gr,21.99,2025-01-13,14.5,1.52,WorthPoint
campo-del-cielo-meteorite,21.2 Grams CAMPO DEL CIELO METEORITE Polished With Certificate Of Authenticity,15.49,2025-01-13,21.2,0.73,WorthPoint
campo-del-cielo-meteorite,7.09 Grams NEW CAMPO DEL CIELO METEORITE Polished Charm Pendant For A Necklace,9.99,2025-01-13,7.09,1.41,WorthPoint
campo-del-cielo-meteorite,Meteorite/Space Rock (Lb),8.12,2025-01-13,,,WorthPoint
campo-del-cielo-meteorite,AAA Quality Campo Del Cielo Iron Meteorite! 4.433kg. Spectacular Regmaglypts!,1236,2025-01-13,4433,0.28,WorthPoint
campo-del-cielo-meteorite,Roman Empire Coins & Authentic Meteorites Constantine Era & Space Rocks Lot Of 4,17.5,2025-01-12,,,WorthPoint
campo-del-cielo-meteorite,15.7 Grams CAMPO DEL CIELO METEORITE Polished Charm Pendant For A Necklace,14.99,2025-01-10,15.7,0.95,WorthPoint
campo-del-cielo-meteorite,28 Grams NEW CAMPO DEL CIELO METEORITE Polished + Certificate Of Authenticity,21.49,2025-01-10,28,0.77,WorthPoint
campo-del-cielo-meteorite,LARGE 134 Gm. URUACU IRON METEORITE ; BRAZIL STAND INCLUDED TOP GRADE; .3 LBS,143.96,2025-01-10,134,1.07,WorthPoint
campo-del-cielo-meteorite,87.5 Grams NEW CAMPO DEL CIELO METEORITE Polished + Certificate Of Authenticity,69.99,2025-01-10,87.5,0.8,WorthPoint
campo-del-cielo-meteorite,"Authentic Meteorite Space Rock: Campo Del Cielo Argentina, Discovered 1576 AD .10g Crystal",12.98,2025-01-10,10,1.3,WorthPoint
campo-del-cielo-meteorite,"81.23 Gram Campo Del Cielo Argentina Meteorite, Iron From Outer Space # ME 683 B",84,2025-01-09,81.23,1.03,WorthPoint
campo-del-cielo-meteorite,57 Gm Campo Del Cielo Meteorite Crystal Great Piece With Stand,51.3,2025-01-09,57,0.9,WorthPoint
campo-del-cielo-meteorite,Authentic Space Meteorites From West Africa And Argentina C2000 BC Lot Of 28,145,2025-01-09,,,WorthPoint
campo-del-cielo-meteorite,2 Cases Of 2 Meteorites From Campo Del Cielo,12,2025-01-09,,,WorthPoint
campo-del-cielo-meteorite,Sterling Silver Meteorite Campo Del Cielo Ring Size 10,24,2025-01-08,,,WorthPoint
campo-del-cielo-meteorite,1712 GM. CAMPO DEL CIELO METEORITE ;AAA GRADE LARGE METEORITE 3.7 Lbs.,1050,2025-01-07,1712,0.61,WorthPoint
campo-del-cielo-meteorite,AWESOME 7.2g CAMPO IRON METEORITE FRAGMENT PENDANT! BEAUTIFUL SPECIMEN! AAAA++,15.95,2025-01-07,7.2,2.22,WorthPoint
campo-del-cielo-meteorite,10.2 Grams CAMPO DEL CIELO METEORITE Polished Charm Pendant For A Necklace,9.99,2025-01-07,10.2,0.98,WorthPoint
campo-del-cielo-meteorite,54 Gm Campo Del Cielo Meteorite Crystal Great Piece With Stand,51.3,2025-01-06,54,0.95,WorthPoint
campo-del-cielo-meteorite,Campo Del Cielo Iron Meteorite (IAB) 6607 Gm (14.6 LBS),3000,2025-01-06,6607,0.45,WorthPoint
campo-del-cielo-meteorite,About 65.3 Grams Authentic CAMPO DEL CIELO METEORITE,52.99,2025-01-06,65.3,0.81,WorthPoint
campo-del-cielo-meteorite,Campo Del Cielo Meteorite Lot In Display Boxes,19,2025-01-06,,,WorthPoint
campo-del-cielo-meteorite,Beautiful 244 Gm. Polished Campo Del Cielo Meteorite Sculptured Cut 6 Sides,179.1,2025-01-06,244,0.73,WorthPoint
campo-del-cielo-meteorite,69 Grams NEW CAMPO DEL CIELO METEORITE Polished + Certificate Of Authenticity,57.99,2025-01-05,69,0.84,WorthPoint
campo-del-cielo-meteorite,310 Gm CAMPO DEL CIELO METEORITE BEAUTIFUL BABY AAA GRADE METEORITE .68LBS,355.5,2025-01-04,310,1.15,WorthPoint
campo-del-cielo-meteorite,About 72.2 Grams Authentic NEW CAMPO DEL CIELO METEORITE,57.99,2025-01-04,72.2,0.8,WorthPoint
campo-del-cielo-meteorite,Campo Del Cielo Iron Nickel Meteorite Pendant Necklace Gold Plated 6.15 Grams,29.75,2025-01-04,6.15,4.84,WorthPoint
campo-del-cielo-meteorite,10.68 GM Uruacu Meteorite Fragment Iron Fractured Brazil IAB-MG Crystal RARE A44,24.98,2025-01-03,10.68,2.34,WorthPoint
campo-del-cielo-meteorite,Campo Del Cielo - Iron Meteorite - CDC-5050 - 5.13g W/COA - Crystal Specimens,5.5,2025-01-03,5.13,1.07,WorthPoint
campo-del-cielo-meteorite,SLICE CAMPO DEL CIELO METEORITE SLAB 696 GMS 6 Mm Thick 1.5#,404.96,2025-01-02,696,0.58,WorthPoint
campo-del-cielo-meteorite,80.3 Grams NEW CAMPO DEL CIELO METEORITE Polished + Certificate Of Authenticity,62.99,2025-01-02,80.3,0.78,WorthPoint
campo-del-cielo-meteorite,70.5 Grams NEW CAMPO DEL CIELO METEORITE Polished + Certificate Of Authenticity,59,2025-01-02,70.5,0.84,WorthPoint
campo-del-cielo-meteorite,45 Gm. Las Palmas Campo Meteorite ; Museum Gd. Burn Hole,449.99,2025-01-02,45,10,WorthPoint
campo-del-cielo-meteorite,Campo Del Cielo - Iron Meteorite - CDC-5049 - 5.15g W/COA - Crystal Specimens,7.5,2025-01-02,5.15,1.46,WorthPoint
campo-del-cielo-meteorite,"Rare Campo Del Cielo Marvelous Meteorite Specimen In Plexiglass Cube, NEW!",84.34,2025-01-02,,,WorthPoint
campo-del-cielo-meteorite,Sterling Silver Meteorite Campo Del Cielo Ring Size 11,16.8,2025-01-01,,,WorthPoint
campo-del-cielo-meteorite,194 Gm New Campo Del Cielo Meteorite B Grade Beautiful Meteorite,179.96,2025-01-01,194,0.93,WorthPoint
campo-del-cielo-meteorite,Campo Del Cielo Meteorite. Iron IAB-MG 123.8 Grams.,110,2025-01-01,123.8,0.89,WorthPoint
campo-del-cielo-meteorite,16.2 Grams CAMPO DEL CIELO METEORITE Polished + Certificate Of Authenticity,11.99,2024-12-31,16.2,0.74,WorthPoint
campo-del-cielo-meteorite,18.5 Grams CAMPO DEL CIELO METEORITE Polished With A Certificate Of Authenticity,14.99,2024-12-31,18.5,0.81,WorthPoint
campo-del-cielo-meteorite,17.23 Grams CAMPO DEL CIELO METEORITE Polished With Certificate Of Authenticity,12.99,2024-12-31,17.23,0.75,WorthPoint
campo-del-cielo-meteorite,17.3 Grams CAMPO DEL CIELO METEORITE Polished With A Certificate Of Authenticity,12.99,2024-12-31,17.3,0.75,WorthPoint
campo-del-cielo-meteorite,31.6 Grams CAMPO DEL CIELO METEORITE Polished With A Certificate Of Authenticity,21.99,2024-12-31,31.6,0.7,WorthPoint
campo-del-cielo-meteorite,26.6 Grams NEW CAMPO DEL CIELO METEORITE Polished + Certificate Of Authenticity,19.99,2024-12-31,26.6,0.75,WorthPoint
campo-del-cielo-meteorite,16.8 Grams CAMPO DEL CIELO METEORITE Polished With A Certificate Of Authenticity,12.99,2024-12-31,16.8,0.77,WorthPoint
campo-del-cielo-meteorite,19.5 Grams CAMPO DEL CIELO METEORITE Polished With Certificate Of Authenticity,14.99,2024-12-31,19.5,0.77,WorthPoint
campo-del-cielo-meteorite,23 Grams CAMPO DEL CIELO METEORITE Polished With A Certificate Of Authenticity,16.99,2024-12-31,23,0.74,WorthPoint
campo-del-cielo-meteorite,22.3 Grams CAMPO DEL CIELO METEORITE Polished With A Certificate Of Authenticity,15.99,2024-12-31,22.3,0.72,WorthPoint
campo-del-cielo-meteorite,25.4 Grams CAMPO DEL CIELO METEORITE Polished With A Certificate Of Authenticity,19.49,2024-12-31,25.4,0.77,WorthPoint
campo-del-cielo-meteorite,18.8 Grams CAMPO DEL CIELO METEORITE Polished With A Certificate Of Authenticity,13.99,2024-12-31,18.8,0.74,WorthPoint
campo-del-cielo-meteorite,üî•IRON METEORITE CAMPO DEL CIELO 253GR Sale,68.9,2024-12-31,253,0.27,WorthPoint
campo-del-cielo-meteorite,4.16 Grams NEW CAMPO DEL CIELO METEORITE Polished Charm Pendant For A Necklace,6.99,2024-12-31,4.16,1.68,WorthPoint
campo-del-cielo-meteorite,Real Space Meteorite Camp Del Cielo 303.5g,130,2024-12-31,303.5,0.43,WorthPoint
campo-del-cielo-meteorite,32.8 Grams NEW CAMPO DEL CIELO METEORITE Polished + Certificate Of Authenticity,25.99,2024-12-30,32.8,0.79,WorthPoint
campo-del-cielo-meteorite,"Meteorite Specimen Campo Del Cielo, 116.45 Grams, Moving Piece, Astronomy Gift",175,2024-12-29,116.45,1.5,WorthPoint
campo-del-cielo-meteorite,464 Gm. Campo Del Cielo Meteorite ; Aaa Grade!! Beautiful Baby Campo 1 Lbs,431.1,2024-12-29,464,0.93,WorthPoint
campo-del-cielo-meteorite,‚òÑÔ∏èUnique Campo Del Cielo Meteorite! ~ Real Space Rock! 4.6 BILLION YRS OLD!üî•(K),5.95,2024-12-29,,,WorthPoint
campo-del-cielo-meteorite,Beautiful 170 Gm Campo Del Cielo Polished & Tumbled Meteorite!!,134.96,2024-12-29,170,0.79,WorthPoint
campo-del-cielo-meteorite,Campo Del Cielo - Iron Meteorite - CDC-5047 - 5.17g W/COA - Crystal Specimens,7.5,2024-12-29,5.17,1.45,WorthPoint
campo-del-cielo-meteorite,Campo Del Cielo - Iron Meteorite - CDC-5045 - 5.15g W/COA - Crystal Specimens,7.5,2024-12-28,5.15,1.46,WorthPoint
campo-del-cielo-meteorite,Authentic Meteorite Pendant Necklace Treasure Chest Box Velvet Pouch Educational,28.64,2024-12-28,,,WorthPoint
campo-del-cielo-meteorite,19.9 Grams CAMPO DEL CIELO METEORITE Polished With Certificate Of Authenticity,14.99,2024-12-27,19.9,0.75,WorthPoint
campo-del-cielo-meteorite,8.51 Grams CAMPO DEL CIELO METEORITE Polished Charm Pendant For A Necklace,8.99,2024-12-27,8.51,1.06,WorthPoint
campo-del-cielo-meteorite,Meteorites - Iron Meteorite 28.4g Mirror Polished Slice,27.95,2024-12-26,28.4,0.98,WorthPoint
campo-del-cielo-meteorite,"Campo Del Cielo Meteorite Pendant Piece, From Argentina #2",22.99,2024-12-26,,,WorthPoint
campo-del-cielo-meteorite,Campo Del Cielo Meteorite 100% Natural Argentina Genuine Boxed Case 30 Carat 6g,20,2024-12-26,6,3.33,WorthPoint
campo-del-cielo-meteorite,91.5 Grams NEW CAMPO DEL CIELO METEORITE Polished + Certificate Of Authenticity,70.99,2024-12-26,91.5,0.78,WorthPoint
campo-del-cielo-meteorite,Authentic Meteorite ALIEN SHAPE Campo Del Cielo Argentina Discovered 1576 AD,9.99,2024-12-25,,,WorthPoint
campo-del-cielo-meteorite,486 Gm. Campo Del Cielo Meteorite ; Aaa Grade; Great Price,359.96,2024-12-24,486,0.74,WorthPoint
campo-del-cielo-meteorite,Campo Del Cielo METEORITE 100% Natural Argentina 10.02gr,15.99,2024-12-24,10.02,1.6,WorthPoint
campo-del-cielo-meteorite,35.4 Grams NEW CAMPO DEL CIELO METEORITE Polished + Certificate Of Authenticity,27.99,2024-12-23,35.4,0.79,WorthPoint
campo-del-cielo-meteorite,36.9 Grams NEW CAMPO DEL CIELO METEORITE Polished + Certificate Of Authenticity,27.99,2024-12-23,36.9,0.76,WorthPoint
campo-del-cielo-meteorite,31.25 Grams NEW CAMPO DEL CIELO METEORITE Polished + Certificate Of Authenticity,26.99,2024-12-23,31.25,0.86,WorthPoint
campo-del-cielo-meteorite,8.36 Grams CAMPO DEL CIELO METEORITE Polished With A Certificate Of Authenticity,6.99,2024-12-22,8.36,0.84,WorthPoint
campo-del-cielo-meteorite,70.1 Grams NEW CAMPO DEL CIELO METEORITE Polished + Certificate Of Authenticity,54.99,2024-12-21,70.1,0.78,WorthPoint
campo-del-cielo-meteorite,Campo Del Cielo Meteorite 100% Natural From Argentina 17.8gr,19.99,2024-12-21,17.8,1.12,WorthPoint
campo-del-cielo-meteorite,"2pcs Authentic Space Meteorite: Campo Del Cielo, Argentina - Circa 2200 BC",5,2024-12-21,,,WorthPoint
campo-del-cielo-meteorite,"85.01 Gram Campo Del Cielo Argentina Meteorite, Iron From Outer Space # ME 689 B",69,2024-12-21,85.01,0.81,WorthPoint
campo-del-cielo-meteorite,"37.40 Gram Campo Del Cielo Argentina Meteorite, Iron From Outer Space # ME 622 B",28,2024-12-21,37.4,0.75,WorthPoint
campo-del-cielo-meteorite,140 Gm Campo Del Cielo Meteorite A Grade Baby Meteorite Beautiful,134.96,2024-12-20,140,0.96,WorthPoint
campo-del-cielo-meteorite,Campo Del Cielo Meteorite 100% Natural From Argentina 9.66gr,14.99,2024-12-20,9.66,1.55,WorthPoint
campo-del-cielo-meteorite,634 Gm. Campo Del Cielo Meteorite ; Aaa Grade!!1.4 Lbs,584.1,2024-12-20,634,0.92,WorthPoint
campo-del-cielo-meteorite,Genuine Campo Del Cielo Meteorite 26.6oz,165,2024-12-20,754.11,0.22,WorthPoint
campo-del-cielo-meteorite,"Authentic Meteorite Pendant Necklace, Treasure Chest Box, Real Spa",37.04,2024-12-19,,,WorthPoint
campo-del-cielo-meteorite,142 Gm. Baby Campo Del Cielo Meteorite ; Med Grade! .31 Pounds; Stand; Cheap!!,127.4,2024-12-19,142,0.9,WorthPoint
campo-del-cielo-meteorite,16.1 Grams CAMPO DEL CIELO METEORITE Polished With Certificate Of Authenticity,11.99,2024-12-19,16.1,0.74,WorthPoint
campo-del-cielo-meteorite,15.7 Grams CAMPO DEL CIELO METEORITE Polished With Certificate Of Authenticity,11.49,2024-12-19,15.7,0.73,WorthPoint
campo-del-cielo-meteorite,90.4 Grams NEW CAMPO DEL CIELO METEORITE Polished + Certificate Of Authenticity,69.99,2024-12-19,90.4,0.77,WorthPoint
campo-del-cielo-meteorite,46.4 Gram - ETCHED URUACU IRON (IAB-mg) METEORITE Slice - 1992 BRAZIL FIND,67.05,2024-12-19,46.4,1.45,WorthPoint
campo-del-cielo-meteorite,18.4 Grams CAMPO DEL CIELO METEORITE Polished With A Certificate Of Authenticity,13.99,2024-12-19,18.4,0.76,WorthPoint
campo-del-cielo-meteorite,"79.43 Gram Campo Del Cielo Argentina Meteorite, Iron From Outer Space # ME 690 B",66,2024-12-19,79.43,0.83,WorthPoint
campo-del-cielo-meteorite,5.83 Grams NEW CAMPO DEL CIELO METEORITE Polished Charm Pendant For A Necklace,8.99,2024-12-18,5.83,1.54,WorthPoint
campo-del-cielo-meteorite,15 Grams CAMPO DEL CIELO METEORITE Polished With A Certificate Of Authenticity,11.49,2024-12-18,15,0.77,WorthPoint
campo-del-cielo-meteorite,131 Grams NEW CAMPO DEL CIELO METEORITE Polished + Certificate Of Authenticity,88.99,2024-12-18,131,0.68,WorthPoint
campo-del-cielo-meteorite,Campo Del Cielo Authentic Meteorite Specimen (75.2 Grams),60.16,2024-12-18,75.2,0.8,WorthPoint
campo-del-cielo-meteorite,226 Grams Lot CAMPO DEL CIELO METEORITES Polished 15 To 20 Grams Each With COA,159.99,2024-12-18,226,0.71,WorthPoint
campo-del-cielo-meteorite,"31.61 Gram Campo Del Cielo Argentina Meteorite, Iron From Outer Space # ME 570 B",25,2024-12-18,31.61,0.79,WorthPoint
campo-del-cielo-meteorite,"79.32 Gram Campo Del Cielo Argentina Meteorite, Iron From Outer Space # ME 701 B",64,2024-12-18,79.32,0.81,WorthPoint
campo-del-cielo-meteorite,51.4 Grams NEW CAMPO DEL CIELO METEORITE Polished + Certificate Of Authenticity,41.99,2024-12-17,51.4,0.82,WorthPoint
campo-del-cielo-meteorite,53.1 Grams NEW CAMPO DEL CIELO METEORITE Polished + Certificate Of Authenticity,42.99,2024-12-17,53.1,0.81,WorthPoint
campo-del-cielo-meteorite,16 Grams CAMPO DEL CIELO METEORITE Polished + Certificate Of Authenticity,11.99,2024-12-17,16,0.75,WorthPoint
campo-del-cielo-meteorite,13.2 Grams CAMPO DEL CIELO METEORITE Polished With A Certificate Of Authenticity,9.99,2024-12-17,13.2,0.76,WorthPoint
campo-del-cielo-meteorite,Campo Del Cielo Authentic Meteorite Specimen (73.3 Grams),58.64,2024-12-17,73.3,0.8,WorthPoint
campo-del-cielo-meteorite,"82.01 Gram Campo Del Cielo Argentina Meteorite, Iron From Outer Space # ME 723 B",61.5,2024-12-17,82.01,0.75,WorthPoint
campo-del-cielo-meteorite,8.82 Grams CAMPO DEL CIELO METEORITE Polished With A Certificate Of Authenticity,6.99,2024-12-16,8.82,0.79,WorthPoint
campo-del-cielo-meteorite,7.88 Grams CAMPO DEL CIELO METEORITE Polished With A Certificate Of Authenticity,6.29,2024-12-16,7.88,0.8,WorthPoint
campo-del-cielo-meteorite,6.63 Grams NEW CAMPO DEL CIELO METEORITE Polished Charm Pendant For A Necklace,9.99,2024-12-16,6.63,1.51,WorthPoint
campo-del-cielo-meteorite,56.6 Grams NEW CAMPO DEL CIELO METEORITE Polished + Certificate Of Authenticity,42.99,2024-12-16,56.6,0.76,WorthPoint
campo-del-cielo-meteorite,36.26 Gram - CAMPO DEL CIELO IRON METEORITE Crystal - Found 1576 In Argentina,23.85,2024-12-16,36.26,0.66,WorthPoint
campo-del-cielo-meteorite,"Authentic Meteorite - Alien Shape - Campo Del Cielo, Argentina - Space Rock -MD",9,2024-12-16,,,WorthPoint
campo-del-cielo-meteorite,890 Gm CAMPO DEL CIELO METEORITE BEAUTIFUL MUSEUM GRADE METEORITE 1.95 POUNDS,989.1,2024-12-15,890,1.11,WorthPoint
campo-del-cielo-meteorite,9.22 Grams CAMPO DEL CIELO METEORITE Polished Charm Pendant For A Necklace,9.99,2024-12-15,9.22,1.08,WorthPoint
campo-del-cielo-meteorite,Meteorite Slab LOT/Campo Del Cielo/Argentina/Random 5 Piece LOT,14.97,2024-12-15,,,WorthPoint
campo-del-cielo-meteorite,6.3 Grams CAMPO DEL CIELO METEORITE Pendant M-2,6.99,2024-12-15,6.3,1.11,WorthPoint
campo-del-cielo-meteorite,9.37 Grams NEW CAMPO DEL CIELO METEORITE Polished Charm Pendant For A Necklace,9.99,2024-12-15,9.37,1.07,WorthPoint
campo-del-cielo-meteorite,Authentic Space Meteorite Rock 2200 BC Campo Del Cielo Meteor Shower,7,2024-12-15,,,WorthPoint
campo-del-cielo-meteorite,Campo Del Cielo Meteorite 100% Natural From Argentina 6.81gr,15.99,2024-12-14,6.81,2.35,WorthPoint
campo-del-cielo-meteorite,6.28 Grams CAMPO DEL CIELO METEORITE Polished Charm Pendant For A Necklace,7.99,2024-12-14,6.28,1.27,WorthPoint
campo-del-cielo-meteorite,"48g CAMPO DEL CIELO IRON METEORITE 4.6 Billion Yrs Old, Impact Age 5500 Yrs Ago",30,2024-12-14,48,0.63,WorthPoint
campo-del-cielo-meteorite,Meteorites - Iron Meteorite 16.3g Mirror Polished Slice,19.95,2024-12-14,16.3,1.22,WorthPoint
campo-del-cielo-meteorite,Lot Of 11 Genuine Authentic Space Meteorite From Campo Del Cielo Ôøº,39.95,2024-12-13,11,3.63,WorthPoint
campo-del-cielo-meteorite,10.3 Grams NEW CAMPO DEL CIELO METEORITE Polished Charm Pendant For A Necklace,13.99,2024-12-13,10.3,1.36,WorthPoint
campo-del-cielo-meteorite,10.7 Grams NEW CAMPO DEL CIELO METEORITE Polished Charm Pendant For A Necklace,12.99,2024-12-12,10.7,1.21,WorthPoint
campo-del-cielo-meteorite,6.67 Grams CAMPO DEL CIELO METEORITE Polished Charm Pendant For A Necklace,7.99,2024-12-12,6.67,1.2,WorthPoint
campo-del-cielo-meteorite,33 Grams NEW CAMPO DEL CIELO METEORITE Polished + Certificate Of Authenticity,26.99,2024-12-12,33,0.82,WorthPoint
campo-del-cielo-meteorite,Sterling Silver Meteorite Campo Del Cielo Pendant Rock Stone Lapidary Specimen,21.6,2024-12-12,,,WorthPoint
campo-del-cielo-meteorite,117 Grams NEW CAMPO DEL CIELO METEORITE Polished + Certificate Of Authenticity,78.99,2024-12-12,117,0.68,WorthPoint
campo-del-cielo-meteorite,SLICE CAMPO DEL CIELO METEORITE SLAB 614 GMS STAND 6-7 Mm Thick 1.4#,429.95,2024-12-12,614,0.7,WorthPoint
campo-del-cielo-meteorite,380 Gm. Campo Del Cielo Meteorite A Grade!! Beautiful Meteorite; .83#,369.95,2024-12-12,380,0.97,WorthPoint
campo-del-cielo-meteorite,Meteorite Sample Piece Campo Del CIelo 2.3 G COA,19.99,2024-12-12,2.3,8.69,WorthPoint
campo-del-cielo-meteorite,Authentic Meteorite - Space Rocks Specimen,48,2024-12-12,,,WorthPoint
campo-del-cielo-meteorite,"Rare Campo Del Cielo Meteorite Specimen 21.00g, Astronomy Gift, Space Gift",36.75,2024-12-12,21,1.75,WorthPoint
campo-del-cielo-meteorite,Authentic Meteorite - Space Rock Samples,132,2024-12-12,,,WorthPoint
campo-del-cielo-meteorite,38.22 Gram - CAMPO DEL CIELO IRON METEORITE Crystal - Found 1576 In Argentina,26.5,2024-12-11,38.22,0.69,WorthPoint
campo-del-cielo-meteorite,Meteorite Crescent Moon Necklace - Genuine Space Meteorite Fragment Waning Moon,73.99,2024-12-11,,,WorthPoint
campo-del-cielo-meteorite,Campo Del Cielo Iron Nickel Meteorite Argentina 3.24 Grams,12.75,2024-12-11,3.24,3.94,WorthPoint
campo-del-cielo-meteorite,9.07 Grams CAMPO DEL CIELO METEORITE Polished With A Certificate Of Authenticity,7.49,2024-12-11,9.07,0.83,WorthPoint
campo-del-cielo-meteorite,73.27 Gram - CAMPO DEL CIELO IRON METEORITE Crystal - Found 1576 In Argentina,47.5,2024-12-11,73.27,0.65,WorthPoint
campo-del-cielo-meteorite,161 Grams Total And You Get All 12 CAMPO DEL CIELO METEORITES Polished With COA,114.99,2024-12-11,161,0.71,WorthPoint
campo-del-cielo-meteorite,42 Gm Campo Del Cielo Meteorite Crystal Great Piece With Stand,42.7,2024-12-11,42,1.02,WorthPoint
campo-del-cielo-meteorite,Campo Del Cielo Meteorite Cut Slab 36 Grams,24,2024-12-11,36,0.67,WorthPoint
campo-del-cielo-meteorite,"45.13 Gram Campo Del Cielo Argentina Meteorite, Iron From Outer Space # ME 678 B",34,2024-12-11,45.13,0.75,WorthPoint
campo-del-cielo-meteorite,156 Grams NEW CAMPO DEL CIELO METEORITE Polished + Certificate Of Authenticity,99.99,2024-12-10,156,0.64,WorthPoint
campo-del-cielo-meteorite,123.6 Grams NEW CAMPO DEL CIELO METEORITE Polished + Certificate Of Authenticity,79.99,2024-12-10,123.6,0.65,WorthPoint
campo-del-cielo-meteorite,6.70 Grams CAMPO DEL CIELO METEORITE Polished Charm Pendant For A Necklace,7.99,2024-12-10,6.7,1.19,WorthPoint
campo-del-cielo-meteorite,12.1 Grams CAMPO DEL CIELO METEORITE Pendant M-3,13.99,2024-12-10,12.1,1.16,WorthPoint
campo-del-cielo-meteorite,15.2 Grams CAMPO DEL CIELO METEORITE Pendant M-60,15.99,2024-12-10,15.2,1.05,WorthPoint
campo-del-cielo-meteorite,Campo Del Cielo Meteorite 100% Natural From Argentina 16.4gr,18.99,2024-12-10,16.4,1.16,WorthPoint
campo-del-cielo-meteorite,AMAZING CONDITION! GORGEOUS 3.15g CAMPO DEL CIELO IRON METEORITE PENDANT!,15.95,2024-12-10,3.15,5.06,WorthPoint
campo-del-cielo-meteorite,112 Grams Total And You Get All 9 CAMPO DEL CIELO METEORITES Polished With COA,81.99,2024-12-10,112,0.73,WorthPoint
campo-del-cielo-meteorite,Meteorites - Iron Meteorite 28.0g Mirror Polished Slice,27.95,2024-12-09,28,1,WorthPoint
campo-del-cielo-meteorite,Campo Del Cielo Authentic Meteorite Specimen (74.5 Grams),59.6,2024-12-09,74.5,0.8,WorthPoint
campo-del-cielo-meteorite,1000 Gm LOT OF CAMPO DEL CIELO METEORITE CRYSTALS 0-1 GMS IN SIZE LOWEST PRICE,498.75,2024-12-08,1000,0.5,WorthPoint
campo-del-cielo-meteorite,Genuine Meteorite And Display Cube 7.4 Gram Campo Del Cielo Meteorite And Magnet,29.99,2024-12-08,7.4,4.05,WorthPoint
campo-del-cielo-meteorite,21.9 Grams CAMPO DEL CIELO METEORITE Polished With A Certificate Of Authenticity,15.99,2024-12-08,21.9,0.73,WorthPoint
campo-del-cielo-meteorite,"45.56 Gram Campo Del Cielo Argentina Meteorite, Iron From Outer Space # ME 653 B",34.25,2024-12-08,45.56,0.75,WorthPoint
campo-del-cielo-meteorite,Meteorites - Iron Meteorite 32.9g Mirror Polished Slice,27.95,2024-12-07,32.9,0.85,WorthPoint
campo-del-cielo-meteorite,RSR- 649.8 Grams CAMPO DEL CIELO METEORITE ; AAA GRADE -classified,750,2024-12-07,649.8,1.15,WorthPoint
campo-del-cielo-meteorite,Big! Lot Of Little Campo Del Cielo Meteorites From Argentina 2200bc,9,2024-12-07,,,WorthPoint
campo-del-cielo-meteorite,BEAUTIFUL 114g CAMPO IRON METEORITE FRAGMENT! SUPERB METEORITE SPECIMEN! AAAA+++,163.35,2024-12-06,114,1.43,WorthPoint
campo-del-cielo-meteorite,878 GM. CAMPO DEL CIELO METEORITE ;A GRADE LARGE METEORITE 1.9 Lbs. CHEAP!,539.1,2024-12-06,878,0.61,WorthPoint
campo-del-cielo-meteorite,122 Grams NEW CAMPO DEL CIELO METEORITE Polished + Certificate Of Authenticity,79.99,2024-12-06,122,0.66,WorthPoint
campo-del-cielo-meteorite,About 86.2 Grams Authentic NEW CAMPO DEL CIELO METEORITE,68.95,2024-12-06,86.2,0.8,WorthPoint
campo-del-cielo-meteorite,Genuine Meteorite And Display Cube 9.1 Gram Campo Del Cielo Meteorite And Magnet,32.99,2024-12-06,9.1,3.63,WorthPoint
campo-del-cielo-meteorite,Nice Lot! Best Quality! Super New Campo Meteorite Shattered Crystals 250 Gms,150,2024-12-06,250,0.6,WorthPoint
campo-del-cielo-meteorite,6.2 Grams CAMPO DEL CIELO METEORITE Pendant M-5,7.99,2024-12-06,6.2,1.29,WorthPoint
campo-del-cielo-meteorite,7.8 Grams CAMPO DEL CIELO METEORITE Pendant M-22,9.99,2024-12-06,7.8,1.28,WorthPoint
campo-del-cielo-meteorite,124.5 Grams Lot Of NEW CAMPO DEL CIELO Shiny METEORITES 1 To 2 Grams Each W/ COA,87.99,2024-12-05,124.5,0.71,WorthPoint
campo-del-cielo-meteorite,Genuine Meteorite And Display Cube 7.8 Gram Campo Del Cielo Meteorite And Magnet,29.99,2024-12-05,7.8,3.84,WorthPoint
campo-del-cielo-meteorite,About 34.2 Grams Authentic NEW CAMPO DEL CIELO METEORITE,28,2024-12-05,34.2,0.82,WorthPoint
campo-del-cielo-meteorite,Meteorite Campo Del Cielo Strike Iron Nickel Argentina 8.5 Grams I98,11.87,2024-12-04,8.5,1.4,WorthPoint
campo-del-cielo-meteorite,Meteorite Campo Del Cielo Strike Iron Nickel Argentina 7.8 Grams I80,11.87,2024-12-04,7.8,1.52,WorthPoint
campo-del-cielo-meteorite,Meteorite Campo Del Cielo Strike Iron Nickel Argentina 10.9 Grams I86,14.51,2024-12-04,10.9,1.33,WorthPoint
campo-del-cielo-meteorite,Meteorite Campo Del Cielo Strike Iron Nickel Argentina 8.6 Grams I14,11.87,2024-12-04,8.6,1.38,WorthPoint
campo-del-cielo-meteorite,14.3 Grams CAMPO DEL CIELO METEORITE Polished With Certificate Of Authenticity,10.99,2024-12-04,14.3,0.77,WorthPoint
campo-del-cielo-meteorite,5.51 Gram Campo Del Cielo Fractured Meteorite Iron Crystal Argentina U152,11.98,2024-12-03,5.51,2.17,WorthPoint
campo-del-cielo-meteorite,14.8 Grams CAMPO DEL CIELO METEORITE Polished Charm Pendant For A Necklace,15.99,2024-12-02,14.8,1.08,WorthPoint
campo-del-cielo-meteorite,13.6 Grams CAMPO DEL CIELO METEORITE Polished Charm Pendant For A Necklace,12.99,2024-12-02,13.6,0.96,WorthPoint
campo-del-cielo-meteorite,150 Gm. Campo Del Cielo Meteorite ; B Grade; .33 Lbs,135,2024-12-02,150,0.9,WorthPoint
campo-del-cielo-meteorite,BEAUTIFUL LARGE 5995g CAMPO DEL CIELO IRON METEORITE GREAT SHAPE AND THUMBPRINTS,3595.5,2024-12-02,5995,0.6,WorthPoint
campo-del-cielo-meteorite,46.7 Grams Lot CAMPO DEL CIELO METEORITES Polished 3 To 5+ Grams Each With COA,34.99,2024-12-01,46.7,0.75,WorthPoint
campo-del-cielo-meteorite,5.3 Grams CAMPO DEL CIELO METEORITE Pendant M-13,6.99,2024-12-01,5.3,1.32,WorthPoint
campo-del-cielo-meteorite,Beautiful 900 Gm Campo Del Cielo Etched Meteorite Slab 2 Lb.,809.1,2024-12-01,900,0.9,WorthPoint
campo-del-cielo-meteorite,13.5 Grams CAMPO DEL CIELO METEORITE Pendant M-61,13.99,2024-12-01,13.5,1.04,WorthPoint
campo-del-cielo-meteorite,4.58 Grams NEW CAMPO DEL CIELO METEORITE Polished Charm Pendant For A Necklace,6.99,2024-12-01,4.58,1.53,WorthPoint
campo-del-cielo-meteorite,Campo Del Cielo Meteorite. 22.83 Grams. Nice Individual Crystal.,20,2024-12-01,22.83,0.88,WorthPoint
campo-del-cielo-meteorite,"Campo Del Cielo Iron Meteorite Specimen,Certified Meteorite,RareMeteorite",155,2024-11-30,,,WorthPoint
campo-del-cielo-meteorite,18.1 Grams CAMPO DEL CIELO METEORITE Polished With A Certificate Of Authenticity,13.99,2024-11-30,18.1,0.77,WorthPoint
campo-del-cielo-meteorite,AAA Quality Campo Del Cielo Iron Meteorite! 7.95kg. Spectacular Regmaglypts!,3300,2024-11-30,7950,0.42,WorthPoint
campo-del-cielo-meteorite,Campo Del Cielo Iron Meteorite 27.5g From Argentina,44,2024-11-30,27.5,1.6,WorthPoint
campo-del-cielo-meteorite,Authentic Meteorite Pendant Or Necklace...a Falling Star! 9.79,16.99,2024-11-29,,,WorthPoint
campo-del-cielo-meteorite,518 GM CAMPO DEL CIELO POLISHED & TUMBLED METEORITE!! 1.2+ LBS; Silicate,332.1,2024-11-29,518,0.64,WorthPoint
campo-del-cielo-meteorite,62.5 Grams NEW CAMPO DEL CIELO METEORITE Polished + Certificate Of Authenticity,51.99,2024-11-29,62.5,0.83,WorthPoint
campo-del-cielo-meteorite,43.8 Grams Of 5 NEW CAMPO DEL CIELO METEORITE Christmas Tree Ornaments With COA,27.99,2024-11-29,43.8,0.64,WorthPoint
campo-del-cielo-meteorite,"Lot X10 New World Pirate Era Spanish Mummies, Bronze Window Mites, Meteorite",75,2024-11-29,,,WorthPoint
campo-del-cielo-meteorite,Campo Del Cielo Etched Meteorite End Piece 196 Gms Stand ;,179.95,2024-11-28,196,0.92,WorthPoint
campo-del-cielo-meteorite,147 Gm. Campo Del Cielo Meteorite B Grade!! Beautiful Baby Meteorite;,134.1,2024-11-28,147,0.91,WorthPoint
campo-del-cielo-meteorite,Authentic Meteorite Pendant Or Necklace Falling Star 1.09,15.99,2024-11-28,,,WorthPoint
campo-del-cielo-meteorite,1000 Gm LOT OF CAMPO DEL CIELO METEORITE CRYSTALS; 20-30 GMS IN SIZE; 1 KILO,498.75,2024-11-27,1000,0.5,WorthPoint
campo-del-cielo-meteorite,Beautiful 862 Gm. Etched Campo Del Cielo Meteorite Triple Cut,719.1,2024-11-27,862,0.83,WorthPoint
campo-del-cielo-meteorite,83.6 Grams Of 7 NEW CAMPO DEL CIELO METEORITES With Loops For Arts And Crafts,64,2024-11-27,83.6,0.77,WorthPoint
campo-del-cielo-meteorite,22.4 Grams CAMPO DEL CIELO METEORITE Polished With A Certificate Of Authenticity,16.99,2024-11-27,22.4,0.76,WorthPoint
campo-del-cielo-meteorite,Meteorite A057-08 14mm Outer Space UFO ET Endurance Strength Healing Communicate,9.99,2024-11-27,,,WorthPoint
campo-del-cielo-meteorite,93g CAMPO DEL CIELO LARGE IRON NICKEL METEORITE 4.5 Billion Yrs Old SPACE ROCK!,114.99,2024-11-27,93,1.24,WorthPoint
campo-del-cielo-meteorite,"THIRTY Campo Del Cielo Meteorite Pendant Pieces, From Argentina",145.99,2024-11-26,,,WorthPoint
campo-del-cielo-meteorite,Meteorites - Iron Meteorite 31.4g Mirror Polished Slice,29.95,2024-11-26,31.4,0.95,WorthPoint
campo-del-cielo-meteorite,34.8 Grams NEW CAMPO DEL CIELO METEORITE Polished + Certificate Of Authenticity,28.99,2024-11-25,34.8,0.83,WorthPoint
campo-del-cielo-meteorite,104.8 Grams Lot CAMPO DEL CIELO METEORITES Polished 3 To 5+ Grams Each With COA,79.99,2024-11-25,104.8,0.76,WorthPoint
campo-del-cielo-meteorite,63.3 Grams Lot CAMPO DEL CIELO METEORITES Polished 3 To 5+ Grams Each With COA,51.99,2024-11-25,63.3,0.82,WorthPoint
campo-del-cielo-meteorite,59.5 Grams Lot CAMPO DEL CIELO METEORITES Polished 3 To 5+ Grams Each With COA,45.99,2024-11-25,59.5,0.77,WorthPoint
campo-del-cielo-meteorite,59.6 Grams Lot CAMPO DEL CIELO METEORITES Polished 3 To 5+ Grams Each With COA,45.99,2024-11-25,59.6,0.77,WorthPoint
campo-del-cielo-meteorite,2.22g Campo Del Cielo Iron Nickel Meteorite Meteor Space Rock Asteroid Cdc7,21.94,2024-11-25,2.22,9.88,WorthPoint
campo-del-cielo-meteorite,52.8 Grams NEW CAMPO DEL CIELO METEORITE Polished + Certificate Of Authenticity,41.99,2024-11-25,52.8,0.8,WorthPoint
campo-del-cielo-meteorite,"Meteorite Specimen Campo Del Cielo, 266.93 Grams, Iron Meteorite, Astronomy Gift",399,2024-11-25,266.93,1.49,WorthPoint
campo-del-cielo-meteorite,AAA Quality Campo Del Cielo Iron Meteorite! 3.56kg. Spectacular Regmaglypts!,2653,2024-11-25,3560,0.75,WorthPoint
campo-del-cielo-meteorite,Large 7 Kg Campo Del Cielo Meteorite 15.5 Lbs Superior Specimen Discovered 1576,3495,2024-11-24,7000,0.5,WorthPoint
campo-del-cielo-meteorite,16.6 Grams CAMPO DEL CIELO METEORITE Polished With A Certificate Of Authenticity,12.49,2024-11-24,16.6,0.75,WorthPoint
campo-del-cielo-meteorite,82.3 Grams NEW CAMPO DEL CIELO METEORITE Polished + Certificate Of Authenticity,60.99,2024-11-24,82.3,0.74,WorthPoint
campo-del-cielo-meteorite,Meteorites - Iron Meteorite 11.7g Mirror Polished Slice,14.95,2024-11-24,11.7,1.28,WorthPoint
campo-del-cielo-meteorite,"32.02 Gram Campo Del Cielo Argentina Meteorite, Iron From Outer Space # ME 557 B",26,2024-11-24,32.02,0.81,WorthPoint
campo-del-cielo-meteorite,About 71.1 Grams Authentic NEW CAMPO DEL CIELO METEORITE,56.99,2024-11-23,71.1,0.8,WorthPoint
campo-del-cielo-meteorite,Meteorite Campo Del Cielo Strike Iron Nickel Argentina 5.2 Grams I2,8.99,2024-11-23,5.2,1.73,WorthPoint
campo-del-cielo-meteorite,244 Gm. New Campo Del Cielo Meteorite ; Aaa Grade!! Beautiful Meteorite; .6 Lbs,233.96,2024-11-22,244,0.96,WorthPoint
campo-del-cielo-meteorite,Campo Del Cielo METEORITE 100% Natural Argentina 18.1gr,16.99,2024-11-22,18.1,0.94,WorthPoint
campo-del-cielo-meteorite,278 Gm CAMPO DEL CIELO METEORITE BEAUTIFUL AA GRADE METEORITE .6 POUNDS,296.1,2024-11-22,278,1.07,WorthPoint
campo-del-cielo-meteorite,Campo Del Cielo Meteorite Partial Cube,937.5,2024-11-20,,,WorthPoint
campo-del-cielo-meteorite,All 6 Space Meteorites From Campo Del Cielo Meteor Shower Argentina In Case,18,2024-11-20,,,WorthPoint
campo-del-cielo-meteorite,356 Gm CAMPO DEL CIELO METEORITE ; BEAUTIFUL AAA GRADE METEORITE; .8 POUNDS,359.96,2024-11-20,356,1.01,WorthPoint
campo-del-cielo-meteorite,502 GM. CAMPO DEL CIELO METEORITE ; GORGEOUS AAA GRADE** 1.1 Lbs.,494.1,2024-11-20,502,0.98,WorthPoint
campo-del-cielo-meteorite,700 GM. CAMPO DEL CIELO METEORITE ; AAA GRADE LARGE METEORITE 1.5+lbs.,809.1,2024-11-20,700,1.16,WorthPoint
campo-del-cielo-meteorite,30g Meteorite Fragment. Campo Del Cielo Strike Argentina. Excellent.,19,2024-11-20,30,0.63,WorthPoint
campo-del-cielo-meteorite,Authentic Campo Del Cielo Meteorite - Authenticated,10,2024-11-20,,,WorthPoint
campo-del-cielo-meteorite,All 7 Space Meteorites From Campo Del Cielo Meteor Shower Argentina In Case,25,2024-11-20,,,WorthPoint
campo-del-cielo-meteorite,(12) Slabbed Space Meteorites / Campo Del Cielo Meteor Shower Argentina 2200 BC,31.96,2024-11-20,,,WorthPoint
campo-del-cielo-meteorite,20 Grams CAMPO DEL CIELO METEORITE Polished With A Certificate Of Authenticity,15.99,2024-11-20,20,0.8,WorthPoint
campo-del-cielo-meteorite,364 Gm CAMPO DEL CIELO METEORITE BEAUTIFUL AAA GRADE METEORITE .8 POUNDS,404.1,2024-11-19,364,1.11,WorthPoint
campo-del-cielo-meteorite,Campo Del Cielo METEORITE 100% Natural Argentina 7.1gr,15.99,2024-11-19,7.1,2.25,WorthPoint
campo-del-cielo-meteorite,LOVELY 6.5g CAMPO IRON METEORITE FRAGMENT PENDANT! BEAUTIFUL SPECIMEN! AAAA+++,15.95,2024-11-19,6.5,2.45,WorthPoint
campo-del-cielo-meteorite,Meteorites - Iron Meteorite 25.9g Mirror Polished Slice,24.95,2024-11-19,25.9,0.96,WorthPoint
campo-del-cielo-meteorite,8.0Grams IRON METAL SPACE METEORITE MINERAL CAMPO DEL CIELO ARGENTINA,9.95,2024-11-19,8,1.24,WorthPoint
campo-del-cielo-meteorite,26.67 Gram - CAMPO DEL CIELO IRON METEORITE Crystal - Found 1576 In Argentina,45,2024-11-18,26.67,1.69,WorthPoint
campo-del-cielo-meteorite,USA SALE *SEE VIDEO 16g METEORITE CAMPO DEL CIELO (ARGENTINA) SILVER SPACE ROCK,23,2024-11-18,16,1.44,WorthPoint
campo-del-cielo-meteorite,250 GM LOT OF CAMPO DEL CIELO METEORITE CRYSTALS FROM 3-5 Gm IN SIZE,118.75,2024-11-18,250,0.48,WorthPoint
campo-del-cielo-meteorite,125 Gm LOT OF CAMPO DEL CIELO METEORITE CRYSTALS 5-10 GMS IN SIZE LOWEST PRICE,61.75,2024-11-18,125,0.49,WorthPoint
campo-del-cielo-meteorite,4.5 In. SLICE OF CAMPO DEL CIELO METEORITE SLAB 200 GMS STAND; .44lbs,134.96,2024-11-18,200,0.67,WorthPoint
campo-del-cielo-meteorite,"Authentic Space Meteorite Fragment - Campo Del Cielo, Argentina C. 2200 BC - Cosmic Collector's Item",6,2024-11-18,,,WorthPoint
campo-del-cielo-meteorite,Authentic Campo Del Cielo Meteorite Fragment - Ancient Space Collectible From Argentina (c. 2200 BC),9.6,2024-11-18,,,WorthPoint
campo-del-cielo-meteorite,Meteorites - Iron Meteorite 46.3g Mirror Polished Slice,42.95,2024-11-18,46.3,0.93,WorthPoint
campo-del-cielo-meteorite,24.5 Grams NEW CAMPO DEL CIELO METEORITE Polished + Certificate Of Authenticity,18.99,2024-11-18,24.5,0.78,WorthPoint
campo-del-cielo-meteorite,14.1 Grams CAMPO DEL CIELO METEORITE Polished With A Certificate Of Authenticity,10.99,2024-11-17,14.1,0.78,WorthPoint
campo-del-cielo-meteorite,11.3 Grams CAMPO DEL CIELO METEORITE Polished With A Certificate Of Authenticity,8.99,2024-11-17,11.3,0.8,WorthPoint
campo-del-cielo-meteorite,"5-Authentic Space Meteorites From Campo Del Cielo, 1 Authentic Meteorite Rock",28,2024-11-17,,,WorthPoint
campo-del-cielo-meteorite,49.5 Grams NEW CAMPO DEL CIELO METEORITE Polished + Certificate Of Authenticity,37.99,2024-11-16,49.5,0.77,WorthPoint
campo-del-cielo-meteorite,Large 12232 Gm Campo Del Cielo Meteorite Museum Collectors Grade 26.5 Lbs,12595.5,2024-11-16,12232,1.03,WorthPoint
campo-del-cielo-meteorite,Paydirt 3 LBS Gem Mining Rough Space Coast Gem Mining Company,10,2024-11-16,,,WorthPoint
campo-del-cielo-meteorite,BEAUTIFUL 340 GM CAMPO DEL CIELO POLISHED & TUMBLED ETCHED METEORITE; Silicate,224.1,2024-11-16,340,0.66,WorthPoint
campo-del-cielo-meteorite,50.5 Grams NEW CAMPO DEL CIELO METEORITE Polished + Certificate Of Authenticity,39.99,2024-11-16,50.5,0.79,WorthPoint
campo-del-cielo-meteorite,117.5 Grams Lot Of NEW CAMPO DEL CIELO Shiny METEORITES 1 To 2 Grams Each W/ COA,84.99,2024-11-15,117.5,0.72,WorthPoint
campo-del-cielo-meteorite,"Dancing Bear Authentic Meteorite Pendant Necklace, Treasure Chest Box, Real",28.14,2024-11-14,,,WorthPoint
campo-del-cielo-meteorite,DANCING BEAR Meteorite Extra Large 20-70g (35-55g). Assembled In USA,44.93,2024-11-14,70,0.64,WorthPoint
campo-del-cielo-meteorite,700 Gram Campo Del Cielo Meteorite High Grade Meteorite,400,2024-11-14,700,0.57,WorthPoint
campo-del-cielo-meteorite,"Meteorite Specimen Campo Del Cielo, 40.73 Grams, Iron Meteorite, Astronomy Gift",65,2024-11-14,40.73,1.6,WorthPoint
campo-del-cielo-meteorite,Campo Del Cielo - Iron Meteorite - CDC-5021 - 5.02g W/COA - Crystal Specimens,5.5,2024-11-14,5.02,1.1,WorthPoint
campo-del-cielo-meteorite,Campo Del Cielo METEORITE 100% Natural Argentina 10.5gr,16.99,2024-11-14,10.5,1.62,WorthPoint
campo-del-cielo-meteorite,5.7g Campo Del Cielo Iron Nickel Meteorite Piece Meteor Space Rock Asteroid 7,27.94,2024-11-13,5.7,4.9,WorthPoint
campo-del-cielo-meteorite,CAMPO DEL CIELO 739 G IRON NICKEL METEORITE,506,2024-11-12,739,0.68,WorthPoint
campo-del-cielo-meteorite,1856 GM. CAMPO DEL CIELO METEORITE ; AA GRADE LARGE METEORITE 4+lbs.,989.1,2024-11-12,1856,0.53,WorthPoint
campo-del-cielo-meteorite,63.7 Grams You Get All 16 Of The CAMPO DEL CIELO METEORITES Polished With COA,50.99,2024-11-12,63.7,0.8,WorthPoint
campo-del-cielo-meteorite,Genuine Meteorite And Display Cube 4.8 Gram Campo Del Cielo Meteorite And Magnet,27.99,2024-11-12,4.8,5.83,WorthPoint
campo-del-cielo-meteorite,Huge! Lot Of Little Campo Del Cielo Meteorites 100% Authentic 19.72gr,24.99,2024-11-11,19.72,1.27,WorthPoint
campo-del-cielo-meteorite,Campo Del Cielo Iron Nickel Meteorite Argentina 73.05 Grams,77.75,2024-11-10,73.05,1.06,WorthPoint
campo-del-cielo-meteorite,55.2 Grams NEW CAMPO DEL CIELO METEORITE Polished + Certificate Of Authenticity,27.99,2024-11-10,55.2,0.51,WorthPoint
campo-del-cielo-meteorite,"Meteorite Specimen Campo Del Cielo, 35.16 Grams, Iron Meteorite, Astronomy Gift",59,2024-11-09,35.16,1.68,WorthPoint
campo-del-cielo-meteorite,196 Gm CAMPO DEL CIELO METEORITE BEAUTIFUL A GRADE METEORITE .43 POUNDS,215.1,2024-11-08,196,1.1,WorthPoint
campo-del-cielo-meteorite,92 Gm URUACU IRON METEORITE BRAZIL STAND INCLUDED TOP GRADE,98.96,2024-11-08,92,1.08,WorthPoint
campo-del-cielo-meteorite,"Authentic Meteorite Space Rock Campo Del Cielo Argentina, Discovered 1576 AD Graded By INB",17.7,2024-11-08,,,WorthPoint
campo-del-cielo-meteorite,Kennedy Space Center Authentic Meteorite Campo Del Cielo Argentina 24.76 Grams,36,2024-11-08,24.76,1.45,WorthPoint
campo-del-cielo-meteorite,9.67 Grams CAMPO DEL CIELO METEORITE Polished With A Certificate Of Authenticity,7.69,2024-11-07,9.67,0.8,WorthPoint
campo-del-cielo-meteorite,7.91 Grams CAMPO DEL CIELO METEORITE Polished With A Certificate Of Authenticity,6.29,2024-11-07,7.91,0.8,WorthPoint
campo-del-cielo-meteorite,6.36 Grams CAMPO DEL CIELO METEORITE Polished With A Certificate Of Authenticity,5.49,2024-11-07,6.36,0.86,WorthPoint
campo-del-cielo-meteorite,17.1 Grams CAMPO DEL CIELO METEORITE Polished With Certificate Of Authenticity,12.49,2024-11-07,17.1,0.73,WorthPoint
campo-del-cielo-meteorite,6 IN SLICE OF CAMPO DEL CIELO METEORITE SLAB 566 GMS STAND; 5 Mm Thick 1.3 Lbs,449.96,2024-11-07,566,0.79,WorthPoint
campo-del-cielo-meteorite,83.3 Grams NEW CAMPO DEL CIELO METEORITE Polished + Certificate Of Authenticity,63.99,2024-11-07,83.3,0.77,WorthPoint
campo-del-cielo-meteorite,Large 1000 Gm Campo Del Cielo Meteorite Aaa Grade 2.2 Lbs.,1079.1,2024-11-07,1000,1.08,WorthPoint
campo-del-cielo-meteorite,250 GM LOT OF CAMPO DEL CIELO METEORITE CRYSTALS FROM 5-10 Gm IN SIZE,125,2024-11-07,250,0.5,WorthPoint
campo-del-cielo-meteorite,Campo Del Cielo Authentic Meteorite Specimen 10+ Grams! FREE SHIPPING,34.92,2024-11-06,,,WorthPoint
campo-del-cielo-meteorite,12 Grams CAMPO DEL CIELO METEORITE Pendant M-42,12.99,2024-11-06,12,1.08,WorthPoint
campo-del-cielo-meteorite,62.1 Grams NEW CAMPO DEL CIELO METEORITE Polished + Certificate Of Authenticity,48.99,2024-11-05,62.1,0.79,WorthPoint
campo-del-cielo-meteorite,Campo Del Cielo Authentic Meteorite Specimen (64.9 Grams),48.67,2024-11-05,64.9,0.75,WorthPoint
campo-del-cielo-meteorite,5.7 Grams CAMPO DEL CIELO METEORITE Pendant M-17,7.99,2024-11-05,5.7,1.4,WorthPoint
campo-del-cielo-meteorite,"30.63 Gram Campo Del Cielo Argentina Meteorite, Iron From Outer Space # ME 671 B",23,2024-11-05,30.63,0.75,WorthPoint
campo-del-cielo-meteorite,1x ONE Campo Del Cielo Meteorite Natural Iron Nickel Meteorite From Argentina,12,2024-11-04,,,WorthPoint
campo-del-cielo-meteorite,62.8 Grams NEW CAMPO DEL CIELO METEORITE Polished + Certificate Of Authenticity,50.99,2024-11-03,62.8,0.81,WorthPoint
campo-del-cielo-meteorite,Space Meteorite Collection (5) From Campo Del Cielo Meteor Showers,44,2024-11-03,,,WorthPoint
campo-del-cielo-meteorite,442 Gm CAMPO DEL CIELO METEORITE MUSEUM GRADE 1 POUND,485.1,2024-11-03,442,1.1,WorthPoint
campo-del-cielo-meteorite,Silicated Campo Del Cielo Meteorite. Iron IAB-MG. 38.27 Grams. Awesome Slice.,100,2024-11-02,38.27,2.61,WorthPoint
campo-del-cielo-meteorite,Set Of 3 Authentic Campo Del Cielo Argentina Meteorites 10 Grams Each,9.99,2024-11-02,10,1,WorthPoint
campo-del-cielo-meteorite,8.47 Grams CAMPO DEL CIELO METEORITE Polished Charm Pendant For A Necklace,9.99,2024-11-02,8.47,1.18,WorthPoint
campo-del-cielo-meteorite,Campo Del Cielo Meteorite 100% Natural From Argentina 18.8gr,17.99,2024-11-02,18.8,0.96,WorthPoint
campo-del-cielo-meteorite,168 Grams Natural Shape That Has Been Cleaned CAMPO DEL CIELO METEORITE With COA,149.99,2024-11-01,168,0.89,WorthPoint
campo-del-cielo-meteorite,"Meteorite Specimen Campo Del Cielo, 39.19 Grams, Iron Meteorite, Astronomy Gift",69,2024-10-31,39.19,1.76,WorthPoint
campo-del-cielo-meteorite,NWA 0869 - L3-6-W1-S3 Chondrite Meteorite - 0869-0411 - 6.94g - COA - Full Stone,5.5,2024-10-31,6.94,0.79,WorthPoint
campo-del-cielo-meteorite,4.7 Grams CAMPO DEL CIELO METEORITE Pendant M-12,5.99,2024-10-30,4.7,1.27,WorthPoint
campo-del-cielo-meteorite,14 Grams CAMPO DEL CIELO METEORITE Polished With A Certificate Of Authenticity,10.99,2024-10-29,14,0.79,WorthPoint
campo-del-cielo-meteorite,12.5 Grams CAMPO DEL CIELO METEORITE Polished With A Certificate Of Authenticity,9.99,2024-10-29,12.5,0.8,WorthPoint
campo-del-cielo-meteorite,3.5g Campo Del Cielo Iron Nickel Meteorite Meteor Space Rock Asteroid Cdc6,24.94,2024-10-29,3.5,7.13,WorthPoint
campo-del-cielo-meteorite,73 Grams NEW CAMPO DEL CIELO METEORITE Polished + Certificate Of Authenticity,51.99,2024-10-28,73,0.71,WorthPoint
campo-del-cielo-meteorite,Campo Del Cielo Iron Meteorite - Randomly Selected From 10g - 25g Individuals!,27,2024-10-28,10,2.7,WorthPoint
campo-del-cielo-meteorite,CAMPO DEL CIELO - Meteorite Metal - #0650,15,2024-10-27,,,WorthPoint
campo-del-cielo-meteorite,"Campo Del Cielo Meteorite- Gancedo, Chaco Province, Argentina, 2407",35,2024-10-27,,,WorthPoint
campo-del-cielo-meteorite,19.3 Grams CAMPO DEL CIELO METEORITE Polished With Certificate Of Authenticity,13.49,2024-10-27,19.3,0.7,WorthPoint
campo-del-cielo-meteorite,Low Price! Hinged Specimen! Campo Del Cielo Meteorite Shattered Crystal 208.5 Gm,199,2024-10-27,208.5,0.95,WorthPoint
campo-del-cielo-meteorite,83.4 Grams Lot Of NEW CAMPO DEL CIELO Shiny METEORITES 1 To 2 Grams Each W/ COA,57.99,2024-10-26,83.4,0.7,WorthPoint
campo-del-cielo-meteorite,100 Grams Lot Of NEW CAMPO DEL CIELO Shiny METEORITES 1 To 2 Grams Each W/ COA,77.99,2024-10-26,100,0.78,WorthPoint
campo-del-cielo-meteorite,Meteorite Campo Del Cielo Strike Iron Nickel Argentina 8 Grams J2,11.87,2024-10-25,8,1.48,WorthPoint
campo-del-cielo-meteorite,"Meteorite Nugget Specimen Campo Del Cielo, 63.24g, Moving Piece, Astronomy Gift",71.2,2024-10-25,63.24,1.13,WorthPoint
campo-del-cielo-meteorite,Authentic Extra Large Massive 40-60 Grams Meteorite Treasure Chest Display Case,58.78,2024-10-25,60,0.98,WorthPoint
campo-del-cielo-meteorite,14.7 Grams CAMPO DEL CIELO METEORITE Pendant M-14,18.99,2024-10-24,14.7,1.29,WorthPoint
campo-del-cielo-meteorite,15.43 Grams CAMPO DEL CIELO METEORITE Polished With Certificate Of Authenticity,11.49,2024-10-24,15.43,0.74,WorthPoint
campo-del-cielo-meteorite,12.2 Grams CAMPO DEL CIELO METEORITE Polished Charm Pendant For A Necklace,14.99,2024-10-24,12.2,1.23,WorthPoint
campo-del-cielo-meteorite,31.9 Grams NEW CAMPO DEL CIELO METEORITE Polished + Certificate Of Authenticity,24.99,2024-10-24,31.9,0.78,WorthPoint
campo-del-cielo-meteorite,20.1 Grams CAMPO DEL CIELO METEORITE Polished With Certificate Of Authenticity,13.99,2024-10-23,20.1,0.7,WorthPoint
campo-del-cielo-meteorite,4.45 Kg (9.8 Lbs) Campo Del Cielo Meteorite Remarkable Display Piece,1998,2024-10-23,4450,0.45,WorthPoint
campo-del-cielo-meteorite,Campo Del Cielo Authentic Meteorite Specimen (56.6 Grams),42.45,2024-10-23,56.6,0.75,WorthPoint
campo-del-cielo-meteorite,PENDANT 8.1grams IRON METAL SPACE METEORITE MINERAL CAMPO DEL CIELO ARGENTINA,7.95,2024-10-23,8.1,0.98,WorthPoint
campo-del-cielo-meteorite,6 Authentic Space Meteorite In Cases From Campo Del Cielo Argentina 2200 Bc,20,2024-10-22,,,WorthPoint
campo-del-cielo-meteorite,Campo Del Cielo Meteorite From Argentina 4.7 Grams,5.99,2024-10-22,4.7,1.27,WorthPoint
campo-del-cielo-meteorite,4.64 Grams CAMPO DEL CIELO METEORITE Pendant M-15,5.99,2024-10-22,4.64,1.29,WorthPoint
campo-del-cielo-meteorite,38 Grams NEW CAMPO DEL CIELO METEORITE Polished + Certificate Of Authenticity,29.99,2024-10-22,38,0.79,WorthPoint
campo-del-cielo-meteorite,Campo Del Cielo Authentic Meteorite Specimen (66.6 Grams),49.95,2024-10-21,66.6,0.75,WorthPoint
campo-del-cielo-meteorite,"""10 Authentic Space Meteorites From """"Campo Del Cielo Argentina"""" And NWA Sahara""",35,2024-10-21,,,WorthPoint
campo-del-cielo-meteorite,"Authentic Meteorite - Campo Del Cielo, Argentina. Discovered 1576AD .10g Crystal",5.99,2024-10-21,10,0.6,WorthPoint
campo-del-cielo-meteorite,"Canada 2018, Royal Astronomical Society, Campo Meteorite, RASC, $20, 1868-2018",129.95,2024-10-21,,,WorthPoint
campo-del-cielo-meteorite,7 In SLICE CAMPO DEL CIELO METEORITE SLAB 524 GMS STAND 5-6 Mm Thick 1.15 Lb,359.96,2024-10-21,524,0.69,WorthPoint
campo-del-cielo-meteorite,Campo Del Cielo Meteorite From Argentina 97. Grams,49.99,2024-10-21,97,0.52,WorthPoint
campo-del-cielo-meteorite,Meteorites - Iron Meteorite 36.8g Mirror Polished Slice,52.95,2024-10-21,36.8,1.44,WorthPoint
campo-del-cielo-meteorite,Meteorites - Iron Meteorite 155.1g Polished And Etched Large Full Slice,148.95,2024-10-21,155.1,0.96,WorthPoint
campo-del-cielo-meteorite,Campo Del Cielo Authentic Meteorite Specimen (57.4 Grams),57.4,2024-10-20,57.4,1,WorthPoint
campo-del-cielo-meteorite,4g Campo Del Cielo Meteorite Iron Meteor Space Rock,5.5,2024-10-19,4,1.38,WorthPoint
campo-del-cielo-meteorite,238 Gm. New Campo Del Cielo Meteorite ; B Grade Meteorite; .52 Lb;,179.96,2024-10-19,238,0.76,WorthPoint
campo-del-cielo-meteorite,16 Grams CAMPO DEL CIELO METEORITE Pendant M-1,16.99,2024-10-18,16,1.06,WorthPoint
campo-del-cielo-meteorite,Meteorite Campo Del Cielo 9.8 Gram ( 2 X 1 X 1 X 1 Cm.),12.5,2024-10-18,9.8,1.28,WorthPoint
campo-del-cielo-meteorite,"46.51 Gram Campo Del Cielo Argentina Meteorite, Iron From Outer Space # ME 640 B",35,2024-10-18,46.51,0.75,WorthPoint
campo-del-cielo-meteorite,Campo Del Cielo METEORITE 100% Natural Argentina 11.01gr,18.99,2024-10-17,11.01,1.72,WorthPoint
campo-del-cielo-meteorite,"Meteorite Pendant Necklace, Treasure Chest Box, Authenticity Certificate",24.95,2024-10-16,,,WorthPoint
campo-del-cielo-meteorite,12.3 Grams CAMPO DEL CIELO METEORITE Polished Charm Pendant For A Necklace,15.99,2024-10-16,12.3,1.3,WorthPoint
campo-del-cielo-meteorite,100% Natural Campo Del Cielo Meteorite Argentina! 25.6gr,24.99,2024-10-16,25.6,0.98,WorthPoint
campo-del-cielo-meteorite,"Guinea-Bissau - 2021 Meteorites, Hoba, Stone - 3 Stamp Sheet - GB210525a",10.85,2024-10-16,,,WorthPoint
campo-del-cielo-meteorite,Beautiful 1.5x1.5 Inch 42 Gm Campo Del Cielo Meteorite Slab 5 Mm Thick,44.1,2024-10-16,42,1.05,WorthPoint
campo-del-cielo-meteorite,64.5 Grams Lot Of NEW CAMPO DEL CIELO Shiny METEORITES 1 To 2 Grams Each W/ COA,44.99,2024-10-16,64.5,0.7,WorthPoint
campo-del-cielo-meteorite,2.79 Grams NEW CAMPO DEL CIELO METEORITE Polished Charm Pendant For A Necklace,5.99,2024-10-16,2.79,2.15,WorthPoint
campo-del-cielo-meteorite,"50g Campo Del Cielo, Iron Meteorite Shavings - Very Clean - Ring Making Supply",140,2024-10-16,50,2.8,WorthPoint
campo-del-cielo-meteorite,11 Total Campo Del Cielo - Iron Meteorite - Nice Crystal Specimen,18,2024-10-15,,,WorthPoint
campo-del-cielo-meteorite,Beautiful 3.25x3.25 Inch 238 Gm Campo Del Cielo Meteorite Slab .52 Lbs,179.1,2024-10-15,238,0.75,WorthPoint
campo-del-cielo-meteorite,"76.40 Gram Campo Del Cielo Argentina Meteorite, Iron From Outer Space # ME 716 B",76.4,2024-10-14,76.4,1,WorthPoint
campo-del-cielo-meteorite,Campo Del Cielo Iron Nickel Meteorite Lot Argentina 25.27 Grams,29.75,2024-10-13,25.27,1.18,WorthPoint
campo-del-cielo-meteorite,24.8 Grams CAMPO DEL CIELO METEORITE Polished With A Certificate Of Authenticity,18.49,2024-10-13,24.8,0.75,WorthPoint
campo-del-cielo-meteorite,114 Gm Campo Del Cielo Meteorite Crystal Great Piece With Stand,94.05,2024-10-13,114,0.83,WorthPoint
campo-del-cielo-meteorite,CAMPO DEL CIELO METEORITE 30 Grams,30,2024-10-13,30,1,WorthPoint
campo-del-cielo-meteorite,190 Gm. New Campo Del Cielo Meteorite ; B Grade Meteorite; .41 Lb;,143.96,2024-10-13,190,0.76,WorthPoint
campo-del-cielo-meteorite,Campo Del Cielo Authentic Meteorite Specimen (54.2 Grams),54.2,2024-10-12,54.2,1,WorthPoint
campo-del-cielo-meteorite,Campo Del Cielo Authentic Meteorite Specimen (32.2 Grams),40,2024-10-12,32.2,1.24,WorthPoint
campo-del-cielo-meteorite,Campo Del Cielo Authentic Meteorite Specimen (32.9 Grams),40,2024-10-12,32.9,1.22,WorthPoint
campo-del-cielo-meteorite,Campo Del Cielo Authentic Meteorite Specimen (51.3 Grams),51.3,2024-10-12,51.3,1,WorthPoint
campo-del-cielo-meteorite,Wholesale Lot 1754 Gm Campo Del Cielo Polished & Tumbled Etched Meteorites,880,2024-10-12,1754,0.5,WorthPoint
campo-del-cielo-meteorite,Meteorite (Campo Del Cielo) - Rough Raw Natural - 1 Stone,29.99,2024-10-12,,,WorthPoint
campo-del-cielo-meteorite,Campo Del Cielo Meteorite 100% Natural From Argentina 17.2gr,22.99,2024-10-12,17.2,1.34,WorthPoint
campo-del-cielo-meteorite,20 Gm Campo Del Cielo Meteorite Crystal Great Piece,16.62,2024-10-12,20,0.83,WorthPoint
campo-del-cielo-meteorite,78.8 Grams NEW CAMPO DEL CIELO METEORITE Polished + Certificate Of Authenticity,59.99,2024-10-12,78.8,0.76,WorthPoint
campo-del-cielo-meteorite,Meteorites - Iron Meteorite 5.4g Mirror Polished Slice,10.95,2024-10-12,5.4,2.03,WorthPoint
campo-del-cielo-meteorite,2 Space Meteorites From Campo Del Cielo Meteor Shower Argentina C 2200 BC,7,2024-10-12,,,WorthPoint
campo-del-cielo-meteorite,60.7 Grams NEW CAMPO DEL CIELO METEORITE Polished + Certificate Of Authenticity,49.99,2024-10-11,60.7,0.82,WorthPoint
campo-del-cielo-meteorite,BEAUTIFUL 628 GM CAMPO DEL CIELO POLISHED & TUMBLED ETCHED METEORITE 1.4 Lb,539.1,2024-10-11,628,0.86,WorthPoint
campo-del-cielo-meteorite,101.8 Grams Lot CAMPO DEL CIELO METEORITES Polished 3 To 5+ Grams Each With COA,79.99,2024-10-11,101.8,0.79,WorthPoint
campo-del-cielo-meteorite,91.8 Grams Lot Of NEW CAMPO DEL CIELO Shiny METEORITES 1 To 2 Grams Each W/ COA,64.99,2024-10-11,91.8,0.71,WorthPoint
campo-del-cielo-meteorite,"HEFTY, LARGE 3357 Gram CAMPO DEL CIELO IRON METEORITE COVERED IN THUMBPRINTS!",2495,2024-10-11,3357,0.74,WorthPoint
campo-del-cielo-meteorite,Beautiful 676 Gm. Etched Campo Del Cielo Meteorite Triple Cut,431.1,2024-10-10,676,0.64,WorthPoint
campo-del-cielo-meteorite,2015 Niue Island 1oz Silver Coin With Campo Del Cielo Meteorite,250,2024-10-10,28.35,8.82,WorthPoint
campo-del-cielo-meteorite,BEAUTIFUL LARGE 152g CAMPO IRON METEORITE FRAGMENT! SUPERB SPECIMEN! AAAA+++,149.95,2024-10-10,152,0.99,WorthPoint
campo-del-cielo-meteorite,Campo Del Cielo Meteorite 100% Natural Argentina! 18.7gr,19.99,2024-10-08,18.7,1.07,WorthPoint
campo-del-cielo-meteorite,LARGE 7X4 INCH SLICE OF CAMPO DEL CIELO METEORITE SLAB 508 GMS STAND; 1.1 Lbs,314.96,2024-10-07,508,0.62,WorthPoint
campo-del-cielo-meteorite,13.2 Grams CAMPO DEL CIELO METEORITE Polished With Certificate Of Authenticity,9.99,2024-10-07,13.2,0.76,WorthPoint
campo-del-cielo-meteorite,77.1 Grams NEW CAMPO DEL CIELO METEORITE Polished + Certificate Of Authenticity,59.99,2024-10-06,77.1,0.78,WorthPoint
campo-del-cielo-meteorite,29.6 Grams CAMPO DEL CIELO METEORITE Polished With A Certificate Of Authenticity,21.49,2024-10-06,29.6,0.73,WorthPoint
campo-del-cielo-meteorite,133 Grams Of 20 NEW CAMPO DEL CIELO METEORITE Christmas Tree Ornaments And Hooks,74.99,2024-10-05,133,0.56,WorthPoint
campo-del-cielo-meteorite,74.9 Grams Lot NEW CAMPO DEL CIELO METEORITES Polished 3 Up To 5 Gram Each + COA,54.99,2024-10-05,74.9,0.73,WorthPoint
campo-del-cielo-meteorite,CAMPO DEL CIELO Meteorite Art 5 Oz Silver Coin 5000 Francs Chad 2018,275,2024-10-05,141.75,1.94,WorthPoint
campo-del-cielo-meteorite,52 Gm Campo Del Cielo Meteorite A Grade,43.16,2024-10-04,52,0.83,WorthPoint
campo-del-cielo-meteorite,"Authentic Meteorite From Campo Del Cielo, Argentina Discovered 1576 AD INB Case",6.88,2024-10-04,,,WorthPoint
campo-del-cielo-meteorite,Meteorites - Iron Meteorite 5.3g Mirror Polished Slice,10.95,2024-10-03,5.3,2.07,WorthPoint
campo-del-cielo-meteorite,1250 GM. NEW CAMPO DEL CIELO METEORITE ; A GRADE!! 2.8+ Pound,809.96,2024-10-03,1250,0.65,WorthPoint
campo-del-cielo-meteorite,19 Grams CAMPO DEL CIELO METEORITE Polished With A Certificate Of Authenticity,14.99,2024-10-03,19,0.79,WorthPoint
campo-del-cielo-meteorite,464 Gm. Campo Del Cielo Meteorite ; Aaa Grade!! Beautiful 1 Pound;,494.96,2024-10-02,464,1.07,WorthPoint
campo-del-cielo-meteorite,Campo Del Cielo Meteorite 100% Natural From Argentina 9.59gr,16.99,2024-10-01,9.59,1.77,WorthPoint
campo-del-cielo-meteorite,Campo Del Cielo Meteorite 100% Natural From Argentina 7.11gr,15.99,2024-10-01,7.11,2.25,WorthPoint
campo-del-cielo-meteorite,12 Grams Total And You Get All 5 CAMPO DEL CIELO METEORITES Polished With COA,6.99,2024-10-01,12,0.58,WorthPoint
campo-del-cielo-meteorite,1288 Gm. New Campo Del Cielo Meteorite ; Aa Grade!! Beautiful;. 2.8 Lb.;,989.1,2024-10-01,1288,0.77,WorthPoint
campo-del-cielo-meteorite,21 Grams CAMPO DEL CIELO METEORITE Polished With Certificate Of Authenticity,15.99,2024-09-30,21,0.76,WorthPoint
campo-del-cielo-meteorite,31.05 Gram Campo Del Cielo Fractured Meteorite Iron Crystal Argentina C41,31.05,2024-09-30,31.05,1,WorthPoint
campo-del-cielo-meteorite,World Class 37 Gram Campo Del Cielo Or Sikhote Alin Meteorite Loaded Thumbprints,39.99,2024-09-30,37,1.08,WorthPoint
campo-del-cielo-meteorite,2.93 Grams NEW CAMPO DEL CIELO METEORITE Polished Charm Pendant For A Necklace,5.99,2024-09-30,2.93,2.04,WorthPoint
campo-del-cielo-meteorite,48.1 Grams Lot CAMPO DEL CIELO METEORITES Polished 3 To 5+ Grams Each With COA,36.99,2024-09-29,48.1,0.77,WorthPoint
campo-del-cielo-meteorite,Beautiful 200 Gm Campo Del Cielo Polished & Tumbled Meteorite!! Silicate,134.96,2024-09-29,200,0.67,WorthPoint
campo-del-cielo-meteorite,77.79 Gram - CAMPO DEL CIELO IRON METEORITE Crystal - Found 1576 In Argentina,67.9,2024-09-28,77.79,0.87,WorthPoint
campo-del-cielo-meteorite,27.4 Grams CAMPO DEL CIELO METEORITE Polished With A Certificate Of Authenticity,19.99,2024-09-28,27.4,0.73,WorthPoint
campo-del-cielo-meteorite,Campo Del Cielo Iron Nickel Meteorite Big Piece Meteor Space Rock Asteroid Cdc5,24.94,2024-09-28,,,WorthPoint
campo-del-cielo-meteorite,60.1 Grams Lot Of NEW CAMPO DEL CIELO Shiny METEORITES 1 To 2 Grams Each W/ COA,42.99,2024-09-28,60.1,0.72,WorthPoint
campo-del-cielo-meteorite,87 Gm CAMPO DEL CIELO METEORITE ; BEAUTIFUL A GRADE BABY METEORITE;,62.95,2024-09-27,87,0.72,WorthPoint
campo-del-cielo-meteorite,"Meterorite-Pendant Necklaces Lot Of 5, Campo Del Cielo Iron",38,2024-09-27,,,WorthPoint
campo-del-cielo-meteorite,"Campo Del Cielo Iron Meteorite. 2.38 Grams, 17.19 Mm Length (m50)",5.99,2024-09-27,2.38,2.52,WorthPoint
campo-del-cielo-meteorite,"Meteorite Nugget Specimen Campo Del Cielo, 136g, Moving Piece, Astronomy Gift",234,2024-09-27,136,1.72,WorthPoint
campo-del-cielo-meteorite,"83.88 Gram Campo Del Cielo Argentina Meteorite, Iron From Outer Space # ME 688 B",88,2024-09-27,83.88,1.05,WorthPoint
campo-del-cielo-meteorite,28.94 Gram Campo Del Cielo Fractured Meteorite Iron Crystal Argentina C34,28.94,2024-09-26,28.94,1,WorthPoint
campo-del-cielo-meteorite,30.48 Gram Campo Del Cielo Fractured Meteorite Iron Crystal Argentina C60,30.48,2024-09-26,30.48,1,WorthPoint
campo-del-cielo-meteorite,32.73 Gram Campo Del Cielo Fractured Meteorite Iron Crystal Argentina C54,32.73,2024-09-26,32.73,1,WorthPoint
campo-del-cielo-meteorite,29.55 Gram Campo Del Cielo Fractured Meteorite Iron Crystal Argentina C40,29.55,2024-09-26,29.55,1,WorthPoint
campo-del-cielo-meteorite,"6 Authentic Space Meteorites From ""Campo Del Cielo Argentina"" And NWA",20,2024-09-26,,,WorthPoint
campo-del-cielo-meteorite,Authentic Meteorite Space Rock Campo Del Cielo Argentina C. 2200BC Graded BY INB,11.8,2024-09-26,,,WorthPoint
campo-del-cielo-meteorite,13.8 Grams CAMPO DEL CIELO METEORITE Polished Charm Pendant For A Necklace,15.99,2024-09-25,13.8,1.16,WorthPoint
campo-del-cielo-meteorite,BEAUTIFUL 458 GM CAMPO DEL CIELO POLISHED & TUMBLED ETCHED METEORITE 1 Lb,296.1,2024-09-25,458,0.65,WorthPoint
campo-del-cielo-meteorite,"84.74 Gram Campo Del Cielo Argentina Meteorite, Iron From Outer Space # ME 715 B",84.7,2024-09-25,84.74,1,WorthPoint
campo-del-cielo-meteorite,Beautiful 318 Gm. Polished Campo Del Cielo Meteorite 5 Cut,224.1,2024-09-24,318,0.7,WorthPoint
campo-del-cielo-meteorite,720 Gm. Campo Del Cielo Meteorite ; Med Grade!! 1.6 Lbs. Baby Campo; Cheap!!,404.96,2024-09-24,720,0.56,WorthPoint
campo-del-cielo-meteorite,NWA 0869 - L3-6-W1-S3 Chondrite Meteorite - 0869-0495 - 1.84g - COA - End Cut,8.5,2024-09-24,1.84,4.62,WorthPoint
campo-del-cielo-meteorite,8.8 Grams CAMPO DEL CIELO METEORITE Pendant M-45,8.99,2024-09-23,8.8,1.02,WorthPoint
campo-del-cielo-meteorite,28.3 Grams CAMPO DEL CIELO METEORITE Polished With A Certificate Of Authenticity,20.99,2024-09-23,28.3,0.74,WorthPoint
campo-del-cielo-meteorite,25.73 Grams CAMPO DEL CIELO METEORITE With Flat Side On It And Comes With A COA,9.99,2024-09-23,25.73,0.39,WorthPoint
campo-del-cielo-meteorite,AAA Quality Campo Del Cielo Iron Meteorite! 3.24kg. Spectacular Regmaglypts!,740,2024-09-23,3240,0.23,WorthPoint
campo-del-cielo-meteorite,Lot 6 Campo Del Cielo Meteorite Pendants,24.99,2024-09-22,,,WorthPoint
campo-del-cielo-meteorite,NWA 0869 - L3-6-W1-S3 Chondrite Meteorite - 0869-0492 - 14.17g - COA - End Cut,9.95,2024-09-22,14.17,0.7,WorthPoint
campo-del-cielo-meteorite,22.64 Grams CAMPO DEL CIELO METEORITE With Flat Side On It And Comes With A COA,12.99,2024-09-21,22.64,0.57,WorthPoint
campo-del-cielo-meteorite,6.65 Grams CAMPO DEL CIELO METEORITE Polished With A Certificate Of Authenticity,5.49,2024-09-21,6.65,0.83,WorthPoint
campo-del-cielo-meteorite,35.6 Grams NEW CAMPO DEL CIELO METEORITE Polished + Certificate Of Authenticity,26.99,2024-09-21,35.6,0.76,WorthPoint
campo-del-cielo-meteorite,NWA 0869 - L3-6-W1-S3 Chondrite Meteorite - 0869-0415 - 9.62g - COA - Full Stone,9.95,2024-09-21,9.62,1.03,WorthPoint
campo-del-cielo-meteorite,Beautiful 344 Gm. Polished Campo Del Cielo Meteorite Quarter Cut,224.1,2024-09-20,344,0.65,WorthPoint
campo-del-cielo-meteorite,7.84 Grams NEW CAMPO DEL CIELO METEORITE Polished Charm Pendant For A Necklace,10.99,2024-09-20,7.84,1.4,WorthPoint
campo-del-cielo-meteorite,10.8 Grams CAMPO DEL CIELO METEORITE Polished Charm Pendant For A Necklace,9.99,2024-09-20,10.8,0.93,WorthPoint
campo-del-cielo-meteorite,6.40 Grams CAMPO DEL CIELO METEORITE Polished With A Certificate Of Authenticity,5.29,2024-09-20,6.4,0.83,WorthPoint
campo-del-cielo-meteorite,6.03 Grams CAMPO DEL CIELO METEORITE Polished With A Certificate Of Authenticity,5.49,2024-09-19,6.03,0.91,WorthPoint
campo-del-cielo-meteorite,NWA 0869 - L3-6-W1-S3 Chondrite Meteorite - 0869-0490 - 2.49g - COA - Full Slice,5.5,2024-09-19,2.49,2.21,WorthPoint
campo-del-cielo-meteorite,AMAZING SHAPE! BEAUTIFUL 248g CAMPO DEL CIELO IRON METEORITE FRAGMENT W/ TAIL!,229,2024-09-19,248,0.92,WorthPoint
campo-del-cielo-meteorite,Genuine Authentic Space Meteorites From Campo Del Cielo Meteor Shower Argentina,15,2024-09-19,,,WorthPoint
campo-del-cielo-meteorite,Meteorites - Iron Meteorite 8.0g Mirror Polished Slice,15.95,2024-09-18,8,1.99,WorthPoint
campo-del-cielo-meteorite,Meteorites - Iron Meteorite 11.9g Mirror Polished Slice,17.95,2024-09-18,11.9,1.51,WorthPoint
campo-del-cielo-meteorite,Meteorite Campo Del Cielo Strike Iron Nickel Argentina 4.6 Grams I37,8.99,2024-09-18,4.6,1.95,WorthPoint
campo-del-cielo-meteorite,Campo Del Cielo Iron Nickel Meteorite Argentina 54.77 Grams,58.75,2024-09-18,54.77,1.07,WorthPoint
campo-del-cielo-meteorite,1236 Gm CAMPO DEL CIELO METEORITE BEAUTIFUL MUSEUM GRADE METEORITE 2.72 POUNDS,1345.5,2024-09-17,1236,1.09,WorthPoint
campo-del-cielo-meteorite,6.82 Grams NEW CAMPO DEL CIELO METEORITE Polished Charm Pendant For A Necklace,9.99,2024-09-17,6.82,1.46,WorthPoint
campo-del-cielo-meteorite,Campo Del Cielo Iron Nickel Meteorite Argentina 73.51 Grams,77.75,2024-09-16,73.51,1.06,WorthPoint
campo-del-cielo-meteorite,7.87 Grams CAMPO DEL CIELO METEORITE Polished With A Certificate Of Authenticity,6.49,2024-09-16,7.87,0.82,WorthPoint
campo-del-cielo-meteorite,7 Grams CAMPO DEL CIELO METEORITE Polished With A Certificate Of Authenticity,5.99,2024-09-16,7,0.86,WorthPoint
campo-del-cielo-meteorite,Genuine Meteorite And Display Cube 6.4 Gram Campo Del Cielo Meteorite And Magnet,29.99,2024-09-16,6.4,4.69,WorthPoint
campo-del-cielo-meteorite,5.61 Grams NEW CAMPO DEL CIELO METEORITE Polished Charm Pendant For A Necklace,9.99,2024-09-15,5.61,1.78,WorthPoint
campo-del-cielo-meteorite,6.77 Grams NEW CAMPO DEL CIELO METEORITE Polished Charm Pendant For A Necklace,9.99,2024-09-15,6.77,1.48,WorthPoint
campo-del-cielo-meteorite,8.48 Grams NEW CAMPO DEL CIELO METEORITE Polished Charm Pendant For A Necklace,9.99,2024-09-15,8.48,1.18,WorthPoint
campo-del-cielo-meteorite,NWA 0869 - L3-6-W1-S3 Chondrite Meteorite - 0869-0414 - 9.95g - COA - Full Stone,9.95,2024-09-15,9.95,1,WorthPoint
campo-del-cielo-meteorite,10.8 Grams NEW CAMPO DEL CIELO METEORITE Polished Charm Pendant For A Necklace,9.99,2024-09-15,10.8,0.93,WorthPoint
campo-del-cielo-meteorite,51 Gm Campo Del Cielo Meteorite Crystal Great Piece With Stand,46.55,2024-09-15,51,0.91,WorthPoint
campo-del-cielo-meteorite,Campo Del Cielo Iron Nickel Meteorite Argentina 58.69 Grams,62.75,2024-09-14,58.69,1.07,WorthPoint
campo-del-cielo-meteorite,2023 Ghana 1 Oz Silver Space Cube; Campo Del Cielo Meteorite,131.5,2024-09-14,2023,0.07,WorthPoint
campo-del-cielo-meteorite,250 Gm LOT OF CAMPO DEL CIELO METEORITE CRYSTALS; 15-20 GMS IN SIZE; 1/4 KILO,118.75,2024-09-13,250,0.48,WorthPoint
campo-del-cielo-meteorite,204 Gm CAMPO DEL CIELO METEORITE BEAUTIFUL AAA GRADE METEORITE .45 POUNDS,269.96,2024-09-12,204,1.32,WorthPoint
campo-del-cielo-meteorite,154 Gm. Campo Del Cielo Meteorite ; B Grade! Inexpensive Meteorite;,136.76,2024-09-12,154,0.89,WorthPoint
campo-del-cielo-meteorite,LARGE 7X6 INCH SLICE OF CAMPO DEL CIELO METEORITE SLAB 618 GMS STAND; 1.4 Lbs,384.71,2024-09-12,618,0.62,WorthPoint
campo-del-cielo-meteorite,18.4 Grams CAMPO DEL CIELO METEORITE Polished With Certificate Of Authenticity,13.99,2024-09-12,18.4,0.76,WorthPoint
campo-del-cielo-meteorite,"Meteorite Nugget Specimen Campo Del Cielo, 36.84g, Moving Piece, Astronomy Gift",64,2024-09-11,36.84,1.74,WorthPoint
campo-del-cielo-meteorite,174 Gm. Campo Del Cielo Meteorite ; B Grade!! Beautiful .4 Lb. Baby Campo,116.1,2024-09-11,174,0.67,WorthPoint
campo-del-cielo-meteorite,18 Grams Good Quality Octahedrite Campo Del Cielo Iron Meteorite About 2.3 Cm,19,2024-09-11,18,1.06,WorthPoint
campo-del-cielo-meteorite,"50.24 Gram Campo Del Cielo Argentina Meteorite, Iron From Outer Space # ME 668 B",37.75,2024-09-11,50.24,0.75,WorthPoint
campo-del-cielo-meteorite,Beautiful 558 Gm. Etched Campo Del Cielo Meteorite Quad Cut 1.22 Lbs,404.1,2024-09-10,558,0.72,WorthPoint
campo-del-cielo-meteorite,Lot Of 3 Authentic Campo Del Cielo Meteorite ~ Space Rock 4.6 BILLION YRS OLD!,18,2024-09-09,,,WorthPoint
campo-del-cielo-meteorite,225.7 GRAM CAMPO DEL CIELO METEORITE ; AAA GRADE METEORITE ! .498 Lb. Argentina,119.99,2024-09-09,225.7,0.53,WorthPoint
campo-del-cielo-meteorite,Meteorites - Iron Meteorite 10.4g Mirror Polished Slice,16.95,2024-09-09,10.4,1.63,WorthPoint
campo-del-cielo-meteorite,"Campo Del Cielo Iron Meteorite. 2.66 Grams, 19.19mm Length (m40)",6.49,2024-09-08,2.66,2.44,WorthPoint
campo-del-cielo-meteorite,"Campo Del Cielo Iron Meteorite. 2.52 Grams, 18.35mm Length (m30)",5.99,2024-09-08,2.52,2.38,WorthPoint
campo-del-cielo-meteorite,"Ca. 2200 BC Authentic Space Meteorite Slab, Campo Del Cielo Argentina Graded BY INB",23.6,2024-09-07,,,WorthPoint
campo-del-cielo-meteorite,MASSIVE Meteorite Slab LOT/Campo Del Cielo/North West Africa/Random,34,2024-09-07,,,WorthPoint
campo-del-cielo-meteorite,Campo Del Cielo METEORITE PENDANT 6.9 Grams,23,2024-09-06,6.9,3.33,WorthPoint
campo-del-cielo-meteorite,Meteorites - Iron Meteorite 91.0g Polished And Etched Thick Slice,89.95,2024-09-06,91,0.99,WorthPoint
campo-del-cielo-meteorite,"Natural Raw Copper, Fulgurites, 7pcs 24 Grams Meteorites, 3 Dino Bone Pendants",55,2024-09-06,24,2.29,WorthPoint
campo-del-cielo-meteorite,AAA Quality Campo Del Cielo Iron Meteorite! 810g. Spectacular Regmaglypts!,420,2024-09-03,810,0.52,WorthPoint
campo-del-cielo-meteorite,63.9 Grams CAMPO DEL CIELO METEORITE With Flat Side On It And Comes With A COA,26.99,2024-09-02,63.9,0.42,WorthPoint
campo-del-cielo-meteorite,Beautiful 6.5x4.5 Inch 542 Gm Campo Del Cielo Meteorite Slab 1.2 Lbs,359.1,2024-09-01,542,0.66,WorthPoint
campo-del-cielo-meteorite,#19 Argentina 16.40ct Natural Rock From Space Meteorite Rough Pendant 3.30g 13mm,17.95,2024-09-01,3.3,5.44,WorthPoint
campo-del-cielo-meteorite,194 Gm. Campo Del Cielo Meteorite ; B Grade!!; Stand,75,2024-09-01,194,0.39,WorthPoint
campo-del-cielo-meteorite,6.06 Grams CAMPO DEL CIELO METEORITE Polished With A Certificate Of Authenticity,5.29,2024-09-01,6.06,0.87,WorthPoint
campo-del-cielo-meteorite,75.3 Grams NEW CAMPO DEL CIELO METEORITE Polished + Certificate Of Authenticity,56.99,2024-09-01,75.3,0.76,WorthPoint
campo-del-cielo-meteorite,84.3 Grams NEW CAMPO DEL CIELO METEORITE Polished + Certificate Of Authenticity,63.99,2024-09-01,84.3,0.76,WorthPoint
campo-del-cielo-meteorite,SLICE OF CAMPO DEL CIELO METEORITE SLAB 655 GMS 1.4+ Lb. 8 MM THICK,392.45,2024-08-31,655,0.6,WorthPoint
campo-del-cielo-meteorite,BEAUTIFUL LARGE 603g CAMPO IRON METEORITE COVERED IN THUMBPRINTS! LOW BUY-IT-NOW,498,2024-08-30,603,0.83,WorthPoint
campo-del-cielo-meteorite,130 Gm. Campo Del Cielo Meteorite ; Baby Meteorite; Aa Gradel Full Individual,135,2024-08-30,130,1.04,WorthPoint
campo-del-cielo-meteorite,4 Grams NEW CAMPO DEL CIELO METEORITE Polished Charm Pendant For A Necklace,5.99,2024-08-30,4,1.5,WorthPoint
campo-del-cielo-meteorite,6.11 Grams NEW CAMPO DEL CIELO METEORITE Polished Charm Pendant For A Necklace,8.99,2024-08-30,6.11,1.47,WorthPoint
campo-del-cielo-meteorite,22.55 Grams CAMPO DEL CIELO METEORITE With Flat Side On It And Comes With A COA,6.99,2024-08-29,22.55,0.31,WorthPoint
campo-del-cielo-meteorite,27.33 Grams CAMPO DEL CIELO METEORITE With Flat Side On It And Comes With A COA,9.99,2024-08-29,27.33,0.37,WorthPoint
campo-del-cielo-meteorite,65.3 Grams Lot Of NEW CAMPO DEL CIELO Shiny METEORITES 1 To 2 Grams Each W/ COA,45.99,2024-08-29,65.3,0.7,WorthPoint
campo-del-cielo-meteorite,10 Grams CAMPO DEL CIELO METEORITE Polished With Certificate Of Authenticity,5.99,2024-08-29,10,0.6,WorthPoint
campo-del-cielo-meteorite,"Large Massive 10-330 Grams Meteorite Specimen, Campo Del Cielo Meteorite With Gi",21.24,2024-08-29,330,0.06,WorthPoint
campo-del-cielo-meteorite,28.61 Grams CAMPO DEL CIELO METEORITE With Flat Side On It And Comes With A COA,10.99,2024-08-29,28.61,0.38,WorthPoint
campo-del-cielo-meteorite,100.6 Grams NEW CAMPO DEL CIELO METEORITE Polished + Certificate Of Authenticity,76.99,2024-08-29,100.6,0.77,WorthPoint
campo-del-cielo-meteorite,50.1 Grams NEW CAMPO DEL CIELO METEORITE Polished + Certificate Of Authenticity,38.99,2024-08-29,50.1,0.78,WorthPoint
campo-del-cielo-meteorite,28.2 Grams CAMPO DEL CIELO METEORITE Polished With A Certificate Of Authenticity,20.99,2024-08-29,28.2,0.74,WorthPoint
campo-del-cielo-meteorite,31.4 Grams NEW CAMPO DEL CIELO METEORITE Polished + Certificate Of Authenticity,24.99,2024-08-29,31.4,0.8,WorthPoint
campo-del-cielo-meteorite,33.62 Grams CAMPO DEL CIELO METEORITE Polished With Certificate Of Authenticity,22.99,2024-08-29,33.62,0.68,WorthPoint
campo-del-cielo-meteorite,Campo Del Cielo Meteorite Sphere,6125,2024-08-28,,,WorthPoint
campo-del-cielo-meteorite,60.8 Grams NEW CAMPO DEL CIELO METEORITE Polished + Certificate Of Authenticity,44.99,2024-08-28,60.8,0.74,WorthPoint
campo-del-cielo-meteorite,CAMPO DEL CIELO 250 G IRON NICKEL METEORITE,300,2024-08-28,250,1.2,WorthPoint
campo-del-cielo-meteorite,Beautiful 350 Gm. Polished Campo Del Cielo Meteorite Quarter Cut,224.1,2024-08-28,350,0.64,WorthPoint
campo-del-cielo-meteorite,Large CAMPO DEL CIELO METEORITE 385 Grams Sku MET01,99.98,2024-08-28,385,0.26,WorthPoint
campo-del-cielo-meteorite,11.51 Grams CAMPO DEL CIELO METEORITE Polished With Certificate Of Authenticity,8.79,2024-08-27,11.51,0.76,WorthPoint
campo-del-cielo-meteorite,1.54g CAMPO DEL CIELO IRON NICKEL METEORITE PIECES METEOR SPACE ROCKS ASTEROID,9.94,2024-08-27,1.54,6.45,WorthPoint
campo-del-cielo-meteorite,1.73g CAMPO DEL CIELO IRON NICKEL METEORITE PIECES METEOR SPACE ROCKS ASTEROID,9.94,2024-08-27,1.73,5.75,WorthPoint
campo-del-cielo-meteorite,NWA 0869 - L3-6-W1-S3 Chondrite Meteorite - 0869-0413 - 6.66g - COA - Full Stone,7.08,2024-08-26,6.66,1.06,WorthPoint
campo-del-cielo-meteorite,AAA Quality Campo Del Cielo Iron Meteorite! 2.93kg. Spectacular Regmaglypts!,1740,2024-08-26,2930,0.59,WorthPoint
campo-del-cielo-meteorite,Campo Del Cielo METEORITE 100% Natural Argentina 20.6gr,21.99,2024-08-26,20.6,1.07,WorthPoint
campo-del-cielo-meteorite,53.3 Grams CAMPO DEL CIELO METEORITE With Flat Side On It And Comes With A COA,19.99,2024-08-26,53.3,0.38,WorthPoint
campo-del-cielo-meteorite,15.5 Grams CAMPO DEL CIELO METEORITE Polished With A Certificate Of Authenticity,11.99,2024-08-26,15.5,0.77,WorthPoint
campo-del-cielo-meteorite,11.02 Grams CAMPO DEL CIELO METEORITE Polished With Certificate Of Authenticity,8.49,2024-08-26,11.02,0.77,WorthPoint
campo-del-cielo-meteorite,Campo Del Cielo Iron Nickel Meteorite,65,2024-08-26,,,WorthPoint
campo-del-cielo-meteorite,29.8 Grams CAMPO DEL CIELO METEORITE Polished With Certificate Of Authenticity,21.49,2024-08-26,29.8,0.72,WorthPoint
campo-del-cielo-meteorite,18.43 Grams CAMPO DEL CIELO METEORITE Polished With Certificate Of Authenticity,10.99,2024-08-26,18.43,0.6,WorthPoint
campo-del-cielo-meteorite,18.3 Grams CAMPO DEL CIELO METEORITE Polished With Certificate Of Authenticity,10.99,2024-08-26,18.3,0.6,WorthPoint
campo-del-cielo-meteorite,17.2 Grams CAMPO DEL CIELO METEORITE Polished With Certificate Of Authenticity,9.99,2024-08-26,17.2,0.58,WorthPoint
campo-del-cielo-meteorite,12.7 Grams CAMPO DEL CIELO METEORITE Polished With Certificate Of Authenticity,5.99,2024-08-26,12.7,0.47,WorthPoint
campo-del-cielo-meteorite,2 Authentic Meteorite Space Rock Campo Del Cielo Argentina Discovered 1576 AD,8,2024-08-25,,,WorthPoint
campo-del-cielo-meteorite,Lot Of 9 Genuine Authentic Space Meteorite From Campo Del Cielo Meteor Shower,21,2024-08-25,9,2.33,WorthPoint
campo-del-cielo-meteorite,23.5 Grams CAMPO DEL CIELO METEORITE Polished With A Certificate Of Authenticity,16.99,2024-08-25,23.5,0.72,WorthPoint
campo-del-cielo-meteorite,680 Gm. New Campo Del Cielo Meteorite ; Aa Grade Meteorite 1.5 Lbs.,427.46,2024-08-25,680,0.63,WorthPoint
campo-del-cielo-meteorite,90 Grams NEW CAMPO DEL CIELO METEORITE Polished + Certificate Of Authenticity,69.99,2024-08-25,90,0.78,WorthPoint
campo-del-cielo-meteorite,86.5 Grams NEW CAMPO DEL CIELO METEORITE Polished + Certificate Of Authenticity,64.99,2024-08-25,86.5,0.75,WorthPoint
campo-del-cielo-meteorite,Light Rust Starting - 28.8 Grams NEW CAMPO DEL CIELO METEORITE Polished + COA,7.99,2024-08-25,28.8,0.28,WorthPoint
campo-del-cielo-meteorite,Genuine Meteorite And Display Cube 7.6 Gram Campo Del Cielo Meteorite And Magnet,29.99,2024-08-24,7.6,3.95,WorthPoint
campo-del-cielo-meteorite,713 GM CAMPO Del CIELO METEORITE ; Heavy 1 Pound 9 Oz METEORITE; BEAUTIFUL,475,2024-08-24,713,0.67,WorthPoint
campo-del-cielo-meteorite,12.1 Grams CAMPO DEL CIELO METEORITE Polished With A Certificate Of Authenticity,8.99,2024-08-24,12.1,0.74,WorthPoint
campo-del-cielo-meteorite,Meteorites - 5 Campo Del Cielo Mirror Polished Slices,133.4,2024-08-24,,,WorthPoint
campo-del-cielo-meteorite,Campo Del Cielo Meteorite Pendant With Shell Heishi Puka Necklace,19.99,2024-08-24,,,WorthPoint
campo-del-cielo-meteorite,"47.94 Gram Campo Del Cielo Argentina Meteorite, Iron From Outer Space # ME 644 B",47.9,2024-08-23,47.94,1,WorthPoint
campo-del-cielo-meteorite,28.91 Grams CAMPO DEL CIELO METEORITE With Flat Side On It And Comes With A COA,11.99,2024-08-23,28.91,0.41,WorthPoint
campo-del-cielo-meteorite,46.4 Grams Lot CAMPO DEL CIELO METEORITES Polished 3 To 5+ Grams Each With COA,34.99,2024-08-23,46.4,0.75,WorthPoint
campo-del-cielo-meteorite,4 Authentic Meteorite Campo Del Cielo Argentina Discovered 1576 AD,18.99,2024-08-23,,,WorthPoint
campo-del-cielo-meteorite,16.84 Grams CAMPO DEL CIELO METEORITE Polished With Certificate Of Authenticity,11.99,2024-08-22,16.84,0.71,WorthPoint
campo-del-cielo-meteorite,NWA 0869 - L3-6-W1-S3 Chondrite Meteorite - 0869-0450 - 3.50g - COA - End Cut,10.5,2024-08-22,3.5,3,WorthPoint
campo-del-cielo-meteorite,Meteorite Campo Del Cielo Strike Iron Nickle Argentina 4.3 Grams T45,8.99,2024-08-21,4.3,2.09,WorthPoint
campo-del-cielo-meteorite,9.1 Grams CAMPO DEL CIELO METEORITE Pendant M-27 (wiggly Piece),9.99,2024-08-21,9.1,1.1,WorthPoint
campo-del-cielo-meteorite,14 Grams CAMPO DEL CIELO METEORITE Pendant M-8,14.99,2024-08-21,14,1.07,WorthPoint
campo-del-cielo-meteorite,Campo Del Cielo - Iron Meteorite - CDC-4984 - COA - Crystals Specimen Pendant,19.95,2024-08-21,,,WorthPoint
campo-del-cielo-meteorite,16.2 Grams CAMPO DEL CIELO METEORITE Polished With A Certificate Of Authenticity,11.99,2024-08-20,16.2,0.74,WorthPoint
campo-del-cielo-meteorite,4.81 Grams NEW CAMPO DEL CIELO METEORITE Polished Charm Pendant For A Necklace,6.99,2024-08-20,4.81,1.45,WorthPoint
campo-del-cielo-meteorite,54.2 Grams CAMPO DEL CIELO METEORITE With Flat Side On It And Comes With A COA,19.99,2024-08-20,54.2,0.37,WorthPoint
campo-del-cielo-meteorite,Beautiful 664 Gm Campo Del Cielo Polished & Tumbled Etched Meteorite 1.5 Lb,539.1,2024-08-20,664,0.81,WorthPoint
campo-del-cielo-meteorite,(3) Slabbed Campo Del Cielo Space Meteorite 2200BC,10,2024-08-20,,,WorthPoint
campo-del-cielo-meteorite,64 Grams CAMPO DEL CIELO METEORITE With Flat Side On It And Comes With A COA,25.99,2024-08-19,64,0.41,WorthPoint
campo-del-cielo-meteorite,"Campo Del Cielo Iron Meteorite. 3.58 Grams, 19.18mm Length X 11.5mm Width. (m10)",5.5,2024-08-18,3.58,1.54,WorthPoint
campo-del-cielo-meteorite,Meteorite - Campo Del Cielo - Iron Meteorite - CDC-4974 - 1.18g - COA - Nice Lot,11.95,2024-08-17,1.18,10.13,WorthPoint
campo-del-cielo-meteorite,Meteorite - Campo Del Cielo - Iron Meteorite - CDC-4972 - 1.13g - COA - Nice Lot,10.95,2024-08-17,1.13,9.69,WorthPoint
campo-del-cielo-meteorite,69.7 Grams CAMPO DEL CIELO METEORITE With Flat Side On It And Comes With A COA,33,2024-08-17,69.7,0.47,WorthPoint
campo-del-cielo-meteorite,Campo Del Cielo Meteorite (c2b),29.95,2024-08-17,,,WorthPoint
campo-del-cielo-meteorite,**43.4g Campo Del Cielo Meteorite Iron Meteor Space Rock**,38.5,2024-08-17,43.4,0.89,WorthPoint
campo-del-cielo-meteorite,Meteorites - Iron Meteorite 102.0g Polished And Etched Full Slice,107.95,2024-08-17,102,1.06,WorthPoint
campo-del-cielo-meteorite,Campo Del Cielo Iron Nickel Meteorite Lot Argentina 242 Grams,125,2024-08-16,242,0.52,WorthPoint
campo-del-cielo-meteorite,18 Pound Campo Del Cielo Meteorite,4999,2024-08-15,,,WorthPoint
campo-del-cielo-meteorite,Campo Del Cielo Meteorite - 16g,37.88,2024-08-15,16,2.37,WorthPoint
campo-del-cielo-meteorite,Large CAMPO DEL CIELO METEORITE 195 Grams Sku MET02,75,2024-08-15,195,0.38,WorthPoint
campo-del-cielo-meteorite,27 Gm Campo Del Cielo Meteorite Crystal Great Piece With Stand,20.9,2024-08-15,27,0.77,WorthPoint
campo-del-cielo-meteorite,Meteorite Campo Del Cielo Strike Iron Nickel Argentina 7.9 Grams I9,11.54,2024-08-15,7.9,1.46,WorthPoint
campo-del-cielo-meteorite,Campo Del Cielo Meteorite 100% Natural From Argentina 6.64gr,16.99,2024-08-14,6.64,2.56,WorthPoint
campo-del-cielo-meteorite,"46.23 Gram Campo Del Cielo Argentina Meteorite, Iron From Outer Space # ME 659 B",46.2,2024-08-14,46.23,1,WorthPoint
campo-del-cielo-meteorite,60.3 Grams CAMPO DEL CIELO METEORITE With Flat Side On It And Comes With A COA,24.99,2024-08-14,60.3,0.41,WorthPoint
campo-del-cielo-meteorite,13.1 Grams CAMPO DEL CIELO METEORITE Pendant M-36,13.99,2024-08-13,13.1,1.07,WorthPoint
campo-del-cielo-meteorite,13.31 Grams CAMPO DEL CIELO METEORITE Polished With Certificate Of Authenticity,9.99,2024-08-13,13.31,0.75,WorthPoint
campo-del-cielo-meteorite,"AAA Quality Campo Del Cielo Iron Meteorite! 3.81018 Kg (8.4 LB). Great Shape,",1275,2024-08-13,3810.18,0.33,WorthPoint
campo-del-cielo-meteorite,SLICE OF CAMPO DEL CIELO METEORITE SLAB 680 GMS 5-6 Mm Thick 1.5 Lbs Silicate,409.55,2024-08-12,680,0.6,WorthPoint
campo-del-cielo-meteorite,Campo Del Cielo Authentic Meteorite Specimen (51.6 Grams),51.6,2024-08-12,51.6,1,WorthPoint
campo-del-cielo-meteorite,"2 Pc Lot Of Meteorites, Agentina Origin",6.99,2024-08-12,,,WorthPoint
campo-del-cielo-meteorite,1100 Gm .CAMPO DEL CIELO METEORITE,300,2024-08-12,1100,0.27,WorthPoint
campo-del-cielo-meteorite,4 Authentic Meteorite Space Rock Campo Del Cielo Argentina Discovered 1576 AD,15,2024-08-11,,,WorthPoint
campo-del-cielo-meteorite,790 Gm CAMPO DEL CIELO METEORITE ; AAA GRADE 1.7+ Lbs.; Beautiful Lg.meteorite,850.73,2024-08-11,790,1.08,WorthPoint
campo-del-cielo-meteorite,Lot Of 26 Genuine Authentic Space Meteorite From Campo Del Cielo,80,2024-08-11,26,3.08,WorthPoint
campo-del-cielo-meteorite,64.5 Grams CAMPO DEL CIELO METEORITE With Flat Side On It And Comes With A COA,26.99,2024-08-10,64.5,0.42,WorthPoint
campo-del-cielo-meteorite,52.1 Grams CAMPO DEL CIELO METEORITE With Flat Side On It And Comes With A COA,19.99,2024-08-10,52.1,0.38,WorthPoint
campo-del-cielo-meteorite,"Campo Del Cielo Large Iron Meteorite 1,306g",135.83,2024-08-09,306,0.44,WorthPoint
campo-del-cielo-meteorite,"Campo Del Cielo Iron Meteorite ** 3,138g",832,2024-08-09,138,6.03,WorthPoint
campo-del-cielo-meteorite,"Campo Del Cielo Large Iron Meteorite 2,225g",632,2024-08-09,225,2.81,WorthPoint
campo-del-cielo-meteorite,78.41 Gram - CAMPO DEL CIELO IRON METEORITE Crystal - Found 1576 In Argentina,75.46,2024-08-09,78.41,0.96,WorthPoint
campo-del-cielo-meteorite,27.28 Grams CAMPO DEL CIELO METEORITE With Flat Side On It And Comes With A COA,10.99,2024-08-09,27.28,0.4,WorthPoint
campo-del-cielo-meteorite,3.91 Grams NEW CAMPO DEL CIELO METEORITE Polished Charm Pendant For A Necklace,5.99,2024-08-09,3.91,1.53,WorthPoint
campo-del-cielo-meteorite,Meteorite Campo Del Cielo,102,2024-08-09,,,WorthPoint
campo-del-cielo-meteorite,14.2 Grams CAMPO DEL CIELO METEORITE Polished With A Certificate Of Authenticity,10.49,2024-08-09,14.2,0.74,WorthPoint
campo-del-cielo-meteorite,Campo Del Cielo Meteorite Meteor Astroid Space Rock - SMALL -- 228 Gram Lot,100,2024-08-07,228,0.44,WorthPoint
campo-del-cielo-meteorite,"50 Meteorite Mixed Mega Seller / Dealer Lot Campo Del Cielo, North Africa",205.97,2024-08-07,,,WorthPoint
campo-del-cielo-meteorite,"Real Meteorites (5 Pcs) Campo Del Cielo, Authenticity Certificate, Viewing Box",18.69,2024-08-06,,,WorthPoint
campo-del-cielo-meteorite,Lot Of 10 Genuine Authentic Space Meteorite From Campo Del Cielo Meteor Shower,49.99,2024-08-06,10,5,WorthPoint
campo-del-cielo-meteorite,Sterling Silver Meteorite Campo Del Cielo Ring Size 9 Rock Stone Lapidary Specimen,26.4,2024-08-05,,,WorthPoint
campo-del-cielo-meteorite,"Authentic Space Meteorite From Campo Del Cielo Meteor Shower, Argentina",10.73,2024-08-01,,,WorthPoint
campo-del-cielo-meteorite,6.91 Grams NEW CAMPO DEL CIELO METEORITE Polished Charm Pendant For A Necklace,10.99,2024-07-30,6.91,1.59,WorthPoint
campo-del-cielo-meteorite,Meteorites - 2 Campo Del Cielo Dust/Cuttings Specimen Vials,25.9,2024-07-30,,,WorthPoint
campo-del-cielo-meteorite,Meteorites - 17.5g Campo Del Cielo Small Pieces Specimen Vial,17.95,2024-07-30,17.5,1.03,WorthPoint
campo-del-cielo-meteorite,"Beautiful7.5x6 Inch,972 Gm Campo Del Cielo Meteorite Slab!!!",539.1,2024-07-29,972,0.55,WorthPoint
campo-del-cielo-meteorite,Campo Del Cielo Meteorite 100% Natural From Argentina 19.9gr,21.99,2024-07-28,19.9,1.11,WorthPoint
campo-del-cielo-meteorite,8.6 Grams CAMPO DEL CIELO METEORITE Pendant M-24,8.99,2024-07-27,8.6,1.05,WorthPoint
campo-del-cielo-meteorite,Meteorite Campo Del Cielo Argentina Meteorite 250g,150,2024-07-26,250,0.6,WorthPoint
campo-del-cielo-meteorite,6.56 Grams NEW CAMPO DEL CIELO METEORITE Polished Charm Pendant For A Necklace,7.99,2024-07-26,6.56,1.22,WorthPoint
campo-del-cielo-meteorite,11.8 Grams CAMPO DEL CIELO METEORITE Pendant M-17,11.99,2024-07-26,11.8,1.02,WorthPoint
campo-del-cielo-meteorite,12.3 Grams CAMPO DEL CIELO METEORITE Pendant M-22,12.99,2024-07-26,12.3,1.06,WorthPoint
campo-del-cielo-meteorite,15.4 Grams CAMPO DEL CIELO METEORITE Pendant M-9,15.99,2024-07-26,15.4,1.04,WorthPoint
campo-del-cielo-meteorite,11.7 Grams CAMPO DEL CIELO METEORITE Pendant M-5,11.99,2024-07-26,11.7,1.02,WorthPoint
campo-del-cielo-meteorite,15.4 Grams CAMPO DEL CIELO METEORITE Pendant M-37,15.99,2024-07-26,15.4,1.04,WorthPoint
campo-del-cielo-meteorite,10.2 Grams CAMPO DEL CIELO METEORITE Pendant M-41,10.99,2024-07-26,10.2,1.08,WorthPoint
campo-del-cielo-meteorite,9.2 Grams CAMPO DEL CIELO METEORITE Pendant M-30,10.99,2024-07-26,9.2,1.19,WorthPoint
campo-del-cielo-meteorite,8.2 Grams CAMPO DEL CIELO METEORITE Pendant M-12,8.99,2024-07-26,8.2,1.1,WorthPoint
campo-del-cielo-meteorite,11.3 Grams CAMPO DEL CIELO METEORITE Pendant M-23,11.99,2024-07-26,11.3,1.06,WorthPoint
campo-del-cielo-meteorite,12 Grams CAMPO DEL CIELO METEORITE Pendant M-2,12.99,2024-07-26,12,1.08,WorthPoint
campo-del-cielo-meteorite,8.6 Grams CAMPO DEL CIELO METEORITE Pendant M-26,8.99,2024-07-26,8.6,1.05,WorthPoint
campo-del-cielo-meteorite,7 Grams CAMPO DEL CIELO METEORITE Pendant M-21,7.99,2024-07-26,7,1.14,WorthPoint
campo-del-cielo-meteorite,15 Grams CAMPO DEL CIELO METEORITE Pendant M-32,15.99,2024-07-26,15,1.07,WorthPoint
campo-del-cielo-meteorite,7.6 Grams CAMPO DEL CIELO METEORITE Pendant M-4,7.99,2024-07-26,7.6,1.05,WorthPoint
campo-del-cielo-meteorite,11.3 Grams CAMPO DEL CIELO METEORITE Pendant M-43,11.99,2024-07-26,11.3,1.06,WorthPoint
campo-del-cielo-meteorite,13.1 Grams CAMPO DEL CIELO METEORITE Pendant M-6,13.99,2024-07-26,13.1,1.07,WorthPoint
campo-del-cielo-meteorite,13.1 Grams CAMPO DEL CIELO METEORITE Pendant M-46,13.99,2024-07-26,13.1,1.07,WorthPoint
campo-del-cielo-meteorite,14 Grams CAMPO DEL CIELO METEORITE Pendant M-31,14.99,2024-07-26,14,1.07,WorthPoint
campo-del-cielo-meteorite,33.03 Grams Authentic CAMPO DEL CIELO METEORITE,30.95,2024-07-26,33.03,0.94,WorthPoint
campo-del-cielo-meteorite,"Four Meteorite Fragments Form Campo Del Cielo, Argentina",31,2024-07-25,,,WorthPoint
campo-del-cielo-meteorite,"Campo Del Cielo Meteorite Gran Chaco Gualamba Argentina COA, Display 12 Grams",29.99,2024-07-25,12,2.5,WorthPoint
campo-del-cielo-meteorite,Campo Del Cielo Meteorite Large,895,2024-07-24,,,WorthPoint
campo-del-cielo-meteorite,33.6 Grams CAMPO DEL CIELO METEORITE Polished With A Certificate Of Authenticity,22.99,2024-07-24,33.6,0.68,WorthPoint
campo-del-cielo-meteorite,About 228 Grams Authentic CAMPO DEL CIELO METEORITE,183,2024-07-24,228,0.8,WorthPoint
campo-del-cielo-meteorite,"Beautiful Campo Del Cielo Meteorite Specimen 110.00 Grams, Astronomy Gift, Space",169,2024-07-24,110,1.54,WorthPoint
campo-del-cielo-meteorite,Authentic Iron Meteorite Tektite Fragment Asteroid Meteor Comet Space Rock Rare,15.95,2024-07-24,,,WorthPoint
campo-del-cielo-meteorite,Campo Del Cielo Iron Meteorite Whole Individual 4.8 Kg,2500,2024-07-24,4800,0.52,WorthPoint
campo-del-cielo-meteorite,"46.86 Gram Campo Del Cielo Argentina Meteorite, Iron From Outer Space # ME 665 B",35,2024-07-23,46.86,0.75,WorthPoint
campo-del-cielo-meteorite,49.4 Grams Lot CAMPO DEL CIELO METEORITES Polished 3 To 5+ Grams Each With COA,36.99,2024-07-22,49.4,0.75,WorthPoint
campo-del-cielo-meteorite,Campo Del Cielo - Iron Meteorite - Nice Crystal Specimen,12,2024-07-21,,,WorthPoint
campo-del-cielo-meteorite,Lot Of 16 Genuine Authentic Space Meteorite From Campo Del Cielo Meteor Shower,47,2024-07-21,16,2.94,WorthPoint
campo-del-cielo-meteorite,2485 Gm Campo Del Cielo Meteorite Museum Grade 5.5 Lbs,2432.69,2024-07-21,2485,0.98,WorthPoint
campo-del-cielo-meteorite,"Campo Del Cielo Iron Meteorite, One Nice Fragment, 19.5 Grams",10.59,2024-07-21,19.5,0.54,WorthPoint
campo-del-cielo-meteorite,Meteorite Campo Del Cielo Strike Iron Nickel Argentina 2.9 Grams I8,8.99,2024-07-21,2.9,3.1,WorthPoint
campo-del-cielo-meteorite,Alien Shape Campo Del Cielo Meteorite Argentina Space Rock 1576 AD Space Rock,12.99,2024-07-21,,,WorthPoint
campo-del-cielo-meteorite,"38.82 Gram Campo Del Cielo Argentina Meteorite, Iron From Outer Space # ME 575 B",33.75,2024-07-21,38.82,0.87,WorthPoint
campo-del-cielo-meteorite,"35.09 Gram Campo Del Cielo Argentina Meteorite, Iron From Outer Space # ME 672 B",26.5,2024-07-21,35.09,0.76,WorthPoint
campo-del-cielo-meteorite,"Stunning High Quality ODESSA TEXAS Meteorite, Rare Whole Individual Of 1400 Gr",1400,2024-07-20,1400,1,WorthPoint
campo-del-cielo-meteorite,11.2 Grams CAMPO DEL CIELO METEORITE Polished With A Certificate Of Authenticity,8.49,2024-07-20,11.2,0.76,WorthPoint
campo-del-cielo-meteorite,17 Grams CAMPO DEL CIELO METEORITE Polished With A Certificate Of Authenticity,12.99,2024-07-20,17,0.76,WorthPoint
campo-del-cielo-meteorite,Meteorite - Campo Del Cielo - Iron Meteorite - CDC-4935 - 0.95g - COA - Hole,9.95,2024-07-20,0.95,10.47,WorthPoint
campo-del-cielo-meteorite,Large 1170 Gm Campo Del Cielo Meteorite ; Aaa Museum Grade!! 2.6 Lbs.,1217.57,2024-07-20,1170,1.04,WorthPoint
campo-del-cielo-meteorite,"35.52 Gram Campo Del Cielo Argentina Meteorite, Iron From Outer Space # ME 675 B",26.75,2024-07-20,35.52,0.75,WorthPoint
campo-del-cielo-meteorite,Large 8910 Gm Campo Del Cielo Meteorite Museum Collectors Grade 20 Lbs,8118.44,2024-07-19,8910,0.91,WorthPoint
campo-del-cielo-meteorite,7.3 Grams CAMPO DEL CIELO METEORITE Pendant M-14,7.99,2024-07-19,7.3,1.09,WorthPoint
campo-del-cielo-meteorite,Meteorite Campo Del Cielo Strike Iron Nickle Argentina 3.8 Grams T86,8.99,2024-07-19,3.8,2.37,WorthPoint
campo-del-cielo-meteorite,"33.33 Gram Campo Del Cielo Argentina Meteorite, Iron From Outer Space # ME 667 B",25,2024-07-19,33.33,0.75,WorthPoint
campo-del-cielo-meteorite,CAMPO DEL CIELO LAR IRON NICKEL METEORITE 2 PIECES.1 Tardis Box. ÔøºVintage Stamps,148,2024-07-18,,,WorthPoint
campo-del-cielo-meteorite,Campo Del Cielo Meteorite ''Crystal'',229,2024-07-18,,,WorthPoint
campo-del-cielo-meteorite,6.25 Inch SLAB OF CAMPO DEL CIELO METEORITE SLICE 986 GMS STAND; 2.2 LBS,487.31,2024-07-18,986,0.49,WorthPoint
campo-del-cielo-meteorite,"Campo Del Cielo Iron Meteorite, 485 Gram Etched Slice",260,2024-07-18,485,0.54,WorthPoint
campo-del-cielo-meteorite,Campo Del Cielo Authentic Meteorite Specimen (41.2 Grams),45,2024-07-17,41.2,1.09,WorthPoint
campo-del-cielo-meteorite,126 Grams NEW CAMPO DEL CIELO METEORITE Polished + Certificate Of Authenticity,99.99,2024-07-17,126,0.79,WorthPoint
campo-del-cielo-meteorite,17.1 Grams CAMPO DEL CIELO METEORITE Polished With A Certificate Of Authenticity,12.99,2024-07-17,17.1,0.76,WorthPoint
campo-del-cielo-meteorite,Large 10355 Gm Campo Del Cielo Meteorite Museum Collectors Grade 23 Lbs,11448.9,2024-07-17,10355,1.11,WorthPoint
campo-del-cielo-meteorite,5.6 Grams CAMPO DEL CIELO METEORITE Pendant M-25,5.99,2024-07-17,5.6,1.07,WorthPoint
campo-del-cielo-meteorite,6.2 Grams CAMPO DEL CIELO METEORITE Pendant M-47,6.99,2024-07-17,6.2,1.13,WorthPoint
campo-del-cielo-meteorite,Meteorite - Campo Del Cielo - Iron Meteorite - CDC-4977 - 1.09g - COA - Nice Lot,5.5,2024-07-17,1.09,5.05,WorthPoint
campo-del-cielo-meteorite,Beautiful 1038 Gm Campo Del Cielo Polished & Tumbled Etched Meteorite,674.1,2024-07-16,1038,0.65,WorthPoint
campo-del-cielo-meteorite,Meteorite - Campo Del Cielo - Iron Meteorite - CDC-4933 - 0.25g - COA - Crystal,5,2024-07-16,0.25,20,WorthPoint
campo-del-cielo-meteorite,486 GM. CAMPO DEL CIELO METEORITE ; AA GRADE METEORITE 1.1 +lbs. BEAUTIFUL,405.52,2024-07-16,486,0.83,WorthPoint
campo-del-cielo-meteorite,"Real Meteorite Space Rock Campo Del Cielo 1576 AD Slabbed, Certified COA Wow!",24.95,2024-07-16,,,WorthPoint
campo-del-cielo-meteorite,132 Gm Campo Del Cielo Meteorite Aa Grade Baby Meteorite Beautiful,121.8,2024-07-16,132,0.92,WorthPoint
campo-del-cielo-meteorite,Large 1100 Gm Campo Del Cielo Meteorite Aaa Grade 2.4 Lbs.,1055.12,2024-07-16,1100,0.96,WorthPoint
campo-del-cielo-meteorite,AMAZING SHAPE! BEAUTIFUL 129g CAMPO DEL CIELO IRON METEORITE FRAGMENT W/ TAIL!,110,2024-07-15,129,0.85,WorthPoint
campo-del-cielo-meteorite,7.5 Grams CAMPO DEL CIELO METEORITE Pendant M-18,7.99,2024-07-15,7.5,1.07,WorthPoint
campo-del-cielo-meteorite,Beautiful 650 Gm. Etched Campo Del Cielo Meteorite Quad Cut,413.1,2024-07-15,650,0.64,WorthPoint
campo-del-cielo-meteorite,6 Authentic Meteorite Space Rock Campo Del Cielo Argentina Discovered 1576 AD,25,2024-07-14,,,WorthPoint
campo-del-cielo-meteorite,68.3 Grams Lot CAMPO DEL CIELO METEORITES Polished 3 To 5+ Grams Each With COA,52.99,2024-07-14,68.3,0.78,WorthPoint
campo-del-cielo-meteorite,LOVELY 7.4g CAMPO IRON METEORITE FRAGMENT PENDANT! BEAUTIFUL SPECIMEN! AAAA+++,14.95,2024-07-14,7.4,2.02,WorthPoint
campo-del-cielo-meteorite,Large 25-35 Gram Campo Del Cielo Meteorite Iron Meteor Nickel Iron Space Rock,38,2024-07-14,35,1.09,WorthPoint
campo-del-cielo-meteorite,80.2 Grams NEW CAMPO DEL CIELO METEORITE Polished + Certificate Of Authenticity,59.99,2024-07-14,80.2,0.75,WorthPoint
campo-del-cielo-meteorite,Beautiful 654 Gm Campo Del Cielo Etched Meteorite End Piece 1.4 Lb.,404.1,2024-07-14,654,0.62,WorthPoint
campo-del-cielo-meteorite,GORGEOUS 514g CAMPO DEL CIELO IRON METEORITE ETCHED END-CUT W/ THUMBPRINTS!,435,2024-07-14,514,0.85,WorthPoint
campo-del-cielo-meteorite,"91.30 Gram Campo Del Cielo Argentina Meteorite, Iron From Outer Space # ME 703 B",69,2024-07-14,91.3,0.76,WorthPoint
campo-del-cielo-meteorite,3.44 Grams CAMPO DEL CIELO METEORITE With 2 Natural Holes In It (for Necklace?),25,2024-07-13,3.44,7.27,WorthPoint
campo-del-cielo-meteorite,Campo Del Cielo Iron Nickel Meteorite Argentina 65.77 Grams,69.75,2024-07-12,65.77,1.06,WorthPoint
campo-del-cielo-meteorite,81.9 Grams NEW CAMPO DEL CIELO METEORITE Polished + Certificate Of Authenticity,61.99,2024-07-12,81.9,0.76,WorthPoint
campo-del-cielo-meteorite,Meteorites - Iron Meteorite 33.3g Mirror Polished Slice,49.95,2024-07-12,33.3,1.5,WorthPoint
campo-del-cielo-meteorite,2019 Campo Del Cielo Meteorit 1 Oz Pure Silver Coin Niue,103.5,2024-07-12,28.35,3.65,WorthPoint
campo-del-cielo-meteorite,20.1 Grams CAMPO DEL CIELO METEORITE Polished With A Certificate Of Authenticity,15.99,2024-07-12,20.1,0.8,WorthPoint
campo-del-cielo-meteorite,29.42 Gram Campo Del Cielo Fractured Meteorite Iron Crystal Argentina C46,29.42,2024-07-11,29.42,1,WorthPoint
campo-del-cielo-meteorite,43.25 Gram - CAMPO DEL CIELO IRON METEORITE Crystal - Found 1576 In Argentina,50.4,2024-07-11,43.25,1.17,WorthPoint
campo-del-cielo-meteorite,Campo Del Cielo - Iron Meteorite - CDC-4952 - 1.09g COA - Nice Crystal Specimens,7.5,2024-07-10,1.09,6.88,WorthPoint
campo-del-cielo-meteorite,Large 25-30 Gram Campo Del Cielo Meteorite Iron Meteor Iron Space Rock,10,2024-07-10,30,0.33,WorthPoint
campo-del-cielo-meteorite,51 Grams NEW CAMPO DEL CIELO METEORITE Polished + Certificate Of Authenticity,39.99,2024-07-10,51,0.78,WorthPoint
campo-del-cielo-meteorite,Campo Del Cielo - Iron Meteorite - CDC-4951 - 1.00g COA - Nice Crystal Specimens,6.5,2024-07-10,1,6.5,WorthPoint
campo-del-cielo-meteorite,Campo Del Cielo Authentic Meteorite Specimen (57.5 Grams),57.5,2024-07-10,57.5,1,WorthPoint
campo-del-cielo-meteorite,6800 GM. NEW CAMPO DEL CIELO METEORITE ; AAA GRADE 15 LBs.,1999,2024-07-10,6800,0.29,WorthPoint
campo-del-cielo-meteorite,16.4 Grams CAMPO DEL CIELO METEORITE Polished With A Certificate Of Authenticity,11.99,2024-07-09,16.4,0.73,WorthPoint
campo-del-cielo-meteorite,1-piece Of Real & Authentic Meteorite In Collectors Floating Case With COA,10,2024-07-09,,,WorthPoint
campo-del-cielo-meteorite,Campo Del Cielo METEORITE 100% Natural Argentina 17.6gr,17.99,2024-07-09,17.6,1.02,WorthPoint
campo-del-cielo-meteorite,BCG Lot Of Five Space Meteorite From Campo Del Cielo Shower Argentina 2200 BC,7.95,2024-07-07,,,WorthPoint
campo-del-cielo-meteorite,Beautiful Slice Of Campo Del Cielo Meteorite Slab 564 Gms 1.2 Lbs,288.08,2024-07-07,564,0.51,WorthPoint
campo-del-cielo-meteorite,"MEGA Coin & Currency Collector's Combo Set (Slabbed, Currency, Etc) NICE!",26.99,2024-07-06,,,WorthPoint
campo-del-cielo-meteorite,10.75 GM Uruacu Meteorite Fragment Iron Fractured Brazil IAB-MG Crystal RARE A41,24.98,2024-07-05,10.75,2.32,WorthPoint
campo-del-cielo-meteorite,"Campo Del Cielo Iron Meteorite, One Nice Fragment, 43.37 Grams",43.37,2024-07-05,43.37,1,WorthPoint
campo-del-cielo-meteorite,Campo Del Cielo Meteorite Cut/Polished Decent Size 11.6oz,250,2024-07-05,328.86,0.76,WorthPoint
campo-del-cielo-meteorite,Meteorite Campo Del Cielo Strike Iron Nickel Argentina 4.4 Grams I52,8.99,2024-07-04,4.4,2.04,WorthPoint
campo-del-cielo-meteorite,Meteorite Campo Del Cielo Strike Iron Nickel Argentina 6.8 Grams I87,10.22,2024-07-04,6.8,1.5,WorthPoint
campo-del-cielo-meteorite,Meteorite Campo Del Cielo Strike Iron Nickel Argentina 5.1 Grams I43,8.99,2024-07-04,5.1,1.76,WorthPoint
campo-del-cielo-meteorite,39 Grams NEW CAMPO DEL CIELO METEORITE Polished + Certificate Of Authenticity,30.99,2024-07-04,39,0.79,WorthPoint
campo-del-cielo-meteorite,54.9 Grams NEW CAMPO DEL CIELO METEORITE Polished + Certificate Of Authenticity,39.99,2024-07-04,54.9,0.73,WorthPoint
campo-del-cielo-meteorite,5.5 Grams CAMPO DEL CIELO METEORITE Pendant M-28,5.99,2024-07-04,5.5,1.09,WorthPoint
campo-del-cielo-meteorite,4.4 Grams CAMPO DEL CIELO METEORITE Pendant M-13,5.99,2024-07-04,4.4,1.36,WorthPoint
campo-del-cielo-meteorite,7.9 Grams CAMPO DEL CIELO METEORITE Pendant M-50,7.99,2024-07-04,7.9,1.01,WorthPoint
campo-del-cielo-meteorite,5.3 Grams CAMPO DEL CIELO METEORITE Pendant M-15,5.99,2024-07-04,5.3,1.13,WorthPoint
campo-del-cielo-meteorite,6.9 Grams CAMPO DEL CIELO METEORITE Pendant M-3,7.99,2024-07-04,6.9,1.16,WorthPoint
campo-del-cielo-meteorite,NWA 0869 - L3-6-W1-S3 Chondrite Meteorite - 0869-0385 - 4.41g - COA - Half Stone,5,2024-07-04,4.41,1.13,WorthPoint
campo-del-cielo-meteorite,16 Grams CAMPO DEL CIELO METEORITE Pendant M-44,16.99,2024-07-04,16,1.06,WorthPoint
campo-del-cielo-meteorite,14.7 Grams CAMPO DEL CIELO METEORITE Pendant M-34,15.99,2024-07-04,14.7,1.09,WorthPoint
campo-del-cielo-meteorite,"Lot Of Meteorites. Campo Del Cielio.argentina.1 Big,4 Small",15,2024-07-04,,,WorthPoint
campo-del-cielo-meteorite,Campo Del Cielo METEORITE 100% Natural Argentina 17.0gr,22.99,2024-07-03,17,1.35,WorthPoint
campo-del-cielo-meteorite,Campo Del Cielo Iron Nickel Meteorite Lot Argentina 100.29 Grams,106.75,2024-07-03,100.29,1.06,WorthPoint
campo-del-cielo-meteorite,SLICE CAMPO DEL CIELO METEORITE SLAB 894 GMS STAND 6-7 Mm Thick 2#,487.31,2024-07-03,894,0.55,WorthPoint
campo-del-cielo-meteorite,52.2 Grams NEW CAMPO DEL CIELO METEORITE Polished + Certificate Of Authenticity,39.99,2024-07-03,52.2,0.77,WorthPoint
campo-del-cielo-meteorite,Large 25-30 Gram Campo Del Cielo Meteorite Iron Meteor Nickel Iron Space Rock,35.59,2024-07-01,30,1.19,WorthPoint
campo-del-cielo-meteorite,59.7 Grams NEW CAMPO DEL CIELO METEORITE Polished + Certificate Of Authenticity,45.99,2024-06-30,59.7,0.77,WorthPoint
campo-del-cielo-meteorite,NWA 0869 - L3-6-W1-S3 Chondrite Meteorite - 0869-0382 - 4.11g - COA - Half Stone,5.5,2024-06-30,4.11,1.34,WorthPoint
campo-del-cielo-meteorite,20.6 Grams CAMPO DEL CIELO METEORITE Polished With A Certificate Of Authenticity,16.5,2024-06-29,20.6,0.8,WorthPoint
campo-del-cielo-meteorite,19.6 Grams CAMPO DEL CIELO METEORITE Polished With A Certificate Of Authenticity,14.99,2024-06-29,19.6,0.76,WorthPoint
campo-del-cielo-meteorite,17.4 Gram CAMPO DEL CIELO METEORITE Polished With A Certificate Of Authenticity,12.99,2024-06-29,17.4,0.75,WorthPoint
campo-del-cielo-meteorite,16.7 Grams CAMPO DEL CIELO METEORITE Polished With A Certificate Of Authenticity,12.5,2024-06-29,16.7,0.75,WorthPoint
campo-del-cielo-meteorite,Campo Del Cielo Meteorite 100% Natural Argentina! 16.3gr,22.99,2024-06-29,16.3,1.41,WorthPoint
campo-del-cielo-meteorite,Campo Del Cielo - Iron Meteorite - CDC-4939 - 1.12g COA - Nice Crystal Spec/HOLE,7.5,2024-06-29,1.12,6.7,WorthPoint
campo-del-cielo-meteorite,(x262-690) 330 G Campo Del Cielo Iron Meteorite 1576 Argentina Fragment Specimen,218.99,2024-06-28,330,0.66,WorthPoint
campo-del-cielo-meteorite,Meteorite Damascus Knife,250,2024-06-28,,,WorthPoint
campo-del-cielo-meteorite,17.4 Grams CAMPO DEL CIELO METEORITE Polished With A Certificate Of Authenticity,15.5,2024-06-28,17.4,0.89,WorthPoint
campo-del-cielo-meteorite,"85.70 Gram Campo Del Cielo Argentina Meteorite, Iron From Outer Space # ME 691 B",64,2024-06-28,85.7,0.75,WorthPoint
campo-del-cielo-meteorite,16.1 Grams CAMPO DEL CIELO METEORITE Polished With A Certificate Of Authenticity,11.99,2024-06-27,16.1,0.74,WorthPoint
campo-del-cielo-meteorite,"Meteorite Space Rock Campo Del Cielo 1576 AD Slabbed, Certified COA",8.95,2024-06-22,,,WorthPoint
campo-del-cielo-meteorite,Campo Del Cielo Meteorite ‚ÄòCrystal'',300,2024-06-20,,,WorthPoint
campo-del-cielo-meteorite,"Authentic Meteorite From Campo Del Cielo, Argentina",48.89,2024-06-20,,,WorthPoint
campo-del-cielo-meteorite,"Coin & Currency Collector's Combo Set (Meteorites, Pirate's Cob, Etc.) NICE!",13.99,2024-06-18,,,WorthPoint
campo-del-cielo-meteorite,"Coin & Currency Collector's Combo Set (Meteorites, Etc.) C00L!",13.99,2024-06-18,,,WorthPoint
campo-del-cielo-meteorite,28.7 Grams CAMPO DEL CIELO METEORITE Polished With A Certificate Of Authenticity,21.99,2024-06-18,28.7,0.77,WorthPoint
campo-del-cielo-meteorite,18.9 Grams CAMPO DEL CIELO METEORITE Polished With A Certificate Of Authenticity,14.99,2024-06-18,18.9,0.79,WorthPoint
campo-del-cielo-meteorite,18.2 Grams CAMPO DEL CIELO METEORITE Polished With A Certificate Of Authenticity,14.99,2024-06-18,18.2,0.82,WorthPoint
campo-del-cielo-meteorite,16 Grams CAMPO DEL CIELO METEORITE Polished With A Certificate Of Authenticity,11.99,2024-06-18,16,0.75,WorthPoint
campo-del-cielo-meteorite,"Coin Collector's Combo Set Of 3 Slabbed Coins (Space Meteorites, INB) NEAT!",9.99,2024-06-17,,,WorthPoint
campo-del-cielo-meteorite,226 Grams NEW CAMPO DEL CIELO METEORITE Polished + Certificate Of Authenticity,149.99,2024-06-17,226,0.66,WorthPoint
campo-del-cielo-meteorite,"Meteorite**Campo Del Cielo, IRON**18.734 Grams Crystal Iron Nugget Historic Find",21.5,2024-06-17,18.734,1.15,WorthPoint
campo-del-cielo-meteorite,19.3 Grams CAMPO DEL CIELO METEORITE Polished With A Certificate Of Authenticity,14.99,2024-06-17,19.3,0.78,WorthPoint
campo-del-cielo-meteorite,Campo Del Cielo Meteorite Meteor Astroid Space Rock - LARGE -- 430 Gram Lot,230,2024-06-16,430,0.53,WorthPoint
campo-del-cielo-meteorite,Nice Slice Of Campo Del Cielo Meteorite Slab 310 Gms,206.1,2024-06-16,310,0.66,WorthPoint
campo-del-cielo-meteorite,17.2 Grams CAMPO DEL CIELO METEORITE Polished With A Certificate Of Authenticity,16.5,2024-06-16,17.2,0.96,WorthPoint
campo-del-cielo-meteorite,BEAUTIFUL 392 GM CAMPO DEL CIELO POLISHED & TUMBLED ETCHED METEORITE .86 Lb.,314.1,2024-06-16,392,0.8,WorthPoint
campo-del-cielo-meteorite,Campo Del Cielo Meteorite? NO RESERVE.,33,2024-06-15,,,WorthPoint
campo-del-cielo-meteorite,6.59 Grams NEW CAMPO DEL CIELO METEORITE Polished Charm Pendant For A Necklace,7.99,2024-06-14,6.59,1.21,WorthPoint
campo-del-cielo-meteorite,4.66 Grams NEW CAMPO DEL CIELO METEORITE Polished Charm Pendant For A Necklace,6.49,2024-06-14,4.66,1.39,WorthPoint
campo-del-cielo-meteorite,Beautiful 214 Gm Campo Del Cielo Etched Meteorite End Piece .5 Lb. Saw Damage,134.1,2024-06-14,214,0.63,WorthPoint
campo-del-cielo-meteorite,1918 GM. CAMPO DEL CIELO METEORITE ;A GRADE LARGE METEORITE 4.2 Lbs.INEXPENSIVE,1234.05,2024-06-14,1918,0.64,WorthPoint
campo-del-cielo-meteorite,19.9 Grams CAMPO DEL CIELO METEORITE Polished With A Certificate Of Authenticity,14.99,2024-06-14,19.9,0.75,WorthPoint
campo-del-cielo-meteorite,"Meteorite: Space Rock Campo Del Cielo, Argentina",84.67,2024-06-13,,,WorthPoint
campo-del-cielo-meteorite,Meteorite:CampoDel Cielo ‚òÅÔ∏è‚òÑÔ∏è Weight 13.624 Grams:Cool Iron Meteorite! ‚ù§Ô∏è,25,2024-06-13,13.624,1.83,WorthPoint
campo-del-cielo-meteorite,122 Gm Campo Del Cielo Meteorite Crystal Great Piece With Stand,94.05,2024-06-12,122,0.77,WorthPoint
campo-del-cielo-meteorite,"Coin & Currency Collector's Combo Set (Slabbed, Silver Certificates, $ Clips)",11.99,2024-06-12,,,WorthPoint
campo-del-cielo-meteorite,SLICE OF CAMPO DEL CIELO METEORITE SLAB 470 GMS 1+ Lb.,269.1,2024-06-12,470,0.57,WorthPoint
campo-del-cielo-meteorite,Campo Del Cielo Meteorite In Riker Mount ‚Ä¢ 17 Grams,22,2024-06-12,17,1.29,WorthPoint
campo-del-cielo-meteorite,LARGE 1204 Gm. URUACU IRON METEORITE ; BRAZIL STAND INCLUDED TOP GRADE; 2.6 LBS,1349.95,2024-06-12,1204,1.12,WorthPoint
campo-del-cielo-meteorite,"Coin Collector's Combo Set Of 6 (Meteorites, PCGS, INB, Etc.) Very C00L !!!",17.99,2024-06-12,,,WorthPoint
campo-del-cielo-meteorite,Authentic Space Meteorites (Set Of 3) Campo Del Cielo Meteor Shower 2200 BC,9.99,2024-06-12,,,WorthPoint
campo-del-cielo-meteorite,(x262-430) 14 G Campo Del Cielo Meteorite 1576 Octahedrite Fragment Specimen,31.99,2024-06-11,14,2.28,WorthPoint
campo-del-cielo-meteorite,55 Gm URUACU IRON METEORITE BRAZIL STAND INCLUDED TOP GRADE,71.95,2024-06-10,55,1.31,WorthPoint
campo-del-cielo-meteorite,Meteorites - Iron Meteorite 83.7g Mirror Polished Slice,82.95,2024-06-10,83.7,0.99,WorthPoint
campo-del-cielo-meteorite,"36.24 Gram Campo Del Cielo Argentina Meteorite, Iron From Outer Space # ME 558 B",36.2,2024-06-10,36.24,1,WorthPoint
campo-del-cielo-meteorite,"Meteorite**Campo Del Cielo, IRON**11.970 Grams Crystal Iron Nugget Historic Find",20,2024-06-10,11.97,1.67,WorthPoint
campo-del-cielo-meteorite,About 34.3 Grams Authentic NEW CAMPO DEL CIELO METEORITE,27.99,2024-06-10,34.3,0.82,WorthPoint
campo-del-cielo-meteorite,Meteorites - Iron Meteorite 5.9g Mirror Polished Slice,12.95,2024-06-09,5.9,2.19,WorthPoint
campo-del-cielo-meteorite,"37.85 Gram Campo Del Cielo Argentina Meteorite, Iron From Outer Space # ME 630 B",28.5,2024-06-09,37.85,0.75,WorthPoint
campo-del-cielo-meteorite,Meteorite Campo Del Cielo Strike Iron Nickel Argentina 2.6 Grams I4,8.99,2024-06-08,2.6,3.46,WorthPoint
campo-del-cielo-meteorite,171 Grams NEW CAMPO DEL CIELO METEORITE Polished + Certificate Of Authenticity,114.99,2024-06-08,171,0.67,WorthPoint
campo-del-cielo-meteorite,52 Grams NEW CAMPO DEL CIELO METEORITE Polished + Certificate Of Authenticity,39.99,2024-06-08,52,0.77,WorthPoint
campo-del-cielo-meteorite,9.245 Grams NEW CAMPO DEL CIELO METEORITE Polished Charm Pendant For A Necklace,9.99,2024-06-08,9.245,1.08,WorthPoint
campo-del-cielo-meteorite,Meteorites - Iron Meteorite 6.0g Mirror Polished Slice,12.95,2024-06-07,6,2.16,WorthPoint
campo-del-cielo-meteorite,"39.38 Gram Campo Del Cielo Argentina Meteorite, Iron From Outer Space # ME 631 B",29.5,2024-06-07,39.38,0.75,WorthPoint
campo-del-cielo-meteorite,Authentic Meteorites Lot Camp Del Cielo And North West Africa Lot Of 23,80,2024-06-06,,,WorthPoint
campo-del-cielo-meteorite,Large 440 Gram CAMPO DEL CIELO Meteorite Fine Collector Grade 15.5 Oz.,485,2024-06-06,440,1.1,WorthPoint
campo-del-cielo-meteorite,4.69 Grams NEW CAMPO DEL CIELO METEORITE Polished Charm Pendant For A Necklace,7,2024-06-06,4.69,1.49,WorthPoint
campo-del-cielo-meteorite,GREAT CONDITION! GORGEOUS LARGE 299g CAMPO DEL CIELO IRON METEORITE FRAGMENT!,259,2024-06-05,299,0.87,WorthPoint
campo-del-cielo-meteorite,Meteorite Campo Del Cielo Strike Iron Nickel Argentina 5.5 Grams I68,8.99,2024-06-05,5.5,1.63,WorthPoint
campo-del-cielo-meteorite,Rare 1g Iron Meteorite Stone Tektite Fragment Astroid Meteor Space Comet Rock,5.5,2024-06-05,1,5.5,WorthPoint
campo-del-cielo-meteorite,Beautiful 254 Gm Campo Del Cielo Polished & Tumbled Etched Meteorite,179.1,2024-06-05,254,0.71,WorthPoint
campo-del-cielo-meteorite,"Set Of 3 Slabbed Coins (Early Lincoln, Space Meteorite, Wheat Cent) C00L!",8.99,2024-06-03,,,WorthPoint
campo-del-cielo-meteorite,"Set Of 3 Slabbed Coins (Early Lincoln, Meteorite, Wheat Cent) DEAL!",8.49,2024-06-03,,,WorthPoint
campo-del-cielo-meteorite,Nice Slice Of Campo Del Cielo Meteorite Slab 178 Gms,134.1,2024-06-02,178,0.75,WorthPoint
campo-del-cielo-meteorite,Campo Del Cielo Meteorite ‚Ä¢ 154 Grams,175,2024-06-02,154,1.14,WorthPoint
campo-del-cielo-meteorite,BEAUTIFUL CAMPO DEL CIELO 49.73 Gram Meteorite In 3D Display Case,52,2024-06-02,49.73,1.05,WorthPoint
campo-del-cielo-meteorite,Meteorite - Campo Del Cielo - Iron Meteorite - CDC-4905 - 0.37g - COA - Crystal,11.5,2024-06-02,0.37,31.08,WorthPoint
campo-del-cielo-meteorite,Lot Of Two (2)Authentic Space Meteorite From Campo Del Cielo Argentina C 2200 BC,14,2024-06-01,,,WorthPoint
campo-del-cielo-meteorite,9.80 Gram Campo Del Cielo Fractured Meteorite Iron Crystal Argentina U184,14.98,2024-06-01,9.8,1.53,WorthPoint
campo-del-cielo-meteorite,Campo Del Cielo METEORITE 100% Natural Argentina 18.8gr,24.99,2024-06-01,18.8,1.33,WorthPoint
campo-del-cielo-meteorite,"Coin & Currency Collector's Combo Set (Meteorites, Silver Certificates, Etc.)",15.99,2024-06-01,,,WorthPoint
campo-del-cielo-meteorite,"Collection Of 7 Authentic Space Meteorite ""Campo Del Cielo Argentina"" 2200 BC",19,2024-06-01,,,WorthPoint
campo-del-cielo-meteorite,Beautiful 384 Gm Campo Del Cielo Polished & Tumbled Etched Meteorite,224.1,2024-06-01,384,0.58,WorthPoint
campo-del-cielo-meteorite,Campo Del Cielo Meteorite 100% Natural Argentina! 16.4gr,25.99,2024-06-01,16.4,1.58,WorthPoint
campo-del-cielo-meteorite,"97.14 Gram Campo Del Cielo Argentina Meteorite, Iron From Outer Space # ME 722 B",73,2024-06-01,97.14,0.75,WorthPoint
campo-del-cielo-meteorite,Campo Del Cielo METEORITE 100% Natural Argentina 19.0gr,20.99,2024-05-31,19,1.1,WorthPoint
campo-del-cielo-meteorite,12.2 Grams CAMPO DEL CIELO METEORITE Pendant M-3,12.99,2024-05-31,12.2,1.06,WorthPoint
campo-del-cielo-meteorite,Meteorites - Iron Meteorite 9.6g Mirror Polished Slice,12.95,2024-05-31,9.6,1.35,WorthPoint
campo-del-cielo-meteorite,"Coin & Currency Collector's Combo Set (PCGS First Print, Meteorites, Etc.) C00L!",29.99,2024-05-30,,,WorthPoint
campo-del-cielo-meteorite,NWA 0869 - L3-6-W1-S3 Chondrite Meteorite - 0869-373 - 12.14g - COA - Half Stone,9.95,2024-05-30,12.14,0.82,WorthPoint
campo-del-cielo-meteorite,4.47 Grams NEW CAMPO DEL CIELO METEORITE Polished Charm Pendant For A Necklace,7.99,2024-05-29,4.47,1.79,WorthPoint
campo-del-cielo-meteorite,Campo Del Cielo Argentina Authentic Meteorite Space Rock Disc1576 Ad Inb Slab!,8.99,2024-05-29,,,WorthPoint
campo-del-cielo-meteorite,Campo Del Cielo - Iron Meteorite - CDC-4914 - 0.65g COA - Nice Crystal Specimen,6.95,2024-05-29,0.65,10.69,WorthPoint
campo-del-cielo-meteorite,"97.18 Gram Campo Del Cielo Argentina Meteorite, Iron From Outer Space # ME 709 B",73,2024-05-29,97.18,0.75,WorthPoint
campo-del-cielo-meteorite,Authentic Meteorite - Space Rock - Campo Del Cielo - Discovered 1578 AD Crystal,10.35,2024-05-28,,,WorthPoint
campo-del-cielo-meteorite,Campo Del Cielo Authentic Meteorite Specimen (73.8 Grams),73.8,2024-05-28,73.8,1,WorthPoint
campo-del-cielo-meteorite,9.56 Grams NEW CAMPO DEL CIELO METEORITE Polished Charm Pendant For A Necklace,9.99,2024-05-28,9.56,1.04,WorthPoint
campo-del-cielo-meteorite,CAMPO DEL CIELO LARGE IRON METEORITE ROCK METEOR ASTEROID 52 Gram 28-10,39.99,2024-05-28,52,0.77,WorthPoint
campo-del-cielo-meteorite,"93.88 Gram Campo Del Cielo Argentina Meteorite, Iron From Outer Space # ME 699 B",98,2024-05-28,93.88,1.04,WorthPoint
campo-del-cielo-meteorite,"90.88 Gram Campo Del Cielo Argentina Meteorite, Iron From Outer Space # ME 721 B",68.5,2024-05-28,90.88,0.75,WorthPoint
campo-del-cielo-meteorite,"82.82 Gram Campo Del Cielo Argentina Meteorite, Iron From Outer Space # ME 686 B",86,2024-05-28,82.82,1.04,WorthPoint
campo-del-cielo-meteorite,"93.20 Gram Campo Del Cielo Argentina Meteorite, Iron From Outer Space # ME 714 B",93,2024-05-28,93.2,1,WorthPoint
campo-del-cielo-meteorite,Campo Del Cielo METEORITE Nice And 100% Natural From Argentina 8.0gr,16.99,2024-05-27,8,2.12,WorthPoint
campo-del-cielo-meteorite,96.47 Gram - CAMPO DEL CIELO IRON METEORITE Crystal - Found 1576 In Argentina,106.25,2024-05-27,96.47,1.1,WorthPoint
campo-del-cielo-meteorite,CAMPO DEL CIELO METEORITE 153 Grams,89.99,2024-05-27,153,0.59,WorthPoint
campo-del-cielo-meteorite,"Meteorite**Campo Del Cielo, IRON**18.345 Grams Crystal Iron Nugget Historic Find",15,2024-05-27,18.345,0.82,WorthPoint
campo-del-cielo-meteorite,Larger! Campo Del Cielo METEORITE 100% Natural Argentina 36.4gr,39.99,2024-05-26,36.4,1.1,WorthPoint
campo-del-cielo-meteorite,83.4 Grams NEW CAMPO DEL CIELO METEORITE Polished + Certificate Of Authenticity,63.99,2024-05-26,83.4,0.77,WorthPoint
campo-del-cielo-meteorite,MOLDAVITE PENDANT $299 Tektite 925 Sterling Jewelry STARBORN CREATIONS M299-P13,299,2024-05-26,,,WorthPoint
campo-del-cielo-meteorite,Campo Del Cielo Meteorite Pendant With Rainbow Shell Puka Necklace,19.99,2024-05-26,,,WorthPoint
campo-del-cielo-meteorite,7 Space Meteorites From Campo Del Cielo Meteor Shower Argentina C 2200 BC,14,2024-05-26,,,WorthPoint
campo-del-cielo-meteorite,2102 Gm. Campo Del Cielo Meteorite ; A Grade! Meteorite! 4.6 Lbs. Inexpensive!!,1975.5,2024-05-26,2102,0.94,WorthPoint
campo-del-cielo-meteorite,40.74 Gram Campo Del Cielo Fractured Meteorite Iron Crystal Argentina C53,40.74,2024-05-25,40.74,1,WorthPoint
campo-del-cielo-meteorite,Campo Del Cielo Argentina Fractured Meteorite Iron Octahedrite 38.3 Grams,29.99,2024-05-24,38.3,0.78,WorthPoint
campo-del-cielo-meteorite,Campo Del Cielo Meteorite Crystal,234,2024-05-23,,,WorthPoint
campo-del-cielo-meteorite,"49.94 Gram Campo Del Cielo Argentina Meteorite, Iron From Outer Space # ME 601 B",52.5,2024-05-23,49.94,1.05,WorthPoint
campo-del-cielo-meteorite,"50 Campo Del Cielo Argentina Meteorites, Total Weight: 2721.51 Grams",1769,2024-05-23,2721.51,0.65,WorthPoint
campo-del-cielo-meteorite,Campo Del Cielo METEORITE PENDANT 6.3 Grams,21,2024-05-22,6.3,3.33,WorthPoint
campo-del-cielo-meteorite,Meteorites - Iron Meteorite 10.6g Mirror Polished Slice,14.95,2024-05-22,10.6,1.41,WorthPoint
campo-del-cielo-meteorite,"3.31 Inch Authentic Meteorite Pendant Necklace, Treasure Chest Box, Real NEW",27.99,2024-05-20,,,WorthPoint
campo-del-cielo-meteorite,"Campo Del Cielo Meteorite Pendant Piece, From Argentina #1",22.99,2024-05-15,,,WorthPoint
campo-del-cielo-meteorite,SLICE OF CAMPO DEL CIELO METEORITE SLAB 560 GMS 5-6 Mm Thick 1.2 Lbs Silicate,341.1,2024-05-15,560,0.61,WorthPoint
campo-del-cielo-meteorite,Esthetic 2.5 Pound Campo Del Cielo Iron-Nickel Meteorite,937.5,2024-05-14,,,WorthPoint
campo-del-cielo-meteorite,Collection Of Four Meteorite Medals With Meteorite Fragments,325,2024-05-14,,,WorthPoint
campo-del-cielo-meteorite,"Meteorite Specimen Campo Del Cielo, 8.13 Grams, Moving Piece, Astronomy Gift",35,2024-05-14,8.13,4.31,WorthPoint
campo-del-cielo-meteorite,100% Natural Campo Del Cielo Meteorite From Argentina! 16.3gr,18.99,2024-05-13,16.3,1.17,WorthPoint
campo-del-cielo-meteorite,80.9 Grams NEW CAMPO DEL CIELO METEORITE Polished + Certificate Of Authenticity,59.99,2024-05-13,80.9,0.74,WorthPoint
campo-del-cielo-meteorite,Beautiful 140 Gm Campo Del Cielo Polished & Tumbled Meteorite!!,85.46,2024-05-12,140,0.61,WorthPoint
campo-del-cielo-meteorite,4.61 Grams NEW CAMPO DEL CIELO METEORITE Polished Charm Pendant For A Necklace,10.5,2024-05-12,4.61,2.28,WorthPoint
campo-del-cielo-meteorite,AMAZING LARGE 261g CAMPO IRON METEORITE FRAGMENT! SUPERB SPECIMEN! AAAA+++,250,2024-05-11,261,0.96,WorthPoint
campo-del-cielo-meteorite,Meteorite,4051,2024-05-11,,,WorthPoint
campo-del-cielo-meteorite,Meteorites..lot Of 3..,9.5,2024-05-11,,,WorthPoint
campo-del-cielo-meteorite,68 Grams Lot NEW CAMPO DEL CIELO METEORITES Polished 3 Up To 5 Gram Each + COA,49.99,2024-05-11,68,0.74,WorthPoint
campo-del-cielo-meteorite,Medeorites Lot Campo Del Cielo And Northwest Africa,80,2024-05-10,,,WorthPoint
campo-del-cielo-meteorite,"Meteorite, Large, Over 3 1/2 Lbs. COA, Campo Del Cielo",1350,2024-05-10,,,WorthPoint
campo-del-cielo-meteorite,LARGE 7 INCH SLICE OF CAMPO DEL CIELO METEORITE SLAB 780 GMS STAND; 1.7 Lbs,449.96,2024-05-10,780,0.58,WorthPoint
campo-del-cielo-meteorite,Beautiful 554 Gm Campo Del Cielo Etched Meteorite End Piece 1.2 Lb.,341.15,2024-05-10,554,0.62,WorthPoint
campo-del-cielo-meteorite,1482 Gm. Campo Del Cielo Meteorite ; Med Grade! 3.3 Pounds; Cheap!!,715.5,2024-05-10,1482,0.48,WorthPoint
campo-del-cielo-meteorite,About 58.65 Grams Authentic CAMPO DEL CIELO METEORITE,49.95,2024-05-10,58.65,0.85,WorthPoint
campo-del-cielo-meteorite,üê∞5.14g CAMPO DEL CIELO LARGE IRON NICKEL METEORITE METEOR SPACE ROCK,15.99,2024-05-09,5.14,3.11,WorthPoint
campo-del-cielo-meteorite,HUGE Lot! Of Little Campo Del Cielo Meteorites 100% Authentic Argentina 30.2gr,25.99,2024-05-09,30.2,0.86,WorthPoint
campo-del-cielo-meteorite,"35.79 Gram Campo Del Cielo Argentina Meteorite, Iron From Outer Space # ME 520 B",32,2024-05-09,35.79,0.89,WorthPoint
campo-del-cielo-meteorite,"83.22 Gram Campo Del Cielo Argentina Meteorite, Iron From Outer Space # ME 725 B",63,2024-05-08,83.22,0.76,WorthPoint
campo-del-cielo-meteorite,14 Total Authentic Space Meteorite From Campo Del Cielo Meteor Shower Argentina,50,2024-05-08,,,WorthPoint
campo-del-cielo-meteorite,Large Slice Of Campo Del Cielo Meteorite Slab 502 Gms,314.1,2024-05-08,502,0.63,WorthPoint
campo-del-cielo-meteorite,Meteorite Campo Del Cielo Strike Iron Nickel Argentina 3 Grams I20,8.99,2024-05-08,3,3,WorthPoint
campo-del-cielo-meteorite,Campo Del Cielo METEORITE 100% Natural Argentina 18.2gr,19.99,2024-05-08,18.2,1.1,WorthPoint
campo-del-cielo-meteorite,"31.45 Gram Campo Del Cielo Argentina Meteorite, Iron From Outer Space # ME 676 B",23.75,2024-05-08,31.45,0.76,WorthPoint
campo-del-cielo-meteorite,43.10 Gram - CAMPO DEL CIELO IRON METEORITE Crystal - Found 1576 In Argentina,63,2024-05-08,43.1,1.46,WorthPoint
campo-del-cielo-meteorite,1 Authentic Meteorite Space Rock Campo Del Cielo Argentina Discovered 1576 AD,10.5,2024-05-07,,,WorthPoint
campo-del-cielo-meteorite,1220 Gm. New Campo Del Cielo Meteorite ; A Grade!! Beautiful Meteorite; 2.7 Lbs.,809.95,2024-05-06,1220,0.66,WorthPoint
campo-del-cielo-meteorite,Large 574 Gm Campo Del Cielo Meteorite Aaa Grade 1.3 Lbs.,629.1,2024-05-06,574,1.1,WorthPoint
campo-del-cielo-meteorite,100% Natural Campo Del Cielo Meteorite From Argentina!,22.99,2024-05-06,,,WorthPoint
campo-del-cielo-meteorite,"Meteorite**Campo Del Cielo, IRON**38.169 Grams Crystal Iron Nugget Historic Find",26,2024-05-06,38.169,0.68,WorthPoint
campo-del-cielo-meteorite,724 Gm. Campo Del Cielo Meteorite ; Aaa Grade Baby Meteorite; Beautiful 1.6#,539.1,2024-05-05,724,0.74,WorthPoint
campo-del-cielo-meteorite,Large Slice Of Campo Del Cielo Meteorite Slab 466 Gms,296.1,2024-05-05,466,0.64,WorthPoint
campo-del-cielo-meteorite,Larger! Campo Del Cielo METEORITE 100% Natural Argentina 39.8gr,39.99,2024-05-05,39.8,1,WorthPoint
campo-del-cielo-meteorite,"Mixed Coin & Currency Lot (Silver Certs, Red Note, INB Slabbed, Meteorites) WOW!",32,2024-05-04,,,WorthPoint
campo-del-cielo-meteorite,Large 608 Gm Campo Del Cielo Meteorite ; Aaa Museum Grade!! 1.4 Lbs.,674.1,2024-05-04,608,1.11,WorthPoint
campo-del-cielo-meteorite,"41.27 Gram Campo Del Cielo Argentina Meteorite, Iron From Outer Space # ME 655 B",31,2024-05-04,41.27,0.75,WorthPoint
campo-del-cielo-meteorite,Meteorites - Iron Meteorite 6.2g Mirror Polished Slice,11.95,2024-05-03,6.2,1.93,WorthPoint
campo-del-cielo-meteorite,23Genuine Space Meteorites From Campo Del Cielo Meteor Shower Argentina In Case,123,2024-05-03,23,5.35,WorthPoint
campo-del-cielo-meteorite,"41.47 Gram Campo Del Cielo Argentina Meteorite, Iron From Outer Space # ME 669 B",31,2024-05-03,41.47,0.75,WorthPoint
campo-del-cielo-meteorite,About 36.1 Grams Authentic NEW CAMPO DEL CIELO METEORITE,29.95,2024-05-02,36.1,0.83,WorthPoint
campo-del-cielo-meteorite,"91.55 Gram Campo Del Cielo Argentina Meteorite, Iron From Outer Space # ME 711 B",69,2024-05-01,91.55,0.75,WorthPoint
campo-del-cielo-meteorite,1194 GM. CAMPO DEL CIELO METEORITE ;A GRADE LARGE METEORITE 2.6 Lbs.INEXPENSIVE,629.1,2024-04-30,1194,0.53,WorthPoint
campo-del-cielo-meteorite,SLICE OF CAMPO DEL CIELO METEORITE SLAB 460 GMS SILICATE 1 Lb.,269.1,2024-04-29,460,0.59,WorthPoint
campo-del-cielo-meteorite,"Meteorite**Campo Del Cielo, IRON**39.040 Grams Crystal Iron Nugget Historic Find",44,2024-04-29,39.04,1.13,WorthPoint
campo-del-cielo-meteorite,3x Campo Del Cielo Authentic Space Meteorite C 2200 BC Slabbed,15,2024-04-28,,,WorthPoint
campo-del-cielo-meteorite,"41.61 Gram Campo Del Cielo Argentina Meteorite, Iron From Outer Space # ME 649 B",31.25,2024-04-28,41.61,0.75,WorthPoint
campo-del-cielo-meteorite,CAMPO DEL CIELO LARGE IRON METEORITE ROCK CERTIFIED BIG METEOR ASTEROID 1lb 450g,495,2024-04-27,450,1.1,WorthPoint
campo-del-cielo-meteorite,Meteorite From Campo Del Cielo Meteor Shower C-2000 BC X 9,40,2024-04-26,,,WorthPoint
campo-del-cielo-meteorite,Meteorite Lot Of 5..campo Del Cielo..,20,2024-04-26,,,WorthPoint
campo-del-cielo-meteorite,(5) Authentic Space Meteorite Campo Del Cielo Meteor Shower Argentina C 2200 BC,15,2024-04-26,,,WorthPoint
campo-del-cielo-meteorite,Larger! 100% Natural Campo Del Cielo Meteorite From Argentina! 39.1gr,37.99,2024-04-26,39.1,0.97,WorthPoint
campo-del-cielo-meteorite,Campo Del Cielo Meteorite In Riker Mount ‚Ä¢ 47 Grams,48,2024-04-25,47,1.02,WorthPoint
campo-del-cielo-meteorite,Campo Del Cielo Pendant Necklace,179,2024-04-25,,,WorthPoint
campo-del-cielo-meteorite,Sterling Silver Campo Del Cielo Meteorite Ring Size 6 Rock Stone Lapidary Specimen,36,2024-04-25,,,WorthPoint
campo-del-cielo-meteorite,Sterling Silver Campo Del Cielo Meteorite Pendant Rock Stone Lapidary Specimen,42,2024-04-25,,,WorthPoint
campo-del-cielo-meteorite,"41.39 Gram Campo Del Cielo Argentina Meteorite, Iron From Outer Space # ME 670 B",31,2024-04-25,41.39,0.75,WorthPoint
campo-del-cielo-meteorite,üî• Meteorite Campo Del Cielo Argentina 84 Grams,71,2024-04-25,84,0.85,WorthPoint
campo-del-cielo-meteorite,30 Gm Campo Del Cielo Meteorite Crystal Great Piece With Stand,24.7,2024-04-24,30,0.82,WorthPoint
campo-del-cielo-meteorite,Campo Del Cielo METEORITE 100% Natural Argentina 19.5gr,18.99,2024-04-24,19.5,0.97,WorthPoint
campo-del-cielo-meteorite,Campo Del Cielo METEORITE 100% Natural Argentina 19.7gr,19.99,2024-04-24,19.7,1.01,WorthPoint
campo-del-cielo-meteorite,Slice Of Campo Del Cielo Meteorite Slab 586 Gms Silicate,359.1,2024-04-24,586,0.61,WorthPoint
campo-del-cielo-meteorite,6.17 Grams NEW CAMPO DEL CIELO METEORITE Polished Charm Pendant For A Necklace,9.99,2024-04-23,6.17,1.62,WorthPoint
campo-del-cielo-meteorite,86.8 Grams NEW CAMPO DEL CIELO METEORITE Polished + Certificate Of Authenticity,64.99,2024-04-23,86.8,0.75,WorthPoint
campo-del-cielo-meteorite,36.8 Grams NEW CAMPO DEL CIELO METEORITE Polished + Certificate Of Authenticity,27.99,2024-04-23,36.8,0.76,WorthPoint
campo-del-cielo-meteorite,Meteorites - Iron Meteorite 10.0g Mirror Polished Slice,14.95,2024-04-23,10,1.5,WorthPoint
campo-del-cielo-meteorite,Meteorites - Iron Meteorite 10.1g Mirror Polished Slice,16.95,2024-04-23,10.1,1.68,WorthPoint
campo-del-cielo-meteorite,13.6 Grams CAMPO DEL CIELO METEORITE Pendant M-11,13.99,2024-04-23,13.6,1.03,WorthPoint
campo-del-cielo-meteorite,"Collection Of 9 Authentic Space Meteorite ""Campo Del Cielo Argentina"" 2200 BC",45,2024-04-23,,,WorthPoint
campo-del-cielo-meteorite,"39.11 Gram Campo Del Cielo Argentina Meteorite, Iron From Outer Space # ME 616 B",29.5,2024-04-23,39.11,0.75,WorthPoint
campo-del-cielo-meteorite,Authentic Space Meteorites From Campo Del Cielo Argentina C2000 BC Lot Of 31,132.97,2024-04-23,,,WorthPoint
campo-del-cielo-meteorite,1412 Gm. Campo Del Cielo Meteorite ; Aaa Grade!! 3.1 Lbs;,800,2024-04-22,1412,0.57,WorthPoint
campo-del-cielo-meteorite,Lot Of 4 Authentic Meteorite Space Rock From Campo Del Cielo Argentina 1576 Ad.,20,2024-04-22,,,WorthPoint
campo-del-cielo-meteorite,"39.62 Gram Campo Del Cielo Argentina Meteorite, Iron From Outer Space # ME 658 B",39.5,2024-04-22,39.62,1,WorthPoint
campo-del-cielo-meteorite,Beautiful 744 Gm. 1 Lb 10 Oz Etched Campo Meteorite Damascus Billet Knives,629.1,2024-04-20,744,0.85,WorthPoint
campo-del-cielo-meteorite,11.58 GM Uruacu Meteorite Fragment Iron Fractured Brazil IAB-MG Crystal RARE A42,29.98,2024-04-12,11.58,2.59,WorthPoint
campo-del-cielo-meteorite,Campo Del Cielo Meteorite Necklace,52,2024-04-11,,,WorthPoint
campo-del-cielo-meteorite,Campo Del Cielo Iron Meteorite Crystal ~ Attractive Shape ~ 0.44 Grams,9.25,2024-04-11,0.44,21.02,WorthPoint
campo-del-cielo-meteorite,33.2 Grams 5 NEW CAMPO DEL CIELO METEORITE Polished Charms For Crafts Or Display,27,2024-04-11,33.2,0.81,WorthPoint
campo-del-cielo-meteorite,40.6 Grams NEW CAMPO DEL CIELO METEORITES About From .5 Up To 1.5 Grams Each COA,34.99,2024-04-10,40.6,0.86,WorthPoint
campo-del-cielo-meteorite,Campo Del Cielo METEORITE 100% Natural Argentina 7.5gr,16.99,2024-04-10,7.5,2.27,WorthPoint
campo-del-cielo-meteorite,Beautiful 556 Gm Campo Del Cielo Etched Meteorite Slab 1.2 Lb. Silicate,494.1,2024-04-10,556,0.89,WorthPoint
campo-del-cielo-meteorite,Campo Del Cielo METEORITE 100% Natural Argentina 19.8gr,24.99,2024-04-10,19.8,1.26,WorthPoint
campo-del-cielo-meteorite,93.9 Grams NEW CAMPO DEL CIELO METEORITE Polished + Certificate Of Authenticity,69.99,2024-04-09,93.9,0.75,WorthPoint
campo-del-cielo-meteorite,94.2 Grams NEW CAMPO DEL CIELO METEORITE Polished + Certificate Of Authenticity,69.99,2024-04-09,94.2,0.74,WorthPoint
campo-del-cielo-meteorite,Campo Del Cielo Iron Nickel Meteorite Argentina 6.20 Grams,12.75,2024-04-09,6.2,2.06,WorthPoint
campo-del-cielo-meteorite,SUPER SHAPE! BEAUTIFUL LARGE 107g CAMPO DEL CIELO IRON METEORITE FRAGMENT!,92,2024-04-08,107,0.86,WorthPoint
campo-del-cielo-meteorite,Campo Del Cielo Iron Nickel Meteorite Argentina 10.40 Grams,15.75,2024-04-08,10.4,1.51,WorthPoint
campo-del-cielo-meteorite,Larger! Campo Del Cielo METEORITE 100% Natural Argentina 42.3gr,44.99,2024-04-08,42.3,1.06,WorthPoint
campo-del-cielo-meteorite,Larger! Campo Del Cielo METEORITE 100% Natural Argentina 40.2gr,39.99,2024-04-08,40.2,0.99,WorthPoint
campo-del-cielo-meteorite,"Meteorite**Campo Del Cielo, IRON**15.029 Grams Crystal Iron Nugget Historic Find",15.5,2024-04-08,15.029,1.03,WorthPoint
campo-del-cielo-meteorite,Campo Del Cielo Meteorite Pendant Red Stone Chip Necklace,19.99,2024-04-07,,,WorthPoint
campo-del-cielo-meteorite,1066 GM. CAMPO DEL CIELO METEORITE ; AAA GRADE! BABY METEORITE; 2.3 Lbs,899.28,2024-04-07,1066,0.84,WorthPoint
campo-del-cielo-meteorite,Meteorites - Iron Meteorite 7.8g Mirror Polished Slice,14.95,2024-04-06,7.8,1.92,WorthPoint
campo-del-cielo-meteorite,6.46 Grams NEW CAMPO DEL CIELO METEORITE Polished Charm Pendant For A Necklace,5.99,2024-04-05,6.46,0.93,WorthPoint
campo-del-cielo-meteorite,"Campo Del Cielo Meteorite Specimen 22.00 Grams, Astronomy Gift, Space Gift, COA",53,2024-04-05,22,2.41,WorthPoint
campo-del-cielo-meteorite,"Campo Del Cielo Meteorite Specimen, Self Standing, 12.06 Grams, Astronomy Gift",39,2024-04-05,12.06,3.23,WorthPoint
campo-del-cielo-meteorite,"Beautiful Campo Del Cielo Meteorite Specimen 19.64 Grams, Astronomy Gift, Space",48,2024-04-05,19.64,2.44,WorthPoint
campo-del-cielo-meteorite,Campo Del Cielo METEORITE 56.2 Grams,65,2024-04-05,56.2,1.16,WorthPoint
campo-del-cielo-meteorite,6.90 Gram - CAMPO DEL CIELO IRON METEORITE Crystal - Found 1576 In Argentina,17.1,2024-04-05,6.9,2.48,WorthPoint
campo-del-cielo-meteorite,53.40 Grams Authentic CAMPO DEL CIELO METEORITE,45.99,2024-04-04,53.4,0.86,WorthPoint
campo-del-cielo-meteorite,422 Gm. Campo Del Cielo Meteorite ;aaa Grade Meteorite. .97 Pounds!,359.33,2024-04-04,422,0.85,WorthPoint
campo-del-cielo-meteorite,Meteorites - Iron Meteorite 12.6g Mirror Polished Slice,19.95,2024-04-04,12.6,1.58,WorthPoint
campo-del-cielo-meteorite,50.12gr CAMPO DEL CIELO METEORITE Iron+ 10.86gr Libyan Desert Glass Tektite,24.5,2024-04-04,50.12,0.49,WorthPoint
campo-del-cielo-meteorite,4 Campo Del Cielo Nickel Meteorites Nice Shrapnel Display! Authentic Space Rocks,22.99,2024-04-04,,,WorthPoint
campo-del-cielo-meteorite,518 Gm. New Campo Del Cielo Meteorite ;1.2 Lbs Museum Grade Very Few Left,476.96,2024-04-04,518,0.92,WorthPoint
campo-del-cielo-meteorite,"Genuine Meteorite And Display Cube, 8.5 Gram Campo Del Cielo Meteorite W/magnet",29.99,2024-04-04,8.5,3.53,WorthPoint
campo-del-cielo-meteorite,Large 702 Gm Campo Del Cielo Meteorite Aaa Museum Collectors Grade 1.5 Lbs.,899.1,2024-04-03,702,1.28,WorthPoint
campo-del-cielo-meteorite,513 Grams Lot NEW CAMPO DEL CIELO METEORITES Polished 12 To 18 Gram Each +COA,349.99,2024-04-03,513,0.68,WorthPoint
campo-del-cielo-meteorite,Campo Del Cielo Iron Meteorite,10,2024-04-03,,,WorthPoint
campo-del-cielo-meteorite,2016 Cook Islands $20 Campo Del Cielo 3 Oz Meteorite Coin Silver W/COA,500,2024-04-03,85.05,5.88,WorthPoint
campo-del-cielo-meteorite,Beautiful 646 Gm. Etched Campo Del Cielo Meteorite Quarter Cut,386.1,2024-04-03,646,0.6,WorthPoint
campo-del-cielo-meteorite,81 Grams NEW CAMPO DEL CIELO METEORITE Polished + Certificate Of Authenticity,59.99,2024-04-02,81,0.74,WorthPoint
campo-del-cielo-meteorite,824 GM. CAMPO DEL CIELO METEORITE ;B GRADE! CAMPO METEORITE; CHEAP! 1.8 Pounds,449.96,2024-04-02,824,0.55,WorthPoint
campo-del-cielo-meteorite,Beautiful 552 Gm Campo Del Cielo Etched Meteorite Slab 1.2 Lb.,494.1,2024-04-02,552,0.9,WorthPoint
campo-del-cielo-meteorite,204 Gm. Campo Del Cielo Meteorite ; A Grade; .45 Lb Very Rare For This Size,224.95,2024-04-02,204,1.1,WorthPoint
campo-del-cielo-meteorite,Campo Del Cielo Meteorite 100% Natural From Argentina 18.1gr,20.99,2024-04-02,18.1,1.16,WorthPoint
campo-del-cielo-meteorite,Campo Del Cielo METEORITE 100% Natural Argentina 16.8gr,19.99,2024-04-02,16.8,1.19,WorthPoint
campo-del-cielo-meteorite,Larger! 100% Natural Campo Del Cielo Meteorite Argentina 35.7gr,37.99,2024-04-02,35.7,1.06,WorthPoint
campo-del-cielo-meteorite,67.8 Grams Lot NEW CAMPO DEL CIELO METEORITES Polished 3 Up To 5 Gram Each + COA,50.99,2024-04-01,67.8,0.75,WorthPoint
campo-del-cielo-meteorite,Campo Iron Meteorite - Etched End Piece - 1241 Grams And Brass Display Stand,249,2024-04-01,1241,0.2,WorthPoint
campo-del-cielo-meteorite,NWA 0869 - L3-6-W1-S3 Chondrite Meteorite - 0869-0361 - 4.89g - COA - Half Stone,6.5,2024-03-31,4.89,1.33,WorthPoint
campo-del-cielo-meteorite,29 Gm Campo Del Cielo Meteorite Crystal Great Piece With Stand,27.55,2024-03-30,29,0.95,WorthPoint
campo-del-cielo-meteorite,654 Gm. Campo Del Cielo Iron Meteorite ; 1.5 Lbs. A Grade Nice Baby Meteorite,494.1,2024-03-29,654,0.76,WorthPoint
campo-del-cielo-meteorite,Large 870 Gm Campo Del Cielo Meteorite Aaa Grade 1.9 Lbs. Oriented,944.1,2024-03-29,870,1.09,WorthPoint
campo-del-cielo-meteorite,404 GM. NEW CAMPO DEL CIELO METEORITE ; AA GRADE!! Beautiful; .9 LBS.,332.96,2024-03-28,404,0.82,WorthPoint
campo-del-cielo-meteorite,"3 Authentic Space Meteorites: Campo Del Cielo, Argentina - Circa 2200 BC Slabbed",6.99,2024-03-28,,,WorthPoint
campo-del-cielo-meteorite,Beautiful 456 Gm. Etched Campo Del Cielo Meteorite Triple Cut,269.1,2024-03-28,456,0.59,WorthPoint
campo-del-cielo-meteorite,Meteorites - Iron Meteorite 26.4g Mirror Polished Slice,38.95,2024-03-27,26.4,1.48,WorthPoint
campo-del-cielo-meteorite,"SMALL Meteorite Space Rock Campo Del Cielo 1576 AD Slabbed, Certified COA",6.95,2024-03-27,,,WorthPoint
campo-del-cielo-meteorite,"CAMPO Meteorite Pendant With Rare Natural Hole, 53 Gr.., 1.9-oz., Free Form",54.95,2024-03-27,53,1.04,WorthPoint
campo-del-cielo-meteorite,Campo Del Cielo METEORITE 100% Natural Argentina 18.7gr,19.99,2024-03-27,18.7,1.07,WorthPoint
campo-del-cielo-meteorite,"1 Oz Silver Armenia Coin & A Space Meteorite, 2023 Noah's Ark",33,2024-03-27,28.35,1.16,WorthPoint
campo-del-cielo-meteorite,Beautiful 730 Gm Campo Del Cielo Meteorite Slab!!! 1.6 Lbs 7x6 Inches,449.1,2024-03-26,730,0.62,WorthPoint
campo-del-cielo-meteorite,"Meteorite**Campo Del Cielo, IRON**12.181 Grams Crystal Iron Nugget Historic Find",17.48,2024-03-25,12.181,1.44,WorthPoint
campo-del-cielo-meteorite,571 GM. Campo Del Cielo Iron Nickel Meteorite Found In 1574 Argentina Free Ship,325,2024-03-25,571,0.57,WorthPoint
campo-del-cielo-meteorite,9.65 Gram Campo Del Cielo Fractured Meteorite Iron Crystal Argentina U157,14.98,2024-03-24,9.65,1.55,WorthPoint
campo-del-cielo-meteorite,Larger! 100% Natural Campo Del Cielo Meteorite Argentina! 65.7gr,49.99,2024-03-24,65.7,0.76,WorthPoint
campo-del-cielo-meteorite,84.5 Grams NEW CAMPO DEL CIELO METEORITE Polished + Certificate Of Authenticity,63.99,2024-03-24,84.5,0.76,WorthPoint
campo-del-cielo-meteorite,79.1 Grams NEW CAMPO DEL CIELO METEORITE Polished + Certificate Of Authenticity,59.99,2024-03-22,79.1,0.76,WorthPoint
campo-del-cielo-meteorite,8.18 Grams NEW CAMPO DEL CIELO METEORITE Polished Charm Pendant For A Necklace,7.99,2024-03-22,8.18,0.98,WorthPoint
campo-del-cielo-meteorite,7.36 Grams NEW CAMPO DEL CIELO METEORITE Polished Charm Pendant For A Necklace,7.99,2024-03-22,7.36,1.09,WorthPoint
campo-del-cielo-meteorite,Campo Del Cielo METEORITE 100% Natural Argentina 7.8gr,14.99,2024-03-22,7.8,1.92,WorthPoint
campo-del-cielo-meteorite,HUGE Lot Of Little Campo Del Cielo Meteorites 100% Authentic 10.73gr,15.99,2024-03-22,10.73,1.49,WorthPoint
campo-del-cielo-meteorite,Campo Del Cielo Meteorite - 21 Pounds,2500,2024-03-22,,,WorthPoint
campo-del-cielo-meteorite,4418 Gm Campo Del Cielo Meteorite Museum Grade 10 Lbs Huge Burn Hole,6295.5,2024-03-21,4418,1.42,WorthPoint
campo-del-cielo-meteorite,99.8 Grams NEW CAMPO DEL CIELO METEORITE Polished + Certificate Of Authenticity,70.99,2024-03-21,99.8,0.71,WorthPoint
campo-del-cielo-meteorite,78.9 Grams NEW CAMPO DEL CIELO METEORITE Polished + Certificate Of Authenticity,59.99,2024-03-21,78.9,0.76,WorthPoint
campo-del-cielo-meteorite,78.3 Grams NEW CAMPO DEL CIELO METEORITE Polished + Certificate Of Authenticity,59.99,2024-03-21,78.3,0.77,WorthPoint
campo-del-cielo-meteorite,DANCING BEAR Real Meteorite Extra Large (60-70g) Genuine Form Campo Del Cielo...,57.81,2024-03-21,70,0.83,WorthPoint
campo-del-cielo-meteorite,Campo Del Cielo Iron Nickel Meteorite Lot Argentina 50.12 Grams,56.75,2024-03-20,50.12,1.13,WorthPoint
campo-del-cielo-meteorite,77.7 Gram Lot NEW CAMPO DEL CIELO METEORITES Polished 1 To 2 Grams Each + COA,58.99,2024-03-20,77.7,0.76,WorthPoint
campo-del-cielo-meteorite,2228 Gm Campo Del Cielo Meteorite Museum Grade 5 Lbs Huge Dual Burn Holes,8095.5,2024-03-20,2228,3.63,WorthPoint
campo-del-cielo-meteorite,Campo Del Cielo Iron IAB Og Found 1576 Whole Stone 196.8 Grams,99,2024-03-20,196.8,0.5,WorthPoint
campo-del-cielo-meteorite,GORGEOUS 259g CAMPO DEL CIELO IRON METEORITE COVERED IN THUMBPRINTS!,243.19,2024-03-19,259,0.94,WorthPoint
campo-del-cielo-meteorite,5.5gram CAMPO DEL CIELO IRON METEORITE FROM SPACE FOUND IN ARGENTINA,9.99,2024-03-19,5.5,1.82,WorthPoint
campo-del-cielo-meteorite,Beautiful 218 Gm Campo Del Cielo Polished & Tumbled Etched Meteorite,152.1,2024-03-19,218,0.7,WorthPoint
campo-del-cielo-meteorite,Campo Del Cielo Meteorite 100% Natural Argentina! 17.9gr,25.99,2024-03-18,17.9,1.45,WorthPoint
campo-del-cielo-meteorite,77.7 Grams Of 6 NEW CAMPO DEL CIELO METEORITE Christmas Tree Ornaments With COA,38.99,2024-03-18,77.7,0.5,WorthPoint
campo-del-cielo-meteorite,1316 GM. CAMPO DEL CIELO METEORITE ;AA GRADE LARGE METEORITE 3.0 Lbs. CHEAP!,719.1,2024-03-18,1316,0.55,WorthPoint
campo-del-cielo-meteorite,1154 Gm. Campo Del Cielo Meteorite ; B Grade!! ; 2.5 Lbs. Cheap!,629.1,2024-03-18,1154,0.55,WorthPoint
campo-del-cielo-meteorite,568 Gm Campo Del Cielo Polished & Tumbled Meteorite 1.3 Lb,179.95,2024-03-18,568,0.32,WorthPoint
campo-del-cielo-meteorite,Lot Of 5 Meteorite Space Rock Campo Del Cielo Argentina Discovered 1576 AD .10g,20,2024-03-18,10,2,WorthPoint
campo-del-cielo-meteorite,82.6 Grams NEW CAMPO DEL CIELO METEORITE Polished + Certificate Of Authenticity,62.99,2024-03-18,82.6,0.76,WorthPoint
campo-del-cielo-meteorite,Meteorites - Iron Meteorite 68.7g Mirror Polished/Etched Slice,62.95,2024-03-17,68.7,0.92,WorthPoint
campo-del-cielo-meteorite,24 Gm Campo Del Cielo Meteorite Crystal Great Piece With Stand,24.7,2024-03-17,24,1.03,WorthPoint
campo-del-cielo-meteorite,2023 Ghana 1 Oz Silver Space Cube; Actual Campo Del Cielo 1oz Meteorite Cube!!!!,300,2024-03-17,2023,0.15,WorthPoint
campo-del-cielo-meteorite,446 Gm Campo Del Cielo Polished & Tumbled Meteorite 1 Lb,179.95,2024-03-17,446,0.4,WorthPoint
campo-del-cielo-meteorite,Meteorites - Iron Meteorite 5.7g Mirror Polished Slice,10.95,2024-03-16,5.7,1.92,WorthPoint
campo-del-cielo-meteorite,Larger! 100% Natural Campo Del Cielo Meteorite Argentina! 54.7gr,39.99,2024-03-16,54.7,0.73,WorthPoint
campo-del-cielo-meteorite,"37.62 Gram Campo Del Cielo Argentina Meteorite, Iron From Outer Space # ME 581 B",32.75,2024-03-16,37.62,0.87,WorthPoint
campo-del-cielo-meteorite,"49.84 Gram Campo Del Cielo Argentina Meteorite, Iron From Outer Space # ME 642 B",37.5,2024-03-16,49.84,0.75,WorthPoint
campo-del-cielo-meteorite,Campo Del Cielo Meteorite 100% Natural From Argentina! 19.0gr,22.99,2024-03-15,19,1.21,WorthPoint
campo-del-cielo-meteorite,22 Gm Campo Del Cielo Meteorite Crystal Great Piece With Stand,22.8,2024-03-15,22,1.04,WorthPoint
campo-del-cielo-meteorite,"3 Different Meteorites! Campo Del Cielo, Sikhote-alin & NWA! Thumbnail Display",12.99,2024-03-15,,,WorthPoint
campo-del-cielo-meteorite,Authentic Diamond Crystal Cube And Meteorite,6.9,2024-03-14,,,WorthPoint
campo-del-cielo-meteorite,Campo Del Cielo Meteorite Authentic Space Dust 2200 BC Slabbed,12,2024-03-13,,,WorthPoint
campo-del-cielo-meteorite,"77.74 Gram Campo Del Cielo Argentina Meteorite, Iron From Outer Space # ME 706 B",58.5,2024-03-13,77.74,0.75,WorthPoint
campo-del-cielo-meteorite,"37.22 Gram Campo Del Cielo Argentina Meteorite, Iron From Outer Space # ME 657 B",28,2024-03-12,37.22,0.75,WorthPoint
campo-del-cielo-meteorite,Beautiful 306 Gm Campo Del Cielo Polished & Tumbled Etched Meteorite,224.1,2024-03-11,306,0.73,WorthPoint
campo-del-cielo-meteorite,10.3 Grams CAMPO DEL CIELO METEORITE Pendant M-20,10.99,2024-03-11,10.3,1.07,WorthPoint
campo-del-cielo-meteorite,14.5 Grams CAMPO DEL CIELO METEORITE Pendant M-1,14.99,2024-03-11,14.5,1.03,WorthPoint
campo-del-cielo-meteorite,150 Grams NEW CAMPO DEL CIELO METEORITE Polished + Certificate Of Authenticity,89.99,2024-03-11,150,0.6,WorthPoint
campo-del-cielo-meteorite,Campo Del Cielo Iron Nickel Meteorite Argentina 10.77 Grams,15.75,2024-03-10,10.77,1.46,WorthPoint
campo-del-cielo-meteorite,Campo Del Cielo Iron Nickel Meteorite Lot Argentina 50.19 Grams,56.75,2024-03-10,50.19,1.13,WorthPoint
campo-del-cielo-meteorite,"87.10 Gram Campo Del Cielo Argentina Meteorite, Iron From Outer Space # ME 698 B",89,2024-03-09,87.1,1.02,WorthPoint
campo-del-cielo-meteorite,Meteorites - Iron Meteorite 50.3g Mirror Polished Slice,42.95,2024-03-09,50.3,0.85,WorthPoint
campo-del-cielo-meteorite,Campo Del Cielo Meteorite 100% Natural From Argentina 20.2gr,20.99,2024-03-09,20.2,1.04,WorthPoint
campo-del-cielo-meteorite,500 Gm LOT OF CAMPO DEL CIELO METEORITE CRYSTALS; 20-30 GMS IN SIZE; 1/2 KILO,237.5,2024-03-09,500,0.48,WorthPoint
campo-del-cielo-meteorite,"90.19 Gram Campo Del Cielo Argentina Meteorite, Iron From Outer Space # ME 500 B",112,2024-03-07,90.19,1.24,WorthPoint
campo-del-cielo-meteorite,7.94 Grams NEW CAMPO DEL CIELO METEORITE Polished Charm Pendant For A Necklace,7.99,2024-03-06,7.94,1.01,WorthPoint
campo-del-cielo-meteorite,8.61 Grams NEW CAMPO DEL CIELO METEORITE Polished Charm Pendant For A Necklace,8.99,2024-03-06,8.61,1.04,WorthPoint
campo-del-cielo-meteorite,8.14 Grams NEW CAMPO DEL CIELO METEORITE Polished Charm Pendant For A Necklace,8.99,2024-03-06,8.14,1.1,WorthPoint
campo-del-cielo-meteorite,"43.45 Gram Campo Del Cielo Argentina Meteorite, Iron From Outer Space # ME 607 B",32.6,2024-03-06,43.45,0.75,WorthPoint
campo-del-cielo-meteorite,"130.93 Gram Campo Del Cielo Argentina Meteorite, Iron From Outer Space # TGS 95",76,2024-03-06,130.93,0.58,WorthPoint
campo-del-cielo-meteorite,Beautiful 668 Gm. Etched Campo Del Cielo Meteorite Quarter Cut,359.1,2024-03-06,668,0.54,WorthPoint
campo-del-cielo-meteorite,Very Unique Campo Del Cielo Big 30 Gram Nickel Meteorite! Authentic Space Rock!,29.99,2024-03-05,30,1,WorthPoint
campo-del-cielo-meteorite,Very Unique Campo Del Cielo Big 25.8 Gram Nickel Meteorite! Authentic Space Rock,29.99,2024-03-05,25.8,1.16,WorthPoint
campo-del-cielo-meteorite,Meteorite Campo Del Cielo Authentic Iron Tektite Space Rock In INB Display Case,9,2024-03-05,,,WorthPoint
campo-del-cielo-meteorite,6 IN SLICE OF CAMPO DEL CIELO METEORITE SLAB 776 GMS STAND; 5 Mm Thick 1.7 Lbs,449.96,2024-03-05,776,0.58,WorthPoint
campo-del-cielo-meteorite,"43.04 Gram Campo Del Cielo Argentina Meteorite, Iron From Outer Space # ME 573 B",48,2024-03-05,43.04,1.12,WorthPoint
campo-del-cielo-meteorite,‚òÑÔ∏èUnique Campo Del Cielo Meteorite! (A) Real Space Rock! 4.6 BILLION YRS OLD!üî•A,5.95,2024-03-05,,,WorthPoint
campo-del-cielo-meteorite,Campo Del Cielo Authentic Meteorite Specimen (58.2 Grams),58.2,2024-03-05,58.2,1,WorthPoint
campo-del-cielo-meteorite,250 Gm LOT OF CAMPO DEL CIELO METEORITE CRYSTALS; 20-30 GMS IN SIZE; 1/4 KILO,118.75,2024-03-05,250,0.48,WorthPoint
campo-del-cielo-meteorite,"44.37 Gram Campo Del Cielo Argentina Meteorite, Iron From Outer Space # ME 619 B",33,2024-03-05,44.37,0.74,WorthPoint
campo-del-cielo-meteorite,LARGE 30g CAMPO IRON METEORITE FRAGMENT PENDANT! BEAUTIFUL SPECIMEN! AAAA++,35.95,2024-03-04,30,1.2,WorthPoint
campo-del-cielo-meteorite,Campo Del Cielo Iron Nickel Meteorite Argentina 3.57 Grams,12.75,2024-03-04,3.57,3.57,WorthPoint
campo-del-cielo-meteorite,Campo Del Cielo Meteorite Argentina 100% Natural 7.70gr,14.99,2024-03-04,7.7,1.95,WorthPoint
campo-del-cielo-meteorite,1952 GM. CAMPO DEL CIELO METEORITE ;B GRADE LARGE METEORITE 4.3 Lbs.INEXPENSIVE,750,2024-03-04,1952,0.38,WorthPoint
campo-del-cielo-meteorite,Campo Del Cielo Meteorite Space Rock Crystal Type Beauty,34.99,2024-03-04,,,WorthPoint
campo-del-cielo-meteorite,"Meteorite**Campo Del Cielo, IRON**10.768 Grams Crystal Iron Nugget Historic Find",26,2024-03-04,10.768,2.41,WorthPoint
campo-del-cielo-meteorite,48.43 Gram - CAMPO DEL CIELO IRON METEORITE Crystal - Found 1576 In Argentina,68,2024-03-04,48.43,1.4,WorthPoint
campo-del-cielo-meteorite,66.26 Gram - CAMPO DEL CIELO IRON METEORITE Crystal - Found 1576 In Argentina,76.5,2024-03-03,66.26,1.15,WorthPoint
campo-del-cielo-meteorite,Campo Del Cielo Meteorite 100% Natural From Argentina! 18.8gr,21.99,2024-03-02,18.8,1.17,WorthPoint
campo-del-cielo-meteorite,2230 Gm Campo Del Cielo Meteorite Museum Grade Meteorite Beautiful 5 Lbs,2249.95,2024-03-02,2230,1.01,WorthPoint
campo-del-cielo-meteorite,"80.38 Gram Campo Del Cielo Argentina Meteorite, Iron From Outer Space # ME 720 B",60,2024-03-02,80.38,0.75,WorthPoint
campo-del-cielo-meteorite,"50.48 Gram Campo Del Cielo Argentina Meteorite, Iron From Outer Space # ME 664 B",38,2024-03-02,50.48,0.75,WorthPoint
campo-del-cielo-meteorite,GREAT CONDITION! GORGEOUS LARGE 120g CAMPO DEL CIELO IRON METEORITE FRAGMENT!,103,2024-03-01,120,0.86,WorthPoint
campo-del-cielo-meteorite,Campo Del Cielo Authentic Meteorite Specimen (40.7 Grams),45,2024-02-29,40.7,1.11,WorthPoint
campo-del-cielo-meteorite,"2 Different Meteorites! Campo Del Cielo, Sikhote-alin! Awesome Thumbnail Display",12.99,2024-02-28,,,WorthPoint
campo-del-cielo-meteorite,YEAR 1576 METEORITE Campo Del Cielo THIS Is SO COOL It's The BEST GIFT EVER!!,6.95,2024-02-28,,,WorthPoint
campo-del-cielo-meteorite,Nice 79 Gram Las Palmas Campo Del Cielo Iron Meteorite From Kurukta,79,2024-02-28,79,1,WorthPoint
campo-del-cielo-meteorite,147 Grams Of 20 NEW CAMPO DEL CIELO METEORITE Christmas Tree Ornaments And Hooks,69.99,2024-02-27,147,0.48,WorthPoint
campo-del-cielo-meteorite,‚òÑÔ∏èmeteorite Campo Del Cielo Argentina 2.2 Grams (t),5.5,2024-02-27,2.2,2.5,WorthPoint
campo-del-cielo-meteorite,SLICE OF CAMPO DEL CIELO METEORITE SLAB 362 GMS 3-4 Mm Thick .8 Lbs,224.1,2024-02-27,362,0.62,WorthPoint
campo-del-cielo-meteorite,AMAZING 3.9g CAMPO IRON METEORITE FRAGMENT PENDANT! BEAUTIFUL SPECIMEN! AAAA+++,15.95,2024-02-26,3.9,4.09,WorthPoint
campo-del-cielo-meteorite,Campo Del Cielo Meteorite Lot,20.6,2024-02-26,,,WorthPoint
campo-del-cielo-meteorite,Campo Del Cielo Meteorite Pendant 8.3g,9,2024-02-26,8.3,1.08,WorthPoint
campo-del-cielo-meteorite,Campo Del Cielo Meteorite Pendant 6.35g,7,2024-02-26,6.35,1.1,WorthPoint
campo-del-cielo-meteorite,Beautiful 260 Gm. Etched Campo Del Cielo Meteorite End Piece .57 Lbs,179.1,2024-02-26,260,0.69,WorthPoint
campo-del-cielo-meteorite,Campo Del Cielo Meteorite Pendant Amethyst Necklace,24.99,2024-02-26,,,WorthPoint
campo-del-cielo-meteorite,Large 1866 Gm Campo Del Cielo Meteorite ; Aaa Museum Grade!! 4.1 Lbs.,2024.1,2024-02-26,1866,1.08,WorthPoint
campo-del-cielo-meteorite,1110 Gm. Campo Del Cielo Meteorite Museum Collectors Grade 2.4 Lbs,1345.5,2024-02-25,1110,1.21,WorthPoint
campo-del-cielo-meteorite,"Heart Shaped Campo Del Cielo Meteorite Specimen 94.54 Grams, Astronomy Gift",225,2024-02-25,94.54,2.38,WorthPoint
campo-del-cielo-meteorite,Campo Del Cielo Meteorite ‚Ä¢ 161 Grams,175,2024-02-25,161,1.09,WorthPoint
campo-del-cielo-meteorite,31.50 Gram - CAMPO DEL CIELO IRON METEORITE Crystal - Found 1576 In Argentina,36,2024-02-25,31.5,1.14,WorthPoint
campo-del-cielo-meteorite,Awesome Campo Del Cielo Meteorite Specimen! Must See!,25,2024-02-25,,,WorthPoint
campo-del-cielo-meteorite,740 Gm Campo Del Cielo Meteorite Museum Grade Meteorite Beautiful 1.6 Lbs,700,2024-02-24,740,0.95,WorthPoint
campo-del-cielo-meteorite,Authentic Meteorite - Space Rock - .10g Iron Crystal Campo Del Cielo,6.95,2024-02-24,10,0.7,WorthPoint
campo-del-cielo-meteorite,"Meteorite, 54 Grams, Campo De Cielo, Argentina, Plus Unknown Slice",64,2024-02-23,54,1.19,WorthPoint
campo-del-cielo-meteorite,386 Gm BABY CAMPO DEL CIELO METEORITE ; AAA GRADE METEORITE; .85 LB ! STAND,359.28,2024-02-22,386,0.93,WorthPoint
campo-del-cielo-meteorite,Beautiful 400 Gm Campo Del Cielo Polished & Tumbled Etched Meteorite .9 Lb,314.1,2024-02-22,400,0.79,WorthPoint
campo-del-cielo-meteorite,Campo Del Cielo Meteorite 100% Natural From Argentina 17.6gr,19.99,2024-02-22,17.6,1.14,WorthPoint
campo-del-cielo-meteorite,"99.30 Gram Campo Del Cielo Argentina Meteorite, Iron From Outer Space # ME 718 B",74.5,2024-02-22,99.3,0.75,WorthPoint
campo-del-cielo-meteorite,Very Unique Campo Del Cielo Big 34 Gram Nickel Meteorite! Authentic Space Rock!,32,2024-02-21,34,0.94,WorthPoint
campo-del-cielo-meteorite,149 Grams Of 11 NEW CAMPO DEL CIELO METEORITE Christmas Tree Ornaments + Hooks,74.99,2024-02-21,149,0.5,WorthPoint
campo-del-cielo-meteorite,Beautiful 290 Gm Campo Del Cielo Polished & Tumbled Et Meteorite .64 Lb,157.5,2024-02-20,290,0.54,WorthPoint
campo-del-cielo-meteorite,Meteorites - Iron Meteorite 85.6g Mirror Polished Slice,84.95,2024-02-19,85.6,0.99,WorthPoint
campo-del-cielo-meteorite,Campo Del Cielo Meteorite Pendant 6.01g,7,2024-02-19,6.01,1.16,WorthPoint
campo-del-cielo-meteorite,Campo Del Cielo Meteorite Pendant 6.73g,7,2024-02-19,6.73,1.04,WorthPoint
campo-del-cielo-meteorite,Campo Del Cielo Meteorite Pendant 5.85g,15.5,2024-02-19,5.85,2.65,WorthPoint
campo-del-cielo-meteorite,Campo Del Cielo Meteorite Pendant 8.85g,13.5,2024-02-19,8.85,1.53,WorthPoint
campo-del-cielo-meteorite,Campo Del Cielo Meteorite Fragment 20.45g,16,2024-02-19,20.45,0.78,WorthPoint
campo-del-cielo-meteorite,23.68 Gram Campo Del Cielo Fractured Meteorite Iron Crystal Argentina C91,23.68,2024-02-19,23.68,1,WorthPoint
campo-del-cielo-meteorite,"Meteorite**Campo Del Cielo, IRON**13.393 Grams Crystal Iron Nugget Historic Find",27,2024-02-19,13.393,2.02,WorthPoint
campo-del-cielo-meteorite,4.297 Grams NEW CAMPO DEL CIELO METEORITE Polished Charm Pendant For A Necklace,8.49,2024-02-19,4.297,1.98,WorthPoint
campo-del-cielo-meteorite,About 208.7 Grams Authentic CAMPO DEL CIELO METEORITE,175,2024-02-19,208.7,0.84,WorthPoint
campo-del-cielo-meteorite,About 39.79 Grams Authentic CAMPO DEL CIELO METEORITE,35.99,2024-02-19,39.79,0.9,WorthPoint
campo-del-cielo-meteorite,60.18 Grams Authentic CAMPO DEL CIELO METEORITE,51.95,2024-02-19,60.18,0.86,WorthPoint
campo-del-cielo-meteorite,About 37.4 Grams Authentic NEW CAMPO DEL CIELO METEORITE,32.95,2024-02-19,37.4,0.88,WorthPoint
campo-del-cielo-meteorite,Campo Del Cielo Meteorite 100% Natural From Argentina 19.6gr,20.99,2024-02-18,19.6,1.07,WorthPoint
campo-del-cielo-meteorite,"Meteorite Specimens - Campo Del Cielo, Argentina",84,2024-02-18,,,WorthPoint
campo-del-cielo-meteorite,Meteorite - Campo Del Cielo Argentina - 1571,107.5,2024-02-18,,,WorthPoint
campo-del-cielo-meteorite,BEAUTIFUL 4.9g CAMPO IRON METEORITE FRAGMENT PENDANT! BEAUTIFUL SPECIMEN! AAAA++,5.95,2024-02-18,4.9,1.21,WorthPoint
campo-del-cielo-meteorite,Lot Of THREE! Campo Del Cielo Meteorites 100% Authentic Argentina 19.5gr,19.99,2024-02-18,19.5,1.03,WorthPoint
campo-del-cielo-meteorite,115 Gm. CAMPO DEL CIELO METEORITE Many Nice Large Regmaglypts And Scoops,125,2024-02-18,115,1.09,WorthPoint
campo-del-cielo-meteorite,TWO! 100% Natural Campo Del Cielo Meteorites Argentina 14.9gr,17.99,2024-02-17,14.9,1.21,WorthPoint
campo-del-cielo-meteorite,"Rare Campo Del Cielo Meteorite Pendant 20.00 Grams, Angel Wing, Astronomy Gift",52,2024-02-17,20,2.6,WorthPoint
campo-del-cielo-meteorite,Larger! 100% Natural Campo Del Cielo Meteorite Argentina 71.5gr,54.99,2024-02-17,71.5,0.77,WorthPoint
campo-del-cielo-meteorite,54.95 Grams Authentic CAMPO DEL CIELO METEORITE,46.95,2024-02-17,54.95,0.85,WorthPoint
campo-del-cielo-meteorite,"32.42 Gram Campo Del Cielo Argentina Meteorite, Iron From Outer Space # ME 651 B",24.3,2024-02-17,32.42,0.75,WorthPoint
campo-del-cielo-meteorite,23 Gm Campo Del Cielo Meteorite Crystal Great Piece With Stand,22.8,2024-02-16,23,0.99,WorthPoint
campo-del-cielo-meteorite,Beautiful 752 Gm Campo Del Cielo Meteorite Slab!!! 1.6 Lbs 6.5x6 Inches,449.1,2024-02-16,752,0.6,WorthPoint
campo-del-cielo-meteorite,752 GM. CAMPO DEL CIELO METEORITE ; A GRADE LARGE METEORITE 1.6 Lbs. CHEAP!,404.1,2024-02-15,752,0.54,WorthPoint
campo-del-cielo-meteorite,39.1 Grams NEW CAMPO DEL CIELO METEORITE Polished + Certificate Of Authenticity,30.99,2024-02-14,39.1,0.79,WorthPoint
campo-del-cielo-meteorite,LARGE 238 Gm. URUACU IRON METEORITE ; BRAZIL STAND INCLUDED TOP GRADE; .52 LBS,269.95,2024-02-14,238,1.13,WorthPoint
campo-del-cielo-meteorite,"Meteorite Campo Del Cielo, Astronomy Gift, Space Gift, COA, 47.24 Grams",78,2024-02-14,47.24,1.65,WorthPoint
campo-del-cielo-meteorite,5.13 Grams NEW CAMPO DEL CIELO METEORITE Polished Charm Pendant For A Necklace,5.99,2024-02-14,5.13,1.17,WorthPoint
campo-del-cielo-meteorite,14.1 Grams CAMPO DEL CIELO METEORITE Pendant M-23,14.99,2024-02-14,14.1,1.06,WorthPoint
campo-del-cielo-meteorite,"STRANGE Nickel Iron Meteorite THREE PIECE LINKED NATURALLY 24-gram, 0.8-oz.",19.95,2024-02-14,24,0.83,WorthPoint
campo-del-cielo-meteorite,7.58 Gram Campo Del Cielo Fractured Meteorite Iron Crystal Argentina U188,14.98,2024-02-13,7.58,1.98,WorthPoint
campo-del-cielo-meteorite,Dancing Bear Authentic Meteorite Pendant Necklace Treasure Chest Box Real,36.46,2024-02-13,,,WorthPoint
campo-del-cielo-meteorite,554 Gm. Campo Del Cielo Meteorite ; Aa Grade Meteorite. 1.2 Pounds!,449.33,2024-02-13,554,0.81,WorthPoint
campo-del-cielo-meteorite,17 Gm Campo Del Cielo Meteorite Crystal Great Piece With Stand,22.8,2024-02-13,17,1.34,WorthPoint
campo-del-cielo-meteorite,Meteorites - Iron Meteorite 514.2g Polished And Etched Large Full Slice,365,2024-02-12,514.2,0.71,WorthPoint
campo-del-cielo-meteorite,Campo Del Cielo Meteorite Fragment 17.77g,16,2024-02-12,17.77,0.9,WorthPoint
campo-del-cielo-meteorite,BEAUTIFUL 474 GM CAMPO DEL CIELO POLISHED & TUMBLED ETCHED METEORITE 1 Lb.,359.1,2024-02-12,474,0.76,WorthPoint
campo-del-cielo-meteorite,6.9 Grams CAMPO DEL CIELO METEORITE Pendant M-26,6.99,2024-02-12,6.9,1.01,WorthPoint
campo-del-cielo-meteorite,270 Gm. New Campo Del Cielo Meteorite ;aa Grade!! Gorgeous Meteorite,269.96,2024-02-11,270,1,WorthPoint
campo-del-cielo-meteorite,25.8 Grams NEW CAMPO DEL CIELO METEORITES About From .5 Up To 1.5 Grams Each COA,21.99,2024-02-11,25.8,0.85,WorthPoint
campo-del-cielo-meteorite,Beautiful 332 Gm. Etched Campo Del Cielo Meteorite Quad Cut .73 Lbs,269.1,2024-02-11,332,0.81,WorthPoint
campo-del-cielo-meteorite,Meteorites - 20 Campo Del Cielo Dust/Cuttings Specimen Vials,249.5,2024-02-11,,,WorthPoint
campo-del-cielo-meteorite,132 Gm Campo Del Cielo Meteorite Crystal Great Piece With Stand,113.05,2024-02-11,132,0.86,WorthPoint
campo-del-cielo-meteorite,130 Gm Campo Del Cielo Meteorite Crystal Great Piece With Stand,113.05,2024-02-11,130,0.87,WorthPoint
campo-del-cielo-meteorite,Campo Del Cielo Authentic Meteorite Specimen (68 Grams),68,2024-02-11,68,1,WorthPoint
campo-del-cielo-meteorite,Campo Del Cielo Meteorite Fragment 20.84g,16,2024-02-10,20.84,0.77,WorthPoint
campo-del-cielo-meteorite,Wholesale Lot Of Tumbled And Polished Campo Meteorites By The Kilo Sight Unseen,270,2024-02-10,,,WorthPoint
campo-del-cielo-meteorite,Beautiful 212 Gm Campo Del Cielo Polished & Tumbled Etched Meteorite,152.1,2024-02-10,212,0.72,WorthPoint
campo-del-cielo-meteorite,338 Gm. Campo Del Cielo Meteorite ; Aaa Grade Meteorite ! .74 Pound,359.1,2024-02-10,338,1.06,WorthPoint
campo-del-cielo-meteorite,"Meteorite Fragment , From The Campo Del Cielo , In Argentina",14.4,2024-02-08,,,WorthPoint
campo-del-cielo-meteorite,"Rare Campo Del Cielo Meteorite Pendant 20.60 Grams, Angel Wing, Astronomy Gift",65,2024-02-08,20.6,3.16,WorthPoint
campo-del-cielo-meteorite,Big Lot Of TEN! Small Campo Del Cielo Meteorites 100% Authentic 13.6gr,16.99,2024-02-07,13.6,1.25,WorthPoint
campo-del-cielo-meteorite,"88.25 Gram Campo Del Cielo Argentina Meteorite, Iron From Outer Space # ME 704 B",66.25,2024-02-07,88.25,0.75,WorthPoint
campo-del-cielo-meteorite,216 GM. CAMPO DEL CIELO METEORITE ; AAA GRADE!! .5 Pound; BEAUTIFUL; W/STAND,233.95,2024-02-07,216,1.08,WorthPoint
campo-del-cielo-meteorite,"Rare Campo Del Cielo Meteorite Pendant 19.67 Grams, Angel Wing, Astronomy Gift",62,2024-02-06,19.67,3.15,WorthPoint
campo-del-cielo-meteorite,Beautiful 246 Gm. Etched Campo Del Cielo Meteorite Quarter Cut,215.1,2024-02-06,246,0.87,WorthPoint
campo-del-cielo-meteorite,Campo Del Cielo Meteorite From Argentina 4.6 Grams,5.99,2024-02-06,4.6,1.3,WorthPoint
campo-del-cielo-meteorite,"42.93 Gram Campo Del Cielo Argentina Meteorite, Iron From Outer Space # ME 637 B",36,2024-02-06,42.93,0.84,WorthPoint
campo-del-cielo-meteorite,Larger! 100% Natural Campo Del Cielo Meteorite Argentina 57.4gr,39.99,2024-02-05,57.4,0.7,WorthPoint
campo-del-cielo-meteorite,182 Gm. Campo Del Cielo Meteorite ; A Grade!! .4 Pounds,179.33,2024-02-05,182,0.99,WorthPoint
campo-del-cielo-meteorite,3478 Gm. Campo Del Cielo Meteorite ; Aa Grade 7.6 Lbs.!!,1795.5,2024-02-05,3478,0.52,WorthPoint
campo-del-cielo-meteorite,"32.29 Gram Campo Del Cielo Argentina Meteorite, Iron From Outer Space # ME 635 B",24.25,2024-02-05,32.29,0.75,WorthPoint
campo-del-cielo-meteorite,9.17 Grams NEW CAMPO DEL CIELO METEORITE Polished Charm Pendant For A Necklace,8.99,2024-02-04,9.17,0.98,WorthPoint
campo-del-cielo-meteorite,19.69 Grams NEW CAMPO DEL CIELO METEORITE Polished + Certificate Of Authenticity,14.99,2024-02-04,19.69,0.76,WorthPoint
campo-del-cielo-meteorite,"4.14g, 3.33g, And 4.6g CAMPO DEL CIELO IRON METEORITE PENDANTS For Rajaman",20.97,2024-02-04,4.14,5.07,WorthPoint
campo-del-cielo-meteorite,19.16 Grams NEW CAMPO DEL CIELO METEORITE Polished + Certificate Of Authenticity,14.99,2024-02-04,19.16,0.78,WorthPoint
campo-del-cielo-meteorite,"37.52 Gram Campo Del Cielo Argentina Meteorite, Iron From Outer Space # ME 633 B",28.25,2024-02-04,37.52,0.75,WorthPoint
campo-del-cielo-meteorite,108 Gm. URUACU IRON METEORITE ; BRAZIL STAND INCLUDED TOP GRADE;,134.96,2024-02-03,108,1.25,WorthPoint
campo-del-cielo-meteorite,426 Gm. Campo Del Cielo Meteorite Aa Grade!! .93+ Lbs.,314.96,2024-02-02,426,0.74,WorthPoint
campo-del-cielo-meteorite,394 GM. CAMPO DEL CIELO METEORITE ; AAA GRADE! BABY METEORITE; .87 Lbs;,422.28,2024-02-01,394,1.07,WorthPoint
campo-del-cielo-meteorite,"79.55 Gram Campo Del Cielo Argentina Meteorite, Iron From Outer Space # ME 710 B",60,2024-02-01,79.55,0.75,WorthPoint
campo-del-cielo-meteorite,Large 916 Gm Campo Del Cielo Meteorite ; Museum Grade!! 2 Lbs.,985.5,2024-01-31,916,1.08,WorthPoint
campo-del-cielo-meteorite,4 Campo Del Cielo Nickel Meteorites Nice Shrapnel Display Authentic Space Rocks,9.99,2024-01-31,,,WorthPoint
campo-del-cielo-meteorite,SLICE OF CAMPO DEL CIELO METEORITE SLAB 820 GMS STAND; 7-8 Mm Thick 1.8 Lbs,375,2024-01-30,820,0.46,WorthPoint
campo-del-cielo-meteorite,"4 Authentic Space Meteorites: Campo Del Cielo, Argentina - Circa 2200 BC #2",22.16,2024-01-30,,,WorthPoint
campo-del-cielo-meteorite,Larger! 100% Natural Campo Del Cielo Meteorite 36.0gr,34.99,2024-01-30,36,0.97,WorthPoint
campo-del-cielo-meteorite,116 Grams Of 16 NEW CAMPO DEL CIELO METEORITE Christmas Tree Ornaments And Hooks,49.99,2024-01-29,116,0.43,WorthPoint
campo-del-cielo-meteorite,74.1 Grams NEW CAMPO DEL CIELO METEORITE Polished + Certificate Of Authenticity,59.99,2024-01-29,74.1,0.81,WorthPoint
campo-del-cielo-meteorite,"85.62 Gram Campo Del Cielo Argentina Meteorite, Iron From Outer Space # ME 685 B",92,2024-01-29,85.62,1.07,WorthPoint
campo-del-cielo-meteorite,AMAZING CONDITION! GORGEOUS 4.24g CAMPO DEL CIELO IRON METEORITE PENDANT!,6.99,2024-01-29,4.24,1.65,WorthPoint
campo-del-cielo-meteorite,Campo Del Cielo METEORITE PENDANT 8.6 Grams,22,2024-01-29,8.6,2.56,WorthPoint
campo-del-cielo-meteorite,Beautiful 476 Gm Campo Del Cielo Etched Meteorite Slab!!!,350,2024-01-28,476,0.74,WorthPoint
campo-del-cielo-meteorite,Beautiful 620 Gm Campo Del Cielo Polished & Tumbled Etched Meteorite!!,386.96,2024-01-28,620,0.62,WorthPoint
campo-del-cielo-meteorite,7.85 Grams NEW CAMPO DEL CIELO METEORITE Polished Charm Pendant For A Necklace,8.99,2024-01-28,7.85,1.15,WorthPoint
campo-del-cielo-meteorite,49.6 Grams NEW CAMPO DEL CIELO METEORITE Polished + Certificate Of Authenticity,38.99,2024-01-28,49.6,0.79,WorthPoint
campo-del-cielo-meteorite,38.7 Grams NEW CAMPO DEL CIELO METEORITE Polished + Certificate Of Authenticity,29.99,2024-01-28,38.7,0.77,WorthPoint
campo-del-cielo-meteorite,"89.27 Gram Campo Del Cielo Argentina Meteorite, Iron From Outer Space # ME 518 B",112,2024-01-27,89.27,1.25,WorthPoint
campo-del-cielo-meteorite,"93.60 Gram Campo Del Cielo Argentina Meteorite, Iron From Outer Space # ME 707 B",70,2024-01-26,93.6,0.75,WorthPoint
campo-del-cielo-meteorite,287 Grams Awesome Iron NEW CAMPO DEL CIELO METEORITE Polished With A COA,199,2024-01-25,287,0.69,WorthPoint
campo-del-cielo-meteorite,6.13 Grams NEW CAMPO DEL CIELO METEORITE Polished Charm Pendant For A Necklace,8.99,2024-01-25,6.13,1.47,WorthPoint
campo-del-cielo-meteorite,Larger! 100% Natural Campo Del Cielo Meteorite Argentina 34.0gr,35.99,2024-01-25,34,1.06,WorthPoint
campo-del-cielo-meteorite,1398 Gm. New Campo Del Cielo Meteorite ; A Grade!! Beautiful Meteorite; 3 Lbs.,809.95,2024-01-25,1398,0.58,WorthPoint
campo-del-cielo-meteorite,üî• Iron Meteorite Campo Del Cielo Argentina On Sale!! Marked Down!,200,2024-01-24,,,WorthPoint
campo-del-cielo-meteorite,SLICE CAMPO DEL CIELO METEORITE SLAB 664 GMS STAND 10-11 Mm Thick 1.5#,422.96,2024-01-23,664,0.64,WorthPoint
campo-del-cielo-meteorite,1-piece Of Authentic Meteorite In Collectors Floating Case & Stand With COA,12,2024-01-23,,,WorthPoint
campo-del-cielo-meteorite,111 GM. CAMPO DEL CIELO METEORITE ; B GRADE!! Beautiful CHEAP!!,89.96,2024-01-23,111,0.81,WorthPoint
campo-del-cielo-meteorite,9.69 Grams NEW CAMPO DEL CIELO METEORITE Polished Charm Pendant For A Necklace,8.99,2024-01-23,9.69,0.93,WorthPoint
campo-del-cielo-meteorite,Meteorite Iron Campo Del Cielo Complete 314g,200,2024-01-23,314,0.64,WorthPoint
campo-del-cielo-meteorite,"Meteorite Nugget Specimen Campo Del Cielo, 708g, Moving Piece, Astronomy Gift",1010,2024-01-22,708,1.43,WorthPoint
campo-del-cielo-meteorite,394 Gm. Campo Del Cielo Meteorite ; Baby Meteorite; Aa Grade,314.99,2024-01-22,394,0.8,WorthPoint
campo-del-cielo-meteorite,7.04 Grams NEW CAMPO DEL CIELO METEORITE Polished Charm Pendant For A Necklace,6.99,2024-01-22,7.04,0.99,WorthPoint
campo-del-cielo-meteorite,Authentic Meteorite - Alien Shape - Campo Del Cielo Argentina Discovered 1576 AD,6.05,2024-01-22,,,WorthPoint
campo-del-cielo-meteorite,10.20 Gram Campo Del Cielo Fractured Meteorite Iron Crystal Argentina U187,14.98,2024-01-21,10.2,1.47,WorthPoint
campo-del-cielo-meteorite,Beautiful 1166 Gm. Polished Campo Del Cielo Meteorite Quarter Cut; 2.6 Pounds,400,2024-01-21,1166,0.34,WorthPoint
campo-del-cielo-meteorite,9.94 Grams NEW CAMPO DEL CIELO METEORITE Polished Charm Pendant For A Necklace,6.99,2024-01-21,9.94,0.7,WorthPoint
campo-del-cielo-meteorite,"Meteorite Starter Collection - Campo, Gibeon, Shisr, Sikhote, Diablo, Moldavite",39.99,2024-01-21,,,WorthPoint
campo-del-cielo-meteorite,166 Grams Of 20 NEW CAMPO DEL CIELO METEORITE Christmas Tree Ornaments And Hooks,69.99,2024-01-21,166,0.42,WorthPoint
campo-del-cielo-meteorite,‚òÑÔ∏èiron Meteorite Campo Del Cielo 10.6 Gr,12,2024-01-20,10.6,1.13,WorthPoint
campo-del-cielo-meteorite,12.2grams IRON METAL SPACE METEORITE MINERAL CAMPO DEL CIELO ARGENTINA,19.5,2024-01-20,12.2,1.6,WorthPoint
campo-del-cielo-meteorite,"49 Grams Campo Del Cielo, Argentina, Meteorite Fragment. Excellent.",34,2024-01-19,49,0.69,WorthPoint
campo-del-cielo-meteorite,10.3 Grams CAMPO DEL CIELO METEORITE Pendant M-16,10.99,2024-01-19,10.3,1.07,WorthPoint
campo-del-cielo-meteorite,12.1 Grams CAMPO DEL CIELO METEORITE Pendant M-18,12.99,2024-01-19,12.1,1.07,WorthPoint
campo-del-cielo-meteorite,220 Gram Campo Del Cielo Meteorite Crystal,88.99,2024-01-18,220,0.4,WorthPoint
campo-del-cielo-meteorite,‚òÑÔ∏èmeteorite Campo Del Cielo Argentina 5.1 Grams (r),12.75,2024-01-18,5.1,2.5,WorthPoint
campo-del-cielo-meteorite,Meteorite - Space Rock - Campo Del Cielo - Discovered 1576 Argentina. Odd Shape,5.99,2024-01-18,,,WorthPoint
campo-del-cielo-meteorite,Larger! 100% Natural Campo Del Cielo Meteorite 38.2gr,34.99,2024-01-17,38.2,0.92,WorthPoint
campo-del-cielo-meteorite,Larger! 100% Natural Campo Del Cielo Meteorite Argentina 33.8gr,34.99,2024-01-17,33.8,1.04,WorthPoint
campo-del-cielo-meteorite,"Beautiful Campo Del Cielo Meteorite Specimen 30.58 Grams, Astronomy Gift, Space",55,2024-01-17,30.58,1.8,WorthPoint
campo-del-cielo-meteorite,18.7 Grams NEW CAMPO DEL CIELO METEORITE Polished + Certificate Of Authenticity,14.49,2024-01-17,18.7,0.77,WorthPoint
campo-del-cielo-meteorite,372 Gm. New Campo Del Cielo Meteorite ;aaa Grade!! Beautiful; .8 Pounds,341.96,2024-01-16,372,0.92,WorthPoint
campo-del-cielo-meteorite,Authentic Meteorite Pendant Necklace - Campo Del Cielo Argentina,35.99,2024-01-15,,,WorthPoint
campo-del-cielo-meteorite,1000 Gm LOT OF CAMPO DEL CIELO METEORITE CRYSTALS 100-150 GMS IN SIZE 1 KILO,471.56,2024-01-15,1000,0.47,WorthPoint
campo-del-cielo-meteorite,Campo Del Cielo Meteorite Fragment 17g,13.5,2024-01-15,17,0.79,WorthPoint
campo-del-cielo-meteorite,3.85 Grams NEW CAMPO DEL CIELO METEORITE Polished Charm Pendant For A Necklace,5.49,2024-01-15,3.85,1.43,WorthPoint
campo-del-cielo-meteorite,3.17 Grams NEW CAMPO DEL CIELO METEORITE Polished Charm Pendant For A Necklace,5.49,2024-01-15,3.17,1.73,WorthPoint
campo-del-cielo-meteorite,Beautiful 152 Gm Campo Del Cielo Polished & Tumbled Etched Meteorite,134.1,2024-01-14,152,0.88,WorthPoint
campo-del-cielo-meteorite,"Meteorite Set Of 3 Specimens One From Russia, Morocco & Argentina Asteroid H1233",10,2024-01-14,,,WorthPoint
campo-del-cielo-meteorite,Campo Del Cielo Iron Meteorite Crystal: 15-25 Grams,30,2024-01-14,25,1.2,WorthPoint
campo-del-cielo-meteorite,Gold Silver Investor Rare Coins QRTRS DIMES SLABBED MINT SETS + BEST LOT ON EBAY,503,2024-01-13,,,WorthPoint
campo-del-cielo-meteorite,PENDANT 4.8grams IRON METAL SPACE METEORITE MINERAL CAMPO DEL CIELO ARGENTINA,7.99,2024-01-13,4.8,1.66,WorthPoint
campo-del-cielo-meteorite,Campo Del Cielo 1 Oz UNC Meteorite Coin 1$ Niue 2020 RARE,425,2024-01-12,28.35,14.99,WorthPoint
campo-del-cielo-meteorite,"5,758 Gm. Campo Del Cielo Meteorite Museum Grade, 12+lbs.!!just Beautiful!",3900,2024-01-10,758,5.15,WorthPoint
campo-del-cielo-meteorite,506 Gm. Campo Del Cielo Meteorite ; Aa Grade Meteorite. 1.1 Pounds!,359.33,2024-01-10,506,0.71,WorthPoint
campo-del-cielo-meteorite,1158 GM. CAMPO DEL CIELO METEORITE ;A GRADE LARGE METEORITE 2.54 Lbs. CHEAP!,629.1,2024-01-09,1158,0.54,WorthPoint
campo-del-cielo-meteorite,Campo Del Cielo Iron Meteorite Crystal: 81.6g,2523,2024-01-08,81.6,30.92,WorthPoint
campo-del-cielo-meteorite,Campo Del Cielo Etched Meteorite End Piece 498 Gms Stand,359.96,2024-01-08,498,0.72,WorthPoint
campo-del-cielo-meteorite,314 Gm. New Campo Del Cielo Meteorite ; Aaa Grade!! Beautiful Meteorite; .7 Lbs,314.96,2024-01-08,314,1,WorthPoint
campo-del-cielo-meteorite,180 Gm. New Campo Del Cielo Meteorite ; B Grade Meteorite; .4 Lb;,161.95,2024-01-07,180,0.9,WorthPoint
campo-del-cielo-meteorite,15.4 Grams CAMPO DEL CIELO METEORITE Pendant M-5,15.99,2024-01-07,15.4,1.04,WorthPoint
campo-del-cielo-meteorite,20 Gm Campo Del Cielo Meteorite Crystal Great Piece With Stand,22.8,2024-01-07,20,1.14,WorthPoint
campo-del-cielo-meteorite,Campo Del Cielo Meteorite From Argentina 66. Grams,49.99,2024-01-07,66,0.76,WorthPoint
campo-del-cielo-meteorite,"Beautiful Campo Del Cielo Meteorite Specimen 96.63 Grams, Astronomy Gift, Space",132,2024-01-06,96.63,1.37,WorthPoint
campo-del-cielo-meteorite,Beautiful 478 Gm Campo Del Cielo Etched Meteorite Slab 1.1 Lb.,449.1,2024-01-06,478,0.94,WorthPoint
campo-del-cielo-meteorite,"50.72 Gram Campo Del Cielo Argentina Meteorite, Iron From Outer Space # ME 593 B",53,2024-01-05,50.72,1.04,WorthPoint
campo-del-cielo-meteorite,Beautiful 554 Gm Campo Del Cielo Polished & Tumbled Etched Meteorite 1.23 Lb,449.1,2024-01-05,554,0.81,WorthPoint
campo-del-cielo-meteorite,"35.35 Gram Campo Del Cielo Argentina Meteorite, Iron From Outer Space # ME 662 B",26.5,2024-01-05,35.35,0.75,WorthPoint
campo-del-cielo-meteorite,"43.23 Gram Campo Del Cielo Argentina Meteorite, Iron From Outer Space # ME 625 B",32.5,2024-01-05,43.23,0.75,WorthPoint
campo-del-cielo-meteorite,Campo Del Cielo Meteorite Bracelet,155,2024-01-04,,,WorthPoint
campo-del-cielo-meteorite,2880 Gm. Campo Del Cielo Meteorite ; Aaa Grade Meteorite. 6.3 Lbs. Burn Hole,3149.95,2024-01-04,2880,1.09,WorthPoint
campo-del-cielo-meteorite,Large 48 Gm Campo Del Cielo Meteorite Crystal ! W/ Stand,42.7,2024-01-04,48,0.89,WorthPoint
campo-del-cielo-meteorite,"34.92 Gram Campo Del Cielo Argentina Meteorite, Iron From Outer Space # ME 650 B",26.25,2024-01-04,34.92,0.75,WorthPoint
campo-del-cielo-meteorite,Beautiful 74 Gm Campo Del Cielo Polished & Tumbled Etched Meteorite,62.1,2024-01-03,74,0.84,WorthPoint
campo-del-cielo-meteorite,47.3 Grams NEW CAMPO DEL CIELO METEORITE Polished + Certificate Of Authenticity,29.99,2024-01-03,47.3,0.63,WorthPoint
campo-del-cielo-meteorite,31.1 Grams NEW CAMPO DEL CIELO METEORITE Polished + Certificate Of Authenticity,24.99,2024-01-03,31.1,0.8,WorthPoint
campo-del-cielo-meteorite,20.86 Grams NEW CAMPO DEL CIELO METEORITE Polished + Certificate Of Authenticity,15.49,2024-01-03,20.86,0.74,WorthPoint
campo-del-cielo-meteorite,32.6 Grams NEW CAMPO DEL CIELO METEORITE Polished + Certificate Of Authenticity,26.99,2024-01-03,32.6,0.83,WorthPoint
campo-del-cielo-meteorite,18.9 Grams NEW CAMPO DEL CIELO METEORITE Polished + Certificate Of Authenticity,14.49,2024-01-03,18.9,0.77,WorthPoint
campo-del-cielo-meteorite,161 Grams Of 20 NEW CAMPO DEL CIELO METEORITE Christmas Tree Ornaments And Hooks,79.99,2024-01-03,161,0.5,WorthPoint
campo-del-cielo-meteorite,Beautiful 110 Gm Campo Del Cielo Polished & Tumbled Etched Meteorite,89.1,2024-01-03,110,0.81,WorthPoint
campo-del-cielo-meteorite,PENDANT 2.5grams IRON METAL SPACE METEORITE MINERAL CAMPO DEL CIELO ARGENTINA,7.5,2024-01-03,2.5,3,WorthPoint
campo-del-cielo-meteorite,66.2 Grams NEW CAMPO DEL CIELO METEORITE Polished + Certificate Of Authenticity,55.99,2024-01-03,66.2,0.85,WorthPoint
campo-del-cielo-meteorite,Two Meteorite Fragments Certified Argentina U16H,31.9,2024-01-02,,,WorthPoint
campo-del-cielo-meteorite,282 Gm. New Campo Del Cielo Meteorite ; B Grade Meteorite; .62 Lb;,251.95,2024-01-02,282,0.89,WorthPoint
