material_slug,title,price_usd,sale_date,weight_grams,price_per_gram,source
canyon-diablo,"Canyon Diablo Meteorite Slice, Authentic Meteorite, Arizona Meteorite, 18.06g",73.6,2026-01-22,18.06,4.08,WorthPoint
canyon-diablo,1029 Grams Old Route 66 Canyon Diablo American Meteorite Museum WALL BRICK ROCK,17.99,2026-01-22,1029,0.02,WorthPoint
canyon-diablo,167 Gm . CANYON DIABLO IRON METEORITE MUSEUM GD ARIZONA .36 LBS JAL Stand,215.1,2026-01-21,167,1.29,WorthPoint
canyon-diablo,2000 Gm Lot 5-50 Gm Weight . Canyon Diablo Iron Meteorites Top Grade Arizona,1795.5,2026-01-21,2000,0.9,WorthPoint
canyon-diablo,12.3 Grams Canyon Diablo As Found Meteor Crater Iron Meteorite With A COA,17.99,2026-01-21,12.3,1.46,WorthPoint
canyon-diablo,6.41 Grams Canyon Diablo As Found Meteor Crater Iron Meteorite With A COA,10.99,2026-01-21,6.41,1.71,WorthPoint
canyon-diablo,20 Individuals 236 GMS SMALL CANYON DIABLO IRON METEORITES ARIZONA CLEANED,265.05,2026-01-20,236,1.12,WorthPoint
canyon-diablo,Low Price Super Shape! Big Campo Del Cielo Meteorite Shattered Crystal! 130.4 Gm,81.75,2026-01-20,130.4,0.63,WorthPoint
canyon-diablo,142 Gm . CANYON DIABLO IRON METEORITE MUSEUM GD ARIZONA .31 LBS JAL Stand,179.1,2026-01-19,142,1.26,WorthPoint
canyon-diablo,322 Gm . CANYON DIABLO IRON METEORITE MUSEUM GD ARIZONA .71 LBS JAL Stand,404.1,2026-01-17,322,1.25,WorthPoint
canyon-diablo,Set Of Five Meteorite Chips,10,2026-01-17,,,WorthPoint
canyon-diablo,NIUE ISLAND 2014 CANYON DIABLO METEORITE 1 Oz. SILVER COIN,175,2026-01-14,28.35,6.17,WorthPoint
canyon-diablo,890 Gm CANYON DIABLO IRON METEORITE MUSEUM COLLECTORS GRADE ARIZONA 2.0 LBS JAL,1139.05,2026-01-14,890,1.28,WorthPoint
canyon-diablo,Beautiful 274 Gm. Etched Canyon Diablo Meteorite Pair Arizona,407.55,2026-01-13,274,1.49,WorthPoint
canyon-diablo,706 Gm CAMPO DEL CIELO METEORITE BEAUTIFUL AAA GRADE METEORITE 1.56 POUNDS,806.55,2026-01-13,706,1.14,WorthPoint
canyon-diablo,"Canyon Diablo Iron IAB Coconino County, Arizona Found 1891 3.5 G",11,2026-01-11,3.5,3.14,WorthPoint
canyon-diablo,278 Gm. Las Palmas Campo Del Cielo Meteorite Museum Gd. Stand .61 Lbs,569.05,2026-01-11,278,2.05,WorthPoint
canyon-diablo,250 GM LOT OF CAMPO DEL CIELO METEORITE CRYSTALS FROM .5-30 Gm IN SIZE MIXTURE,125,2026-01-11,250,0.5,WorthPoint
canyon-diablo,"H.H. Nininger Meteorite Crater Study Kit, New Old Stock, Canyon Diablo",104.49,2026-01-10,,,WorthPoint
canyon-diablo,"Canyon Diablo Meteorite Pendant, Arizona Meteorite, Space Gift, 12.64 Grams",56,2026-01-10,12.64,4.43,WorthPoint
canyon-diablo,20 Individuals 205 GMS SMALL CANYON DIABLO IRON METEORITES ARIZONA CLEANED,231.8,2026-01-05,205,1.13,WorthPoint
canyon-diablo,Meteorite Lot Of 5 With COAâ€™s - Campo Del Cielo - Canyon Diablo - 30+ Lbs,3295,2026-01-04,,,WorthPoint
canyon-diablo,Beautiful 260 Gm. Etched Campo Del Cielo Meteorite End Cut .57 Lbs.,236.55,2026-01-01,260,0.91,WorthPoint
canyon-diablo,26 Gm . CANYON DIABLO IRON METEORITE ARIZONA USA CASE MUSEUM GRADE,37.95,2025-12-31,26,1.46,WorthPoint
canyon-diablo,28.3 Grams OXIDE Canyon Diablo Meteor Crater OXIDITE Meteorite As Found Low Iron,22.99,2025-12-30,28.3,0.81,WorthPoint
canyon-diablo,Original Rail Slide - BNSF B'ton Northern Santa Fe 8281+ Canyon Diablo AZ 12-'97,11.61,2025-12-30,,,WorthPoint
canyon-diablo,Original Rail Slide - BN Burlington Northern 7067+ Canyon Diablo AZ 7-15-1988,7.15,2025-12-30,,,WorthPoint
canyon-diablo,Huge 1018 Gm Campo Del Cielo Meteorite Museum Collectors Grade 2.3 Lbs,1165.5,2025-12-29,1018,1.14,WorthPoint
canyon-diablo,12.4 Grams All The Canyon Diablo Meteor Oxide Crater OXIDITE Meteorites As Found,9.99,2025-12-29,12.4,0.81,WorthPoint
canyon-diablo,10.7 Grams All The Canyon Diablo Meteor Oxide Crater OXIDITE Meteorites As Found,7.99,2025-12-29,10.7,0.75,WorthPoint
canyon-diablo,31.5 Grams All The Canyon Diablo Meteor Oxide Crater Oxidite As Found Meteorites,24.99,2025-12-29,31.5,0.79,WorthPoint
canyon-diablo,Fred Harvey Lot Of 10 Vintage Phostint Postcards - Grand Canyon - NM AZ CA,13.5,2025-12-29,,,WorthPoint
canyon-diablo,62 G CANYON DIABLO IRON METEORITE Great Specimen AAA Grade Fast Shipping,38.95,2025-12-29,62,0.63,WorthPoint
canyon-diablo,20 Individuals 228 GMS SMALL CANYON DIABLO IRON METEORITES ARIZONA CLEANED JAL,236.55,2025-12-28,228,1.04,WorthPoint
canyon-diablo,236 Gm . CANYON DIABLO IRON METEORITE AAA GRADE; ARIZONA STAND .51 LBS,284.05,2025-12-26,236,1.2,WorthPoint
canyon-diablo,154 Gm CANYON DIABLO IRON METEORITE AAA GRADE ARIZONA STAND USA,189.95,2025-12-26,154,1.23,WorthPoint
canyon-diablo,5 PIECE LOT OF 520Gms. CANYON DIABLO IRON METEORITES TOP GRADE ARIZONA PATINA US,569.05,2025-12-26,520,1.09,WorthPoint
canyon-diablo,Original Rail Slide - ATSF Santa Fe Railway 5514+ Canyon Diablo AZ 7-15-1988,5.08,2025-12-26,,,WorthPoint
canyon-diablo,19 Tiny Individuals 163 GMS SMALL CANYON DIABLO IRON METEORITES ARIZONA,217.55,2025-12-23,163,1.33,WorthPoint
canyon-diablo,1900 Gm Wholesale Lot 93-212 Gm. Canyon Diablo Iron Meteorites Arizona Usa Jal,1515.25,2025-12-23,1900,0.8,WorthPoint
canyon-diablo,2000 Gm Wholesale Lot 48-100 Gm. Canyon Diablo Iron Meteorites Arizona Usa Jal,1420.25,2025-12-23,2000,0.71,WorthPoint
canyon-diablo,Canyon Diablo Nickel/iron Meteorite (410 Grams). See Letter Of Authenticity.,395,2025-12-23,410,0.96,WorthPoint
canyon-diablo,PAIR OF TOTAL WEIGHT 27gms. CANYON DIABLO IRON METEORITES ARIZONA Cases INCL,47.45,2025-12-23,27,1.76,WorthPoint
canyon-diablo,20.7 Grams Canyon Diablo Coconino From Rim Of Meteor Crater In Arizona 1980's,5.99,2025-12-23,20.7,0.29,WorthPoint
canyon-diablo,Lg 980 Gm Campo Del Cielo Meteorite Aaa Grade 2.1 Lbs Stand,1075.5,2025-12-23,980,1.1,WorthPoint
canyon-diablo,20 Individuals 166 GMS SMALL CANYON DIABLO IRON METEORITES ARIZONA,217.55,2025-12-22,166,1.31,WorthPoint
canyon-diablo,292 Gm New Campo Del Cielo Meteorite ;a Grade!! Beautiful Small Meteorite,331.74,2025-12-22,292,1.14,WorthPoint
canyon-diablo,4.85 Grams Canyon Diablo As Found Meteor Crater Iron Meteorite With A COA,11.99,2025-12-22,4.85,2.47,WorthPoint
canyon-diablo,Canyon Diablo Stardust Shavings / Crystals - 100% Pure & Natural,7,2025-12-21,,,WorthPoint
canyon-diablo,Glorieta Meteorite Stardust Shavings / Crystals - 100% Pure & Natural,7,2025-12-21,,,WorthPoint
canyon-diablo,10.4 Grams OXIDE Canyon Diablo Meteor Crater OXIDITE Meteorite As Found Low Iron,7.99,2025-12-21,10.4,0.77,WorthPoint
canyon-diablo,132 Gm. Las Palmas Campo Meteorite ; Museum Gd. Burn Hole,949.99,2025-12-21,132,7.2,WorthPoint
canyon-diablo,Canyon Diablo Iron Meteorite Etched Full Slice 21 Grams 2 Inch,47,2025-12-20,21,2.24,WorthPoint
canyon-diablo,5.92 Grams Polished Canyon Diablo Meteor Crater Iron Meteorite With A COA,11.99,2025-12-19,5.92,2.03,WorthPoint
canyon-diablo,198 Gm . CANYON DIABLO IRON METEORITE ; MUSEUM GRADE; ARIZONA .43+ Lbs,265.05,2025-12-17,198,1.34,WorthPoint
canyon-diablo,250 GM LOT OF CAMPO DEL CIELO METEORITE CRYSTALS FROM 10-15 Gm IN SIZE,128.25,2025-12-16,250,0.51,WorthPoint
canyon-diablo,250 GRS LOT OF CAMPO DEL CIELO METEORITE CRYSTALS FROM 5-10 Gm IN SIZE,128.25,2025-12-16,250,0.51,WorthPoint
canyon-diablo,Canyon Diablo Iron Meteorite 43.8 Grams 2 Inch Nice Piece! Cleaned Lightly,60,2025-12-16,43.8,1.37,WorthPoint
canyon-diablo,27.05 Grams All 5 Canyon Diablo Meteor Oxide Crater OXIDITE Meteorites As Found,21.49,2025-12-16,27.05,0.79,WorthPoint
canyon-diablo,Canyon Diablo Iron Meteorite Etched Full Slice 40.8 Grams 2.75 Inch,92,2025-12-16,40.8,2.25,WorthPoint
canyon-diablo,5.80 Grams Polished Canyon Diablo Meteor Crater Iron Meteorite With A COA,11.99,2025-12-16,5.8,2.07,WorthPoint
canyon-diablo,Vintage UDB Postcard Railroad Train Canyon Diablo Arizona PMC Paso Robles 1908,14.99,2025-12-15,,,WorthPoint
canyon-diablo,"Meteorite**NWA 17839, Ureilite**22.514 Gram, W/Micro Diamonds!!! ðŸ’Ž",76,2025-12-15,22.514,3.38,WorthPoint
canyon-diablo,10 Individuals 216 GMS SMALL CANYON DIABLO IRON METEORITES ARIZONA,236.55,2025-12-14,216,1.1,WorthPoint
canyon-diablo,45 Gm BABY CAMPO DEL CIELO METEORITE BEAUTIFUL AA GRADE METEORITE JAL,56.05,2025-12-14,45,1.25,WorthPoint
canyon-diablo,16.8 Grams OXIDE Canyon Diablo Meteor Crater OXIDITE Meteorite As Found Low Iron,12.99,2025-12-14,16.8,0.77,WorthPoint
canyon-diablo,8.25 Grams Canyon Diablo As Found Meteor Crater Iron Meteorite With A COA,18.99,2025-12-13,8.25,2.3,WorthPoint
canyon-diablo,"""CARBORUNDUM 3""""-4"""" 4-7 Oz Mineral Specimen All Chakra Healing Crystals Stones""",15.99,2025-12-13,198.45,0.08,WorthPoint
canyon-diablo,"544 Gm. Campo Del Cielo Individual Meteorite Aaa Gd, 1.2 Lbs. Std Beautiful Jal",616.55,2025-12-13,544,1.13,WorthPoint
canyon-diablo,206 GM. CANYON DIABLO IRON METEORITE TOP GRADE ARIZONA .45 Lbs,236.55,2025-12-13,206,1.15,WorthPoint
canyon-diablo,22 Grams Canyon Diablo Coconino From Rim Of Meteor Crater In Arizona 1980's,5.99,2025-12-12,22,0.27,WorthPoint
canyon-diablo,Lg 181 Gm Campo Del Cielo Meteorite Aaa Grade .4 Lbs Stand,179.1,2025-12-12,181,0.99,WorthPoint
canyon-diablo,Highest Quality Lot! Best Ever! New Campo Meteorite Shattered Crystals 500 Gms,250,2025-12-12,500,0.5,WorthPoint
canyon-diablo,Canyon Diablo Iron Meteorite Etched Full Slice 45 Grams 3 Inch,100,2025-12-12,45,2.22,WorthPoint
canyon-diablo,6.13 Grams OXIDE Canyon Diablo Meteor Crater OXIDITE Meteorite As Found Low Iron,5.99,2025-12-11,6.13,0.98,WorthPoint
canyon-diablo,160 Gm . CANYON DIABLO IRON METEORITE MUSEUM GD ARIZONA .35 LBS JAL Stand,224.1,2025-12-11,160,1.4,WorthPoint
canyon-diablo,20 Small Individuals 288 Gms Small Canyon Diablo Iron Meteorites Arizona,312.55,2025-12-10,288,1.09,WorthPoint
canyon-diablo,Lg 408 Gm Campo Del Cielo Meteorite Aa Grade .9 Lbs Stand,422.1,2025-12-10,408,1.03,WorthPoint
canyon-diablo,416 Gm . CANYON DIABLO IRON METEORITE TOP GRADE; ARIZONA .91 LBS,449.1,2025-12-10,416,1.08,WorthPoint
canyon-diablo,10 Individuals; 175 Gms . CANYON DIABLO IRON METEORITES ; ARIZONA PATINA USA,189.05,2025-12-08,175,1.08,WorthPoint
canyon-diablo,500 Gm Wholesale Lot 33-56 Gm. Canyon Diablo Iron Meteorites Arizona Usa Jal,474.05,2025-12-08,500,0.95,WorthPoint
canyon-diablo,Chris Peterson Canyon Diablo Meteorite Damascus Knife,300,2025-12-07,,,WorthPoint
canyon-diablo,810 GM. CAMPO DEL CIELO METEORITE ; B GRADE; BEAUTIFUL ;1.78 + Pounds; CHEAP!!,474.95,2025-12-07,810,0.59,WorthPoint
canyon-diablo,696 Gm Campo Del Cielo Meteorite Aa Grade 1.5 Lbs Low Low Price Beautiful Lg,629.1,2025-12-07,696,0.9,WorthPoint
canyon-diablo,Canyon Diablo Meteorite ~ Regmaglypts / Sculptured / Natural Patina ~ 7.60 Grams,50,2025-12-05,7.6,6.58,WorthPoint
canyon-diablo,Canyon Diablo Iron Meteorite,155,2025-12-04,,,WorthPoint
canyon-diablo,LARGE 226 Gm .CANYON DIABLO IRON METEORITE MUSEUM GRADE .5 # STD,279,2025-12-04,226,1.23,WorthPoint
canyon-diablo,638 Gm. Campo Del Cielo Meteorite Aa Grade 1.4 Lbs Stand Cleaned,474.96,2025-12-03,638,0.74,WorthPoint
canyon-diablo,6.41 Grams Polished Canyon Diablo Meteor Crater Iron Meteorite With A COA,12.99,2025-12-02,6.41,2.03,WorthPoint
canyon-diablo,14.5 Grams Canyon Diablo As Found Meteor Crater Iron Meteorite With A COA,25.99,2025-12-02,14.5,1.79,WorthPoint
canyon-diablo,6.85 Grams Polished Canyon Diablo Meteor Crater Iron Meteorite With A COA,13.99,2025-12-02,6.85,2.04,WorthPoint
canyon-diablo,9.67 Grams Polished Canyon Diablo Meteor Crater Iron Meteorite With A COA,18.99,2025-12-02,9.67,1.96,WorthPoint
canyon-diablo,23.3 Grams Canyon Diablo As Found Meteor Crater Iron Meteorite With A COA,39.99,2025-12-02,23.3,1.72,WorthPoint
canyon-diablo,8.18 Grams Canyon Diablo As Found Meteor Crater Iron Meteorite With A COA,18.99,2025-12-02,8.18,2.32,WorthPoint
canyon-diablo,Canyon Diablo Iron Meteorite Etched Full Slice 21.1 Grams 2 Inch,48,2025-12-02,21.1,2.27,WorthPoint
canyon-diablo,Original Rail Slide - ATSF Santa Fe Railway 8121+ Canyon Diablo AZ 7-15-1988,7,2025-12-02,,,WorthPoint
canyon-diablo,98 Gm . CANYON DIABLO IRON METEORITE AA GRADE ARIZONA STAND,132.48,2025-12-02,98,1.35,WorthPoint
canyon-diablo,224 Gm . CANYON DIABLO IRON METEORITE AAA GRADE; ARIZONA STAND,236.55,2025-12-01,224,1.06,WorthPoint
canyon-diablo,Canyon Diablo Iron Meteorite Etched Full Slice 31 Grams 2.75 Inch,70,2025-12-01,31,2.26,WorthPoint
canyon-diablo,"Meteorite**NWA 17839, Ureilite**24.348 Gram, W/Micro Diamonds!!! ðŸ’Ž",51,2025-12-01,24.348,2.09,WorthPoint
canyon-diablo,"Meteorite**NWA 17839, Ureilite**2.950 Gram, W/Micro Diamonds!!! ðŸ’Ž",10.5,2025-12-01,2.95,3.56,WorthPoint
canyon-diablo,90 GM. Canyon Diablo METEORITE AAA GRADE .2 Lb Arizona Usa Stand,122.55,2025-11-30,90,1.36,WorthPoint
canyon-diablo,Canyon Diablo Iron Meteorite 1198 Grams 4 Inches Killer Piece! Cleaned Beauty!,1500,2025-11-30,1198,1.25,WorthPoint
canyon-diablo,860 Gm . CANYON DIABLO IRON NICKEL METEORITE MUSEUM GRADE W/ STAND AND LABEL JAL,899.1,2025-11-30,860,1.05,WorthPoint
canyon-diablo,Meteorite And Tektite Collection USA & Argentina,39.99,2025-11-30,,,WorthPoint
canyon-diablo,558 Gm . CANYON DIABLO IRON NICKEL METEORITE ; TOP GRADE W/ STAND AND LABEL;,539.1,2025-11-29,558,0.97,WorthPoint
canyon-diablo,Canyon Diablo Iron Meteorite Etched End Cut 21.2 Grams 3 Inch,34,2025-11-29,21.2,1.6,WorthPoint
canyon-diablo,36 Gm CANYON DIABLO IRON METEORITE MUSEUM GRADE ARIZONA USA JAL,44.1,2025-11-28,36,1.23,WorthPoint
canyon-diablo,558 Gm. Campo Del Cielo Meteorite Aaa Grade Beautiful Meteorite 1.23lbs,629.1,2025-11-28,558,1.13,WorthPoint
canyon-diablo,7.18 Grams Polished Canyon Diablo Meteor Crater Iron Meteorite With A COA,15.99,2025-11-28,7.18,2.23,WorthPoint
canyon-diablo,342 Gm . CAMPO DEL CIELO METEORITE; A GRADE ; .75 LBS.,314.1,2025-11-27,342,0.92,WorthPoint
canyon-diablo,328 Gm . CANYON DIABLO IRON METEORITE MUSEUM GRADE ARIZONA STAND .72 LBS,359.1,2025-11-27,328,1.09,WorthPoint
canyon-diablo,388 Gm. New Campo Del Cielo Meteorite ;.85 Lbs Aaa Grade Very Few Left,359.96,2025-11-27,388,0.93,WorthPoint
canyon-diablo,Beautiful 222 Gm Campo Del Cielo Polished & Tumbled Etched Meteorite,179.95,2025-11-27,222,0.81,WorthPoint
canyon-diablo,1412 Gm. Campo Del Cielo Meteorite ; Aa Grade! Beautiful Meteorite; 3.1 Lbs,842.1,2025-11-27,1412,0.6,WorthPoint
canyon-diablo,Low Price! Super Shape! Campo Del Cielo Meteorite Shattered Crystal! 172 Gms,104.25,2025-11-26,172,0.61,WorthPoint
canyon-diablo,"Santa Fe M 1946' Deck Bridge HO Ga, 2 Tracks Assembled & Decorated.",399,2025-11-26,,,WorthPoint
canyon-diablo,2.78 Grams Canyon Diablo As Found Meteor Crater Iron Meteorite With A COA,5.99,2025-11-26,2.78,2.15,WorthPoint
canyon-diablo,51 GM. Canyon Diablo METEORITE AAA GRADE .11 Lb Arizona Usa Stand,62.1,2025-11-25,51,1.22,WorthPoint
canyon-diablo,7.48 Grams Polished Canyon Diablo Meteor Crater Iron Meteorite With A COA,14.99,2025-11-25,7.48,2,WorthPoint
canyon-diablo,12.4 Grams OXIDE Canyon Diablo Meteor Crater OXIDITE Meteorite As Found Low Iron,9.99,2025-11-24,12.4,0.81,WorthPoint
canyon-diablo,7.48 Grams OXIDE Canyon Diablo Meteor Crater OXIDITE Meteorite As Found Low Iron,5.99,2025-11-24,7.48,0.8,WorthPoint
canyon-diablo,15 Individuals 230 GMS SMALL CANYON DIABLO IRON METEORITES ARIZONA JAL,224.1,2025-11-24,230,0.97,WorthPoint
canyon-diablo,"Meteorite Lot Of 6, Allende-Bilanga-Campoâ€”Canyon Diablo-Djoumine-Seymchan",54.95,2025-11-24,,,WorthPoint
canyon-diablo,123 Gm . CANYON DIABLO IRON METEORITE ; MUSEUM GRADE; ARIZONA .27 Lbs,179.1,2025-11-24,123,1.46,WorthPoint
canyon-diablo,105 Gm . CANYON DIABLO IRON METEORITE AAA GRADE ARIZONA .23 Pounds USA STAND,134.1,2025-11-24,105,1.28,WorthPoint
canyon-diablo,500 GRS LOT OF CAMPO DEL CIELO METEORITE CRYSTALS FROM 50-100 Gm IN SIZE,251.75,2025-11-23,500,0.5,WorthPoint
canyon-diablo,Canyon Diablo Iron Meteorite Etched Full Slice 37.6 Grams 3 Inch,72.25,2025-11-23,37.6,1.92,WorthPoint
canyon-diablo,Canyon Diablo Iron Meteorite Etched Full Slice 41 Grams 3 Inch,78.2,2025-11-23,41,1.91,WorthPoint
canyon-diablo,109 GM. Canyon Diablo METEORITE AAA GRADE .24 Lb Arizona Usa Stand,134.1,2025-11-23,109,1.23,WorthPoint
canyon-diablo,120 Gm CANYON DIABLO IRON METEORITE AAA GRADE ARIZONA STAND USA,152.95,2025-11-23,120,1.27,WorthPoint
canyon-diablo,Canyon Diablo Iron Meteorite Meteor Crater ARIZONA Specimen W/ Case & ID Card,5.99,2025-11-22,,,WorthPoint
canyon-diablo,222 Gm . CANYON DIABLO IRON METEORITE MUSEUM GRADE ARIZONA STAND USA,269.1,2025-11-21,222,1.21,WorthPoint
canyon-diablo,2.28 Grams Canyon Diablo As Found Meteor Crater Iron Meteorite With A COA,5.99,2025-11-21,2.28,2.63,WorthPoint
canyon-diablo,20 Individuals 170 GMS SMALL CANYON DIABLO IRON METEORITES ARIZONA,206.1,2025-11-20,170,1.21,WorthPoint
canyon-diablo,20 Tiny Individuals 166 GMS SMALL CANYON DIABLO IRON METEORITES ARIZONA,224.1,2025-11-20,166,1.35,WorthPoint
canyon-diablo,500 Gm Wholesale Lot 10-40 Gm. Canyon Diablo Iron Meteorites Arizona Usa Jal,359.1,2025-11-19,500,0.72,WorthPoint
canyon-diablo,Beautiful 113 Gm. Etched Canyon Diablo Meteorite Pair Arizona Stands,206.1,2025-11-19,113,1.82,WorthPoint
canyon-diablo,100 Gm. CANYON DIABLO IRON METEORITE ; ARIZONA STAND INCLUDED TOP GRADE; USA,134.1,2025-11-18,100,1.34,WorthPoint
canyon-diablo,450 Gm Lot Of Various Iron Meteorite Pieces Incl. Sericho Pallasite Pieces.,224.1,2025-11-18,450,0.5,WorthPoint
canyon-diablo,87 Gm . CANYON DIABLO IRON METEORITE MUSEUM GRADE ARIZONA STAND USA,116.1,2025-11-17,87,1.33,WorthPoint
canyon-diablo,1.99 Grams Canyon Diablo As Found Meteor Crater Iron Meteorite With A COA,5.49,2025-11-17,1.99,2.76,WorthPoint
canyon-diablo,2.32 Grams Canyon Diablo As Found Meteor Crater Iron Meteorite With A COA,5.99,2025-11-17,2.32,2.58,WorthPoint
canyon-diablo,5.36 Grams Polished Canyon Diablo Meteor Crater Iron Meteorite With A COA,11.49,2025-11-17,5.36,2.14,WorthPoint
canyon-diablo,"Meteorite**NWA 17839, Ureilite**4.753 Gram, W/Micro Diamonds!!! ðŸ’Ž",28,2025-11-17,4.753,5.89,WorthPoint
canyon-diablo,Low Price! Super Shape! Big Campo Del Cielo Meteorite Shattered Crystal! 134 Gms,78.75,2025-11-15,134,0.59,WorthPoint
canyon-diablo,7.60 Grams Polished Canyon Diablo Meteor Crater Iron Meteorite With A COA,29.99,2025-11-14,7.6,3.95,WorthPoint
canyon-diablo,Landscape Base For Santa Fe M 1946' Deck Bridge HO Ga Decorated. (Base Only),299,2025-11-14,,,WorthPoint
canyon-diablo,614 GM. CAMPO DEL CIELO METEORITE A GRADE 1.35 Lbs. CHEAP! CLEANED SILICATE,449.1,2025-11-14,614,0.73,WorthPoint
canyon-diablo,392 Gm . CAMPO DEL CIELO METEORITE; BEAUTIFU AAA GRADE METEORITE!! .9+ LBS,422.28,2025-11-14,392,1.08,WorthPoint
canyon-diablo,414 Gm . CANYON DIABLO IRON METEORITE MUSEUM GD ARIZONA .91 LBS SCULPTURED JAL,629.1,2025-11-14,414,1.52,WorthPoint
canyon-diablo,1146 GM. CAMPO DEL CIELO METEORITE MED GRADE LARGE METEORITE 2.5 Lbs.,680.1,2025-11-13,1146,0.59,WorthPoint
canyon-diablo,Meteorites - Canyon Diablo Fine Dust Specimen Vial,12.95,2025-11-13,,,WorthPoint
canyon-diablo,1636 Gm. Campo Del Cielo Meteorite ; Med. Grade Cleaned; 3.46 Lbs.; Cheap!,809.1,2025-11-12,1636,0.49,WorthPoint
canyon-diablo,"""cool 3 1/8"""" Etched Canyon Diablo Meteorite, Arizona""",30,2025-11-12,,,WorthPoint
canyon-diablo,28 Gm . CANYON DIABLO IRON METEORITE ; A GRADE ; ARIZONA STAND USA,40.49,2025-11-12,28,1.45,WorthPoint
canyon-diablo,VINTAGE ADLAKE RAILROAD LOCK & CHAIN ATSF Santa Fe Railroad W/ Spike,8.95,2025-11-11,,,WorthPoint
canyon-diablo,36 Gm . CANYON DIABLO IRON METEORITE TOP GRADE ARIZONA STAND USA PATINA,44.1,2025-11-11,36,1.23,WorthPoint
canyon-diablo,10.6 Grams OXIDE Canyon Diablo Meteor Crater OXIDITE Meteorite As Found Low Iron,7.99,2025-11-11,10.6,0.75,WorthPoint
canyon-diablo,90 Gm . CANYON DIABLO IRON METEORITE ; AA GRADE; ARIZONA .2 Lbs STAND USA,116.1,2025-11-10,90,1.29,WorthPoint
canyon-diablo,1244 GM. NEW CAMPO DEL CIELO METEORITE ; AA+ GRADE!! 2.7+ Pound CLEANED,750,2025-11-10,1244,0.6,WorthPoint
canyon-diablo,340 Gm . CAMPO DEL CIELO METEORITE AAA GRADE .75 LBS. JAL,323,2025-11-10,340,0.95,WorthPoint
canyon-diablo,37 Gm . CANYON DIABLO IRON METEORITE ARIZONA USA CASE MUSEUM GRADE,53.95,2025-11-10,37,1.46,WorthPoint
canyon-diablo,286 Gm . CANYON DIABLO IRON METEORITE ; AAA GRADE ; ARIZONA .62 Pounds,314.1,2025-11-10,286,1.1,WorthPoint
canyon-diablo,49 Gm . CANYON DIABLO IRON METEORITE ARIZONA USA CASE MUSEUM GRADE,62.95,2025-11-09,49,1.28,WorthPoint
canyon-diablo,Canyon Diablo Graphite Nodule Meteorite End Piece Weight 5.65 Grams 1 Inch,47.6,2025-11-08,5.65,8.42,WorthPoint
canyon-diablo,Canyon Diablo Graphite Nodule Meteorite FULL SLICE Weight 2.94 Grams 1.2 Inch,25.5,2025-11-08,2.94,8.67,WorthPoint
canyon-diablo,43 Gm . CANYON DIABLO IRON METEORITE ARIZONA; USA CASE,49.45,2025-11-08,43,1.15,WorthPoint
canyon-diablo,"Canyon Diablo Meteorite Specimen 66 Grams, High Quality",95,2025-11-08,66,1.44,WorthPoint
canyon-diablo,114 Gm BABY CAMPO DEL CIELO METEORITE BEAUTIFUL B GRADE METEORITE JAL,143.1,2025-11-06,114,1.26,WorthPoint
canyon-diablo,46 Gm . CANYON DIABLO IRON METEORITE ARIZONA; USA CASE,53.95,2025-11-05,46,1.17,WorthPoint
canyon-diablo,2.20 Grams Canyon Diablo As Found Meteor Crater Iron Meteorite With A COA,5.99,2025-11-04,2.2,2.72,WorthPoint
canyon-diablo,5 Individuals; 65 Gms. CANYON DIABLO IRON METEORITES ; TOP GRADE; ARIZONA;PATINA,80.1,2025-10-31,65,1.23,WorthPoint
canyon-diablo,"VTG Postcard - CANYON DIABLO, ARIZONA Is A Gash In The Level Plain",8.84,2025-10-30,,,WorthPoint
canyon-diablo,88 Gm . CANYON DIABLO IRON METEORITE AAA GRADE ARIZONA STAND USA,129.95,2025-10-30,88,1.48,WorthPoint
canyon-diablo,"Canyon Diablo, A Gash In The Level Plain, 540' Wide And 222' Deep. Steel Bridge.",7.95,2025-10-29,,,WorthPoint
canyon-diablo,1000 Gm Wholesale Lot 0-50 Gm. Canyon Diablo Iron Meteorites Arizona Usa Jal,675,2025-10-29,1000,0.68,WorthPoint
canyon-diablo,141 Gm. Baby Campo Del Cielo Meteorite A+ Grade W Stand,152.1,2025-10-29,141,1.08,WorthPoint
canyon-diablo,Canyon Diablo Meteorite 1101gram Museum Quality Piece. See Pics,1200,2025-10-28,1101,1.09,WorthPoint
canyon-diablo,115 Gm. CANYON DIABLO IRON METEORITE ; ARIZONA STAND INCLUDED TOP GRADE; USA,152.1,2025-10-28,115,1.32,WorthPoint
canyon-diablo,88 Gm CANYON DIABLO IRON METEORITE MUSEUM GRADE ARIZONA STAND INCLUDED,125.1,2025-10-28,88,1.42,WorthPoint
canyon-diablo,180 Gm Baby Campo Del Cielo Meteorite A Grade! Stand Cleaned .4#,179.1,2025-10-28,180,1,WorthPoint
canyon-diablo,55 Gm . CANYON DIABLO IRON METEORITE MUSEUM GRADE ARIZONA STAND,71.1,2025-10-27,55,1.29,WorthPoint
canyon-diablo,STUNNING Meteorite 2281.0 G - 5 Lbs NO CUTS Iron EL DIABLO - Canyon Diablo ?,2800,2025-10-27,2281,1.23,WorthPoint
canyon-diablo,172 Gm CANYON DIABLO IRON METEORITE MUSEUM GRADE ARIZONA .37 LB USA JAL,179.1,2025-10-26,172,1.04,WorthPoint
canyon-diablo,36 Gm . CANYON DIABLO IRON METEORITE ARIZONA USA CASE,49.45,2025-10-26,36,1.37,WorthPoint
canyon-diablo,81 Gm . CANYON DIABLO IRON METEORITE MUSEUM GRADE ARIZONA,107.5,2025-10-25,81,1.33,WorthPoint
canyon-diablo,Canyon Diablo Graphite Nodule Meteorite FULL SLICE Weight 4.14 Grams 1.2 Inch,42,2025-10-25,4.14,10.14,WorthPoint
canyon-diablo,500 GM LOT OF CAMPO DEL CIELO METEORITE CRYSTALS FROM 10-15 Gm IN SIZE,251.75,2025-10-25,500,0.5,WorthPoint
canyon-diablo,250 Gm LOT OF CAMPO DEL CIELO METEORITE CRYSTALS 0-1 GMS IN SIZE LOWEST PRICE,128.25,2025-10-23,250,0.51,WorthPoint
canyon-diablo,HUGE 23.5 Kgm CAMPO DEL CIELO METEORITE AAA GD METEORITE 51.7 LB SCULPTURED JAL,16195.5,2025-10-23,23500,0.69,WorthPoint
canyon-diablo,375 Grams Old Route 66 Canyon Diablo American Meteorite Museum WALL BRICK ROCK,8.99,2025-10-22,375,0.02,WorthPoint
canyon-diablo,350 Gm. Baby Campo Del Cielo Meteorite Museum Grade! Beautiful .8 Lbs. Cleaned,299,2025-10-21,350,0.85,WorthPoint
canyon-diablo,Famous Meteor Crater Meteorite Etched Slice Diablo Canyon Arizona AZ COA 7055,99.95,2025-10-20,,,WorthPoint
canyon-diablo,146 Gm CANYON DIABLO IRON METEORITE TOP GRADE ARIZONA STAND USA,179.95,2025-10-20,146,1.23,WorthPoint
canyon-diablo,15.78 Gram - Graphite Nodule Full Slice - Canyon Diablo Meteorite Inclusion,150,2025-10-20,15.78,9.51,WorthPoint
canyon-diablo,Canyon Diablo Graphite Nodule Meteorite FULL SLICE Weight .572 Grams .5 Inch,10,2025-10-20,572,0.02,WorthPoint
canyon-diablo,Canyon Diablo Graphite Nodule Meteorite End Cut Weight .704 Grams .75 Inch,10,2025-10-20,704,0.01,WorthPoint
canyon-diablo,1242 Gm. Campo Del Cielo Meteorite Aaa Grade Sculptured 2.7 Lb Cleaned,899.1,2025-10-19,1242,0.72,WorthPoint
canyon-diablo,Iridescent Moissanite Specimen Silicon Carbide Crystal Cluster Mineral W ID Card,5.99,2025-10-18,,,WorthPoint
canyon-diablo,442 Gm. Campo Del Cielo Meteorite ; A Grade Meteorite 1 Pounds; Beautiful,302.1,2025-10-17,442,0.68,WorthPoint
canyon-diablo,Canyon Diablo Iron Nickel Meteorite Piece Impact Meteor Space Rock Asteroid Nice,19.95,2025-10-17,,,WorthPoint
canyon-diablo,4.30 Grams As Found Canyon Diablo Meteor Crater Iron Meteorite From Arizona,12.95,2025-10-17,4.3,3.01,WorthPoint
canyon-diablo,7.3 Grams As Found Canyon Diablo Meteor Crater Iron Meteorite From Arizona,18.99,2025-10-17,7.3,2.6,WorthPoint
canyon-diablo,748 Gm CAMPO DEL CIELO METEORITE BEAUTIFUL BABY AAA GD METEORITE 1.68LBS JAL,809.1,2025-10-16,748,1.08,WorthPoint
canyon-diablo,Original Rail Slide - LMX Leasing 8550+ Canyon Diablo AZ 12-2-1997,5.08,2025-10-15,,,WorthPoint
canyon-diablo,3.66 Grams Polished Canyon Diablo Meteor Crater Iron Meteorite With A COA,5.99,2025-10-13,3.66,1.64,WorthPoint
canyon-diablo,3.18 Grams Canyon Diablo As Found Meteor Crater Iron Meteorite With A COA,6.99,2025-10-13,3.18,2.2,WorthPoint
canyon-diablo,1728 Gm. Campo Del Cielo Meteorite ; Aa Grade! Meteorite! 3.8 Lbs,1345.5,2025-10-13,1728,0.78,WorthPoint
canyon-diablo,Beauty 62 Gm Canyon Diablo Etched Meteorite Slice Amazing Etch Quality Jal Usa .,89.96,2025-10-13,62,1.45,WorthPoint
canyon-diablo,632 Gm CAMPO DEL CIELO METEORITE BEAUTIFUL AAA GRADE METEORIT 1.4 POUNDS,683.1,2025-10-11,632,1.08,WorthPoint
canyon-diablo,"Canyon Diablo Meteorite, Arizona Meteorite, Space Gift, Authentic, 21.62g",68.8,2025-10-10,21.62,3.18,WorthPoint
canyon-diablo,1036 Gm. Campo Del Cielo Meteorite Collectors Gd. Sculptured Meteorite 2.3 Lbs,1799.1,2025-10-09,1036,1.74,WorthPoint
canyon-diablo,108 GM. Canyon Diablo METEORITE AAA GRADE .24 Lb Arizona Usa Stand,134.1,2025-10-09,108,1.24,WorthPoint
canyon-diablo,"CANYON DIABLO GIFT SET: 29.2g Meteorite Slice, Magnet & Stand, See Details!!",95,2025-10-09,29.2,3.25,WorthPoint
canyon-diablo,218 Gm. Campo Del Cielo Meteorite ; Museum Grade! Silicated Meteorite; .5 Lbs,241.1,2025-10-08,218,1.11,WorthPoint
canyon-diablo,86 Gm CANYON DIABLO IRON METEORITE MUSEUM GRADE ARIZONA STAND,107.1,2025-10-08,86,1.25,WorthPoint
canyon-diablo,Beautiful 150 Gm. Etched Canyon Diablo Meteorite Pair Arizona,323.1,2025-10-08,150,2.15,WorthPoint
canyon-diablo,Meteorite Collection Lot Twenty-Four Different Types Labeled With Display Box,450,2025-10-07,,,WorthPoint
canyon-diablo,6.28 Grams OXIDE Canyon Diablo Meteor Crater OXIDITE Meteorite As Found Low Iron,5.99,2025-10-05,6.28,0.95,WorthPoint
canyon-diablo,184 Grams Old Route 66 Canyon Diablo American Meteorite Museum WALL BRICK ROCK,5.49,2025-10-05,184,0.03,WorthPoint
canyon-diablo,99 GM. Canyon Diablo METEORITE AAA GRADE .22 Lb Arizona Usa,110,2025-10-04,99,1.11,WorthPoint
canyon-diablo,"Nininger Meteorite Crater Study Kit, New Old Stock Meteor Crater Canyon Diablo",51,2025-10-03,,,WorthPoint
canyon-diablo,20224 Dvd Box Set Bnsf Tracks Of The Old Santa Fe Collection,28.99,2025-10-03,,,WorthPoint
canyon-diablo,84 Gm . CANYON DIABLO IRON METEORITE MUSEUM GRADE ARIZONA STAND,134.1,2025-09-29,84,1.6,WorthPoint
canyon-diablo,29 Gm . CANYON DIABLO IRON METEORITE ; ARIZONA; PATINA ; USA; STAND,35.1,2025-09-27,29,1.21,WorthPoint
canyon-diablo,130 Gm CANYON DIABLO IRON METEORITE ARIZONA TOP Grade,152.95,2025-09-26,130,1.18,WorthPoint
canyon-diablo,Canyon Diablo Arizona 1901 Detroit Photographic Co. Santa Fe Railroad Postcard,9.95,2025-09-24,,,WorthPoint
canyon-diablo,140 Gm CANYON DIABLO METEORITE MUSEUM GRADE ARIZONA STAND INCLUDED Patina JAL,179.1,2025-09-24,140,1.28,WorthPoint
canyon-diablo,Beauty 46 Gm Canyon Diablo Etched Meteorite Slice Amazing Etch Quality Jal Usa .,71.95,2025-09-24,46,1.56,WorthPoint
canyon-diablo,1999 Arizona Highways - Lot Of Twelve (12 ) - Complete Year - January-december,18.99,2025-09-22,,,WorthPoint
canyon-diablo,Canyon Diablo Graphite Nodule Meteorite FULL SLICE Weight 18.67 Grams 2 Inch,187,2025-09-21,18.67,10.02,WorthPoint
canyon-diablo,Meteorite Fragments: Vial From Meteor Crater Arizona,8.99,2025-09-20,,,WorthPoint
canyon-diablo,"CANYON DIABLO Meteorite Display Label, Aluminum",6.5,2025-09-19,,,WorthPoint
canyon-diablo,1122 Gm. Campo Del Cielo Meteorite Aaa Grade!! Beautiful 2.45 Pounds; Cheap!,610,2025-09-18,1122,0.54,WorthPoint
canyon-diablo,1734 GM. CAMPO DEL CIELO METEORITE B GD 3.8 Lbs. INEXPENSIVE CLEANED SILICATE,899,2025-09-18,1734,0.52,WorthPoint
canyon-diablo,1656 Gm. New Campo Del Cielo Meteorite ; B Grade!! Beautiful; 3.64 Pounds; Cheap,895.5,2025-09-18,1656,0.54,WorthPoint
canyon-diablo,Beautiful 2092 Gm. Campo Del Cielo Meteorite 4.6 # Quarter Cut,989.1,2025-09-18,2092,0.47,WorthPoint
canyon-diablo,Beautiful 975 Gm. Etched Campo Del Cielo Meteorite Triple Cut,863.1,2025-09-18,975,0.89,WorthPoint
canyon-diablo,1234 GM. CAMPO DEL CIELO METEORITE B+ GRADE LARGE METEORITE 2.7 Lbs. CLEANED,719.1,2025-09-18,1234,0.58,WorthPoint
canyon-diablo,45 Gm . CANYON DIABLO IRON METEORITE AA GRADE ARIZONA STAND METEORITE CRATER,62.55,2025-09-16,45,1.39,WorthPoint
canyon-diablo,31 Gm CANYON DIABLO IRON METEORITE Top GRADE ARIZONA STAND INCLUDED USA,44.95,2025-09-16,31,1.45,WorthPoint
canyon-diablo,135 Gm . CANYON DIABLO IRON METEORITE AAA GRADE ARIZONA .3 Pounds USA STAND,170.1,2025-09-14,135,1.26,WorthPoint
canyon-diablo,"Canyon Diablo Iron IAB Coconino County, Arizona Found 1891 185.6 G",232,2025-09-12,185.6,1.25,WorthPoint
canyon-diablo,Beautiful 99 Gm. Etched Canyon Diablo Meteorite Pair Arizona Stands,179.1,2025-09-09,99,1.81,WorthPoint
canyon-diablo,58 Gm . CANYON DIABLO IRON METEORITE AA GRADE ARIZONA STAND METEORITE CRATER,71.55,2025-09-08,58,1.23,WorthPoint
canyon-diablo,733 Gm Canyon Diablo Arizona Iron Meteorite Complete Specimen Mountain Pk Shape,540,2025-09-08,733,0.74,WorthPoint
canyon-diablo,1991 Arizona Highways -complete Full Year-lot Of Twelve (12) -january - December,18.99,2025-09-06,,,WorthPoint
canyon-diablo,1082 Gm. Campo Del Cielo Meteorite B Grade 2.4 Lbs. Cheap Silicate Cleaned,629.1,2025-09-06,1082,0.58,WorthPoint
canyon-diablo,10 Gm . CANYON DIABLO IRON METEORITE ; ARIZONA; PATINA ; USA; CASE,17.1,2025-09-04,10,1.71,WorthPoint
canyon-diablo,49 Gm . CANYON DIABLO IRON METEORITE AA GRADE ARIZONA STAND METEORITE CRATER,62.55,2025-09-04,49,1.28,WorthPoint
canyon-diablo,"Winslow AZ-Arizona, Santa Fe Train Crossing Canyon Diablo, Vintage Postcard",9.99,2025-09-03,,,WorthPoint
canyon-diablo,1394 Gm CAMPO DEL CIELO METEORITE BEAUTIFUL AAA GRADE METEORITE 3.1 POUNDS,1529.1,2025-09-02,1394,1.1,WorthPoint
canyon-diablo,181 Gm . CANYON DIABLO IRON METEORITE ; AAA GRADE ; ARIZONA STAND USA .4#,224.1,2025-09-02,181,1.24,WorthPoint
canyon-diablo,CANYON DIABLO BRIDGE E Of Flagstaff Az Blackhawk Train Photo Slide 35mm Atsf,6,2025-09-02,,,WorthPoint
canyon-diablo,220 Gm CANYON DIABLO IRON METEORITE MUSEUM GRADE ARIZONA .48 LB USA JAL,251.1,2025-09-02,220,1.14,WorthPoint
canyon-diablo,436 Gm CAMPO DEL CIELO METEORITE BEAUTIFUL AA GRADE METEORITE .95 POUNDS,476.1,2025-09-02,436,1.09,WorthPoint
canyon-diablo,117 Gm CANYON DIABLO IRON METEORITE MUSEUM GRADE ARIZONA .26 LB USA JAL,161.1,2025-09-01,117,1.38,WorthPoint
canyon-diablo,290 Gm. Campo Del Cielo Meteorite ; B Grade!! .63 Pounds; Cheap!! Cheap!!,269.1,2025-08-31,290,0.93,WorthPoint
canyon-diablo,82 Gm . CANYON DIABLO IRON METEORITE MUSEUM GRADE ARIZONA STAND,132.1,2025-08-30,82,1.61,WorthPoint
canyon-diablo,Canyon Diablo Meteorite - 696 Grams,1187.5,2025-08-29,696,1.71,WorthPoint
canyon-diablo,1000 GRS LOT OF CAMPO DEL CIELO METEORITE CRYSTALS FROM 20-30 Gm IN SIZE,498.75,2025-08-29,1000,0.5,WorthPoint
canyon-diablo,71 Gm . CANYON DIABLO IRON METEORITE ARIZONA STAND AAA GRADE,89.96,2025-08-28,71,1.27,WorthPoint
canyon-diablo,71 Gm . CANYON DIABLO IRON METEORITE TOP GD ARIZONA JAL Patina Case,98.1,2025-08-26,71,1.38,WorthPoint
canyon-diablo,Dealer Lot! Highest Quality Ever! New Campo Meteorite Shattered Crystals 1 Kilo,450,2025-08-26,,,WorthPoint
canyon-diablo,Canyon Diablo Iron Meteorite 33.3 Grams 1. 5 Inch Killer Piece! Cleaned Beauty!,45,2025-08-26,33.3,1.35,WorthPoint
canyon-diablo,133 Gm . CANYON DIABLO IRON METEORITE MUSEUM GRADE ARIZONA .3 LBS JAL USA,199,2025-08-25,133,1.5,WorthPoint
canyon-diablo,126 Gm CANYON DIABLO IRON METEORITE TOP GRADE ARIZONA STAND USA,161.95,2025-08-25,126,1.29,WorthPoint
canyon-diablo,39 Gm . CANYON DIABLO IRON METEORITE ARIZONA; USA CASE,49.45,2025-08-25,39,1.27,WorthPoint
canyon-diablo,Canyon Diablo Etched Meteorite End Cut Weight 24.3 Grams 2 Inches,40,2025-08-25,24.3,1.65,WorthPoint
canyon-diablo,89 Gm . CANYON DIABLO IRON METEORITE MUSEUM GD ARIZONA .2 LBS JAL,125.1,2025-08-23,89,1.41,WorthPoint
canyon-diablo,Beautiful 196 Gm. Etched Canyon Diablo Meteorite Pair Arizona,269.1,2025-08-23,196,1.37,WorthPoint
canyon-diablo,114 Gm . CANYON DIABLO IRON METEORITE MUSEUM GRADE ARIZONA,188.5,2025-08-22,114,1.65,WorthPoint
canyon-diablo,200 Gm. Campo Del Cielo Meteorite A Grade! .44 Pound Cleaned Baby Campo Cheap,206.1,2025-08-22,200,1.03,WorthPoint
canyon-diablo,Canyon Diablo IAB Iron Meteorite Arizona 10.45 Grams,32.75,2025-08-22,10.45,3.13,WorthPoint
canyon-diablo,Canyon Diablo IAB Iron Meteorite Arizona 13.79 Grams,42.75,2025-08-22,13.79,3.1,WorthPoint
canyon-diablo,Beauty 22 Gm Canyon Diablo Etched Meteorite Slice Amazing Etch Quality Jal Usa,53.1,2025-08-22,22,2.41,WorthPoint
canyon-diablo,458 Gm . CANYON DIABLO IRON METEORITE MUSEUM GD ARIZONA 1.1 LBS JAL,494.1,2025-08-22,458,1.08,WorthPoint
canyon-diablo,108 Gm . CANYON DIABLO IRON METEORITE MUSEUM GD ARIZONA .24 LBS JAL,152.1,2025-08-18,108,1.41,WorthPoint
canyon-diablo,Atsf Santa Fe T Canyon Diablo Az 1978 Kodachrome Train Slide,6.5,2025-08-18,,,WorthPoint
canyon-diablo,50 Gm . CANYON DIABLO IRON METEORITE TOP GD ARIZONA JAL Patina Case,71.1,2025-08-18,50,1.42,WorthPoint
canyon-diablo,Lg 1006 Gm Campo Del Cielo Meteorite Museum Collectors Grade 2.2 Lbs,1165.5,2025-08-18,1006,1.16,WorthPoint
canyon-diablo,148 GM. Canyon Diablo METEORITE AAA GRADE!! BEAUTIFUL BABY METEORITE; .33#,179.1,2025-08-17,148,1.21,WorthPoint
canyon-diablo,"Canyon Diablo Iron IAB Found 1891 Coconino County, Arizona 9.3 G",15,2025-08-17,9.3,1.61,WorthPoint
canyon-diablo,"Canyon Diablo Iron IAB Found 1891 Coconino County, Arizona 5.3 G (Lot)",16,2025-08-17,5.3,3.02,WorthPoint
canyon-diablo,105 Gm . CANYON DIABLO IRON METEORITE MUSEUM GD ARIZONA .24 LBS JAL,134.1,2025-08-16,105,1.28,WorthPoint
canyon-diablo,St Aubin Meteorite Stardust Shavings / Crystals - 100% Pure & Natural,7,2025-08-16,,,WorthPoint
canyon-diablo,"Canyon Diablo Meteorite Pendant, Astronomy Gift, Authentic Meteorite, 8.10g",47.2,2025-08-15,8.1,5.83,WorthPoint
canyon-diablo,290 Gm. Campo Del Cielo Meteorite Aaa Grade!! Beautiful Baby Meteorite; .63#,314.1,2025-08-14,290,1.08,WorthPoint
canyon-diablo,7.35 Grams OXIDE Canyon Diablo Meteor Crater OXIDITE Meteorite As Found Low Iron,5.99,2025-08-14,7.35,0.81,WorthPoint
canyon-diablo,CANYON DIABLO Meteor Crater Iron Meteorite WHOLE Specimen WINSLOW ARIZONA,18.39,2025-08-14,,,WorthPoint
canyon-diablo,Beautiful 314 Gm. Etched Canyon Diablo Meteorite Pair Arizona,251.1,2025-08-13,314,0.8,WorthPoint
canyon-diablo,250 GRS LOT OF CAMPO DEL CIELO METEORITE CRYSTALS FROM 50-100 Gm IN SIZE,128.25,2025-08-12,250,0.51,WorthPoint
canyon-diablo,7.98 Grams OXIDE Canyon Diablo Meteor Crater OXIDITE Meteorite As Found Low Iron,6.99,2025-08-12,7.98,0.88,WorthPoint
canyon-diablo,17.2 Grams All The Canyon Diablo Meteor Oxide Crater OXIDITE Meteorites As Found,13.99,2025-08-12,17.2,0.81,WorthPoint
canyon-diablo,172 Gm. CANYON DIABLO IRON METEORITE ; ARIZONA STAND INCLUDED TOP GRADE; USA,179.1,2025-08-12,172,1.04,WorthPoint
canyon-diablo,Vintage Arizona Postcard TWO GUNS Route 40 Canyon Diablo Town 1960,8.99,2025-08-12,,,WorthPoint
canyon-diablo,1586 Gm. Campo Del Cielo Meteorite Museum Grade 3.5lbs. Stand Jal Ablation Cav,1799.1,2025-08-11,1586,1.13,WorthPoint
canyon-diablo,168 Gm . CANYON DIABLO IRON METEORITE ; TOP GRADE; ARIZONA STAND INCLUDED,179.1,2025-08-11,168,1.07,WorthPoint
canyon-diablo,43.3 Gram CANYON DIABLO Meteorite - IAB Iron Meteorite - TOP METEORITE,147,2025-08-10,43.3,3.39,WorthPoint
canyon-diablo,Canyon Diablo Etched Meteorite Full Slice Weight 37.3 Grams 2.25 Inches,84,2025-08-10,37.3,2.25,WorthPoint
canyon-diablo,98 Gm . CANYON DIABLO IRON METEORITE MUSEUM GD ARIZONA .22 LBS JAL,134.1,2025-08-07,98,1.37,WorthPoint
canyon-diablo,88 Gm . CANYON DIABLO IRON METEORITE MUSEUM GD ARIZONA .2 LBS JAL,116.1,2025-08-07,88,1.32,WorthPoint
canyon-diablo,195 Gm CANYON DIABLO IRON METEORITE MUSEUM GRADE ARIZONA .43 LB USA JAL,246.6,2025-08-07,195,1.26,WorthPoint
canyon-diablo,660 GM. CAMPO DEL CIELO METEORITE ; MED GRADE! METEORITE! 1.4 LBS. Cheap!!,359.96,2025-08-07,660,0.55,WorthPoint
canyon-diablo,"Canyon Diablo, Iron, IAB-MG Meteorite From Arizona, 1891, 68.7 Gram Individual",86,2025-08-06,68.7,1.25,WorthPoint
canyon-diablo,44 Gm CANYON DIABLO IRON METEORITE MUSEUM GRADE ARIZONA STAND INCLUDED USA,62.95,2025-08-06,44,1.43,WorthPoint
canyon-diablo,33 Gm CANYON DIABLO IRON METEORITE TOP GRADE ARIZONA STAND INCLUDED,44.95,2025-08-06,33,1.36,WorthPoint
canyon-diablo,790 Gm CAMPO DEL CIELO METEORITE BEAUTIFUL BABY AAA GD METEORITE 1.74 LBS JAL,854.95,2025-08-05,790,1.08,WorthPoint
canyon-diablo,Beauty 132 Gm Canyon Diablo Etched Meteorite Slice Amazing Etch Quality Jal Usa,179.1,2025-08-04,132,1.36,WorthPoint
canyon-diablo,17.6 Grams OXIDE Canyon Diablo Meteor Crater OXIDITE Meteorite As Found With COA,14.99,2025-08-04,17.6,0.85,WorthPoint
canyon-diablo,250 Gm . CANYON DIABLO IRON METEORITE MUSEUM GRADE ARIZONA STAND INCLUDED,250,2025-08-04,250,1,WorthPoint
canyon-diablo,Canyon Diablo Iron Nickel Meteorite Piece Asteroid Shard Meteor Nice Space Rock,134.95,2025-08-04,,,WorthPoint
canyon-diablo,Beauty 96 Gm Canyon Diablo Etched Meteorite Slice Amazing Etch Quality Jal Usa,134.1,2025-08-03,96,1.4,WorthPoint
canyon-diablo,Lot Of Meteorite Fragments & Gideon Knives,196.8,2025-08-02,,,WorthPoint
canyon-diablo,83 Gm . CANYON DIABLO IRON METEORITE ; AAA GRADE ; ARIZONA STAND .2 Lbs. USA,107.1,2025-08-01,83,1.29,WorthPoint
canyon-diablo,302 Gm CANYON DIABLO IRON METEORITE TOP GRADE ARIZONA STAND INCLUDED,296.96,2025-08-01,302,0.98,WorthPoint
canyon-diablo,38 Gm . CANYON DIABLO IRON METEORITE ; A GRADE ; ARIZONA STAND USA,53.99,2025-08-01,38,1.42,WorthPoint
canyon-diablo,Beautiful 1120 Gm. Campo Del Cielo Meteorite 2.5 # Quarter Cut;,539.1,2025-07-31,1120,0.48,WorthPoint
canyon-diablo,76 Gm CANYON DIABLO IRON METEORITE TOP GRADE ARIZONA STAND INCLUDED,89.1,2025-07-30,76,1.17,WorthPoint
canyon-diablo,63 Gm . CANYON DIABLO IRON METEORITE ; AAA GRADE ; ARIZONA STAND USA,71.99,2025-07-30,63,1.14,WorthPoint
canyon-diablo,79 Gm . CANYON DIABLO IRON METEORITE AAA GRADE ARIZONA STAND METEORITE CRATER,103.46,2025-07-29,79,1.31,WorthPoint
canyon-diablo,556 Gm CAMPO DEL CIELO METEORITE BEAUTIFUL AAA GRADE METEORITE 1.2 POUNDS JAL,692.1,2025-07-29,556,1.24,WorthPoint
canyon-diablo,500 GRS LOT OF CAMPO DEL CIELO METEORITE CRYSTALS FROM 5-10 Gm IN SIZE,251.75,2025-07-28,500,0.5,WorthPoint
canyon-diablo,152 Gm CANYON DIABLO IRON METEORITE MUSEUM GRADE ARIZONA STAND INCLUDED .33 LB,215.1,2025-07-27,152,1.42,WorthPoint
canyon-diablo,Arizona Meteor Crater,25,2025-07-27,,,WorthPoint
canyon-diablo,Beauty 159 Gm Canyon Diablo Etched Meteorite Slice Amazing Etch Quality Jal Usa,224.1,2025-07-27,159,1.41,WorthPoint
canyon-diablo,31.5 Gram CANYON DIABLO Meteorite - IAB Iron Meteorite - TOP METEORITE,107,2025-07-26,31.5,3.4,WorthPoint
canyon-diablo,Canyon Diablo Iron Meteorite 61.1 Grams 1.50 Inch Nice Piece! Cleaned Lightly,78,2025-07-25,61.1,1.28,WorthPoint
canyon-diablo,47 Gm . CANYON DIABLO IRON NICKEL METEORITE AA GRADE W/ STAND .,62.1,2025-07-25,47,1.32,WorthPoint
canyon-diablo,49 Gm . CANYON DIABLO IRON METEORITE TOP GRADE ARIZONA CASE,62.1,2025-07-25,49,1.27,WorthPoint
canyon-diablo,2 CANYON DIABLO Meteorites - Iron Meteorite - TOP METEORITE 11g & 16g,44.95,2025-07-24,11,4.09,WorthPoint
canyon-diablo,Canyon Diablo IAB Iron Meteorite Arizona 10.21 Grams,32.75,2025-07-24,10.21,3.21,WorthPoint
canyon-diablo,Canyon Diablo IAB Iron Meteorite Arizona 8.51 Grams,27.75,2025-07-24,8.51,3.26,WorthPoint
canyon-diablo,Beauty 87 Gm Canyon Diablo Etched Meteorite Slice Amazing Etch Quality Jal Usa,161.1,2025-07-23,87,1.85,WorthPoint
canyon-diablo,Beauty 55 Gm Canyon Diablo Etched Meteorite Slice Amazing Etch Quality Jal Usa,80.1,2025-07-23,55,1.46,WorthPoint
canyon-diablo,32.7 Grams All 12 Canyon Diablo Meteor Oxide Crater Oxidite As Found Meteorites,25.99,2025-07-22,32.7,0.79,WorthPoint
canyon-diablo,Beautiful 634 Gm Campo Del Cielo Meteorite Quarter Cut 2 Sides,404.1,2025-07-21,634,0.64,WorthPoint
canyon-diablo,Beautiful 144 Gm. Etched Canyon Diablo Meteorite Pair Arizona Stands,260.1,2025-07-21,144,1.81,WorthPoint
canyon-diablo,Canyon Diablo Etched Meteorite Full Slice Weight 35.4 Grams 2.25 Inches,80,2025-07-20,35.4,2.26,WorthPoint
canyon-diablo,Beauty 135 Gm Canyon Diablo Etched Meteorite Slice Amazing Etch Quality Jal Usa,140,2025-07-20,135,1.04,WorthPoint
canyon-diablo,210 Gms Tiny 2-4 Gm Canyon Diablo Iron Meteorites Arizona Usa,134.1,2025-07-19,210,0.64,WorthPoint
canyon-diablo,Canyon Diablo Etched Meteorite Full Slice Weight 27.1 Grams 2.5 Inches,61,2025-07-18,27.1,2.25,WorthPoint
canyon-diablo,"""Canyon Diablo """"as Found"""" Iron Meteorite From Meteor Crater Arizona 11 Grams""",37.95,2025-07-18,11,3.45,WorthPoint
canyon-diablo,142 Gm . CANYON DIABLO IRON METEORITE AAA GRADE; ARIZONA,179.95,2025-07-17,142,1.27,WorthPoint
canyon-diablo,1000 GRS LOT OF CAMPO DEL CIELO METEORITE CRYSTALS FROM 5-10 Gm IN SIZE,498.75,2025-07-17,1000,0.5,WorthPoint
canyon-diablo,596 Gm. Campo Del Cielo Meteorite ; Museum Grade!! Beautiful Baby Campo 1.3 Lb,539.1,2025-07-16,596,0.9,WorthPoint
canyon-diablo,47 Gm CANYON DIABLO IRON METEORITE And A 48 Gm. Campo Crystal,86,2025-07-16,47,1.83,WorthPoint
canyon-diablo,226 Grams Old Route 66 Canyon Diablo American Meteorite Museum WALL BRICK ROCK,7.49,2025-07-16,226,0.03,WorthPoint
canyon-diablo,48 Gm Campo Del Cielo Meteorite A Grade!! Cheap. Stand,53.95,2025-07-14,48,1.12,WorthPoint
canyon-diablo,2.37 Grams Canyon Diablo As Found Meteor Crater Iron Meteorite With A COA,6.49,2025-07-14,2.37,2.74,WorthPoint
canyon-diablo,8.15 Grams OXIDE Canyon Diablo Meteor Crater OXIDITE Meteorite As Found Low Iron,6.99,2025-07-13,8.15,0.86,WorthPoint
canyon-diablo,46 Gm . CANYON DIABLO IRON METEORITE AA GRADE; ARIZONA CASE,53.96,2025-07-13,46,1.17,WorthPoint
canyon-diablo,84 Gm CANYON DIABLO IRON METEORITE AAA GRADE ARIZONA STAND USA,107.96,2025-07-12,84,1.29,WorthPoint
canyon-diablo,136 Gm CANYON DIABLO IRON METEORITE AAA GRADE ARIZONA STAND USA,179.95,2025-07-12,136,1.32,WorthPoint
canyon-diablo,1148 Gm. Campo Del Cielo Meteorite B Grade 2.5 Lbs Cheap Stand Cleaned,629.96,2025-07-11,1148,0.55,WorthPoint
canyon-diablo,66 Gm CANYON DIABLO IRON METEORITE MUSEUM GRADE ARIZONA STAND INCLUDED Patina,80.1,2025-07-10,66,1.21,WorthPoint
canyon-diablo,61 Gm . CANYON DIABLO IRON METEORITE ; AAA GRADE ; ARIZONA STAND USA,71.99,2025-07-10,61,1.18,WorthPoint
canyon-diablo,46 Gm . CANYON DIABLO IRON METEORITE TOP GRADE; ARIZONA,62.95,2025-07-10,46,1.37,WorthPoint
canyon-diablo,"""cp084 TRAIN VIDEO DVD """"BNSF - CAJON, DIABLO, FLAGSTAFF""""""",16.99,2025-07-09,,,WorthPoint
canyon-diablo,151 Gm Campo Del Cielo Meteorite B Grade Low Low Price,120,2025-07-09,151,0.79,WorthPoint
canyon-diablo,Beautiful 474 Gm. Etched Campo Del Cielo Meteorite Triple Cut,314.1,2025-07-09,474,0.66,WorthPoint
canyon-diablo,166 Gm CANYON DIABLO IRON METEORITE AAA GRADE ARIZONA STAND INCLUDED .365 LBS,179.1,2025-07-08,166,1.08,WorthPoint
canyon-diablo,316 Gm . CANYON DIABLO IRON METEORITE ; TOP GRADE; ARIZONA STAND INCLUDED,296.1,2025-07-08,316,0.94,WorthPoint
canyon-diablo,10.2 Grams Canyon Diablo As Found Meteor Crater Iron Meteorite With A COA,17.99,2025-07-08,10.2,1.76,WorthPoint
canyon-diablo,36 Gms Tiny 0-2 Gm Canyon Diablo Iron Meteorites Arizona Usa,35,2025-07-08,36,0.97,WorthPoint
canyon-diablo,996 Gm CAMPO DEL CIELO METEORITE BEAUTIFUL AAA GRADE METEORITE 2.2 POUNDS,1075.5,2025-07-08,996,1.08,WorthPoint
canyon-diablo,Beauty 165 Gm Canyon Diablo Etched Meteorite Slice Amazing Etch Quality Jal Usa,224.1,2025-07-08,165,1.36,WorthPoint
canyon-diablo,94 Gm CANYON DIABLO IRON METEORITE AAA GRADE ARIZONA STAND USA,116.96,2025-07-08,94,1.24,WorthPoint
canyon-diablo,15.7 Grams Canyon Diablo As Found Meteor Crater Iron Meteorite With A COA,28.99,2025-07-07,15.7,1.85,WorthPoint
canyon-diablo,153 Gm . CANYON DIABLO IRON METEORITE AAA GRADE ARIZONA .33 Pounds USA STAND,188.1,2025-07-07,153,1.23,WorthPoint
canyon-diablo,1000 Gm LOT OF CAMPO DEL CIELO METEORITE CRYSTALS 3-5 GMS IN SIZE LOWEST PRICE,525,2025-07-06,1000,0.53,WorthPoint
canyon-diablo,125 Gm LOT OF CAMPO DEL CIELO METEORITE CRYSTALS 3-5 GMS IN SIZE LOWEST PRICE,65,2025-07-06,125,0.52,WorthPoint
canyon-diablo,148 Gm CANYON DIABLO IRON METEORITE AAA GRADE ARIZONA STAND USA,179.95,2025-07-06,148,1.22,WorthPoint
canyon-diablo,820 GM WHOLESALE LOT 16-75 GM CANYON DIABLO METEORITES ARIZONA USA JAL Patina,539.1,2025-07-06,820,0.66,WorthPoint
canyon-diablo,Canyon Diablo Graphite Nodule Meteorite FULL SLICE Weight 1.18 Grams .5 Inch,11,2025-07-05,1.18,9.32,WorthPoint
canyon-diablo,Canyon Diablo Graphite Nodule Meteorite FULL SLICE Weight 6.29 Grams 1.5 Inch,65,2025-07-05,6.29,10.33,WorthPoint
canyon-diablo,Huge 1690 Gm Campo Del Cielo Meteorite Aaa Museum Collectors Grade 3.7 Lbs Jal,2245.5,2025-07-04,1690,1.33,WorthPoint
canyon-diablo,20 Gm . CANYON DIABLO IRON METEORITE ARIZONA USA CASE,26.95,2025-07-04,20,1.35,WorthPoint
canyon-diablo,9158 Gm Campo Del Cielo Meteorite Aaa Grade. 20.2 Lbs Sculptured; Jal,7495.5,2025-07-03,9158,0.82,WorthPoint
canyon-diablo,13.3 Grams Canyon Diablo As Found Meteor Crater Iron Meteorite With A COA,22.99,2025-07-03,13.3,1.73,WorthPoint
canyon-diablo,944 Gm. Campo Del Cielo Meteorite ; Aa Grade!! 2.1+ Lbs. Strand Cleaned,656.96,2025-07-03,944,0.7,WorthPoint
canyon-diablo,944 Gm. Campo Del Cielo Meteorite ; A Grade!! Beautiful 2.1 Pounds; Cleaned,539.1,2025-07-03,944,0.57,WorthPoint
canyon-diablo,71 Gm CANYON DIABLO IRON METEORITE AAA GRADE ARIZONA STAND USA,89.96,2025-07-03,71,1.27,WorthPoint
canyon-diablo,6 Gm . CANYON DIABLO IRON METEORITE ARIZONA; USA CASE POLISHED,17.95,2025-07-03,6,2.99,WorthPoint
canyon-diablo,9.44 Grams Canyon Diablo Meteor Crater Cleaned Iron Meteorite With A COA,17.99,2025-07-02,9.44,1.91,WorthPoint
canyon-diablo,6.38 Grams OXIDE Canyon Diablo Meteor Crater OXIDITE Meteorite As Found Low Iron,5.99,2025-07-02,6.38,0.94,WorthPoint
canyon-diablo,37 Grams Canyon Diablo Coconino From Rim Of Meteor Crater - Old Collection,5.49,2025-07-01,37,0.15,WorthPoint
canyon-diablo,11.30 Grams All 6 Canyon Diablo Meteor Oxide Crater OXIDITE Meteorites As Found,8.99,2025-07-01,11.3,0.8,WorthPoint
canyon-diablo,1522 Gm. New Campo Del Cielo Meteorite A Grade!! Silicate 3.34 Pounds Stand,700,2025-07-01,1522,0.46,WorthPoint
canyon-diablo,Canyon Diablo Graphite Nodule Meteorite FULL SLICE Weight 21 Grams 2.25 Inch,210,2025-07-01,21,10,WorthPoint
canyon-diablo,346 Gm . CANYON DIABLO IRON METEORITE MUSEUM GRADE; ARIZONA .76 LBS SCULPTURED,399,2025-06-30,346,1.15,WorthPoint
canyon-diablo,Canyon Diablo Graphite Nodule Meteorite End Cut Weight .497 Grams .5 Inch,8,2025-06-30,497,0.02,WorthPoint
canyon-diablo,Canyon Diablo (Meteor Crater) Meteorite 27 Grams. Winslow Arizona,32,2025-06-30,27,1.19,WorthPoint
canyon-diablo,500 GM WHOLESALE LOT 1-30 GM CANYON DIABLO METEORITES ARIZONA USA JAL Patina,323.1,2025-06-30,500,0.65,WorthPoint
canyon-diablo,984 Gm CAMPO DEL CIELO METEORITE AAA GRADE METEORITE 2.2 POUNDS,1079.1,2025-06-29,984,1.1,WorthPoint
canyon-diablo,132 Gm . CANYON DIABLO IRON METEORITE ; MUSEUM GRADE; ARIZONA .3 Lbs,179.1,2025-06-29,132,1.36,WorthPoint
canyon-diablo,10 SPHEROIDS Canyon Diablo Meteor Crater Arizona Meteorite,12,2025-06-28,,,WorthPoint
canyon-diablo,C. 1900 Fred Harvey Sterling Silver Canyon Diablo Souvenir Spoon (24.1),100,2025-06-27,,,WorthPoint
canyon-diablo,43 Gm . CANYON DIABLO IRON METEORITE AA GRADE; ARIZONA CASE,53.96,2025-06-27,43,1.25,WorthPoint
canyon-diablo,2.5 Kilo Wholesale Lot Smaller Canyon Diablo Iron Meteorites Arizona Usa Jal,1600,2025-06-27,,,WorthPoint
canyon-diablo,1312 Gm . CANYON DIABLO IRON METEORITE MUSEUM COLLECTORS GD ARIZONA 2.9 LBS JAL,1709.1,2025-06-27,1312,1.3,WorthPoint
canyon-diablo,Canyon Diablo Iron Meteorite 942.5 Grams 4 Inches Killer Piece! Natural Patina,1250,2025-06-26,942.5,1.33,WorthPoint
canyon-diablo,Monstrous 334 Gm Campo Del Cielo Meteorite Crystal W/ Stand .73 Lb,350.55,2025-06-26,334,1.05,WorthPoint
canyon-diablo,162 Gm CANYON DIABLO IRON METEORITE AAA GRADE ARIZONA .35 LB USA JAL SCULPTURED,224.1,2025-06-25,162,1.38,WorthPoint
canyon-diablo,Canyon Diablo Graphite Nodule Meteorite FULL SLICE Weight 16.15 Grams 2 Inch,162,2025-06-25,16.15,10.03,WorthPoint
canyon-diablo,Beautiful 340 Gm. Etched Canyon Diablo Meteorite Pair Arizona,629.1,2025-06-25,340,1.85,WorthPoint
canyon-diablo,Canyon Diablo Meteorite - Arizona - 28 Grams,33,2025-06-25,28,1.18,WorthPoint
canyon-diablo,125 Gm LOT OF CAMPO DEL CIELO METEORITE CRYSTALS 1-3 GMS IN SIZE LOWEST PRICE,66.5,2025-06-25,125,0.53,WorthPoint
canyon-diablo,Meteorite 818 Grams Iron EL DIABLO - Canyon Diablo ? GREAT PIECE,370,2025-06-25,818,0.45,WorthPoint
canyon-diablo,Meteorite 228 Grams Iron EL DIABLO - Canyon Diablo ? Meteor,102.5,2025-06-25,228,0.45,WorthPoint
canyon-diablo,Canyon Diablo ~ Arizona ~ Iron Meteorite #2 ~ 138 Grams,149.99,2025-06-23,138,1.09,WorthPoint
canyon-diablo,Canyon Diablo ~ Arizona ~ Iron Meteorite #1 ~ 226 Grams,199.99,2025-06-23,226,0.88,WorthPoint
canyon-diablo,314 Gm. Campo Del Cielo Meteorite ; Aaa Grade!! Beautiful Museum Gd .7 Lbs,296.96,2025-06-21,314,0.95,WorthPoint
canyon-diablo,Beautiful 141 Gm. Etched Canyon Diablo Meteorite Pair Arizona,269.1,2025-06-21,141,1.91,WorthPoint
canyon-diablo,570 Gm.campo Del Cielo Meteorite ; Aaa Grade!! 1.3 Lbs.;,539.1,2025-06-20,570,0.95,WorthPoint
canyon-diablo,7 Grams As Found Canyon Diablo Meteor Crater Iron Meteorite From Arizona,21.95,2025-06-20,7,3.14,WorthPoint
canyon-diablo,125 GRS LOT OF CAMPO DEL CIELO METEORITE CRYSTALS FROM 5-10 Gm IN SIZE,61.75,2025-06-20,125,0.49,WorthPoint
canyon-diablo,46 Gm CANYON DIABLO IRON METEORITE AA GRADE ARIZONA CASE INCLUDED,62.95,2025-06-20,46,1.37,WorthPoint
canyon-diablo,864 Gm CAMPO DEL CIELO METEORITE BEAUTIFUL LG MUSEUM GD METEORITE 1.9 LBS JAL,1165.5,2025-06-20,864,1.35,WorthPoint
canyon-diablo,Beautiful 114 Gm. Etched Canyon Diablo Meteorite Pair Arizona,260.1,2025-06-18,114,2.28,WorthPoint
canyon-diablo,186 Gm Campo Del Cielo Meteorite A Grade .41 Lbs. Stand Cleaned,179.1,2025-06-18,186,0.96,WorthPoint
canyon-diablo,400 Gm. Campo Del Cielo Meteorite ; A Aa Grade! Gorgeous Baby Campo Meteorite,449.96,2025-06-18,400,1.12,WorthPoint
canyon-diablo,187 Grams Old Route 66 Canyon Diablo American Meteorite Museum WALL BRICK ROCK,5.49,2025-06-17,187,0.03,WorthPoint
canyon-diablo,240 Gm . CANYON DIABLO IRON METEORITE COLLECTORS GRADE; ARIZONA .53 LB USA JAL,359.1,2025-06-17,240,1.5,WorthPoint
canyon-diablo,59 Gm . CANYON DIABLO IRON METEORITE TOP GRADE; ARIZONA,71.33,2025-06-17,59,1.21,WorthPoint
canyon-diablo,2210 Gm CAMPO DEL CIELO METEORITE ; AAA GRADE 4.86+ Lbs.; Beautiful Lg.meteorite,1795.5,2025-06-17,2210,0.81,WorthPoint
canyon-diablo,402 Gm . CANYON DIABLO IRON METEORITE AAA GRADE ARIZONA .9 Pounds,404.1,2025-06-16,402,1.01,WorthPoint
canyon-diablo,5.18 Grams Canyon Diablo Meteor Crater Cleaned Iron Meteorite With A COA,9.99,2025-06-15,5.18,1.93,WorthPoint
canyon-diablo,1920s Arizona Canyon Diablo Railroad Train Albertype Occupation Postcard 25-5247,7.99,2025-06-14,,,WorthPoint
canyon-diablo,Canyon Diablo Graphite Nodule Meteorite End Piece Weight 11.11 Grams 1.5 Inch,94.35,2025-06-14,11.11,8.49,WorthPoint
canyon-diablo,140 Gm CANYON DIABLO IRON METEORITE AAA GRADE ARIZONA STAND .31 # USA,179.95,2025-06-13,140,1.29,WorthPoint
canyon-diablo,37 Gm . CANYON DIABLO IRON METEORITE MUSEUM GRADE; ARIZONA CASE,53.96,2025-06-13,37,1.46,WorthPoint
canyon-diablo,388 Gm . CANYON DIABLO IRON NICKEL METEORITE ; MUSEUM GRADE W/ STAND .85 LBS,449.1,2025-06-13,388,1.16,WorthPoint
canyon-diablo,CANYON DIABLO Meteor Crater Iron Meteorite POLISHED Specimen WINSLOW ARIZONA,55.99,2025-06-13,,,WorthPoint
canyon-diablo,Beautiful 402 Gm. Etched Campo Del Cielo Meteorite Sculptural Multi Cut .9 Lbs,314.1,2025-06-13,402,0.78,WorthPoint
canyon-diablo,Canyon Diablo Etched Meteorite Full Slice Weight 31 Grams 2.25 Inches,59.5,2025-06-12,31,1.92,WorthPoint
canyon-diablo,500 GM LOT OF CAMPO DEL CIELO METEORITE CRYSTALS FROM 15-20 Gm IN SIZE,251.75,2025-06-12,500,0.5,WorthPoint
canyon-diablo,"Vtg Linen Post Card Santa Fe Super Chief At Canyon Diablo, Arizona - Unposted",14.95,2025-06-12,,,WorthPoint
canyon-diablo,124 Gm CANYON DIABLO IRON METEORITE AAA GRADE ARIZONA STAND .27 # USA,161.95,2025-06-12,124,1.31,WorthPoint
canyon-diablo,3.97 Grams Canyon Diablo As Found Meteor Crater Iron Meteorite With A COA,8.5,2025-06-11,3.97,2.14,WorthPoint
canyon-diablo,7.35 Grams Canyon Diablo Meteor Crater Cleaned Iron Meteorite With A COA,15.5,2025-06-11,7.35,2.11,WorthPoint
canyon-diablo,196 Gm . CANYON DIABLO IRON METEORITE ; MUSEUM GRADE; ARIZONA .43+ Lbs,224.1,2025-06-11,196,1.14,WorthPoint
canyon-diablo,142 Gm . CANYON DIABLO IRON METEORITE AAA GRADE ARIZONA STAND METEORITE CRATER,179.55,2025-06-11,142,1.26,WorthPoint
canyon-diablo,222 Gm CANYON DIABLO IRON METEORITE MUSEUM GRADE ARIZONA LABEL AND STAND .49 #,217.89,2025-06-11,222,0.98,WorthPoint
canyon-diablo,494 Gm . CANYON DIABLO IRON METEORITE ; MUSEUM GRADE; ARIZONA; 1.1LBS,539.1,2025-06-10,494,1.09,WorthPoint
canyon-diablo,558 Gm CANYON DIABLO IRON METEORITE ARIZONA 1.23 Lbs MUSEUM Grade,629.95,2025-06-09,558,1.13,WorthPoint
canyon-diablo,Canyon Diablo Graphite Nodule Meteorite End Piece Weight 25.67 Grams 1.5 Inch,217.6,2025-06-09,25.67,8.48,WorthPoint
canyon-diablo,Canyon Diablo Graphite Meteorite Full Slice Weight 17.7 Grams 2 Inches,150.45,2025-06-09,17.7,8.5,WorthPoint
canyon-diablo,Beautiful 390 Gm. Campo Del Cielo Meteorite .85 Lb Sculptural Cut 6 Sides,251.95,2025-06-09,390,0.65,WorthPoint
canyon-diablo,364 Gm . CANYON DIABLO IRON METEORITE MUSEUM GRADE ; ARIZONA STAND .8 Lbs,404.1,2025-06-09,364,1.11,WorthPoint
canyon-diablo,1.778 Kgm CANYON DIABLO IRON METEORITE ARIZONA 3.91 Lbs MUSEUM GRADE JAL,1799.1,2025-06-09,1778,1.01,WorthPoint
canyon-diablo,129 Gm. Campo Del Cielo Meteorite Aaa Grade .28+ Lbs. Std Cleaned Polished Jal,152.95,2025-06-09,129,1.19,WorthPoint
canyon-diablo,Canyon Diablo Iron Meteorite 70 Grams 3 Inches Killer Piece! Cleaned Beauty!,76.5,2025-06-08,70,1.09,WorthPoint
canyon-diablo,Canyon Diablo Etched Meteorite Full Slice Weight 50.1 Grams 3 Inches,96.05,2025-06-08,50.1,1.92,WorthPoint
canyon-diablo,Canyon Diablo Graphite Meteorite Thin End Cut Weight 10.5 Grams 1.5 Inches,89.25,2025-06-08,10.5,8.5,WorthPoint
canyon-diablo,Canyon Diablo Etched Meteorite Full Slice Weight 38.2 Grams 2.5 Inches,73.1,2025-06-08,38.2,1.91,WorthPoint
canyon-diablo,53 Gm . CANYON DIABLO IRON METEORITE MUSEUM GRADE ARIZONA STAND,71.1,2025-06-08,53,1.34,WorthPoint
canyon-diablo,34.9 Grams Canyon Diablo As Found Meteor Crater Iron Meteorite With A COA,49.99,2025-06-08,34.9,1.43,WorthPoint
canyon-diablo,16.4 Grams Canyon Diablo As Found Meteor Crater Iron Meteorite With A COA,28.99,2025-06-08,16.4,1.77,WorthPoint
canyon-diablo,3.74 Grams Canyon Diablo As Found Meteor Crater Iron Meteorite With A COA,7.99,2025-06-08,3.74,2.14,WorthPoint
canyon-diablo,2.93 Grams Canyon Diablo Meteor Crater Cleaned Iron Meteorite With A COA,6.5,2025-06-08,2.93,2.22,WorthPoint
canyon-diablo,2.01 Grams Canyon Diablo Meteor Crater Cleaned Iron Meteorite With A COA,5.99,2025-06-06,2.01,2.98,WorthPoint
canyon-diablo,55 Gm CANYON DIABLO IRON METEORITE AAA GRADE ARIZONA CASE INCLUDED,60.71,2025-06-05,55,1.1,WorthPoint
canyon-diablo,"Odessa Iron Nickel Meteorites, Lot Of 8, Total Weight 427 Grams",395,2025-06-04,427,0.93,WorthPoint
canyon-diablo,"Lot Of 3 Railroad Books -Bridges, Trestles, Tunnels (Wilson, Anderson, Frary)",9.95,2025-06-04,,,WorthPoint
canyon-diablo,Canyon Diablo Iron Meteorite 50.8 Grams 1. 5 Inch Killer Piece! Cleaned Beauty!,65,2025-06-04,50.8,1.28,WorthPoint
canyon-diablo,105 Gm . CANYON DIABLO IRON METEORITE TOP GRADE; ARIZONA,104.69,2025-06-04,105,1,WorthPoint
canyon-diablo,Canyon Diablo Iron Meteorite Oxide Meteor Crater Northern Arizona Specimen,7.78,2025-06-03,,,WorthPoint
canyon-diablo,"Fabulous Toluca Meteorite, Complete Individual, Over 800 Grams, Rare Meteorite",600,2025-06-02,800,0.75,WorthPoint
canyon-diablo,77 Gm . CANYON DIABLO IRON METEORITE AAA GRADE ARIZONA STAND METEORITE CRATER,98.96,2025-06-01,77,1.29,WorthPoint
canyon-diablo,Meteorite Canyon Diablo Found 1891 Coconino County AZ,24.95,2025-06-01,,,WorthPoint
canyon-diablo,1240 GM. CAMPO DEL CIELO METEORITE B GRADE LARGE METEORITE 2.73 Lbs. CLEANED,647.19,2025-05-31,1240,0.52,WorthPoint
canyon-diablo,90.9 Gm . CANYON DIABLO IRON METEORITE ; AWESOME SHAPE; ARIZONA STAND,89.99,2025-05-31,90.9,0.99,WorthPoint
canyon-diablo,Beautiful 189 Gm. Etched Canyon Diablo Meteorite Pair Arizona,392.45,2025-05-30,189,2.08,WorthPoint
canyon-diablo,â€œNew Worlds In The Makingâ€ 1927 Astronomy Pictorial Comet Morehouse~Theophilus,12.99,2025-05-30,,,WorthPoint
canyon-diablo,"Original Slide- BNSF C44-9W 4698 & Train On Canyon Diablo,AZ Bridge 10/05",7.35,2025-05-29,,,WorthPoint
canyon-diablo,542 Gm. Campo Del Cielo Meteorite ; Med Grade! 1.1 Pounds; Stand; Cheap!!,554.9,2025-05-29,542,1.02,WorthPoint
canyon-diablo,304 Gm . CANYON DIABLO IRON METEORITE MUSEUM GRADE ARIZONA STAND .67 LBS,315.5,2025-05-27,304,1.04,WorthPoint
canyon-diablo,262 Gm . CANYON DIABLO IRON METEORITE TOP GRADE; ARIZONA .58 Lb.,247.31,2025-05-27,262,0.94,WorthPoint
canyon-diablo,185 Gm . CANYON DIABLO IRON METEORITE AAA GRADE ARIZONA STAND METEORITE CRATER,213.71,2025-05-27,185,1.16,WorthPoint
canyon-diablo,160 Gm . CANYON DIABLO IRON METEORITE MUSEUM GRADE ARIZONA STAND,179.1,2025-05-27,160,1.12,WorthPoint
canyon-diablo,Lg 190 Gm Campo Del Cielo Meteorite Aaa Grade 4.1 Lbs Stand,224.1,2025-05-27,190,1.18,WorthPoint
canyon-diablo,Canyon Diablo Etched Meteorite End Cut Weight 23 Grams 2.25 Inches,52,2025-05-26,23,2.26,WorthPoint
canyon-diablo,65 Gm . CANYON DIABLO IRON METEORITE MUSEUM GRADE; ARIZONA STAND,80.96,2025-05-25,65,1.25,WorthPoint
canyon-diablo,184 Gm Campo Del Cielo Meteorite A Grade!! Beautiful Cleaned. Stand,179.95,2025-05-25,184,0.98,WorthPoint
canyon-diablo,"Santa Fe Train, Canyon Diablo, Winslow, Arizona - Linen Postcard- Fred Harvey",9.99,2025-05-24,,,WorthPoint
canyon-diablo,"1901 - Train Crosses Canyon Diablo Trestle AZ, Atlantic & Pacific RR, Postcard",5,2025-05-24,,,WorthPoint
canyon-diablo,44 Gm . CANYON DIABLO IRON METEORITE TOP GRADE; ARIZONA STAND S POLISHED,49.46,2025-05-23,44,1.12,WorthPoint
canyon-diablo,682 Gm . CAMPO DEL CIELO METEORITE 1.5+ Pounds LOW LOW PRICE AAA GRADE CLEANED,566.19,2025-05-22,682,0.83,WorthPoint
canyon-diablo,28 Gm Campo Del Cielo Meteorite A Grade Beautiful Tiny Meteorite Stand,42.71,2025-05-21,28,1.53,WorthPoint
canyon-diablo,218 Gm CAMPO DEL CIELO METEORITE ; AA GRADE . 47 LBS CLEANED STAND,206.28,2025-05-21,218,0.95,WorthPoint
canyon-diablo,"Whole Canyon Diablo Iron Meteorite, 932 Grams",840,2025-05-20,932,0.9,WorthPoint
canyon-diablo,184 Gm . CANYON DIABLO IRON METEORITE AAA GRADE ARIZONA STAND USA,206.1,2025-05-19,184,1.12,WorthPoint
canyon-diablo,130 Gm . CANYON DIABLO IRON METEORITE ; AA GRADE; ARIZONA .3 Lbs STAND,144.99,2025-05-19,130,1.12,WorthPoint
canyon-diablo,Canyon Diablo Etched Meteorite Full Slice Weight 24.1 Grams 2.25 Inches,54,2025-05-16,24.1,2.24,WorthPoint
canyon-diablo,7.52 Grams OXIDE Canyon Diablo Meteor Crater OXIDITE Meteorite As Found Low Iron,5.99,2025-05-15,7.52,0.8,WorthPoint
canyon-diablo,Beautiful 586 Gm. Etched Campo Del Cielo Meteorite Quarter Cut,359.1,2025-05-15,586,0.61,WorthPoint
canyon-diablo,125 Gm LOT OF CAMPO DEL CIELO METEORITE CRYSTALS 0-1 GMS IN SIZE LOWEST PRICE,65,2025-05-14,125,0.52,WorthPoint
canyon-diablo,1940s Canyon Diablo Arizona Badger 2 Guns Service Station RPPC Postcard 25-4114,14.99,2025-05-14,2,7.5,WorthPoint
canyon-diablo,142 Gm CANYON DIABLO IRON METEORITE AAA GRADE ARIZONA STAND INCLUDED,189.05,2025-05-12,142,1.33,WorthPoint
canyon-diablo,13 Gm CANYON DIABLO IRON METEORITE TOP GRADE ARIZONA CASE INCLUDED,26.95,2025-05-12,13,2.07,WorthPoint
canyon-diablo,16 Gm CANYON DIABLO IRON METEORITE MUSEUM GRADE ARIZONA CASE INCLUDED,28.45,2025-05-12,16,1.78,WorthPoint
canyon-diablo,Meteorite Lot #3 Plus Moon And Mars,66,2025-05-12,,,WorthPoint
canyon-diablo,7.17 Grams OXIDE Canyon Diablo Meteor Crater OXIDITE Meteorite As Found Low Iron,5.99,2025-05-12,7.17,0.84,WorthPoint
canyon-diablo,"Canyon Diablo, Meteor Crater Iron Meteorite: 42.4g",110,2025-05-11,42.4,2.59,WorthPoint
canyon-diablo,7.18 Grams OXIDE Canyon Diablo Meteor Crater OXIDITE Meteorite As Found Low Iron,5.99,2025-05-09,7.18,0.83,WorthPoint
canyon-diablo,494 Gm .CAMPO DEL CIELO METEORITE ; AAA QUALITY; 1.1 LB BEAUTIFUL;,664.05,2025-05-09,494,1.34,WorthPoint
canyon-diablo,120 Gm . CANYON DIABLO IRON METEORITE ARIZONA .26 POUNDS AAA GRADE,141.55,2025-05-08,120,1.18,WorthPoint
canyon-diablo,ENORMOUS MUSEUM QUALITY 753g CANYON DIABLO METEORITE FULL SLICE FANTASTIC ETCH!,2095,2025-05-07,753,2.78,WorthPoint
canyon-diablo,7.67 Grams OXIDE Canyon Diablo Meteor Crater OXIDITE Meteorite As Found Low Iron,5.49,2025-05-06,7.67,0.72,WorthPoint
canyon-diablo,Beautiful 278 Gm. Canyon Diablo Meteorite Pair Arizona Very Light Etch Pattern,407.55,2025-05-04,278,1.47,WorthPoint
canyon-diablo,73 Gm . CANYON DIABLO IRON METEORITE ; AAA GRADE ; ARIZONA STAND USA,94.05,2025-05-04,73,1.29,WorthPoint
canyon-diablo,Santa Fe's Arizona Mainline | Pentrex DVD | Excellent Condition,16.99,2025-05-03,,,WorthPoint
canyon-diablo,160 Gm CANYON DIABLO IRON METEORITE MUSEUM GRADE ARIZONA STAND INCLUDED,217.55,2025-05-03,160,1.36,WorthPoint
canyon-diablo,72 Gm CANYON DIABLO IRON METEORITE MUSEUM GRADE ARIZONA STAND INCLUDED Patina,94.05,2025-05-02,72,1.31,WorthPoint
canyon-diablo,23 Gram Canyon Diablo Iron Meteorite - Shard Shape - Natural Ex Reed - Arizona,115,2025-05-02,23,5,WorthPoint
canyon-diablo,Iron Meteorite Fragment 60 Grams Canyon Diablo,49,2025-05-01,60,0.82,WorthPoint
canyon-diablo,Meteorites - 58.5g Canyon Diablo Nickel-Iron Meteorite Complete Individual,79.95,2025-05-01,58.5,1.37,WorthPoint
canyon-diablo,495 Grams Old Route 66 Canyon Diablo American Meteorite Museum WALL BRICK ROCK,11.99,2025-05-01,495,0.02,WorthPoint
canyon-diablo,178 Grams Old Route 66 Canyon Diablo American Meteorite Museum WALL BRICK ROCK,5.49,2025-05-01,178,0.03,WorthPoint
canyon-diablo,241 Grams Old Route 66 Canyon Diablo American Meteorite Museum WALL BRICK ROCK,7.49,2025-05-01,241,0.03,WorthPoint
canyon-diablo,295 Grams Old Route 66 Canyon Diablo American Meteorite Museum WALL BRICK ROCK,7.79,2025-05-01,295,0.03,WorthPoint
canyon-diablo,410 Grams Old Route 66 Canyon Diablo American Meteorite Museum WALL BRICK ROCK,9.99,2025-05-01,410,0.02,WorthPoint
canyon-diablo,Meteorites - 54.9g Canyon Diablo Nickel-Iron Meteorite Complete Individual,79.95,2025-05-01,54.9,1.46,WorthPoint
canyon-diablo,Canyon Diablo Graphite Meteorite Full Slice Weight 22.1 Grams 2.25 Inches,221,2025-05-01,22.1,10,WorthPoint
canyon-diablo,836 Gm CAMPO DEL CIELO METEORITE ;AAA GRADE METEORITE; 1.8 LB STAND,785,2025-04-29,836,0.94,WorthPoint
canyon-diablo,1076 Gm. Campo Del Cielo Meteorite B Grade ; 2.34 Lbs. Cheap! Cleaned Silicate,584.1,2025-04-29,1076,0.54,WorthPoint
canyon-diablo,194 Gm Campo Del Cielo Meteorite A Grade Beautiful .42 Lbs Cleaned Stand,179.95,2025-04-29,194,0.93,WorthPoint
canyon-diablo,268 Gm Campo Del Cielo Meteorite. B Grade Beautiful Cleaned Meteorite .58 Lbs,249,2025-04-29,268,0.93,WorthPoint
canyon-diablo,842 GM. CAMPO DEL CIELO METEORITE B+ GRADE 1.85+ Pound CLEANED STAND,539.96,2025-04-29,842,0.64,WorthPoint
canyon-diablo,55 Gm. CANYON DIABLO IRON METEORITE ; ARIZONA TOP GRADE; USA,59.99,2025-04-28,55,1.09,WorthPoint
canyon-diablo,11 Gm CANYON DIABLO IRON METEORITE MUSEUM GRADE ARIZONA CASE INCLUDED,28.45,2025-04-27,11,2.59,WorthPoint
canyon-diablo,Beautiful 858 Gm. Etched Campo Del Cielo Meteorite Quarter Cut,629.1,2025-04-26,858,0.73,WorthPoint
canyon-diablo,Beautiful 340 Gm. Etched Campo Del Cielo Meteorite Quarter Cut .75 Lbs,236.55,2025-04-26,340,0.7,WorthPoint
canyon-diablo,Canyon Diablo IAB Iron Meteorite Arizona 16.49 Grams,46.75,2025-04-26,16.49,2.84,WorthPoint
canyon-diablo,Canyon Diablo IAB Iron Meteorite Arizona 10.17 Grams,30.75,2025-04-26,10.17,3.02,WorthPoint
canyon-diablo,Canyon Diablo IAB Iron Meteorite Arizona 6.93 Grams,18.75,2025-04-26,6.93,2.71,WorthPoint
canyon-diablo,Canyon Diablo IAB Iron Meteorite Arizona 8.37 Grams,26.75,2025-04-26,8.37,3.2,WorthPoint
canyon-diablo,"Whole Odessa Iron Meteorite, 1062 Grams",795,2025-04-26,1062,0.75,WorthPoint
canyon-diablo,78 Gm CANYON DIABLO IRON METEORITE AA GRADE ARIZONA STAND INCLUDED,113.05,2025-04-25,78,1.45,WorthPoint
canyon-diablo,458 Gm . CANYON DIABLO IRON METEORITE MUSEUM GRADE; ARIZONA 1+ Lbs,541.46,2025-04-24,458,1.18,WorthPoint
canyon-diablo,"Sword - ""Ekleipsis""",21250,2025-04-23,,,WorthPoint
canyon-diablo,115 Gm . CANYON DIABLO IRON METEORITE ; AAA GRADE ; ARIZONA STAND USA,141.55,2025-04-23,115,1.23,WorthPoint
canyon-diablo,858 Gm. Campo Del Cielo Meteorite ; A Grade!! Beautiful 1.8 Pounds; Cheap!,499,2025-04-23,858,0.58,WorthPoint
canyon-diablo,266 Gm . CANYON DIABLO IRON METEORITE TOP GRADE ARIZONA STAND .58 LBS,329.95,2025-04-23,266,1.24,WorthPoint
canyon-diablo,734 GM. CAMPO DEL CIELO METEORITE ; AAA GRADE METEORITE 1.6+lbs.,675.97,2025-04-22,734,0.92,WorthPoint
canyon-diablo,Canyon Diablo IAB Iron Meteorite Arizona 13.12 Grams,33.75,2025-04-22,13.12,2.57,WorthPoint
canyon-diablo,230 Gm CANYON DIABLO IRON METEORITE MUSEUM GRADE ARIZONA STAND INCLUDED .5 LBS,251.95,2025-04-21,230,1.1,WorthPoint
canyon-diablo,82 Gm CANYON DIABLO IRON METEORITE MUSEUM GRADE ARIZONA STAND INCLUDED,107.1,2025-04-20,82,1.31,WorthPoint
canyon-diablo,"ORIGINAL SLIDE ATSF Santa Fe SD45-2R 5814 Action;Canyon Diablo,AZ;October 1988",11.77,2025-04-20,,,WorthPoint
canyon-diablo,Canyon Diablo Etched Meteorite End Cut Weight 26.3 Grams 1.75 Inches,50,2025-04-20,26.3,1.9,WorthPoint
canyon-diablo,40 Gm CANYON DIABLO IRON METEORITE MUSEUM GRADE ARIZONA STAND INCLUDED,53.1,2025-04-19,40,1.33,WorthPoint
canyon-diablo,500 GRS LOT OF CAMPO DEL CIELO METEORITE CRYSTALS FROM. 20-30 Gm IN SIZE,251.75,2025-04-19,500,0.5,WorthPoint
canyon-diablo,196 Gm CANYON DIABLO IRON METEORITE TOP GRADE ARIZONA STAND INCLUDED,227.05,2025-04-19,196,1.16,WorthPoint
canyon-diablo,Seymchan Meteorite Stardust Shavings / Crystals - 100% Pure & Natural,7,2025-04-19,,,WorthPoint
canyon-diablo,BOTH HALVES OF ETCHED 174 Gm CANYON DIABLO IRON METEORITE 116 & 58 Gm ARIZONA,379.95,2025-04-18,174,2.18,WorthPoint
canyon-diablo,184 Gm CANYON DIABLO IRON METEORITE MUSEUM GRADE ARIZONA STAND INCLUDED,265.95,2025-04-17,184,1.45,WorthPoint
canyon-diablo,36 Gm CANYON DIABLO IRON METEORITE MUSEUM GRADE ARIZONA STAND INCLUDED,44.1,2025-04-15,36,1.23,WorthPoint
canyon-diablo,Canyon Diablo Etched Meteorite Full Slice Weight 34.8 Grams 2 Inches,78,2025-04-15,34.8,2.24,WorthPoint
canyon-diablo,128 Gm . CANYON DIABLO IRON METEORITE ; MUSEUM GRADE; ARIZONA STAND .3 #,151.05,2025-04-15,128,1.18,WorthPoint
canyon-diablo,"""Route 66: Two Guns, Arizona, FS Matchcover """"Fire Up With Two Gun Gasâ€""",12.95,2025-04-15,,,WorthPoint
canyon-diablo,"Route 66: Two Gun Town Motel In Two Guns, Arizona, FS Matchcover",7.95,2025-04-15,,,WorthPoint
canyon-diablo,49 Gm CANYON DIABLO IRON METEORITE MUSEUM GRADE ARIZONA STAND INCLUDED,62.1,2025-04-14,49,1.27,WorthPoint
canyon-diablo,18 Gm CANYON DIABLO IRON METEORITE TOP GRADE ARIZONA STAND INCLUDED,28.45,2025-04-14,18,1.58,WorthPoint
canyon-diablo,226 Gm . CANYON DIABLO IRON METEORITE ; MUSEUM GRADE; ARIZONA .5+ Lbs,284.05,2025-04-14,226,1.26,WorthPoint
canyon-diablo,Canyon Diablo Az - 1911 Used Postcard - Incredible Railroad Bridge,6.45,2025-04-14,,,WorthPoint
canyon-diablo,826 Gm Canyon Diablo Iron Meteorite,300,2025-04-14,826,0.36,WorthPoint
canyon-diablo,Huge 45 Kgms Campo Del Cielo Meteorite Aaa Collectors Museum Grade 99 Lbs. Jal,40608.44,2025-04-13,45000,0.9,WorthPoint
canyon-diablo,1090 Gm. Campo Del Cielo Meteorite ; A Grade Meteorite; Beautiful 2.4 Lbs.,631.7,2025-04-13,1090,0.58,WorthPoint
canyon-diablo,38 Gm CANYON DIABLO IRON METEORITE TOP GRADE ARIZONA STAND INCLUDED,47.45,2025-04-12,38,1.25,WorthPoint
canyon-diablo,62 Gm CANYON DIABLO IRON METEORITE MUSEUM GRADE ARIZONA STAND INCLUDED Patina,79.8,2025-04-12,62,1.29,WorthPoint
canyon-diablo,100g CANYON DIABLO IRON METEORITE MUSEUM GRADE ARIZONA FANTASTIC SHAPE PATINA,149.99,2025-04-12,100,1.5,WorthPoint
canyon-diablo,"Meteorite**Canyon Diablo, Graphite Nodule!**10.159 Gram, Rare W/Historical Label",325,2025-04-12,10.159,31.99,WorthPoint
canyon-diablo,158 Gm . CANYON DIABLO IRON METEORITE MUSEUM GRADE ARIZONA STAND,179.1,2025-04-11,158,1.13,WorthPoint
canyon-diablo,"Whole Odessa Iron Meteorite, 162 Grams",175,2025-04-11,162,1.08,WorthPoint
canyon-diablo,Beautiful 778 Gm. Etched Campo Del Cielo Meteorite Quarter Cut,521.55,2025-04-10,778,0.67,WorthPoint
canyon-diablo,Set Of 4 Postcards Santa Fe Train Crossing Canyon Diablo Arizona,7.99,2025-04-09,,,WorthPoint
canyon-diablo,630 Gm Campo Del Cielo Meteorite Aaa Grade Meteorite Silicated 1.4# Std Cleaned,630.22,2025-04-09,630,1,WorthPoint
canyon-diablo,Brian Wilhoite Canyon Diablo Bowie White Stag Stainless Fixed Blade Knife C28,55.95,2025-04-08,,,WorthPoint
canyon-diablo,3688 Gm Campo Del Cielo Meteorite Aaa Grade 8.1 Lbs Lowest Price Jal,3651.07,2025-04-08,3688,0.99,WorthPoint
canyon-diablo,Canyon Diablo Iron Meteorite Specimen Meteor Crater ARIZONA W/ Case & ID Card,8.98,2025-04-07,,,WorthPoint
canyon-diablo,69 Gm . CANYON DIABLO IRON METEORITE ; AAA GRADE ; ARIZONA STAND USA,90.24,2025-04-04,69,1.31,WorthPoint
canyon-diablo,78 Gm Baby Campo Del Cielo Meteorite A Grade Stand Included,89.35,2025-04-03,78,1.15,WorthPoint
canyon-diablo,368 Gm CAMPO DEL CIELO METEORITE BEAUTIFUL VERY FINE METEORITE .81 POUNDS,102.5,2025-04-02,368,0.28,WorthPoint
canyon-diablo,232 Gm . CANYON DIABLO IRON METEORITE ; TOP GRADE ; ARIZONA STAND .51 Lbs,224.1,2025-03-31,232,0.97,WorthPoint
canyon-diablo,108 Gm . CAMPO DEL CIELO METEORITE PART A GRADE ; .71 LBS.,105.97,2025-03-31,108,0.98,WorthPoint
canyon-diablo,172 Gm . CANYON DIABLO IRON METEORITE ARIZONA .38 POUNDS AAA GRADE,217.55,2025-03-30,172,1.26,WorthPoint
canyon-diablo,Canyon Diablo IAB Iron Meteorite Arizona 25.19 Grams,67.75,2025-03-30,25.19,2.69,WorthPoint
canyon-diablo,Canyon Diablo IAB Iron Meteorite Arizona 6.27 Grams,17.75,2025-03-30,6.27,2.83,WorthPoint
canyon-diablo,Canyon Diablo IAB Iron Meteorite Arizona 8.39 Grams,26.75,2025-03-30,8.39,3.19,WorthPoint
canyon-diablo,Canyon Diablo IAB Iron Meteorite Arizona 7.58 Grams,24.75,2025-03-30,7.58,3.27,WorthPoint
canyon-diablo,480 Gm. Campo Del Cielo Meteorite ; Aaa Grade!! Beautiful 1.1 Pound;,487.31,2025-03-30,480,1.02,WorthPoint
canyon-diablo,103 Gm. Campo Del Cielo Meteorite Museum Grade!!. Stand The Very Best,189.95,2025-03-29,103,1.84,WorthPoint
canyon-diablo,23 Gm . CANYON DIABLO IRON METEORITE ; ARIZONA; PATINA ; USA; CASE,27.55,2025-03-27,23,1.2,WorthPoint
canyon-diablo,Canyon Diablo Etched Meteorite Full Slice Weight 28.3 Grams 2 Inches,63,2025-03-27,28.3,2.23,WorthPoint
canyon-diablo,"192 Gm. Campo Del Cielo Individual Meteorite A Grade, .42 Lbs. Stand Cleaned",218.5,2025-03-26,192,1.14,WorthPoint
canyon-diablo,Canyon Diablo-Chelyabinsk-Etched Slab-Pallasite Meteorite Get All 4 For 1 Price!,199.95,2025-03-24,,,WorthPoint
canyon-diablo,7 Gm CANYON DIABLO IRON METEORITE TOP GRADE ARIZONA CASE INCLUDED,18.95,2025-03-23,7,2.71,WorthPoint
canyon-diablo,"2,546g GIBEON IRON METEORITE NAMIBIA, AFRICA 5.61 LBS",2225,2025-03-22,546,4.08,WorthPoint
canyon-diablo,49 Gm . CANYON DIABLO IRON METEORITE ; AAA GRADE ; ARIZONA STAND USA,56.05,2025-03-22,49,1.14,WorthPoint
canyon-diablo,Canyon Diablo Graphite Nodule Meteorite Slice Weight 5.09 Grams 1.5 Inch,50,2025-03-21,5.09,9.82,WorthPoint
canyon-diablo,Canyon Diablo Graphite Nodule Meteorite Slice Weight 5.54 Grams 1.5 Inch,56,2025-03-21,5.54,10.11,WorthPoint
canyon-diablo,88 Gm . CANYON DIABLO IRON METEORITE ARIZONA STAND AAA GRADE,123.45,2025-03-20,88,1.4,WorthPoint
canyon-diablo,70 Gm CANYON DIABLO IRON METEORITE MUSEUM GRADE ARIZONA STAND INCLUDED,94.05,2025-03-19,70,1.34,WorthPoint
canyon-diablo,Monstrous 308 Gm Campo Del Cielo Meteorite Crystal W/ Stand,296.1,2025-03-19,308,0.96,WorthPoint
canyon-diablo,91 Gm CANYON DIABLO IRON METEORITE TOP GRADE ARIZONA STAND INCLUDED,113.05,2025-03-19,91,1.24,WorthPoint
canyon-diablo,82 Gm . CANYON DIABLO IRON METEORITE ; AAA GRADE ; ARIZONA STAND .2 Lbs. USA,113.05,2025-03-19,82,1.38,WorthPoint
canyon-diablo,"1909. Canyon Diablo, Arizona. Postcard Yd03",7,2025-03-18,,,WorthPoint
canyon-diablo,256 Gm . CAMPO DEL CIELO METEORITE .56 Pounds LOW LOW PRICE B GRADE,189.05,2025-03-17,256,0.74,WorthPoint
canyon-diablo,550 Gm . CANYON DIABLO IRON METEORITE ; MUSEUM GRADE; ARIZONA STAND 1.2 LBS,664.96,2025-03-17,550,1.21,WorthPoint
canyon-diablo,Beautiful 66 Gm. Etched Canyon Diablo Meteorite Slab Arizona,160.55,2025-03-16,66,2.43,WorthPoint
canyon-diablo,25.8 Grams Of All The Canyon Diablo Meteor Oxide Crater OXIDITE Meteorites + COA,19.99,2025-03-15,25.8,0.77,WorthPoint
canyon-diablo,24.6 Grams Of All The Canyon Diablo Meteor Oxide Crater OXIDITE Meteorites + COA,18.99,2025-03-15,24.6,0.77,WorthPoint
canyon-diablo,"Canyon Diablo AZ-Arizona, Limited Crossing Train, Vintage Postcard",9.99,2025-03-14,,,WorthPoint
canyon-diablo,5 â€œfred Harveyâ€ 1910-45 Photo Postcards & Postcard Pack Clovis New Mexico 1915-3,7.5,2025-03-14,,,WorthPoint
canyon-diablo,250 GRS LOT OF CAMPO DEL CIELO METEORITE CRYSTALS FROM 30-50 Gm IN SIZE,128.25,2025-03-14,250,0.51,WorthPoint
canyon-diablo,"54 Gram Canyon Diablo Etched Edge Slice Meteorite - Iron, IAB-MG - 1891 Arizona",174.99,2025-03-14,54,3.24,WorthPoint
canyon-diablo,Meteorites - 54.9g Canyon Diablo Iron Meteorite Polished And Etched End Piece,132.95,2025-03-14,54.9,2.42,WorthPoint
canyon-diablo,95 Gm . CANYON DIABLO IRON METEORITE ARIZONA STAND AAA GRADE,123.45,2025-03-13,95,1.3,WorthPoint
canyon-diablo,2 Kg. Campo Del Cielo Meteorite Crystals 0-1 Gms & 2 Kg Larger Size Of Choice,1900,2025-03-13,1,1900,WorthPoint
canyon-diablo,Soupy Saw Filings From Various Meteorites Still Mixed With The Saw Oil,75,2025-03-12,,,WorthPoint
canyon-diablo,138 Gm . CAMPO DEL CIELO METEORITE B GRADE ; .3 LBS.,122.55,2025-03-11,138,0.89,WorthPoint
canyon-diablo,1000 GRS LOT OF CAMPO DEL CIELO METEORITE CRYSTALS FROM 100 PLUS Gms. IN SIZE,525,2025-03-11,1000,0.53,WorthPoint
canyon-diablo,77 Gm . CANYON DIABLO IRON METEORITE ; AAA GRADE ; ARIZONA STAND USA,94.05,2025-03-10,77,1.22,WorthPoint
canyon-diablo,120 Gm . CAMPO DEL CIELO METEORITE B GRADE ; .26 LBS.,132.05,2025-03-10,120,1.1,WorthPoint
canyon-diablo,412 Gm CAMPO DEL CIELO METEORITE BEAUTIFUL AAA GRADE METEORITE .9 POUNDS,422.1,2025-03-09,412,1.02,WorthPoint
canyon-diablo,Beautiful 480 Gm. Etched Campo Del Cielo Meteorite Quad Cut,314.1,2025-03-09,480,0.65,WorthPoint
canyon-diablo,1954 Gm CAMPO DEL CIELO METEORITE BEAUTIFUL LG MUSEUM GRADE METEORITE 4.3 LBS,2695.5,2025-03-08,1954,1.38,WorthPoint
canyon-diablo,374 Gm CAMPO DEL CIELO METEORITE BEAUTIFUL AAA GRADE METEORITE .83 POUNDS,375,2025-03-08,374,1,WorthPoint
canyon-diablo,1874 Gm .CAMPO DEL CIELO METEORITE ;B GRADE; 4.1+ LBS BEAUTIFUL; CHEAP,895.5,2025-03-08,1874,0.48,WorthPoint
canyon-diablo,10 Individuals 266 GMS SMALL CANYON DIABLO IRON METEORITES ARIZONA CLEAN POLISH,314.1,2025-03-07,266,1.18,WorthPoint
canyon-diablo,43 Gm CANYON DIABLO IRON METEORITE TOP GRADE ARIZONA STAND INCLUDED,49.45,2025-03-06,43,1.15,WorthPoint
canyon-diablo,1792 GM. CAMPO DEL CIELO METEORITE ;AA GRADE LARGE METEORITE 3.94 Lbs. CHEAP!,989.1,2025-03-06,1792,0.55,WorthPoint
canyon-diablo,#4 42.40ct Natural Raw Rock From Space Arizona USA Diablo Meteorite 8.45g 22mm,20.95,2025-03-06,8.45,2.48,WorthPoint
canyon-diablo,Large 2550 Gm Campo Del Cielo Meteorite Aa Grade 5.6 Lbs Low Low Price,1169.1,2025-03-06,2550,0.46,WorthPoint
canyon-diablo,37 Gm . CANYON DIABLO IRON METEORITE ; AAA GRADE ; ARIZONA STAND USA,44.1,2025-03-05,37,1.19,WorthPoint
canyon-diablo,42 Gm . CANYON DIABLO IRON METEORITE TOP GRADE; ARIZONA STAND S POLISHED,49.46,2025-03-05,42,1.18,WorthPoint
canyon-diablo,Beautiful 820 Gm. Etched Campo Del Cielo Meteorite Pair 1.8 Lbs Stands,674.1,2025-03-04,820,0.82,WorthPoint
canyon-diablo,356 Gm . CANYON DIABLO IRON METEORITE ; ARIZONA STAND ; TOP GRADE; .8 LBS,323.96,2025-03-04,356,0.91,WorthPoint
canyon-diablo,234 Gm . CAMPO DEL CIELO METEORITE; AA GRADE ; .51 LBS.,255.65,2025-03-04,234,1.09,WorthPoint
canyon-diablo,Beautiful 1098 Gm. Etched Campo Del Cielo Meteorite Pair 2.4 Lbs Stands,809.1,2025-03-04,1098,0.74,WorthPoint
canyon-diablo,166 Gm CANYON DIABLO IRON METEORITE TOP GRADE ARIZONA STAND INCLUDED,179.1,2025-03-03,166,1.08,WorthPoint
canyon-diablo,90 Gm . CANYON DIABLO IRON METEORITE ; AAA GRADE ; ARIZONA STAND .2 Lbs. USA,107.1,2025-03-03,90,1.19,WorthPoint
canyon-diablo,7.14 Grams OXIDE Canyon Diablo Meteor Crater OXIDITE Meteorite As Found Low Iron,5.99,2025-03-02,7.14,0.84,WorthPoint
canyon-diablo,216 Gm . CANYON DIABLO IRON METEORITE MUSEUM GRADE ARIZONA STAND .5 LB,242.95,2025-03-02,216,1.12,WorthPoint
canyon-diablo,"11.2 Grams, Canyon Diablo Meteorite, Az, Usa",11.2,2025-03-02,11.2,1,WorthPoint
canyon-diablo,Beautiful 140 Gm. Etched Canyon Diablo Meteorite End Cut Arizona Silicate,179.1,2025-03-02,140,1.28,WorthPoint
canyon-diablo,Beautiful 79 Gm. Etched Canyon Diablo Meteorite End Cut Arizona,161.1,2025-03-02,79,2.04,WorthPoint
canyon-diablo,53 Gm . CANYON DIABLO IRON METEORITE ; Museum Grade; Arizona ; Usa,62.95,2025-03-01,53,1.19,WorthPoint
canyon-diablo,88 Gm . CANYON DIABLO IRON METEORITE ; TOP GRADE; ARIZONA,124.99,2025-03-01,88,1.42,WorthPoint
canyon-diablo,"""1090 Gram - CANYON DIABLO IRON METEORITE - """"cleaned Specimen"""" Meteor Crater AZ""",770,2025-02-28,1090,0.71,WorthPoint
canyon-diablo,16.5 Gram CANYON DIABLO Meteorite - IAB Iron Meteorite - TOP METEORITE,56,2025-02-28,16.5,3.39,WorthPoint
canyon-diablo,View Of Canyon Diablo Steel Bridge Train Railroad Arizona AZ Vintage Postcard,13.48,2025-02-28,,,WorthPoint
canyon-diablo,"7.2 Grams, Canyon Diablo Meteorite, Az, Usa",7.2,2025-02-27,7.2,1,WorthPoint
canyon-diablo,90 Gm . CANYON DIABLO IRON METEORITE TOP GRADE; ARIZONA STAND .2 LBS POLISHED,116.96,2025-02-27,90,1.3,WorthPoint
canyon-diablo,"Canyon Diablo Iron-Nickel Meteorite, One Of The Most Sought After Iron Meteorites By Collectors",362.5,2025-02-27,,,WorthPoint
canyon-diablo,"Lonsdaleite Hexagonal Diamond, Spiritual Energy 136g With Stand",79,2025-02-26,136,0.58,WorthPoint
canyon-diablo,160 Grams As Found Canyon Diablo Meteor Crater Iron Meteorite From Arizona,6.5,2025-02-26,160,0.04,WorthPoint
canyon-diablo,84 Gm . CANYON DIABLO IRON METEORITE ; Museum Grade; Arizona ; Usa,107.5,2025-02-25,84,1.28,WorthPoint
canyon-diablo,"Canyon Diablo Iron, IAB-MG Meteorite Found In Arizona 1891, 58.43 Grams",68,2025-02-25,58.43,1.16,WorthPoint
canyon-diablo,688 Gm. Campo Del Cielo Meteorite ;1.5 Lbs Museum Gd. Beautiful Lg. Meteorite,805.5,2025-02-25,688,1.17,WorthPoint
canyon-diablo,82gm . CANYON DIABLO IRON METEORITE ; AAA GRADE ; ARIZONA STAND .2 Lbs. USA,107.1,2025-02-24,82,1.31,WorthPoint
canyon-diablo,9.04 Grams As Found Canyon Diablo Meteor Crater Iron Meteorite From Arizona +COA,18.99,2025-02-21,9.04,2.1,WorthPoint
canyon-diablo,194 Gm . CAMPO DEL CIELO METEORITE; AA GRADE ; .43 LBS. STAND,204.35,2025-02-21,194,1.05,WorthPoint
canyon-diablo,Beautiful 80 Gm. Etched Canyon Diablo Meteorite End Cut Arizona,179.1,2025-02-20,80,2.24,WorthPoint
canyon-diablo,Beautiful 325 Gm. Etched Campo Del Cielo Meteorite Pair .72 Lbs Stands,314.1,2025-02-20,325,0.97,WorthPoint
canyon-diablo,93 Gm CANYON DIABLO IRON METEORITE TOP GRADE ARIZONA STAND,107.1,2025-02-20,93,1.15,WorthPoint
canyon-diablo,. Canyon Diablo Iron Meteorite ; Top Grade; Arizona;,20,2025-02-20,,,WorthPoint
canyon-diablo,115 Gm CANYON DIABLO IRON METEORITE MUSEUM GRADE ARIZONA STAND,134.96,2025-02-20,115,1.17,WorthPoint
canyon-diablo,IRON-NICKEL COMPOSITION METEORITE PENDANT W/COA 15.36g,14.95,2025-02-19,15.36,0.97,WorthPoint
canyon-diablo,138 Gm . CANYON DIABLO IRON METEORITE ; TOP GRADE; ARIZONA STAND INCLUDED,143.1,2025-02-19,138,1.04,WorthPoint
canyon-diablo,133 Gm . CAMPO DEL CIELO METEORITE; AAA COLLECTORS GRADE ; .29 LBS.,179.1,2025-02-19,133,1.35,WorthPoint
canyon-diablo,95 Gm . CANYON DIABLO IRON METEORITE ; AA Grade; Arizona ; Usa,107.5,2025-02-19,95,1.13,WorthPoint
canyon-diablo,164 Gm. New Campo Del Cielo Meteorite ; B Grade Meteorite; .36 Lb;,152.96,2025-02-18,164,0.93,WorthPoint
canyon-diablo,482 Gm . CANYON DIABLO IRON METEORITE ; TOP GRADE; ARIZONA ;.1.1+ Lbs,584.1,2025-02-18,482,1.21,WorthPoint
canyon-diablo,602 Gm. Las Palmas Campo Meteorite 1.3 Lbs Museum Gd. Terrific Sculpturing,1075.5,2025-02-16,602,1.79,WorthPoint
canyon-diablo,172 Gm . CANYON DIABLO IRON METEORITE MUSEUM GRADE ARIZONA STAND .38 LB,188.95,2025-02-16,172,1.1,WorthPoint
canyon-diablo,174 Gm . CANYON DIABLO IRON METEORITE ARIZONA .38 POUNDS AAA GRADE SCULPTURED,206.1,2025-02-16,174,1.18,WorthPoint
canyon-diablo,150 Gm CANYON DIABLO IRON METEORITE MUSEUM GRADE ARIZONA STAND,179.95,2025-02-15,150,1.2,WorthPoint
canyon-diablo,Meteorite Individual Canyon Diablo 86 Gram - Iron IAB-MG,65,2025-02-14,86,0.76,WorthPoint
canyon-diablo,700 Gm . CANYON DIABLO IRON METEORITE MUSEUM COLLECTORS GRADE ARIZONA 1.5 LBS,899.1,2025-02-14,700,1.28,WorthPoint
canyon-diablo,428 Gm CAMPO DEL CIELO METEORITE BEAUTIFUL AAA GRADE METEORITE .94 POUNDS,476.1,2025-02-13,428,1.11,WorthPoint
canyon-diablo,192 Gm . CANYON DIABLO IRON METEORITE MUSEUM GRADE ARIZONA STAND,242.95,2025-02-13,192,1.27,WorthPoint
canyon-diablo,110 Gm CANYON DIABLO IRON METEORITE TOP GRADE ARIZONA STAND,134.1,2025-02-13,110,1.22,WorthPoint
canyon-diablo,464 Gm . CANYON DIABLO IRON METEORITE MUSEUM GRADE ARIZONA STAND 1+ LB,539.1,2025-02-13,464,1.16,WorthPoint
canyon-diablo,294 Gm . CANYON DIABLO IRON METEORITE ; TOP GRADE ; ARIZONA STAND .64 Lbs. USA,296.1,2025-02-13,294,1.01,WorthPoint
canyon-diablo,139 Gm . CANYON DIABLO IRON METEORITE TOP GRADE; ARIZONA STAND .3 LBS POLISHED,170.96,2025-02-13,139,1.23,WorthPoint
canyon-diablo,45 Gm CANYON DIABLO IRON METEORITE TOP GRADE ARIZONA CASE INCLUDED,53.95,2025-02-12,45,1.2,WorthPoint
canyon-diablo,5.48 Grams Polished Canyon Diablo Meteor Crater Iron Meteorite From Arizona +COA,10.99,2025-02-12,5.48,2.01,WorthPoint
canyon-diablo,3.30 Grams As Found Canyon Diablo Meteor Crater Iron Meteorite From Arizona,5.99,2025-02-12,3.3,1.82,WorthPoint
canyon-diablo,4.53 Grams As Found Canyon Diablo Meteor Crater Iron Meteorite From Arizona +COA,6.99,2025-02-12,4.53,1.54,WorthPoint
canyon-diablo,3.47 Grams As Found Canyon Diablo Meteor Crater Iron Meteorite From Arizona +COA,7.49,2025-02-12,3.47,2.16,WorthPoint
canyon-diablo,2.87 Grams Polished Canyon Diablo Meteor Crater Iron Meteorite From Arizona +COA,5.99,2025-02-12,2.87,2.09,WorthPoint
canyon-diablo,3.17 Grams As Found Canyon Diablo Meteor Crater Iron Meteorite From Arizona +COA,6.99,2025-02-12,3.17,2.21,WorthPoint
canyon-diablo,166 Gm . CAMPO DEL CIELO METEORITE; AA GRADE ; .36 LBS.,170.15,2025-02-12,166,1.03,WorthPoint
canyon-diablo,"""Canyon Diablo Graphite Nodule ~ 39.3 Grams ~ """"Lighting In A Nodule""""""",765,2025-02-12,39.3,19.47,WorthPoint
canyon-diablo,Beautiful 113 Gm. Etched Canyon Diablo Meteorite End Cut Arizona,224.1,2025-02-12,113,1.98,WorthPoint
canyon-diablo,238 Gm . CANYON DIABLO IRON METEORITE AAA GRADE ARIZONA; .52 LBS,242.1,2025-02-11,238,1.02,WorthPoint
canyon-diablo,Canyon Diablo IAB Iron Meteorite Arizona 9.71 Grams,23.51,2025-02-09,9.71,2.42,WorthPoint
canyon-diablo,Canyon Diablo IAB Iron Meteorite Arizona 11.33 Grams,25.41,2025-02-09,11.33,2.24,WorthPoint
canyon-diablo,Canyon Diablo IAB Iron Meteorite Arizona 10.71 Grams,24.46,2025-02-09,10.71,2.28,WorthPoint
canyon-diablo,Canyon Diablo IAB Iron Meteorite Arizona 9.21 Grams,21.61,2025-02-09,9.21,2.35,WorthPoint
canyon-diablo,24g Canyon Diablo Arizona Iron Meteorite,33.09,2025-02-09,24,1.38,WorthPoint
canyon-diablo,1034 Gm. Campo Del Cielo Meteorite ; Med. Grade!! Beautiful; 2.2 Lbs.; Cheap!,539.1,2025-02-08,1034,0.52,WorthPoint
canyon-diablo,300 Gm CANYON DIABLO IRON METEORITE ARIZONA STAND INCLUDE .67 LB MUSEUM GRADE,250,2025-02-08,300,0.83,WorthPoint
canyon-diablo,576 Gm . CANYON DIABLO IRON METEORITE ; MUSEUM GRADE; ARIZONA STAND 1.3 LBS,550,2025-02-08,576,0.95,WorthPoint
canyon-diablo,Guinea-Bissau - 2021 Meteorites - Stamp Souvenir Sheet - GB210525b3,7.35,2025-02-07,,,WorthPoint
canyon-diablo,NIB. Brian Wilhoite Fixed Blade Knife With Sheath. Canyon Diablo Bowie BWC28,60,2025-02-07,,,WorthPoint
canyon-diablo,96 Gm CANYON DIABLO IRON METEORITE MUSEUM GRADE ARIZONA STAND INCLUDED,125.1,2025-02-07,96,1.3,WorthPoint
canyon-diablo,1000 GRS LOT OF CAMPO DEL CIELO METEORITE CRYSTALS FROM 50-100 Gm IN SIZE,473.81,2025-02-06,1000,0.47,WorthPoint
canyon-diablo,1000 GM LOT OF CAMPO DEL CIELO METEORITE CRYSTALS FROM 10-15 Gm IN SIZE,473.81,2025-02-06,1000,0.47,WorthPoint
canyon-diablo,Beautiful 802 Gm. Etched Campo Del Cielo Meteorite Triple Cut,539.1,2025-02-06,802,0.67,WorthPoint
canyon-diablo,508 Gm. Campo Del Cielo Meteorite ; Meteorite; 1.1 Lbs. Aaa Grade,674.95,2025-02-05,508,1.33,WorthPoint
canyon-diablo,22 Gm CANYON DIABLO IRON METEORITE TOP GRADE ARIZONA CASE INCLUDED,31.45,2025-02-04,22,1.43,WorthPoint
canyon-diablo,6.41 Grams As Found Canyon Diablo Meteor Crater Iron Meteorite From Arizona +COA,11.99,2025-02-03,6.41,1.87,WorthPoint
canyon-diablo,6.64 Grams Polished Canyon Diablo Meteor Crater Iron Meteorite From Arizona +COA,11.99,2025-02-03,6.64,1.81,WorthPoint
canyon-diablo,Beautiful 780 Gm. Etched Campo Del Cielo Meteorite Tripple Cut,719.1,2025-02-03,780,0.92,WorthPoint
canyon-diablo,690 Gm CAMPO DEL CIELO METEORITE AAA GRADE METEORITE 1.5 POUNDS SCULPTURED,899.1,2025-02-02,690,1.3,WorthPoint
canyon-diablo,125 Gm . CAMPO DEL CIELO METEORITE; A GRADE ; .28 LBS.,107.1,2025-02-02,125,0.86,WorthPoint
canyon-diablo,124 Gm . CANYON DIABLO IRON METEORITE ; AAA Grade; Arizona ; Usa,134.5,2025-02-02,124,1.08,WorthPoint
canyon-diablo,488 Gm CAMPO DEL CIELO METEORITE BEAUTIFUL AAA GRADE METEORITE 1.1 POUNDS,539.1,2025-02-02,488,1.1,WorthPoint
canyon-diablo,Canyon Diablo IAB Iron Meteorite Arizona 9.07 Grams,21.61,2025-02-02,9.07,2.38,WorthPoint
canyon-diablo,Meteorite Canyon Diablo 14.8g,27.6,2025-01-31,14.8,1.86,WorthPoint
canyon-diablo,226 GM. CAMPO DEL CIELO METEORITE ; B GRADE LARGE METEORITE .5 Lbs. CHEAP!,197.1,2025-01-30,226,0.87,WorthPoint
canyon-diablo,19.2 Grams 3 Polished Canyon Diablo Meteor Crater Iron Meteorites From Arizona,14.99,2025-01-27,19.2,0.78,WorthPoint
canyon-diablo,Santa Fe Railroad Bridge Stereoview C1905 Canyon Diablo Arizona Old West F1238,23.95,2025-01-26,,,WorthPoint
canyon-diablo,500 GRS LOT OF CAMPO DEL CIELO METEORITE CRYSTALS FROM 100 Plus Gm IN SIZE,251.75,2025-01-24,500,0.5,WorthPoint
canyon-diablo,175 Gm CANYON DIABLO IRON METEORITE MUSEUM GRADE ARIZONA STAND INCLUDED,188.1,2025-01-23,175,1.07,WorthPoint
canyon-diablo,4.21 Grams As Found Canyon Diablo Meteor Crater Iron Meteorite From Arizona +COA,7.99,2025-01-23,4.21,1.9,WorthPoint
canyon-diablo,27 Gm . CANYON DIABLO IRON METEORITE ARIZONA; USA CASE POLISHED,31.45,2025-01-18,27,1.16,WorthPoint
canyon-diablo,Canyon Diablo Meteorite 13.1 Grams,13,2025-01-17,13.1,0.99,WorthPoint
canyon-diablo,"1,677 Gram Canyon Diablo Iron Meteorite Inclusion",985,2025-01-15,677,1.45,WorthPoint
canyon-diablo,9.69 Grams OXIDE Canyon Diablo Meteor Crater OXIDITE Meteorite As Found Low Iron,7.99,2025-01-15,9.69,0.82,WorthPoint
canyon-diablo,PAIR OF CANYON DIABLO IRON METEORITES 25 And 19 Grams ARIZONA CASES INClUDED,62.95,2025-01-12,19,3.31,WorthPoint
canyon-diablo,39 Gm . CANYON DIABLO IRON METEORITE TOP GRADE ARIZONA CASE,53.1,2025-01-12,39,1.36,WorthPoint
canyon-diablo,210 Gm . CANYON DIABLO IRON METEORITE ; MUSEUM GRADE; ARIZONA STAND .46 LBS,242.96,2025-01-10,210,1.16,WorthPoint
canyon-diablo,21 Gm . CANYON DIABLO IRON METEORITE ARIZONA; USA CASE POLISHED,31.45,2025-01-10,21,1.5,WorthPoint
canyon-diablo,10 Individuals. 155 GMS SMALL CANYON DIABLO IRON METEORITES ARIZONA,179.1,2025-01-09,155,1.16,WorthPoint
canyon-diablo,16.26 Grams All 6 Canyon Diablo Meteor Oxide Crater OXIDITE Meteorites As Found,13.49,2025-01-09,16.26,0.83,WorthPoint
canyon-diablo,130 Gm . CANYON DIABLO IRON METEORITE TOP GRADE ARIZONA STAND METEORITE CRATER,134.96,2025-01-08,130,1.04,WorthPoint
canyon-diablo,316 Gm . CANYON DIABLO IRON METEORITE ; MUSEUM GRADE; ARIZONA STAND INCLUDED,341.96,2025-01-08,316,1.08,WorthPoint
canyon-diablo,18.5 Grams As Found Canyon Diablo Meteor Crater Iron Meteorite From Arizona,41,2025-01-08,18.5,2.22,WorthPoint
canyon-diablo,1712 GM. CAMPO DEL CIELO METEORITE ;AAA GRADE LARGE METEORITE 3.7 Lbs.,1050,2025-01-07,1712,0.61,WorthPoint
canyon-diablo,All 6 Canyon Diablo Meteor Oxide Crater OXIDITE Meteorites As Found 6.52 Grams,5.99,2025-01-07,6.52,0.92,WorthPoint
canyon-diablo,115 Gm . CANYON DIABLO IRON METEORITE MUSEUM GRADE ARIZONA STAND,161.95,2025-01-06,115,1.41,WorthPoint
canyon-diablo,150 Gm . CANYON DIABLO IRON METEORITE TOP GRADE ARIZONA STAND .33 #,161.1,2025-01-06,150,1.07,WorthPoint
canyon-diablo,Beautiful 244 Gm. Polished Campo Del Cielo Meteorite Sculptured Cut 6 Sides,179.1,2025-01-06,244,0.73,WorthPoint
canyon-diablo,310 Gm CAMPO DEL CIELO METEORITE BEAUTIFUL BABY AAA GRADE METEORITE .68LBS,355.5,2025-01-04,310,1.15,WorthPoint
canyon-diablo,10 Individuals 184 GMS SMALL CANYON DIABLO IRON METEORITES ARIZONA,206.1,2025-01-04,184,1.12,WorthPoint
canyon-diablo,17 Gm . CANYON DIABLO IRON METEORITE TOP GRADE ARIZONA STAND,26.1,2025-01-03,17,1.54,WorthPoint
canyon-diablo,45 Gm. Las Palmas Campo Meteorite ; Museum Gd. Burn Hole,449.99,2025-01-02,45,10,WorthPoint
canyon-diablo,118 Gm . CANYON DIABLO IRON METEORITE ; TOP GRADE ; ARIZONA STAND .25 Lbs,134.1,2025-01-01,118,1.14,WorthPoint
canyon-diablo,194 Gm New Campo Del Cielo Meteorite B Grade Beautiful Meteorite,179.96,2025-01-01,194,0.93,WorthPoint
canyon-diablo,45 Gm CANYON DIABLO IRON METEORITE TOP GRADE ARIZONA STAND INCLUDED,53.95,2024-12-31,45,1.2,WorthPoint
canyon-diablo,2028 Gm . CANYON DIABLO IRON METEORITE MUSEUM COLLECTORS GRADE ARIZONA 4.5 LBS,2000,2024-12-30,2028,0.99,WorthPoint
canyon-diablo,22 Gm . CANYON DIABLO IRON METEORITE ARIZONA; USA CASE POLISHED,31.45,2024-12-30,22,1.43,WorthPoint
canyon-diablo,Troilite (FeS) 131.58g Lot Tumbled Nodules From Iron Meteorite,225,2024-12-30,131.58,1.71,WorthPoint
canyon-diablo,464 Gm. Campo Del Cielo Meteorite ; Aaa Grade!! Beautiful Baby Campo 1 Lbs,431.1,2024-12-29,464,0.93,WorthPoint
canyon-diablo,"Santa Fe Railroad SUPER CHIEF Postcard Crossing At Fort Madison, IA. To L.A.",14.5,2024-12-29,,,WorthPoint
canyon-diablo,PAIR OF CANYON DIABLO IRON METEORITES 28 And 32 Grams ARIZONA CASES INClUDED,50,2024-12-29,32,1.56,WorthPoint
canyon-diablo,2 CANYON DIABLO IRON METEORITES: 24.6 Grams Total M4962,20,2024-12-28,24.6,0.81,WorthPoint
canyon-diablo,Canyon Diablo Meteorite Crater Arizona Flagstaff VINTAGE PHOTO ORIGINAL SNAPSHOT,12,2024-12-27,,,WorthPoint
canyon-diablo,93 Gm . CANYON DIABLO IRON METEORITE TOP GRADE ARIZONA STAND,77,2024-12-25,93,0.83,WorthPoint
canyon-diablo,486 Gm. Campo Del Cielo Meteorite ; Aaa Grade; Great Price,359.96,2024-12-24,486,0.74,WorthPoint
canyon-diablo,#14 6.60g Natural Raw Rock From Space Arizona USA Diablo Meteorite 33.00ct 28mm,18.95,2024-12-24,6.6,2.87,WorthPoint
canyon-diablo,IRON METEORITE MUSEUM 5 LBS Very High Nickel Rate Of 10.875,1500,2024-12-24,,,WorthPoint
canyon-diablo,Troilite (FeS) 3.82g Tumbled Nodule From Iron Meteorite,13,2024-12-23,3.82,3.4,WorthPoint
canyon-diablo,5.14 Grams As Found Canyon Diablo Meteor Crater Iron Meteorite From Arizona +COA,9.99,2024-12-22,5.14,1.94,WorthPoint
canyon-diablo,574 Gm . CANYON DIABLO IRON METEORITE MUSEUM GRADE; ARIZONA 1.3LBS,629.1,2024-12-22,574,1.1,WorthPoint
canyon-diablo,140 Gm Campo Del Cielo Meteorite A Grade Baby Meteorite Beautiful,134.96,2024-12-20,140,0.96,WorthPoint
canyon-diablo,"""76.4 Gram - CANYON DIABLO IRON METEORITE - """"as Found Condition"""" Meteor Crater AZ""",67.5,2024-12-20,76.4,0.88,WorthPoint
canyon-diablo,634 Gm. Campo Del Cielo Meteorite ; Aaa Grade!!1.4 Lbs,584.1,2024-12-20,634,0.92,WorthPoint
canyon-diablo,250 Gm LOT OF CAMPO DEL CIELO METEORITE CRYSTALS 3-5 GMS IN SIZE LOWEST PRICE,128.25,2024-12-20,250,0.51,WorthPoint
canyon-diablo,142 Gm. Baby Campo Del Cielo Meteorite ; Med Grade! .31 Pounds; Stand; Cheap!!,127.4,2024-12-19,142,0.9,WorthPoint
canyon-diablo,39.3 Grams Canyon Diablo Coconino From Rim Of Meteor Crater - Old Collection,5.49,2024-12-19,39.3,0.14,WorthPoint
canyon-diablo,Canyon Diablo Arizona Sterling Silver Souvenir Spoon Train Steam Engine .925,49,2024-12-19,,,WorthPoint
canyon-diablo,PAIR OF 25 Gm Each WEIGHT CANYON DIABLO IRON METEORITES ARIZONA CASES INClUDED,58.45,2024-12-19,25,2.34,WorthPoint
canyon-diablo,Canyon Diablo Iron Meteorite 41.1g From Meteor Crater Arizona,23.5,2024-12-18,41.1,0.57,WorthPoint
canyon-diablo,56 Gm .CANYON DIABLO IRON METEORITE MUSEUM GRADE; ARIZONA STAND,71.1,2024-12-18,56,1.27,WorthPoint
canyon-diablo,78 Gm . CANYON DIABLO IRON METEORITE ; MUSEUM GRADE; ARIZONA STAND INCLUDED,107.1,2024-12-17,78,1.37,WorthPoint
canyon-diablo,3.95 Grams Cleaned Canyon Diablo Meteor Crater Iron Meteorite From Arizona +COA,8.99,2024-12-16,3.95,2.28,WorthPoint
canyon-diablo,890 Gm CAMPO DEL CIELO METEORITE BEAUTIFUL MUSEUM GRADE METEORITE 1.95 POUNDS,989.1,2024-12-15,890,1.11,WorthPoint
canyon-diablo,1905 RPO KC & La Junta - Canyon Diablo Postcard - J10661,7.99,2024-12-15,,,WorthPoint
canyon-diablo,Canyon Diablo Iron Meteorite 143.1 Grams (IAB),199,2024-12-14,143.1,1.39,WorthPoint
canyon-diablo,55 Gm .CANYON DIABLO IRON METEORITE MUSEUM GRADE; ARIZONA STAND,79,2024-12-14,55,1.44,WorthPoint
canyon-diablo,9.22 Grams As Found Canyon Diablo Meteor Crater Iron Meteorite From Arizona,20.99,2024-12-13,9.22,2.28,WorthPoint
canyon-diablo,9.32 Grams As Found Canyon Diablo Meteor Crater Iron Meteorite From Arizona,20.99,2024-12-13,9.32,2.25,WorthPoint
canyon-diablo,14.1 Grams OXIDE Canyon Diablo Meteor Crater OXIDITE Meteorite As Found Low Iron,11.99,2024-12-13,14.1,0.85,WorthPoint
canyon-diablo,Canyon Diablo Iron Nickel Meteorite Piece Impact Specimen Meteor Space Rock Nice,52.95,2024-12-13,,,WorthPoint
canyon-diablo,3.63 Grams 3 Canyon Diablo Meteor Crater Iron Meteorites From Arizona With A COA,6.99,2024-12-12,3.63,1.93,WorthPoint
canyon-diablo,4.84 Grams As Found Canyon Diablo Meteor Crater Iron Meteorite From Arizona +COA,6.99,2024-12-12,4.84,1.44,WorthPoint
canyon-diablo,380 Gm. Campo Del Cielo Meteorite A Grade!! Beautiful Meteorite; .83#,369.95,2024-12-12,380,0.97,WorthPoint
canyon-diablo,Postcard Meteorite Mountain Canyon Diablo Arizona AZ,6.97,2024-12-11,,,WorthPoint
canyon-diablo,46 Gm . CANYON DIABLO IRON METEORITE TOP GRADE ARIZONA STAND,53.1,2024-12-09,46,1.15,WorthPoint
canyon-diablo,118 Gm .CANYON DIABLO IRON METEORITE TOP GRADE; ARIZONA STAND,125.1,2024-12-09,118,1.06,WorthPoint
canyon-diablo,12.1 Grams As Found Canyon Diablo Meteor Crater Iron Meteorite From Arizona,22.99,2024-12-08,12.1,1.9,WorthPoint
canyon-diablo,7.28 Grams OXIDE Canyon Diablo Meteor Crater OXIDITE Meteorite As Found Low Iron,5.99,2024-12-07,7.28,0.82,WorthPoint
canyon-diablo,878 GM. CAMPO DEL CIELO METEORITE ;A GRADE LARGE METEORITE 1.9 Lbs. CHEAP!,539.1,2024-12-06,878,0.61,WorthPoint
canyon-diablo,Nice Lot! Best Quality! Super New Campo Meteorite Shattered Crystals 250 Gms,150,2024-12-06,250,0.6,WorthPoint
canyon-diablo,"Vintage Postcard- Meteorite Mountain, Near Canyon Diablo, AZ",8.95,2024-12-05,,,WorthPoint
canyon-diablo,Canyon Diablo Meteorite - 360.9 Gram Individual,104.39,2024-12-05,360.9,0.29,WorthPoint
canyon-diablo,"""72.9 Gram - CANYON DIABLO IRON METEORITE - """"as Found Condition"""" Meteor Crater AZ""",105,2024-12-04,72.9,1.44,WorthPoint
canyon-diablo,"""49.5 Gram - CANYON DIABLO IRON METEORITE - """"as Found Condition"""" Meteor Crater AZ""",69.3,2024-12-04,49.5,1.4,WorthPoint
canyon-diablo,48 Gm CANYON DIABLO IRON METEORITE MUSEUM GRADE ARIZONA STAND INCLUDED,53.95,2024-12-03,48,1.12,WorthPoint
canyon-diablo,17.9 Grams OXIDE Canyon Diablo Meteor Crater OXIDITE Meteorite As Found Low Iron,14.99,2024-12-03,17.9,0.84,WorthPoint
canyon-diablo,11.9 Grams OXIDE Canyon Diablo Meteor Crater OXIDITE Meteorite As Found Low Iron,9.99,2024-12-03,11.9,0.84,WorthPoint
canyon-diablo,17.3 Grams OXIDE Canyon Diablo Meteor Crater OXIDITE Meteorite As Found Low Iron,14.99,2024-12-03,17.3,0.87,WorthPoint
canyon-diablo,150 Gm. Campo Del Cielo Meteorite ; B Grade; .33 Lbs,135,2024-12-02,150,0.9,WorthPoint
canyon-diablo,4.79 Grams As Found Canyon Diablo Meteor Crater Iron Meteorite From Arizona +COA,7.99,2024-11-30,4.79,1.67,WorthPoint
canyon-diablo,Beautiful 186 Gm. Etched Canyon Diablo Meteorite Pair Arizona,413.1,2024-11-30,186,2.22,WorthPoint
canyon-diablo,Meteorites - 212.1g Canyon Diablo Nickel-Iron Meteorite Complete Individual,349.95,2024-11-28,212.1,1.65,WorthPoint
canyon-diablo,147 Gm. Campo Del Cielo Meteorite B Grade!! Beautiful Baby Meteorite;,134.1,2024-11-28,147,0.91,WorthPoint
canyon-diablo,Beautiful 862 Gm. Etched Campo Del Cielo Meteorite Triple Cut,719.1,2024-11-27,862,0.83,WorthPoint
canyon-diablo,Meteorites - 76.6g Canyon Diablo Iron Meteorite Polished And Etched End Piece,139.95,2024-11-27,76.6,1.83,WorthPoint
canyon-diablo,24 Gm CANYON DIABLO IRON METEORITE TOP GRADE ARIZONA STAND INCLUDED,31.45,2024-11-25,24,1.31,WorthPoint
canyon-diablo,10 Individuals; 90 Gms . CANYON DIABLO IRON METEORITES ; ARIZONA PATINA USA,107.1,2024-11-24,90,1.19,WorthPoint
canyon-diablo,13.9 Grams OXIDE Canyon Diablo Meteor Crater OXIDITE Meteorite As Found Low Iron,11.49,2024-11-24,13.9,0.83,WorthPoint
canyon-diablo,244 Gm. New Campo Del Cielo Meteorite ; Aaa Grade!! Beautiful Meteorite; .6 Lbs,233.96,2024-11-22,244,0.96,WorthPoint
canyon-diablo,Beautiful 100 Gm. Etched Canyon Diablo Meteorite Slab Arizona,224.1,2024-11-22,100,2.24,WorthPoint
canyon-diablo,86 Gm CANYON DIABLO IRON METEORITE ARIZONA MUSEUM Grade,98.96,2024-11-22,86,1.15,WorthPoint
canyon-diablo,278 Gm CAMPO DEL CIELO METEORITE BEAUTIFUL AA GRADE METEORITE .6 POUNDS,296.1,2024-11-22,278,1.07,WorthPoint
canyon-diablo,Beautiful 212 Gm. Etched Canyon Diablo Meteorite Thick Slab Arizona,449.1,2024-11-21,212,2.12,WorthPoint
canyon-diablo,16.2 Grams OXIDE Canyon Diablo Meteor Crater OXIDITE Meteorite As Found Low Iron,14.49,2024-11-21,16.2,0.89,WorthPoint
canyon-diablo,11.2 Grams OXIDE Canyon Diablo Meteor Crater OXIDITE Meteorite As Found Low Iron,8.49,2024-11-21,11.2,0.76,WorthPoint
canyon-diablo,"Canyon Diablo Meteorite ""The Dragon Head""",3500,2024-11-20,,,WorthPoint
canyon-diablo,"""20036 Train Railroad Video Dvd """"bnsf Tracks Of Old Santa-fe # 2""""""",16.99,2024-11-20,,,WorthPoint
canyon-diablo,356 Gm CAMPO DEL CIELO METEORITE ; BEAUTIFUL AAA GRADE METEORITE; .8 POUNDS,359.96,2024-11-20,356,1.01,WorthPoint
canyon-diablo,700 GM. CAMPO DEL CIELO METEORITE ; AAA GRADE LARGE METEORITE 1.5+lbs.,809.1,2024-11-20,700,1.16,WorthPoint
canyon-diablo,94 Gm . CANYON DIABLO IRON METEORITE ; MUSEUM GRADE; ARIZONA STAND INCLUDED,107.1,2024-11-19,94,1.14,WorthPoint
canyon-diablo,364 Gm CAMPO DEL CIELO METEORITE BEAUTIFUL AAA GRADE METEORITE .8 POUNDS,404.1,2024-11-19,364,1.11,WorthPoint
canyon-diablo,12.2 Grams OXIDE Canyon Diablo Meteor Crater OXIDITE Meteorite As Found Low Iron,10.99,2024-11-19,12.2,0.9,WorthPoint
canyon-diablo,250 GM LOT OF CAMPO DEL CIELO METEORITE CRYSTALS FROM 3-5 Gm IN SIZE,118.75,2024-11-18,250,0.48,WorthPoint
canyon-diablo,125 Gm LOT OF CAMPO DEL CIELO METEORITE CRYSTALS 5-10 GMS IN SIZE LOWEST PRICE,61.75,2024-11-18,125,0.49,WorthPoint
canyon-diablo,7.37 Grams OXIDE Canyon Diablo Meteor Crater OXIDITE Meteorite As Found Low Iron,5.99,2024-11-18,7.37,0.81,WorthPoint
canyon-diablo,Large 12232 Gm Campo Del Cielo Meteorite Museum Collectors Grade 26.5 Lbs,12595.5,2024-11-16,12232,1.03,WorthPoint
canyon-diablo,"""26.2 Gram - CANYON DIABLO IRON METEORITE - """" Cleaned Specimen"""" Meteor Crater AZ""",60,2024-11-16,26.2,2.29,WorthPoint
canyon-diablo,30 Gm CANYON DIABLO IRON METEORITE TOP GRADE ARIZONA STAND INCLUDED,35.95,2024-11-16,30,1.2,WorthPoint
canyon-diablo,10 Individuals; 162 Gms . CANYON DIABLO IRON METEORITES ; ARIZONA PATINA USA,179.1,2024-11-16,162,1.11,WorthPoint
canyon-diablo,24.2 Grams As Found Canyon Diablo Meteor Crater Iron Meteorite From Arizona +COA,31.99,2024-11-16,24.2,1.32,WorthPoint
canyon-diablo,240 Gm . CANYON DIABLO IRON METEORITE ; MUSEUM GRADE; ARIZONA STAND INCLUDED,224.1,2024-11-14,240,0.93,WorthPoint
canyon-diablo,Great Deal! Crater Forming Event! Historic Canyon Diablo Meteorite 338 Gms,251.25,2024-11-14,338,0.74,WorthPoint
canyon-diablo,"25.5 Grams, Canyon Diablo Meteorite, Az, Usa",25.5,2024-11-14,25.5,1,WorthPoint
canyon-diablo,"33.9 Grams, Canyon Diablo Meteorite, Az, Usa",33.9,2024-11-14,33.9,1,WorthPoint
canyon-diablo,1856 GM. CAMPO DEL CIELO METEORITE ; AA GRADE LARGE METEORITE 4+lbs.,989.1,2024-11-12,1856,0.53,WorthPoint
canyon-diablo,9.21 Grams As Found Canyon Diablo Meteor Crater Iron Meteorite From Arizona +COA,16.99,2024-11-12,9.21,1.84,WorthPoint
canyon-diablo,127 Gm . CANYON DIABLO IRON METEORITE TOP GRADE ARIZONA STAND .3 #,134.1,2024-11-12,127,1.06,WorthPoint
canyon-diablo,Canyon Diablo Iron Meteorite 41.9g From Meteor Crater Arizona,46,2024-11-11,41.9,1.1,WorthPoint
canyon-diablo,For All 9.8 Grams Canyon Diablo Meteor Oxide Crater Oxidite Meteorites With COA,7.39,2024-11-10,9.8,0.75,WorthPoint
canyon-diablo,26.5 Grams Of All The Canyon Diablo Meteor Oxide Crater OXIDITE Meteorites + COA,18.99,2024-11-10,26.5,0.72,WorthPoint
canyon-diablo,196 Gm CAMPO DEL CIELO METEORITE BEAUTIFUL A GRADE METEORITE .43 POUNDS,215.1,2024-11-08,196,1.1,WorthPoint
canyon-diablo,6.79 Grams Polished Canyon Diablo Meteor Crater Iron Meteorite Arizona With COA,14.99,2024-11-07,6.79,2.21,WorthPoint
canyon-diablo,6.31 Grams As Found Canyon Diablo Meteor Crater Iron Meteorite From Arizona +COA,10.99,2024-11-07,6.31,1.74,WorthPoint
canyon-diablo,2.46 Grams Canyon Diablo Meteor Crater Iron Meteorite From Arizona With A COA,5.99,2024-11-07,2.46,2.43,WorthPoint
canyon-diablo,5.95 Grams As Found Canyon Diablo Meteor Crater Iron Meteorite From Arizona +COA,9.99,2024-11-07,5.95,1.68,WorthPoint
canyon-diablo,Large 1000 Gm Campo Del Cielo Meteorite Aaa Grade 2.2 Lbs.,1079.1,2024-11-07,1000,1.08,WorthPoint
canyon-diablo,250 GM LOT OF CAMPO DEL CIELO METEORITE CRYSTALS FROM 5-10 Gm IN SIZE,125,2024-11-07,250,0.5,WorthPoint
canyon-diablo,CANYON DIABLO IRON METEORITE ARIZONA 2 Lbs MUSEUM Grade,39,2024-11-06,,,WorthPoint
canyon-diablo,58 Gm CANYON DIABLO IRON METEORITE TOP GRADE ARIZONA STAND INCLUDED,62.95,2024-11-04,58,1.09,WorthPoint
canyon-diablo,Canyon Diablo Arizona White Border Postcard Santa Fe Train On The Bridge,5,2024-11-04,,,WorthPoint
canyon-diablo,CANYON DIABLO IRON METEORITE: 47.6 Grams Total M4965,45,2024-11-04,47.6,0.95,WorthPoint
canyon-diablo,For All 10 Grams Canyon Diablo Meteor Oxide Crater Oxidite Meteorites With COA,7.39,2024-11-04,10,0.74,WorthPoint
canyon-diablo,32 Gm CANYON DIABLO IRON METEORITE TOP GRADE ARIZONA STAND INCLUDED,44.95,2024-11-03,32,1.4,WorthPoint
canyon-diablo,442 Gm CAMPO DEL CIELO METEORITE MUSEUM GRADE 1 POUND,485.1,2024-11-03,442,1.1,WorthPoint
canyon-diablo,34 Gm CANYON DIABLO IRON METEORITE TOP GRADE ARIZONA STAND INCLUDED,44.95,2024-11-03,34,1.32,WorthPoint
canyon-diablo,254 Gm . CANYON DIABLO IRON METEORITE ;TOP GRADE ARIZONA .55 POUNDS AAA GRADE,269.1,2024-11-02,254,1.06,WorthPoint
canyon-diablo,166 Gm. CANYON DIABLO IRON METEORITE ; ARIZONA STAND INCLUDED MUSEUM GRADE; USA,179.1,2024-10-30,166,1.08,WorthPoint
canyon-diablo,320 Gm CANYON DIABLO IRON METEORITE ARIZONA .7 Lbs MUSEUM Grade,359.96,2024-10-29,320,1.12,WorthPoint
canyon-diablo,Meteorites - 66.2g Canyon Diablo Nickel-Iron Meteorite Complete Individual,117.95,2024-10-27,66.2,1.78,WorthPoint
canyon-diablo,60 Gm CANYON DIABLO IRON METEORITE TOP GRADE ARIZONA STAND,71.1,2024-10-27,60,1.18,WorthPoint
canyon-diablo,51 Gm CANYON DIABLO IRON METEORITE MUSEUM GRADE ARIZONA STAND INCLUDED,71.1,2024-10-27,51,1.39,WorthPoint
canyon-diablo,Low Price! Hinged Specimen! Campo Del Cielo Meteorite Shattered Crystal 208.5 Gm,199,2024-10-27,208.5,0.95,WorthPoint
canyon-diablo,8.61 Grams As Found Canyon Diablo Meteor Crater Iron Meteorite From Arizona +COA,9.99,2024-10-27,8.61,1.16,WorthPoint
canyon-diablo,126 Gm CANYON DIABLO IRON METEORITE MUSEUM GRADE ARIZONA STAND,134.96,2024-10-27,126,1.07,WorthPoint
canyon-diablo,Super Shape! Crater Forming Event! Historic Canyon Diablo Meteorite 118.1 Gms,116.25,2024-10-25,118.1,0.98,WorthPoint
canyon-diablo,Vintage Route 66 Two Guns AZ Apache Death Cave Ticket Indian Trading Post 1960s,67.59,2024-10-25,,,WorthPoint
canyon-diablo,6.24 Grams As Found Canyon Diablo Meteor Crater Iron Meteorite From Arizona +COA,11.99,2024-10-24,6.24,1.92,WorthPoint
canyon-diablo,6.39 Grams As Found Canyon Diablo Meteor Crater Iron Meteorite From Arizona +COA,11.99,2024-10-24,6.39,1.88,WorthPoint
canyon-diablo,7.77 Grams As Found Canyon Diablo Meteor Crater Iron Meteorite From Arizona +COA,12.99,2024-10-24,7.77,1.67,WorthPoint
canyon-diablo,5.17 Grams As Found Canyon Diablo Meteor Crater Iron Meteorite From Arizona +COA,5.99,2024-10-24,5.17,1.16,WorthPoint
canyon-diablo,6.04 Grams As Found Canyon Diablo Meteor Crater Iron Meteorite From Arizona +COA,6.99,2024-10-24,6.04,1.16,WorthPoint
canyon-diablo,302 Gm CANYON DIABLO IRON METEORITE ARIZONA .67 Lbs MUSEUM Grade,323.96,2024-10-24,302,1.07,WorthPoint
canyon-diablo,39.2 Grams OXIDE Canyon Diablo Meteor Crater OXIDITE Meteorite As Found Low Iron,29.99,2024-10-24,39.2,0.77,WorthPoint
canyon-diablo,8.44 Grams As Found Canyon Diablo Meteor Crater Iron Meteorite From Arizona +COA,6.99,2024-10-23,8.44,0.83,WorthPoint
canyon-diablo,124 Gm . CANYON DIABLO IRON METEORITE TOP GRADE ARIZONA STAND,134.1,2024-10-23,124,1.08,WorthPoint
canyon-diablo,194 Gm . CANYON DIABLO IRON METEORITE ; TOP GRADE; ARIZONA;,224.32,2024-10-23,194,1.16,WorthPoint
canyon-diablo,CANYON DIABLO IRON METEORITE: 29.4 Grams M4958,35,2024-10-21,29.4,1.19,WorthPoint
canyon-diablo,CANYON DIABLO IRON METEORITE: 29.8 Grams M4956,35,2024-10-21,29.8,1.17,WorthPoint
canyon-diablo,22 Gm CANYON DIABLO IRON METEORITE TOP GRADE ARIZONA STAND INCLUDED,26.95,2024-10-21,22,1.22,WorthPoint
canyon-diablo,Beautiful 65 Gm. Etched Canyon Diablo Meteorite Slab Arizona,152.1,2024-10-20,65,2.34,WorthPoint
canyon-diablo,"338 Grams Of Various Iron Meteorite Pieces; Campo, Canyou Diablo Etc",224.1,2024-10-20,338,0.66,WorthPoint
canyon-diablo,86 Gm . CANYON DIABLO IRON METEORITE ; TOP GRADE; ARIZONA;,98.32,2024-10-19,86,1.14,WorthPoint
canyon-diablo,9.17 Grams As Found Canyon Diablo Meteor Crater Iron Meteorite From Arizona,20.99,2024-10-19,9.17,2.29,WorthPoint
canyon-diablo,238 Gm. New Campo Del Cielo Meteorite ; B Grade Meteorite; .52 Lb;,179.96,2024-10-19,238,0.76,WorthPoint
canyon-diablo,"Indian Genealogy & Arizona Range War Vs. Cattlemen +Bâ€™Ugoettin*, Diamond Jack",19.99,2024-10-19,,,WorthPoint
canyon-diablo,CANYON DIABLO IRON METEORITE: 29 Grams M4955,35,2024-10-17,29,1.21,WorthPoint
canyon-diablo,CANYON DIABLO IRON METEORITE: 30 Grams M4959,35,2024-10-17,30,1.17,WorthPoint
canyon-diablo,CANYON DIABLO IRON METEORITE: 29.8 Grams M4957,35,2024-10-17,29.8,1.17,WorthPoint
canyon-diablo,For All 8.2 Grams Canyon Diablo Meteor Oxide Crater Oxidite Meteorites With COA,5.49,2024-10-16,8.2,0.67,WorthPoint
canyon-diablo,190 Gm. New Campo Del Cielo Meteorite ; B Grade Meteorite; .41 Lb;,143.96,2024-10-13,190,0.76,WorthPoint
canyon-diablo,18 Gm . CANYON DIABLO IRON METEORITE ; ARIZONA; ; USA; CASE,31.45,2024-10-12,18,1.75,WorthPoint
canyon-diablo,13.44 Grams All 6 Canyon Diablo Meteor Oxide Crater OXIDITE Meteorites As Found,10.49,2024-10-11,13.44,0.78,WorthPoint
canyon-diablo,25.3 Grams All 6 Canyon Diablo Meteor Oxide Crater Oxidite As Found Meteorites,19.99,2024-10-11,25.3,0.79,WorthPoint
canyon-diablo,38 Grams Canyon Diablo Coconino From Rim Of Meteor Crater - Old Collection,7.99,2024-10-11,38,0.21,WorthPoint
canyon-diablo,Beautiful 676 Gm. Etched Campo Del Cielo Meteorite Triple Cut,431.1,2024-10-10,676,0.64,WorthPoint
canyon-diablo,178 Gm CANYON DIABLO IRON METEORITE TOP GRADE ARIZONA STAND INCLUDED,206.1,2024-10-10,178,1.16,WorthPoint
canyon-diablo,Meteorites - 10.3g Canyon Diablo Nickel-Iron Meteorite,14.95,2024-10-10,10.3,1.45,WorthPoint
canyon-diablo,Beautiful 54 Gm. Etched Canyon Diablo Meteorite Slab Arizona,125.1,2024-10-10,54,2.32,WorthPoint
canyon-diablo,Aerial View Meteorite Mountain Near Canyon Diablo Arizona AZ Postcard C1936,5.99,2024-10-10,,,WorthPoint
canyon-diablo,"""Route 66: Two Guns, Arizona, FS Matchcover """"Visit Two Guns""""""",9.38,2024-10-09,,,WorthPoint
canyon-diablo,Route 66: Two Guns Arizona Between Flagstaff & Winslow FS MCover (Howdy Partner),8,2024-10-09,,,WorthPoint
canyon-diablo,"Route 66: Two Gun Town Coffee Shop In Two Guns, Arizona, FS MCover (Hillbilly)",20.57,2024-10-09,,,WorthPoint
canyon-diablo,"Iron Meteorite - Canyon Diablo, Arizona",793,2024-10-08,,,WorthPoint
canyon-diablo,CANYON DIABLO IRON METEORITE: 38.2 Grams M4952,40,2024-10-07,38.2,1.05,WorthPoint
canyon-diablo,3.78 Grams Canyon Diablo Meteor Crater Iron Meteorite From Arizona With A COA,7.49,2024-10-06,3.78,1.98,WorthPoint
canyon-diablo,For All 11 Grams Canyon Diablo Meteor Oxide Crater Oxidite Meteorites With COA,7.99,2024-10-04,11,0.73,WorthPoint
canyon-diablo,28 Gm . CANYON DIABLO IRON METEORITE ; ARIZONA; ; USA; CASE,31.45,2024-10-04,28,1.12,WorthPoint
canyon-diablo,52 Gm Campo Del Cielo Meteorite A Grade,43.16,2024-10-04,52,0.83,WorthPoint
canyon-diablo,Troilite (FeS) 3.69g Tumbled Nodule From Iron Meteorite,13,2024-10-04,3.69,3.52,WorthPoint
canyon-diablo,Meteorites - 6.5g Canyon Diablo Nickel-Iron Meteorite,11.95,2024-10-03,6.5,1.84,WorthPoint
canyon-diablo,1250 GM. NEW CAMPO DEL CIELO METEORITE ; A GRADE!! 2.8+ Pound,809.96,2024-10-03,1250,0.65,WorthPoint
canyon-diablo,Beautiful 160 Gm. Etched Canyon Diablo Meteorite Pair Arizona,359.1,2024-10-02,160,2.24,WorthPoint
canyon-diablo,3.07 Grams 3 Canyon Diablo Meteor Crater Iron Meteorites From Arizona With A COA,6.99,2024-10-02,3.07,2.28,WorthPoint
canyon-diablo,464 Gm. Campo Del Cielo Meteorite ; Aaa Grade!! Beautiful 1 Pound;,494.96,2024-10-02,464,1.07,WorthPoint
canyon-diablo,1288 Gm. New Campo Del Cielo Meteorite ; Aa Grade!! Beautiful;. 2.8 Lb.;,989.1,2024-10-01,1288,0.77,WorthPoint
canyon-diablo,200 Gm . CANYON DIABLO IRON METEORITE ; MUSEUM GRADE; ARIZONA; .44 Lbs,188.5,2024-09-30,200,0.94,WorthPoint
canyon-diablo,6 Canyon Diablo Oxide Meteor Crater OXIDITE Meteorites As Found 26 Grams,18.99,2024-09-30,26,0.73,WorthPoint
canyon-diablo,Canyon Diablo Railroad Bridge Stereoview 1920s Arizona Santa Fe Train Card A2318,19.95,2024-09-30,,,WorthPoint
canyon-diablo,24 Gm . CANYON DIABLO IRON METEORITE ; ARIZONA; ; USA; CASE,17.1,2024-09-29,24,0.71,WorthPoint
canyon-diablo,13.6 Grams As Found Canyon Diablo Meteor Crater Iron Meteorite From Arizona,24.99,2024-09-29,13.6,1.84,WorthPoint
canyon-diablo,5 Gm . CANYON DIABLO IRON METEORITE ; ARIZONA; PATINA ; USA; CASE,17.1,2024-09-28,5,3.42,WorthPoint
canyon-diablo,"Lonsdaleite Hexagonal Diamond, Spiritual Energy 165.5g With Stand",79,2024-09-26,165.5,0.48,WorthPoint
canyon-diablo,For All 8.3 Grams Canyon Diablo Meteor Oxide Crater Oxidite Meteorites With COA,5.49,2024-09-25,8.3,0.66,WorthPoint
canyon-diablo,For All 9.3 Grams Canyon Diablo Meteor Oxide Crater Oxidite Meteorites With COA,6.99,2024-09-25,9.3,0.75,WorthPoint
canyon-diablo,Beautiful 88 Gm. Etched Canyon Diablo Meteorite End Cut Arizona,179.1,2024-09-24,88,2.04,WorthPoint
canyon-diablo,Beautiful 318 Gm. Polished Campo Del Cielo Meteorite 5 Cut,224.1,2024-09-24,318,0.7,WorthPoint
canyon-diablo,720 Gm. Campo Del Cielo Meteorite ; Med Grade!! 1.6 Lbs. Baby Campo; Cheap!!,404.96,2024-09-24,720,0.56,WorthPoint
canyon-diablo,4.03 Grams As Found Canyon Diablo Meteor Crater Iron Meteorite From Arizona +COA,6.99,2024-09-24,4.03,1.73,WorthPoint
canyon-diablo,10 Grams OXIDE Canyon Diablo Meteor Crater OXIDITE Meteorite As Found Low Iron,7.99,2024-09-23,10,0.8,WorthPoint
canyon-diablo,10.6 Grams As Found Canyon Diablo Meteor Crater Iron Meteorite From Arizona +COA,15.99,2024-09-22,10.6,1.51,WorthPoint
canyon-diablo,28 Gm CANYON DIABLO IRON METEORITE TOP GRADE ARIZONA STAND INCLUDED,35.95,2024-09-22,28,1.28,WorthPoint
canyon-diablo,CANYON DIABLO Iron METEORITE 26gm M4953,35,2024-09-22,26,1.35,WorthPoint
canyon-diablo,CANYON DIABLO GIFT SET: 73g Meteorite & Arizona Themed Magnet & Wood Box,153,2024-09-22,73,2.1,WorthPoint
canyon-diablo,CANYON DIABLO Iron METEORITE 35gm M4952,40,2024-09-21,35,1.14,WorthPoint
canyon-diablo,26.2 Grams As Found Canyon Diablo Meteor Crater Iron Meteorite From Arizona +COA,33.99,2024-09-20,26.2,1.3,WorthPoint
canyon-diablo,91 Gm . CANYON DIABLO IRON METEORITE ; TOP GRADE; ARIZONA;,113.29,2024-09-20,91,1.24,WorthPoint
canyon-diablo,Beautiful 344 Gm. Polished Campo Del Cielo Meteorite Quarter Cut,224.1,2024-09-20,344,0.65,WorthPoint
canyon-diablo,"40.0 Gram - CANYON DIABLO IRON METEORITE - ""as Found Condition"" Meteor Crater AZ",68,2024-09-20,40,1.7,WorthPoint
canyon-diablo,"Natural Meteorite Specimen, Canyon Diablo Arizona 19.8 Grams",34.99,2024-09-18,19.8,1.77,WorthPoint
canyon-diablo,12 Grams As Found Canyon Diablo Meteor Crater Iron Meteorite From Arizona +COA,19.99,2024-09-18,12,1.67,WorthPoint
canyon-diablo,84 Grams Canyon Diablo Coconino From Rim Of Meteor Crater - Old Collection,14.99,2024-09-18,84,0.18,WorthPoint
canyon-diablo,50 Grams Canyon Diablo Coconino From Rim Of Meteor Crater - Old Collection,9.99,2024-09-18,50,0.2,WorthPoint
canyon-diablo,1236 Gm CAMPO DEL CIELO METEORITE BEAUTIFUL MUSEUM GRADE METEORITE 2.72 POUNDS,1345.5,2024-09-17,1236,1.09,WorthPoint
canyon-diablo,For All 8.5 Grams Canyon Diablo Meteor Oxide Crater Oxidite Meteorites With COA,5.49,2024-09-17,8.5,0.65,WorthPoint
canyon-diablo,"Great Meteor Crater Of Arizona, With Canyon Diablo, San Francisco Peaks Postcard",9.99,2024-09-17,,,WorthPoint
canyon-diablo,672 Gm CANYON DIABLO IRON METEORITE ARIZONA 1.5 Lbs MUSEUM Grade,719.95,2024-09-16,672,1.07,WorthPoint
canyon-diablo,Vintage Pennant Indian Chief Native American Meteor Crater Arizona,9.99,2024-09-15,,,WorthPoint
canyon-diablo,15.6 Grams OXIDE Canyon Diablo Meteor Crater OXIDITE Meteorite As Found Low Iron,11.99,2024-09-15,15.6,0.77,WorthPoint
canyon-diablo,"Natural Meteorite Specimen, Canyon Diablo Arizona 13.3 Grams",24.99,2024-09-15,13.3,1.88,WorthPoint
canyon-diablo,88 Gm . CANYON DIABLO IRON METEORITE MUSEUM GD ARIZONA STAND,98.1,2024-09-15,88,1.11,WorthPoint
canyon-diablo,195 Gm . CANYON DIABLO IRON METEORITE ; MUSEUM GRADE; ARIZONA;,190,2024-09-13,195,0.97,WorthPoint
canyon-diablo,204 Gm CAMPO DEL CIELO METEORITE BEAUTIFUL AAA GRADE METEORITE .45 POUNDS,269.96,2024-09-12,204,1.32,WorthPoint
canyon-diablo,154 Gm. Campo Del Cielo Meteorite ; B Grade! Inexpensive Meteorite;,136.76,2024-09-12,154,0.89,WorthPoint
canyon-diablo,152 Gm . CANYON DIABLO IRON METEORITE MUSEUM GRADE ARIZONA STAND .33 LBS,179.96,2024-09-12,152,1.18,WorthPoint
canyon-diablo,#19 8.70g Natural Raw Rock From Space Arizona USA Diablo Meteorite 43.50ct 23mm,19.95,2024-09-11,8.7,2.29,WorthPoint
canyon-diablo,174 Gm. Campo Del Cielo Meteorite ; B Grade!! Beautiful .4 Lb. Baby Campo,116.1,2024-09-11,174,0.67,WorthPoint
canyon-diablo,Beautiful 558 Gm. Etched Campo Del Cielo Meteorite Quad Cut 1.22 Lbs,404.1,2024-09-10,558,0.72,WorthPoint
canyon-diablo,Beautiful 82 Gm. Etched Canyon Diablo Meteorite End Cut Arizona,125.1,2024-09-10,82,1.53,WorthPoint
canyon-diablo,"Whole Canyon Diablo Iron Meteorite, 926 Grams",1090,2024-09-10,926,1.18,WorthPoint
canyon-diablo,Beautiful 45 Gm. Etched Canyon Diablo Meteorite Slab Arizona,102.6,2024-09-09,45,2.28,WorthPoint
canyon-diablo,Meteorites - 9.0g Canyon Diablo Nickel-Iron Meteorite,12.95,2024-09-09,9,1.44,WorthPoint
canyon-diablo,"Arizona- Coconino County, Canyon Diablo Meteorite 228 Grams",229.99,2024-09-07,228,1.01,WorthPoint
canyon-diablo,Beautiful 50 Gm. Etched Canyon Diablo Meteorite Slab Arizona,116.1,2024-09-02,50,2.32,WorthPoint
canyon-diablo,21 Gm CANYON DIABLO IRON METEORITE TOP GRADE ARIZONA STAND INCLUDED,31.45,2024-09-02,21,1.5,WorthPoint
canyon-diablo,194 Gm. Campo Del Cielo Meteorite ; B Grade!!; Stand,75,2024-09-01,194,0.39,WorthPoint
canyon-diablo,Meteorites - 10.1g Canyon Diablo Nickel-Iron Meteorite,14.95,2024-09-01,10.1,1.48,WorthPoint
canyon-diablo,Beautiful 19 Gm. Etched Canyon Diablo Meteorite End Piece Arizona,44.1,2024-08-31,19,2.32,WorthPoint
canyon-diablo,340 Gm . CANYON DIABLO IRON METEORITE ; MUSEUM GRADE; ARIZONA STAND .75 LBS,359.96,2024-08-30,340,1.06,WorthPoint
canyon-diablo,130 Gm. Campo Del Cielo Meteorite ; Baby Meteorite; Aa Gradel Full Individual,135,2024-08-30,130,1.04,WorthPoint
canyon-diablo,CANYON DIABLO Iron METEORITE 30.9gm M4955,45,2024-08-29,30.9,1.46,WorthPoint
canyon-diablo,Canyon Diablo Meteorite,1125,2024-08-28,,,WorthPoint
canyon-diablo,Meteorites - Canyon Diablo Small Pieces Specimen Vial,18.95,2024-08-28,,,WorthPoint
canyon-diablo,Beautiful 350 Gm. Polished Campo Del Cielo Meteorite Quarter Cut,224.1,2024-08-28,350,0.64,WorthPoint
canyon-diablo,Beautiful 36 Gm. Etched Canyon Diablo Meteorite End Piece Arizona,80.1,2024-08-27,36,2.22,WorthPoint
canyon-diablo,CANYON DIABLO Meteor Crater Iron Meteorite 177 Grams,200,2024-08-26,177,1.13,WorthPoint
canyon-diablo,"Lonsdaleite Hexagonal Diamond, Spiritual Energy 145g With Stand",75,2024-08-25,145,0.52,WorthPoint
canyon-diablo,680 Gm. New Campo Del Cielo Meteorite ; Aa Grade Meteorite 1.5 Lbs.,427.46,2024-08-25,680,0.63,WorthPoint
canyon-diablo,55 Gm CANYON DIABLO IRON METEORITE TOP GRADE ARIZONA STAND INCLUDED,62.95,2024-08-25,55,1.14,WorthPoint
canyon-diablo,Vtg 2002 Lot 9 Tombstone Epitaph Newspapers - Old West Pearl Hart John Bullis,24.97,2024-08-24,,,WorthPoint
canyon-diablo,"AZ-Arizona, Canyon Diablo, Aerial, Antique, Vintage Souvenir Postcard",7.99,2024-08-24,,,WorthPoint
canyon-diablo,520 Gm . CANYON DIABLO IRON METEORITE MUSEUM GRADE ARIZONA STAND 1.2+ LB,629.1,2024-08-24,520,1.21,WorthPoint
canyon-diablo,PAIR OF 17 Gm Each WEIGHT CANYON DIABLO IRON METEORITES ARIZONA CASES INC,49.45,2024-08-24,17,2.91,WorthPoint
canyon-diablo,Beautiful 110 Gm. Etched Canyon Diablo Meteorite End Cut Arizona,215.1,2024-08-24,110,1.96,WorthPoint
canyon-diablo,For All 8.1 Grams Canyon Diablo Meteor Oxide Crater Oxidite Meteorites With COA,5.49,2024-08-23,8.1,0.68,WorthPoint
canyon-diablo,170 Gm . CANYON DIABLO IRON METEORITE ; MUSEUM GRADE; ARIZONA STAND .37 LBS,150,2024-08-22,170,0.88,WorthPoint
canyon-diablo,16.37 Grams All 6 Canyon Diablo Meteor Oxide Crater OXIDITE Meteorites As Found,13.49,2024-08-22,16.37,0.82,WorthPoint
canyon-diablo,9.28 Grams OXIDE Canyon Diablo Meteor Crater OXIDITE Meteorite As Found Low Iron,7.99,2024-08-22,9.28,0.86,WorthPoint
canyon-diablo,Beautiful 368 Gm. Etched Canyon Diablo Meteorite Pair Arizona,674.1,2024-08-22,368,1.83,WorthPoint
canyon-diablo,150 Gm CANYON DIABLO IRON METEORITE ARIZONA .33 Lbs TOP Grade,170.95,2024-08-21,150,1.14,WorthPoint
canyon-diablo,9.31 Grams Polished Canyon Diablo Meteor Crater Iron Meteorite Arizona With COA,20.99,2024-08-17,9.31,2.25,WorthPoint
canyon-diablo,113 Gm . CANYON DIABLO IRON METEORITE TOP GRADE ARIZONA STAND,134.1,2024-08-16,113,1.19,WorthPoint
canyon-diablo,13.7 Grams OXIDE Canyon Diablo Meteor Crater OXIDITE Meteorite As Found Low Iron,10.99,2024-08-15,13.7,0.8,WorthPoint
canyon-diablo,"Natural Meteorite Specimen, Canyon Diablo Arizona 15.6 Grams",29.99,2024-08-15,15.6,1.92,WorthPoint
canyon-diablo,"Canyon Diablo ""as Found"" Iron Meteorite From Meteor Crater Arizona 4.82 Grams",14.95,2024-08-14,4.82,3.1,WorthPoint
canyon-diablo,790 Gm CAMPO DEL CIELO METEORITE ; AAA GRADE 1.7+ Lbs.; Beautiful Lg.meteorite,850.73,2024-08-11,790,1.08,WorthPoint
canyon-diablo,18.32g Canyon Diablo Coconino - From Rim Of Meteor Crater - Meteorite Impact,14.4,2024-08-09,18.32,0.79,WorthPoint
canyon-diablo,3.56 Grams As Found Canyon Diablo Meteor Crater Iron Meteorite From Arizona +COA,5.99,2024-08-08,3.56,1.68,WorthPoint
canyon-diablo,3.12 Grams As Found Canyon Diablo Meteor Crater Iron Meteorite From Arizona +COA,5.99,2024-08-08,3.12,1.92,WorthPoint
canyon-diablo,15.2 Grams OXIDE Canyon Diablo Meteor Crater OXIDITE Meteorite As Found Low Iron,11.99,2024-08-08,15.2,0.79,WorthPoint
canyon-diablo,12.3 Grams OXIDE Canyon Diablo Meteor Crater OXIDITE Meteorite As Found Low Iron,9.99,2024-08-08,12.3,0.81,WorthPoint
canyon-diablo,89 Grams Canyon Diablo Coconino From Rim Of Meteor Crater - Old Collection,14.99,2024-08-08,89,0.17,WorthPoint
canyon-diablo,8.04 Grams OXIDE Canyon Diablo Meteor Crater OXIDITE Meteorite As Found Low Iron,6.99,2024-08-08,8.04,0.87,WorthPoint
canyon-diablo,"Meteor Crater Impactite, 1.1 Grams, H. H. Nininger, (Canyon Diablo)",75,2024-08-08,1.1,68.18,WorthPoint
canyon-diablo,757gm CANYON DIABLO IRON METEORITE,495,2024-08-07,757,0.65,WorthPoint
canyon-diablo,124 Gm CANYON DIABLO IRON METEORITE TOP GRADE ARIZONA STAND INCLUDED,134.96,2024-07-30,124,1.09,WorthPoint
canyon-diablo,2.39 Grams Canyon Diablo Meteor Crater Iron Meteorite From Arizona With A COA,5.99,2024-07-30,2.39,2.51,WorthPoint
canyon-diablo,21 Gm . CANYON DIABLO IRON METEORITE ; ARIZONA; PATINA ; USA; STAND,30.6,2024-07-30,21,1.46,WorthPoint
canyon-diablo,"Canyon Diablo Meteorite Fragment, 60 Grams, Iron & Nickel Coarse Octohedrite",52,2024-07-29,60,0.87,WorthPoint
canyon-diablo,12 Gm . CANYON DIABLO IRON METEORITE ; ARIZONA; PATINA ; USA; CASE,16.25,2024-07-29,12,1.35,WorthPoint
canyon-diablo,56 Gm CANYON DIABLO IRON METEORITE TOP GRADE ARIZONA STAND INCLUDED,76.91,2024-07-27,56,1.37,WorthPoint
canyon-diablo,Frontier Times Magazine January 1971 Canyon Diablo Train Robbery Supernatural,9.99,2024-07-27,,,WorthPoint
canyon-diablo,15.5 Grams OXIDE Canyon Diablo Meteor Crater OXIDITE Meteorite As Found Low Iron,11.99,2024-07-27,15.5,0.77,WorthPoint
canyon-diablo,27.4 Grams As Found Canyon Diablo Meteor Crater Iron Meteorite From Arizona,44.99,2024-07-27,27.4,1.64,WorthPoint
canyon-diablo,8.12 Grams OXIDE Canyon Diablo Meteor Crater OXIDITE Meteorite As Found Low Iron,7.29,2024-07-26,8.12,0.9,WorthPoint
canyon-diablo,32.8 Grams OXIDE Canyon Diablo Meteor Crater OXIDITE Meteorite As Found Low Iron,25.99,2024-07-26,32.8,0.79,WorthPoint
canyon-diablo,15.1 Grams OXIDE Canyon Diablo Meteor Crater OXIDITE Meteorite As Found Low Iron,11.99,2024-07-26,15.1,0.79,WorthPoint
canyon-diablo,2485 Gm Campo Del Cielo Meteorite Museum Grade 5.5 Lbs,2432.69,2024-07-21,2485,0.98,WorthPoint
canyon-diablo,"Stunning High Quality ODESSA TEXAS Meteorite, Rare Whole Individual Of 1400 Gr",1400,2024-07-20,1400,1,WorthPoint
canyon-diablo,11.5 Grams OXIDE Canyon Diablo Meteor Crater OXIDITE Meteorite As Found Low Iron,8.49,2024-07-20,11.5,0.74,WorthPoint
canyon-diablo,Large 1170 Gm Campo Del Cielo Meteorite ; Aaa Museum Grade!! 2.6 Lbs.,1217.57,2024-07-20,1170,1.04,WorthPoint
canyon-diablo,Large 8910 Gm Campo Del Cielo Meteorite Museum Collectors Grade 20 Lbs,8118.44,2024-07-19,8910,0.91,WorthPoint
canyon-diablo,Canyon Diablo IAB Iron Meteorite Arizona 24.54 Grams,54.75,2024-07-18,24.54,2.23,WorthPoint
canyon-diablo,Large 10355 Gm Campo Del Cielo Meteorite Museum Collectors Grade 23 Lbs,11448.9,2024-07-17,10355,1.11,WorthPoint
canyon-diablo,"Lonsdaleite Hexagonal Diamond, Spiritual Energy 160.5g With Stand",69,2024-07-17,160.5,0.43,WorthPoint
canyon-diablo,Beautiful 69 Gm. Etched Canyon Diablo Meteorite End Cut Arizona,125.1,2024-07-16,69,1.81,WorthPoint
canyon-diablo,9.77g Canyon Diablo Coconino - From Rim Of Meteor Crater - Meteorite Impact,9,2024-07-16,9.77,0.92,WorthPoint
canyon-diablo,486 GM. CAMPO DEL CIELO METEORITE ; AA GRADE METEORITE 1.1 +lbs. BEAUTIFUL,405.52,2024-07-16,486,0.83,WorthPoint
canyon-diablo,132 Gm Campo Del Cielo Meteorite Aa Grade Baby Meteorite Beautiful,121.8,2024-07-16,132,0.92,WorthPoint
canyon-diablo,Large 1100 Gm Campo Del Cielo Meteorite Aaa Grade 2.4 Lbs.,1055.12,2024-07-16,1100,0.96,WorthPoint
canyon-diablo,"Fred Harvey Postcard Santa Fe Train Canyon Diablo, Winslow, Arizona H-4547",8.95,2024-07-16,,,WorthPoint
canyon-diablo,Pendleton Blanket Canyon Diablo Wool Native American Navajo Pattern Robe...,160,2024-07-15,,,WorthPoint
canyon-diablo,Beautiful 650 Gm. Etched Campo Del Cielo Meteorite Quad Cut,413.1,2024-07-15,650,0.64,WorthPoint
canyon-diablo,2.48 Grams Canyon Diablo Meteor Crater Iron Meteorite From Arizona With A COA,5.99,2024-07-15,2.48,2.42,WorthPoint
canyon-diablo,278 Gm . CANYON DIABLO IRON METEORITE ; TOP GRADE ; ARIZONA STAND .6 Lbs,255.65,2024-07-14,278,0.92,WorthPoint
canyon-diablo,Beautiful 98 Gm. Etched Canyon Diablo Meteorite End Cut Arizona,179.1,2024-07-14,98,1.83,WorthPoint
canyon-diablo,290 Gm .CANYON DIABLO IRON METEORITE BEST GRADE ARIZONA STAND INCLUDED,306.95,2024-07-14,290,1.06,WorthPoint
canyon-diablo,120 Gm CANYON DIABLO IRON METEORITE ARIZONA MUSEUM Grade,134.96,2024-07-14,120,1.12,WorthPoint
canyon-diablo,Meteorite Collection Lot Twenty-Five Different Types Labeled With Display Box,250,2024-07-13,,,WorthPoint
canyon-diablo,13.5 Grams All 9 Canyon Diablo Meteor Oxide Crater OXIDITE Meteorites As Found,9.99,2024-07-13,13.5,0.74,WorthPoint
canyon-diablo,11.7 Grams As Found Canyon Diablo Meteor Crater Iron Meteorite From Arizona,22.99,2024-07-13,11.7,1.96,WorthPoint
canyon-diablo,Beautiful 93 Gm. Etched Canyon Diablo Meteorite Slab Arizona,179.1,2024-07-11,93,1.93,WorthPoint
canyon-diablo,208 Gm CANYON DIABLO IRON METEORITE MUSEUM GRADE ARIZONA STAND INCLUDED,230,2024-07-11,208,1.11,WorthPoint
canyon-diablo,374 GM. CANYON DIABLO IRON METEORITE TOP GRADE ARIZONA .82 Lbs,383.9,2024-07-11,374,1.03,WorthPoint
canyon-diablo,All 9 Canyon Diablooxide Meteor Crater OXIDITE Meteorites As Found 27.4 Grams,22.99,2024-07-10,27.4,0.84,WorthPoint
canyon-diablo,7.38 Grams OXIDE Canyon Diablo Meteor Crater OXIDITE Meteorite As Found Low Iron,5.99,2024-07-09,7.38,0.81,WorthPoint
canyon-diablo,3.07 Grams Canyon Diablo Meteor Crater Iron Meteorite From Arizona With A COA,7.49,2024-07-09,3.07,2.44,WorthPoint
canyon-diablo,2.76 Grams Polished Canyon Diablo Meteor Crater Iron Meteorite Arizona With COA,6.99,2024-07-09,2.76,2.53,WorthPoint
canyon-diablo,CANYON DIABLO IRON NICKEL METEORITE PIECE IMPACT SPECIMEN Approximately 1/2 Lb,49.99,2024-07-08,,,WorthPoint
canyon-diablo,Canyon Diablo Iron Meteorite 23.1 Grams IAB-MG Ex. Aerolite,50,2024-07-07,23.1,2.16,WorthPoint
canyon-diablo,"Meteorite Mountain, Near Canyon Diablo, Arizona, Fred Harvey",5.99,2024-07-05,,,WorthPoint
canyon-diablo,Canyon Diablo Meteorite 28.6 G Individual Meteor Crater Arizona USA,69,2024-07-05,28.6,2.41,WorthPoint
canyon-diablo,198 Gm CANYON DIABLO IRON METEORITE ARIZONA .43 Lbs MUSEUM Grade,222.25,2024-07-04,198,1.12,WorthPoint
canyon-diablo,"Natural Meteorite Specimen, Canyon Diablo Arizona 2.21 Grams",6.99,2024-07-04,2.21,3.16,WorthPoint
canyon-diablo,Navajo Indians & Train At Canyon Diablo AZ Near Flagstaff Stereoview C1900,9.99,2024-07-03,,,WorthPoint
canyon-diablo,"Natural Meteorite Specimen, Canyon Diablo Arizona 12.23 Grams",24.99,2024-07-03,12.23,2.04,WorthPoint
canyon-diablo,2.59 Grams Canyon Diablo Meteor Crater Iron Meteorite From Arizona With A COA,5.99,2024-07-03,2.59,2.31,WorthPoint
canyon-diablo,"Natural Meteorite Specimen, Canyon Diablo Arizona 13.4 Grams",24.99,2024-07-03,13.4,1.86,WorthPoint
canyon-diablo,188 Grams Old Route 66 Canyon Diablo American Meteorite Museum WALL BRICK ROCK,5.49,2024-06-30,188,0.03,WorthPoint
canyon-diablo,10.8 Grams Polished Canyon Diablo Meteor Crater Iron Meteorite Arizona With COA,21.99,2024-06-28,10.8,2.04,WorthPoint
canyon-diablo,All 9 Canyon Diablo Oxide Meteor Crater OXIDITE Meteorites As Found 24.4 Grams,19.99,2024-06-28,24.4,0.82,WorthPoint
canyon-diablo,8.69 Grams OXIDE Canyon Diablo Meteor Crater OXIDITE Meteorite As Found Low Iron,6.99,2024-06-28,8.69,0.8,WorthPoint
canyon-diablo,3.51 Grams As Found Canyon Diablo Meteor Crater Iron Meteorite From Arizona +COA,6.99,2024-06-28,3.51,1.99,WorthPoint
canyon-diablo,9.67 Grams OXIDE Canyon Diablo Meteor Crater OXIDITE Meteorite As Found Low Iron,7.99,2024-06-28,9.67,0.83,WorthPoint
canyon-diablo,7.47 Grams OXIDE Canyon Diablo Meteor Crater OXIDITE Meteorite As Found Low Iron,5.49,2024-06-28,7.47,0.73,WorthPoint
canyon-diablo,4.91 Grams As Found Canyon Diablo Meteor Crater Iron Meteorite From Arizona +COA,9.99,2024-06-28,4.91,2.03,WorthPoint
canyon-diablo,3.20 Grams 5 Canyon Diablo Meteor Crater Iron Meteorites From Arizona With A COA,6.99,2024-06-28,3.2,2.18,WorthPoint
canyon-diablo,8.77 Grams OXIDE Canyon Diablo Meteor Crater OXIDITE Meteorite As Found Low Iron,6.99,2024-06-28,8.77,0.8,WorthPoint
canyon-diablo,3.61 Grams 3 Canyon Diablo Meteor Crater Iron Meteorites From Arizona With A COA,6.99,2024-06-28,3.61,1.94,WorthPoint
canyon-diablo,7.22 Grams OXIDE Canyon Diablo Meteor Crater OXIDITE Meteorite As Found Low Iron,5.49,2024-06-28,7.22,0.76,WorthPoint
canyon-diablo,2.38 Grams As Found Canyon Diablo Meteor Crater Iron Meteorite From Arizona +COA,6.99,2024-06-28,2.38,2.94,WorthPoint
canyon-diablo,6 Canyon Diablo Meteor Oxide Crater OXIDITE Meteorites As Found 10.1 Grams,9.99,2024-06-28,10.1,0.99,WorthPoint
canyon-diablo,4.02 Grams 3 Canyon Diablo Meteor Crater Iron Meteorites From Arizona With A COA,7.99,2024-06-28,4.02,1.99,WorthPoint
canyon-diablo,2.29 Grams Canyon Diablo Meteor Crater Iron Meteorite From Arizona With A COA,7.5,2024-06-27,2.29,3.28,WorthPoint
canyon-diablo,3.20 Grams 3 Canyon Diablo Meteor Crater Iron Meteorites From Arizona With A COA,6.49,2024-06-19,3.2,2.03,WorthPoint
canyon-diablo,3.32 Grams Canyon Diablo Meteor Crater Iron Meteorite From Arizona With A COA,7.49,2024-06-19,3.32,2.26,WorthPoint
canyon-diablo,"Frontier Times -- December-January 1971 History, Magazine",5,2024-06-18,,,WorthPoint
canyon-diablo,23.3 Grams Canyon Diablo Meteor Crater Iron Meteorite From Arizona With A COA,29.99,2024-06-18,23.3,1.29,WorthPoint
canyon-diablo,101 Gm . CANYON DIABLO IRON METEORITE MUSEUM GRADE ARIZONA STAND,116.1,2024-06-18,101,1.15,WorthPoint
canyon-diablo,3.77 Grams 5 Canyon Diablo Meteor Crater Iron Meteorites From Arizona With A COA,6.99,2024-06-18,3.77,1.85,WorthPoint
canyon-diablo,5.01 Grams 3 Canyon Diablo Meteor Crater Iron Meteorites From Arizona With A COA,8.99,2024-06-18,5.01,1.79,WorthPoint
canyon-diablo,Iron Meteorite 33 Grams Probably Canyon Diablo,29,2024-06-18,33,0.88,WorthPoint
canyon-diablo,Canyon Diablo Arizona Fred Harvey Sterling Souvenir Spoon W/ Train Handle,95,2024-06-17,,,WorthPoint
canyon-diablo,3.43 Grams Canyon Diablo Meteor Crater Iron Meteorite From Arizona With A COA,7.49,2024-06-17,3.43,2.18,WorthPoint
canyon-diablo,2.86 Grams Canyon Diablo Meteor Crater Iron Meteorite From Arizona With A COA,6.49,2024-06-17,2.86,2.27,WorthPoint
canyon-diablo,3.97 Grams 13 Canyon Diablo Meteor Crater Iron Meteorites From Arizona With +COA,6.99,2024-06-16,3.97,1.76,WorthPoint
canyon-diablo,2.96 Grams 3 Canyon Diablo Meteor Crater Iron Meteorites From Arizona With A COA,5.99,2024-06-16,2.96,2.02,WorthPoint
canyon-diablo,"Natural Meteorite Specimen, Canyon Diablo Arizona 2.60 Grams",6.5,2024-06-14,2.6,2.5,WorthPoint
canyon-diablo,1918 GM. CAMPO DEL CIELO METEORITE ;A GRADE LARGE METEORITE 4.2 Lbs.INEXPENSIVE,1234.05,2024-06-14,1918,0.64,WorthPoint
canyon-diablo,13.5 Grams Canyon Diablo Meteor Crater Iron Meteorite From Arizona With A COA,18.99,2024-06-14,13.5,1.41,WorthPoint
canyon-diablo,Bridges & Buildings For Model Railroads By Willard Anderson Soft Cover,10,2024-06-12,,,WorthPoint
canyon-diablo,4.21 Grams Canyon Diablo Meteor Crater Iron Meteorite From Arizona With A COA,7.99,2024-06-12,4.21,1.9,WorthPoint
canyon-diablo,3.54 Grams Canyon Diablo Meteor Crater Iron Meteorite From Arizona With A COA,6.99,2024-06-12,3.54,1.97,WorthPoint
canyon-diablo,Canyon Diablo Meteorite Spheroids Small Sample,35,2024-06-11,,,WorthPoint
canyon-diablo,"Natural Meteorite Specimen, Canyon Diablo Arizona 1.82 Grams",6.99,2024-06-10,1.82,3.84,WorthPoint
canyon-diablo,Coin Cast From Meteorite - 1985 Comet Halley Meteorite Medal - Robert Haag,600,2024-06-10,,,WorthPoint
canyon-diablo,3.28 Grams Canyon Diablo Meteor Crater Iron Meteorite From Arizona With A COA,6.5,2024-06-09,3.28,1.98,WorthPoint
canyon-diablo,6.31 Grams Canyon Diablo Meteor Crater Iron Meteorite From Arizona With A COA,13.5,2024-06-09,6.31,2.14,WorthPoint
canyon-diablo,70 Gm. Canyon Diablo Meteorite End Cut Arizona Silicate Sold As Is,89.1,2024-06-08,70,1.27,WorthPoint
canyon-diablo,"Natural Meteorite Specimen, Canyon Diablo Arizona 2.13 Grams",31.55,2024-06-08,2.13,14.81,WorthPoint
canyon-diablo,"Natural Meteorite Specimen, Canyon Diablo Arizona 2.43 Grams",6.99,2024-06-07,2.43,2.88,WorthPoint
canyon-diablo,1926 Meteorite Mountain Canyon Diablo Arizona Fred Harvey Postcard,5.5,2024-06-05,,,WorthPoint
canyon-diablo,Postcard WB DB Meteorite Mountain Canyon Diablo Arizona,6.5,2024-06-05,,,WorthPoint
canyon-diablo,Native Americans Watching A Train Canyon Diablo AZ Stereoview C1900,9.99,2024-06-05,,,WorthPoint
canyon-diablo,"Natural Meteorite Specimen, Canyon Diablo Arizona 2.82 Grams",6.99,2024-06-03,2.82,2.48,WorthPoint
canyon-diablo,"Natural Meteorite Specimen, Canyon Diablo Arizona 3.47 Grams",6.99,2024-06-03,3.47,2.01,WorthPoint
canyon-diablo,170 Gm . CANYON DIABLO IRON METEORITE ; TOP GRADE; ARIZONA STAND .37 LBS.,179.1,2024-06-02,170,1.05,WorthPoint
canyon-diablo,"Natural Meteorite Specimen, Canyon Diablo Arizona 1.91 Grams",6.99,2024-06-01,1.91,3.66,WorthPoint
canyon-diablo,"Canyon Diablo Meteorite Pendant, Astronomy Gift, Space Gift, COA, 8.69",42,2024-06-01,,,WorthPoint
canyon-diablo,2.90 Grams Canyon Diablo Meteor Crater Iron Meteorite From Arizona With A COA,6.99,2024-05-31,2.9,2.41,WorthPoint
canyon-diablo,LARGE 404 Gm .CANYON DIABLO IRON METEORITE MUSEUM GRADE .9 # STD,449.1,2024-05-30,404,1.11,WorthPoint
canyon-diablo,10.2 Grams Canyon Diablo Meteor Crater Iron Meteorite From Arizona With A COA,17.99,2024-05-29,10.2,1.76,WorthPoint
canyon-diablo,20.2 Grams Canyon Diablo Meteor Crater Iron Meteorite From Arizona With A COA,33,2024-05-29,20.2,1.63,WorthPoint
canyon-diablo,7 Grams Cleaned Canyon Diablo Meteor Crater Iron Meteorite From Arizona,19.99,2024-05-29,7,2.86,WorthPoint
canyon-diablo,All 10 OXIDE Canyon Diablo Meteor Crater OXIDITE Meteorites As Found 21.3 Grams,16.49,2024-05-29,21.3,0.77,WorthPoint
canyon-diablo,3.54 Grams Polished Canyon Diablo Meteor Crater Iron Meteorite From Arizona,6.99,2024-05-29,3.54,1.97,WorthPoint
canyon-diablo,7.41 Grams Canyon Diablo Meteor Crater Iron Meteorite From Arizona With A COA,13.99,2024-05-29,7.41,1.89,WorthPoint
canyon-diablo,4.66 Grams Polished Canyon Diablo Meteor Crater Iron Meteorite From Arizona,7.99,2024-05-28,4.66,1.71,WorthPoint
canyon-diablo,3.48 Grams Polished Canyon Diablo Meteor Crater Iron Meteorite From Arizona,5.99,2024-05-28,3.48,1.72,WorthPoint
canyon-diablo,9.69 Grams Canyon Diablo Meteor Crater Iron Meteorite From Arizona With A COA,17.99,2024-05-26,9.69,1.86,WorthPoint
canyon-diablo,5.43 Grams Canyon Diablo Meteor Crater Iron Meteorite From Arizona With A COA,10.5,2024-05-26,5.43,1.93,WorthPoint
canyon-diablo,4.06 Grams Canyon Diablo Meteor Crater Iron Meteorite From Arizona With A COA,11,2024-05-26,4.06,2.71,WorthPoint
canyon-diablo,1.50 Grams Polished Canyon Diablo Meteor Crater Iron Meteorite From Arizona,10.5,2024-05-26,1.5,7,WorthPoint
canyon-diablo,622 Gm . CANYON DIABLO IRON METEORITE MUSEUM GRADE ARIZONA STAND 1.3 LBS,674.1,2024-05-26,622,1.08,WorthPoint
canyon-diablo,2102 Gm. Campo Del Cielo Meteorite ; A Grade! Meteorite! 4.6 Lbs. Inexpensive!!,1975.5,2024-05-26,2102,0.94,WorthPoint
canyon-diablo,2.95 Grams As Found Canyon Diablo Meteor Crater Iron Meteorite From Arizona +COA,7.5,2024-05-25,2.95,2.54,WorthPoint
canyon-diablo,3.85 Grams Polished Canyon Diablo Meteor Crater Iron Meteorite From Arizona,10.5,2024-05-25,3.85,2.73,WorthPoint
canyon-diablo,3.98 Grams Polished Canyon Diablo Meteor Crater Iron Meteorite From Arizona,12.5,2024-05-25,3.98,3.14,WorthPoint
canyon-diablo,Postcard Canyon Diablo Arizona Card #13955. Fred Harvey. Canyon Diablo Is A Gash,10,2024-05-25,,,WorthPoint
canyon-diablo,4.61 Grams Canyon Diablo Meteor Crater Iron Meteorite From Arizona With A COA,8.5,2024-05-24,4.61,1.84,WorthPoint
canyon-diablo,Beautiful 115 Gm. Etched Canyon Diablo Meteorite End Cut Arizona,224.1,2024-05-24,115,1.95,WorthPoint
canyon-diablo,"Natural Meteorite Specimen, Canyon Diablo Arizona 4.24 Grams",12.5,2024-05-24,4.24,2.95,WorthPoint
canyon-diablo,"Canyon Diablo, Iron IAB-MG Meteorite, Found In Arizona, USA In 1891, 61.40 Grams",76,2024-05-22,61.4,1.24,WorthPoint
canyon-diablo,Meteorite And Space Assortment,369,2024-05-19,,,WorthPoint
canyon-diablo,Aluminum Labels ~ Stand Alone ~ For Displaying And Identifying Two Meteorites,5,2024-05-16,,,WorthPoint
canyon-diablo,Beautiful 101 Gm. Etched Canyon Diablo Meteorite End Cut Arizona,215.1,2024-05-15,101,2.13,WorthPoint
canyon-diablo,135 Gm . CANYON DIABLO IRON METEORITE MUSEUM GRADE; ARIZONA STAND,130,2024-05-14,135,0.96,WorthPoint
canyon-diablo,Palm Size Canyon Diablo Iron-Nickel Meteorite,531.25,2024-05-14,,,WorthPoint
canyon-diablo,Etched Gibeon Iron-Nickel Meteorite,162.5,2024-05-14,,,WorthPoint
canyon-diablo,"Natural Meteorite Specimen, Canyon Diablo Arizona 2.91 Grams",10.5,2024-05-13,2.91,3.61,WorthPoint
canyon-diablo,5.55 Grams As Found Canyon Diablo Meteor Crater Iron Meteorite From Arizona,12.99,2024-05-13,5.55,2.34,WorthPoint
canyon-diablo,Beautiful 131 Gm. Etched Canyon Diablo Meteorite End Cut Arizona,269.1,2024-05-11,131,2.05,WorthPoint
canyon-diablo,40 Gm CANYON DIABLO IRON METEORITE TOP GRADE ARIZONA STAND INCLUDED,53.1,2024-05-10,40,1.33,WorthPoint
canyon-diablo,1482 Gm. Campo Del Cielo Meteorite ; Med Grade! 3.3 Pounds; Cheap!!,715.5,2024-05-10,1482,0.48,WorthPoint
canyon-diablo,Beautiful 228 Gm. Etched Canyon Diablo Meteorite Pair Arizona,449.1,2024-05-10,228,1.97,WorthPoint
canyon-diablo,Postcard Arizona Canyon Diablo AZ Steam Train Railroad Bridge 1920s Unposted,6,2024-05-10,,,WorthPoint
canyon-diablo,53 Gm . CANYON DIABLO IRON METEORITE ; ARIZONA; PATINA ; USA; STAND,62.1,2024-05-10,53,1.17,WorthPoint
canyon-diablo,"Natural Meteorite Specimen, Canyon Diablo Arizona 6.23 Grams",12.99,2024-05-09,6.23,2.09,WorthPoint
canyon-diablo,3.38 Grams As Found Canyon Diablo Meteor Crater Iron Meteorite From Arizona +COA,8.99,2024-05-07,3.38,2.66,WorthPoint
canyon-diablo,2.51 Grams As Found Canyon Diablo Meteor Crater Iron Meteorite From Arizona +COA,5.99,2024-05-07,2.51,2.39,WorthPoint
canyon-diablo,7.89 Grams Cleaned Canyon Diablo Meteor Crater Iron Meteorite From Arizona + COA,15.99,2024-05-07,7.89,2.03,WorthPoint
canyon-diablo,20302 Dvd Box Set Bnsf Western Spectacular Collection,29.99,2024-05-06,,,WorthPoint
canyon-diablo,1220 Gm. New Campo Del Cielo Meteorite ; A Grade!! Beautiful Meteorite; 2.7 Lbs.,809.95,2024-05-06,1220,0.66,WorthPoint
canyon-diablo,Large 574 Gm Campo Del Cielo Meteorite Aaa Grade 1.3 Lbs.,629.1,2024-05-06,574,1.1,WorthPoint
canyon-diablo,"Meteorite**Canyon Diablo, Iron IAB-MG **5 277 Gram Individual W/Natural Patina!!",10.5,2024-05-06,277,0.04,WorthPoint
canyon-diablo,170 Gm . CANYON DIABLO IRON METEORITE ; TOP GRADE ; ARIZONA; PATINA; .4 LBS,179.96,2024-05-06,170,1.06,WorthPoint
canyon-diablo,724 Gm. Campo Del Cielo Meteorite ; Aaa Grade Baby Meteorite; Beautiful 1.6#,539.1,2024-05-05,724,0.74,WorthPoint
canyon-diablo,154 Gm CANYON DIABLO IRON METEORITE TOP GRADE ARIZONA STAND INCLUDED,179.1,2024-05-05,154,1.16,WorthPoint
canyon-diablo,PAIR OF 17 Gm TOTAL WEIGHT CANYON DIABLO IRON METEORITES ARIZONA STAND INC,26.95,2024-05-05,17,1.59,WorthPoint
canyon-diablo,70 Gm . CANYON DIABLO IRON METEORITE ; MUSEUM GRADE; ARIZONA STAND INCLUDED,80.96,2024-05-04,70,1.16,WorthPoint
canyon-diablo,Beautiful 105 Gm. Etched Canyon Diablo Meteorite End Cut Arizona,188.1,2024-05-04,105,1.79,WorthPoint
canyon-diablo,65 Gm CANYON DIABLO IRON METEORITE TOP GRADE ARIZONA STAND INCLUDED,71.1,2024-05-04,65,1.09,WorthPoint
canyon-diablo,Large 608 Gm Campo Del Cielo Meteorite ; Aaa Museum Grade!! 1.4 Lbs.,674.1,2024-05-04,608,1.11,WorthPoint
canyon-diablo,73 Gm CANYON DIABLO IRON METEORITE TOP GRADE ARIZONA STAND INCLUDED,80.96,2024-05-04,73,1.11,WorthPoint
canyon-diablo,"Natural Meteorite Specimen, Canyon Diablo Arizona 3.44 Grams",9.99,2024-05-04,3.44,2.9,WorthPoint
canyon-diablo,"Natural Meteorite Specimen, Canyon Diablo Arizona 2.48 Grams",6.99,2024-05-02,2.48,2.82,WorthPoint
canyon-diablo,"Natural Meteorite Specimen, Canyon Diablo Arizona 4.26 Grams",9.99,2024-05-02,4.26,2.35,WorthPoint
canyon-diablo,"Natural Meteorite Specimen, Canyon Diablo Arizona 3.5 Grams",6.99,2024-05-02,3.5,2,WorthPoint
canyon-diablo,"Natural Meteorite Specimen, Canyon Diablo Arizona 4.05 Grams",6.99,2024-05-01,4.05,1.73,WorthPoint
canyon-diablo,"Natural Meteorite Specimen, Canyon Diablo Arizona 4.68 Grams",9.99,2024-05-01,4.68,2.13,WorthPoint
canyon-diablo,"7.5 Gram Canyon Diablo Individual Meteorite - Iron, IAB-MG Found 1891 Arizona",24.99,2024-04-30,7.5,3.33,WorthPoint
canyon-diablo,1194 GM. CAMPO DEL CIELO METEORITE ;A GRADE LARGE METEORITE 2.6 Lbs.INEXPENSIVE,629.1,2024-04-30,1194,0.53,WorthPoint
canyon-diablo,Beautiful 168 Gm. Etched Canyon Diablo Meteorite End Cut Arizona,212.9,2024-04-29,168,1.27,WorthPoint
canyon-diablo,5.01 Grams As Found Canyon Diablo Meteor Crater Iron Meteorite From Arizona +COA,11.99,2024-04-28,5.01,2.39,WorthPoint
canyon-diablo,Troilite (FeS) 7.89g Tumbled Nodule From Iron Meteorite,15,2024-04-27,7.89,1.9,WorthPoint
canyon-diablo,Beautiful 102 Gm. Etched Canyon Diablo Meteorite Pair Arizona,161.1,2024-04-26,102,1.58,WorthPoint
canyon-diablo,"Natural Meteorite Specimen, Canyon Diablo Arizona 3.75 Grams",7.99,2024-04-24,3.75,2.13,WorthPoint
canyon-diablo,â˜„ï¸ Meteorite Canyon Diablo Arizona Rare 31.7 Grams,90,2024-04-24,31.7,2.84,WorthPoint
canyon-diablo,1412 Gm. Campo Del Cielo Meteorite ; Aaa Grade!! 3.1 Lbs;,800,2024-04-22,1412,0.57,WorthPoint
canyon-diablo,188 Gm CANYON DIABLO IRON METEORITE MUSEUM GRADE ARIZONA STAND INCLUDED,251.95,2024-04-21,188,1.34,WorthPoint
canyon-diablo,Beautiful 744 Gm. 1 Lb 10 Oz Etched Campo Meteorite Damascus Billet Knives,629.1,2024-04-20,744,0.85,WorthPoint
canyon-diablo,Canyon Diablo Individual Meteorite,937.5,2024-04-11,,,WorthPoint
canyon-diablo,714 Gm . CANYON DIABLO IRON METEORITE MUSEUM GRADE ARIZONA STAND 1.6 LBS,809.95,2024-04-11,714,1.13,WorthPoint
canyon-diablo,3.11 Grams As Found Canyon Diablo Meteor Crater Iron Meteorite From Arizona +COA,8.99,2024-04-11,3.11,2.89,WorthPoint
canyon-diablo,242 Gm CANYON DIABLO IRON METEORITE ARIZONA .53 Lbs MUSEUM Grade,250,2024-04-10,242,1.03,WorthPoint
canyon-diablo,65 Grams Canyon Diablo Coconino From Rim Of Meteor Crater - Old Collection,12.99,2024-04-09,65,0.2,WorthPoint
canyon-diablo,Canyon Diablo Cleaned Iron Meteorite From Meteor Crater Arizona 5.78 Grams,17.99,2024-04-09,5.78,3.11,WorthPoint
canyon-diablo,102 Gm CANYON DIABLO IRON METEORITE TOP GRADE ARIZONA STAND INCLUDED,116.1,2024-04-09,102,1.14,WorthPoint
canyon-diablo,1066 GM. CAMPO DEL CIELO METEORITE ; AAA GRADE! BABY METEORITE; 2.3 Lbs,899.28,2024-04-07,1066,0.84,WorthPoint
canyon-diablo,3.54 Grams As Found Canyon Diablo Meteor Crater Iron Meteorite From Arizona +COA,9.49,2024-04-06,3.54,2.68,WorthPoint
canyon-diablo,Canyon Diablo Berringer Crater Arizona Meteor Meteorite Fragment Artifact,17.52,2024-04-05,,,WorthPoint
canyon-diablo,24 Gm CANYON DIABLO IRON METEORITE MUSEUM GRADE ARIZONA STAND INCLUDED,31.45,2024-04-04,24,1.31,WorthPoint
canyon-diablo,226 Gm . CANYON DIABLO IRON METEORITE ; TOP GRADE; ARIZONA STAND INCLUDED,224.1,2024-04-04,226,0.99,WorthPoint
canyon-diablo,422 Gm. Campo Del Cielo Meteorite ;aaa Grade Meteorite. .97 Pounds!,359.33,2024-04-04,422,0.85,WorthPoint
canyon-diablo,6.1 Grams As Found Canyon Diablo Meteor Crater Iron Meteorite From Arizona,18.95,2024-04-04,6.1,3.11,WorthPoint
canyon-diablo,88 Grams Canyon Diablo Coconino From Rim Of Meteor Crater - Old Collection,12.99,2024-04-04,88,0.15,WorthPoint
canyon-diablo,518 Gm. New Campo Del Cielo Meteorite ;1.2 Lbs Museum Grade Very Few Left,476.96,2024-04-04,518,0.92,WorthPoint
canyon-diablo,63 Grams Canyon Diablo Coconino From Rim Of Meteor Crater - Old Collection,7.99,2024-04-04,63,0.13,WorthPoint
canyon-diablo,51 Grams Canyon Diablo Coconino From Rim Of Meteor Crater - Old Collection,7.99,2024-04-04,51,0.16,WorthPoint
canyon-diablo,Large 702 Gm Campo Del Cielo Meteorite Aaa Museum Collectors Grade 1.5 Lbs.,899.1,2024-04-03,702,1.28,WorthPoint
canyon-diablo,28 Gm CANYON DIABLO IRON METEORITE MUSEUM GRADE ARIZONA STAND INCLUDED,35.95,2024-04-03,28,1.28,WorthPoint
canyon-diablo,Beautiful 646 Gm. Etched Campo Del Cielo Meteorite Quarter Cut,386.1,2024-04-03,646,0.6,WorthPoint
canyon-diablo,121 Gm CANYON DIABLO IRON METEORITE MUSEUM GRADE ARIZONA STAND INCLUDED,134.1,2024-04-02,121,1.11,WorthPoint
canyon-diablo,824 GM. CAMPO DEL CIELO METEORITE ;B GRADE! CAMPO METEORITE; CHEAP! 1.8 Pounds,449.96,2024-04-02,824,0.55,WorthPoint
canyon-diablo,204 Gm. Campo Del Cielo Meteorite ; A Grade; .45 Lb Very Rare For This Size,224.95,2024-04-02,204,1.1,WorthPoint
canyon-diablo,61 Gm CANYON DIABLO IRON METEORITE MUSEUM GRADE ARIZONA STAND INCLUDED,71.1,2024-04-02,61,1.17,WorthPoint
canyon-diablo,Lot Of 2 OXIDE Canyon Diablo Meteor Crater OXIDITE Meteorite 49.1-grams As Found,59.99,2024-04-01,49.1,1.22,WorthPoint
canyon-diablo,Lot Of 5 OXIDE Canyon Diablo Meteor Crater OXIDITE Meteorite 66.9-grams As Found,84.99,2024-04-01,66.9,1.27,WorthPoint
canyon-diablo,48 Gm Canyon Diablo Iron Meteorite Top Grade Arizona Stand Included,43.44,2024-04-01,48,0.9,WorthPoint
canyon-diablo,"BNSF/Santa Fe Canyon Diablo Bridge HO Gauge - Assembled Deco, Detail & Base!",999,2024-04-01,,,WorthPoint
canyon-diablo,"Meteorite**Canyon Diablo, Graphite Nodule**4.964 Gram Endcut, Very Rare! Arizona",51,2024-04-01,4.964,10.27,WorthPoint
canyon-diablo,26 Gm CANYON DIABLO IRON METEORITE MUSEUM GRADE ARIZONA STAND INCLUDED,35.95,2024-03-31,26,1.38,WorthPoint
canyon-diablo,"Natural Meteorite Specimen, Canyon Diablo Arizona 2.42 Grams",6.99,2024-03-29,2.42,2.89,WorthPoint
canyon-diablo,654 Gm. Campo Del Cielo Iron Meteorite ; 1.5 Lbs. A Grade Nice Baby Meteorite,494.1,2024-03-29,654,0.76,WorthPoint
canyon-diablo,Large 870 Gm Campo Del Cielo Meteorite Aaa Grade 1.9 Lbs. Oriented,944.1,2024-03-29,870,1.09,WorthPoint
canyon-diablo,Browning 3220157 Red Sandalwood Handle Fixed Blade Knife Satin Drop Point,27.42,2024-03-29,,,WorthPoint
canyon-diablo,404 GM. NEW CAMPO DEL CIELO METEORITE ; AA GRADE!! Beautiful; .9 LBS.,332.96,2024-03-28,404,0.82,WorthPoint
canyon-diablo,Beautiful 456 Gm. Etched Campo Del Cielo Meteorite Triple Cut,269.1,2024-03-28,456,0.59,WorthPoint
canyon-diablo,"Natural Meteorite Specimen, Canyon Diablo Arizona 8.1 Grams",14.99,2024-03-27,8.1,1.85,WorthPoint
canyon-diablo,884 Gm . CANYON DIABLO IRON METEORITE ; TOP GRADE ; BEAUTIFUL METEORITE; 2 LBS,854.1,2024-03-26,884,0.97,WorthPoint
canyon-diablo,"Canyon Diablo Slice Meteorite Pendant 18.54 Grams, Etched And Polished, Space",82,2024-03-25,18.54,4.42,WorthPoint
canyon-diablo,"Canyon Diablo Slice Meteorite Pendant 15.76 Grams, Etched And Polished, Space",65,2024-03-25,15.76,4.12,WorthPoint
canyon-diablo,65 Gm CANYON DIABLO IRON METEORITE MUSEUM GRADE ARIZONA STAND INCLUDED,89.96,2024-03-24,65,1.38,WorthPoint
canyon-diablo,581 Gm CANYON DIABLO IRON Octahedrite METEORITE ARIZONA MUSEUM Grade,250,2024-03-23,581,0.43,WorthPoint
canyon-diablo,Canyon Diablo Iron Meteorite Specimen With Case Arizona,7.66,2024-03-23,,,WorthPoint
canyon-diablo,4418 Gm Campo Del Cielo Meteorite Museum Grade 10 Lbs Huge Burn Hole,6295.5,2024-03-21,4418,1.42,WorthPoint
canyon-diablo,382 Gm .CANYON DIABLO IRON METEORITE BEST GRADE ARIZONA STAND INCLUDED PATINA,521.1,2024-03-21,382,1.36,WorthPoint
canyon-diablo,2228 Gm Campo Del Cielo Meteorite Museum Grade 5 Lbs Huge Dual Burn Holes,8095.5,2024-03-20,2228,3.63,WorthPoint
canyon-diablo,"1891, Canyon Diablo IAB MG Meteorites 135 Gram Lot W/Desert Patina & 1 Polished",89,2024-03-20,135,0.66,WorthPoint
canyon-diablo,1316 GM. CAMPO DEL CIELO METEORITE ;AA GRADE LARGE METEORITE 3.0 Lbs. CHEAP!,719.1,2024-03-18,1316,0.55,WorthPoint
canyon-diablo,1154 Gm. Campo Del Cielo Meteorite ; B Grade!! ; 2.5 Lbs. Cheap!,629.1,2024-03-18,1154,0.55,WorthPoint
canyon-diablo,1- 13 Gm . CANYON DIABLO IRON METEORITE ; ARIZONA; PATINA ; USA; CASE,19.8,2024-03-16,13,1.52,WorthPoint
canyon-diablo,"Natural Meteorite Specimen, Canyon Diablo Arizona 6.54 Grams",14.99,2024-03-16,6.54,2.29,WorthPoint
canyon-diablo,3.08 Grams As Found Canyon Diablo Meteor Crater Iron Meteorite From Arizona +COA,8.99,2024-03-13,3.08,2.92,WorthPoint
canyon-diablo,2.35 Grams As Found Canyon Diablo Meteor Crater Iron Meteorite From Arizona +COA,7.99,2024-03-13,2.35,3.4,WorthPoint
canyon-diablo,1- 17 Gm . CANYON DIABLO IRON METEORITE ; ARIZONA; PATINA ; USA; CASE,19.8,2024-03-12,17,1.16,WorthPoint
canyon-diablo,23.4 Grams OXIDE Canyon Diablo Meteor Crater OXIDITE Meteorite As Found Low Iron,18.99,2024-03-12,23.4,0.81,WorthPoint
canyon-diablo,114 Gm CANYON DIABLO IRON METEORITE TOP GRADE ARIZONA STAND INCLUDED,116.1,2024-03-08,114,1.02,WorthPoint
canyon-diablo,490gm CANYON DIABLO Octahedrite IRON METEORITE ARIZONA 1+ Lbs Out Of This World,449.95,2024-03-08,490,0.92,WorthPoint
canyon-diablo,"Natural Meteorite Specimen, Canyon Diablo Arizona 5.85 Grams",9.99,2024-03-08,5.85,1.71,WorthPoint
canyon-diablo,318 Gm . CANYON DIABLO IRON METEORITE MUSEUM GRADE ARIZONA STAND .7 LBS,300,2024-03-07,318,0.94,WorthPoint
canyon-diablo,330 Gm . CANYON DIABLO IRON METEORITE ; TOP GRADE; ARIZONA STAND INC .73 LB,300,2024-03-07,330,0.91,WorthPoint
canyon-diablo,CANYON DIABLO IRON METEORITE 27.7gm M4950,19.99,2024-03-07,27.7,0.72,WorthPoint
canyon-diablo,"Natural Meteorite Specimen, Canyon Diablo Arizona 6.43 Grams",13.5,2024-03-06,6.43,2.1,WorthPoint
canyon-diablo,Beautiful 668 Gm. Etched Campo Del Cielo Meteorite Quarter Cut,359.1,2024-03-06,668,0.54,WorthPoint
canyon-diablo,35 Gram Canyon Diablo Iron Meteorite - Shard Shape - Natural Ex Reed - Arizona,120,2024-03-05,35,3.43,WorthPoint
canyon-diablo,25 Individuals 72 GMS TINY CANYON DIABLO IRON METEORITES ARIZONA,116.1,2024-03-04,72,1.61,WorthPoint
canyon-diablo,25 Individuals; 102 GMS TINY CANYON DIABLO IRON METEORITES ARIZONA,98.1,2024-03-04,102,0.96,WorthPoint
canyon-diablo,"Meteorite, Premium Grade 195g Meteor Crater, AZ, Canyon Diablo Meteorite",85.88,2024-03-04,195,0.44,WorthPoint
canyon-diablo,25 Individuals; 230 GMS SMALL CANYON DIABLO IRON METEORITES ARIZONA,251.1,2024-03-04,230,1.09,WorthPoint
canyon-diablo,1952 GM. CAMPO DEL CIELO METEORITE ;B GRADE LARGE METEORITE 4.3 Lbs.INEXPENSIVE,750,2024-03-04,1952,0.38,WorthPoint
canyon-diablo,Canyon Diablo Meteorite Specimen,30,2024-03-03,,,WorthPoint
canyon-diablo,25 Individuals; 90 GMS TINY CANYON DIABLO IRON METEORITES ARIZONA,98.1,2024-03-03,90,1.09,WorthPoint
canyon-diablo,2230 Gm Campo Del Cielo Meteorite Museum Grade Meteorite Beautiful 5 Lbs,2249.95,2024-03-02,2230,1.01,WorthPoint
canyon-diablo,CANYON DIABLO IRON METEORITE 27.6gm M4951,19.99,2024-03-01,27.6,0.72,WorthPoint
canyon-diablo,114 Gm. Canyon Diablo Iron Meteorite ; Top Grade ; Arizona ;,116.1,2024-02-29,114,1.02,WorthPoint
canyon-diablo,113 Gm . CANYON DIABLO IRON METEORITE MUSEUM GRADE ARIZONA STAND,149,2024-02-29,113,1.32,WorthPoint
canyon-diablo,76 Grams Total CANYON DIABLO IRON METEORITES. 3 Total Pieces,79,2024-02-27,76,1.04,WorthPoint
canyon-diablo,Beautiful 260 Gm. Etched Campo Del Cielo Meteorite End Piece .57 Lbs,179.1,2024-02-26,260,0.69,WorthPoint
canyon-diablo,Large 1866 Gm Campo Del Cielo Meteorite ; Aaa Museum Grade!! 4.1 Lbs.,2024.1,2024-02-26,1866,1.08,WorthPoint
canyon-diablo,826 Gm!' CANYON DIABLO IRON METEORITE Metal Label Included,899,2024-02-26,826,1.09,WorthPoint
canyon-diablo,1110 Gm. Campo Del Cielo Meteorite Museum Collectors Grade 2.4 Lbs,1345.5,2024-02-25,1110,1.21,WorthPoint
canyon-diablo,740 Gm Campo Del Cielo Meteorite Museum Grade Meteorite Beautiful 1.6 Lbs,700,2024-02-24,740,0.95,WorthPoint
canyon-diablo,22.2 Grams Canyon Diablo Coconino From Rim Of Meteor Crater - Old Collection,5.5,2024-02-24,22.2,0.25,WorthPoint
canyon-diablo,Beautiful 174 Gm. Etched Canyon Diablo Meteorite Quad Cut Arizona,179.1,2024-02-23,174,1.03,WorthPoint
canyon-diablo,306 Gm . CANYON DIABLO IRON METEORITE ; TOP GRADE; ARIZONA STAND INCLUDED .7 LB,279,2024-02-22,306,0.91,WorthPoint
canyon-diablo,386 Gm BABY CAMPO DEL CIELO METEORITE ; AAA GRADE METEORITE; .85 LB ! STAND,359.28,2024-02-22,386,0.93,WorthPoint
canyon-diablo,10.1 Grams OXIDE Canyon Diablo Meteor Crater OXIDITE Meteorite As Found Low Iron,5.99,2024-02-22,10.1,0.59,WorthPoint
canyon-diablo,"BNSF/Santa Fe, Canyon Diablo Deck Bridge Diorama & Base HO M1946 BiN $1,200.00",1200,2024-02-19,,,WorthPoint
canyon-diablo,Lot OXIDE Canyon Diablo Meteor Crater OXIDITE Meteorites 376-grams As Found,224.99,2024-02-19,376,0.6,WorthPoint
canyon-diablo,29.5 Gram Canyon Diablo Graphite Half Nodule Meteorite - #,750,2024-02-19,29.5,25.42,WorthPoint
canyon-diablo,5.26 Gram OXIDE Canyon Diablo Meteor Crater OXIDITE Meteorite As Found Low Iron,6.99,2024-02-18,5.26,1.33,WorthPoint
canyon-diablo,752 GM. CAMPO DEL CIELO METEORITE ; A GRADE LARGE METEORITE 1.6 Lbs. CHEAP!,404.1,2024-02-15,752,0.54,WorthPoint
canyon-diablo,76 Gm CANYON DIABLO IRON METEORITE MUSEUM GRADE ARIZONA STAND INCLUDED,89.1,2024-02-15,76,1.17,WorthPoint
canyon-diablo,"Canyon Diablo Iron IAB-MG, Nice Sculpted Individual, 9.76 Grams",16,2024-02-15,9.76,1.64,WorthPoint
canyon-diablo,240 Gm . CANYON DIABLO IRON METEORITE ; AAA GRADE ; ARIZONA .52 Pounds,155,2024-02-13,240,0.65,WorthPoint
canyon-diablo,294 Gm CANYON DIABLO IRON METEORITE ARIZONA .65 Lbs MUSEUM Grade,323.96,2024-02-13,294,1.1,WorthPoint
canyon-diablo,346 Gm!' CANYON DIABLO IRON METEORITE,355,2024-02-13,346,1.03,WorthPoint
canyon-diablo,554 Gm. Campo Del Cielo Meteorite ; Aa Grade Meteorite. 1.2 Pounds!,449.33,2024-02-13,554,0.81,WorthPoint
canyon-diablo,258 Gm CANYON DIABLO IRON METEORITE,259,2024-02-13,258,1,WorthPoint
canyon-diablo,"Natural Meteorite Specimen, Canyon Diablo Arizona 5.19 Grams",12.99,2024-02-12,5.19,2.5,WorthPoint
canyon-diablo,14.9 Grams As Found Canyon Diablo Meteor Crater Iron Meteorite From Arizona +COA,19.99,2024-02-12,14.9,1.34,WorthPoint
canyon-diablo,270 Gm. New Campo Del Cielo Meteorite ;aa Grade!! Gorgeous Meteorite,269.96,2024-02-11,270,1,WorthPoint
canyon-diablo,Beautiful 332 Gm. Etched Campo Del Cielo Meteorite Quad Cut .73 Lbs,269.1,2024-02-11,332,0.81,WorthPoint
canyon-diablo,68 Gm CANYON DIABLO IRON METEORITE MUSEUM GRADE ARIZONA STAND INCLUDED,89.96,2024-02-11,68,1.32,WorthPoint
canyon-diablo,338 Gm. Campo Del Cielo Meteorite ; Aaa Grade Meteorite ! .74 Pound,359.1,2024-02-10,338,1.06,WorthPoint
canyon-diablo,82 Gm CANYON DIABLO IRON METEORITE TOP GRADE ARIZONA STAND INCLUDED,89.1,2024-02-09,82,1.09,WorthPoint
canyon-diablo,83 Gm CANYON DIABLO IRON METEORITE TOP GRADE ARIZONA STAND INCLUDED,89.1,2024-02-09,83,1.07,WorthPoint
canyon-diablo,8.08g Canyon Diablo Coconino - From Rim Of Meteor Crater - Meteorite Impact,8,2024-02-08,8.08,0.99,WorthPoint
canyon-diablo,16.47g Canyon Diablo Coconino - From Rim Of Meteor Crater - Meteorite Impact,16,2024-02-08,16.47,0.97,WorthPoint
canyon-diablo,20.25g Canyon Diablo Coconino - From Rim Of Meteor Crater - Meteorite Impact,20,2024-02-08,20.25,0.99,WorthPoint
canyon-diablo,10.18g Canyon Diablo Coconino - From Rim Of Meteor Crater - Meteorite Impact,10,2024-02-08,10.18,0.98,WorthPoint
canyon-diablo,37 Gm CANYON DIABLO IRON METEORITE TOP GRADE ARIZONA STAND INCLUDED,44.95,2024-02-08,37,1.21,WorthPoint
canyon-diablo,216 GM. CAMPO DEL CIELO METEORITE ; AAA GRADE!! .5 Pound; BEAUTIFUL; W/STAND,233.95,2024-02-07,216,1.08,WorthPoint
canyon-diablo,"Natural Meteorite Specimen, Canyon Diablo Arizona 2.5 Grams",10.5,2024-02-07,2.5,4.2,WorthPoint
canyon-diablo,Beautiful 246 Gm. Etched Campo Del Cielo Meteorite Quarter Cut,215.1,2024-02-06,246,0.87,WorthPoint
canyon-diablo,19.1 Grams As Found Canyon Diablo Meteor Crater Iron Meteorite From Arizona,41,2024-02-05,19.1,2.15,WorthPoint
canyon-diablo,182 Gm. Campo Del Cielo Meteorite ; A Grade!! .4 Pounds,179.33,2024-02-05,182,0.99,WorthPoint
canyon-diablo,132 Gm CANYON DIABLO IRON METEORITE MUSEUM GRADE ARIZONA STAND INCLUDED,143.1,2024-02-04,132,1.08,WorthPoint
canyon-diablo,222 Gm . CANYON DIABLO IRON METEORITE ; MUSEUM GRADE; ARIZONA STAND INCLUDED,251.1,2024-02-04,222,1.13,WorthPoint
canyon-diablo,3 Grams As Found Canyon Diablo Meteor Crater Iron Meteorite From Arizona +COA,8.49,2024-02-04,3,2.83,WorthPoint
canyon-diablo,108 Gm . CANYON DIABLO IRON METEORITE TOP; GD ARIZONA STAND,116.1,2024-02-04,108,1.08,WorthPoint
canyon-diablo,110 Gm CANYON DIABLO IRON METEORITE TOP GRADE ARIZONA STAND INCLUDED,116.1,2024-02-04,110,1.06,WorthPoint
canyon-diablo,Lot Of 15 OXIDE Canyon Diablo Meteor Crater OXIDITE Meteorite 15.3grams As Found,44.99,2024-02-04,15.3,2.94,WorthPoint
canyon-diablo,2.88 Grams As Found Canyon Diablo Meteor Crater Iron Meteorite From Arizona +COA,5.99,2024-02-03,2.88,2.08,WorthPoint
canyon-diablo,7.70 Grams As Found Canyon Diablo Meteor Crater Iron Meteorite From Arizona +COA,12.99,2024-02-03,7.7,1.69,WorthPoint
canyon-diablo,"Natural Meteorite Specimen, Canyon Diablo Arizona 5.49 Grams",12.99,2024-02-03,5.49,2.37,WorthPoint
canyon-diablo,426 Gm. Campo Del Cielo Meteorite Aa Grade!! .93+ Lbs.,314.96,2024-02-02,426,0.74,WorthPoint
canyon-diablo,PAIR OF TOTAL WEIGHT 22gms. CANYON DIABLO IRON METEORITES ARIZONA Cases INCL,35.95,2024-02-01,22,1.63,WorthPoint
canyon-diablo,Meteorite - Canyon Diablo 23.2g Polished And Etched End Piece,69.95,2024-02-01,23.2,3.02,WorthPoint
canyon-diablo,394 GM. CAMPO DEL CIELO METEORITE ; AAA GRADE! BABY METEORITE; .87 Lbs;,422.28,2024-02-01,394,1.07,WorthPoint
canyon-diablo,Large 916 Gm Campo Del Cielo Meteorite ; Museum Grade!! 2 Lbs.,985.5,2024-01-31,916,1.08,WorthPoint
canyon-diablo,174 Gm . CANYON DIABLO IRON METEORITE TOP; GD ARIZONA STAND,179.1,2024-01-31,174,1.03,WorthPoint
canyon-diablo,Canyon Diablo Meteorite Pc. With Troilite Barringer Crater Arizona AZ COA 6098,79.95,2024-01-31,,,WorthPoint
canyon-diablo,Troilite (FeS) 6.71g Tumbled Nodule From Iron Meteorite,29,2024-01-31,6.71,4.32,WorthPoint
canyon-diablo,Canyon Diablo Meteorite 15 Grams,15,2024-01-30,15,1,WorthPoint
canyon-diablo,"Natural Meteorite Specimen, Canyon Diablo Arizona 6.67 Grams",12.99,2024-01-30,6.67,1.95,WorthPoint
canyon-diablo,136 Gm . CANYON DIABLO IRON METEORITE MUSEUM GD ARIZONA STAND,143.1,2024-01-29,136,1.05,WorthPoint
canyon-diablo,2.04 Grams Polished Canyon Diablo Meteor Crater Iron Meteorite From Arizona,5.5,2024-01-29,2.04,2.7,WorthPoint
canyon-diablo,5 Kilo Wholesale Lot Canyon Diablo Iron Meteorites Arizona Patina Usa Grab Bag,3000,2024-01-26,,,WorthPoint
canyon-diablo,170 Gm . CANYON DIABLO IRON METEORITE ; TOP GRADE; ARIZONA .37 POUNDS,179.1,2024-01-26,170,1.05,WorthPoint
canyon-diablo,"1891, Canyon Diablo IAB MG Meteorites 155 Gram Lot W/Desert Patina & 1 Polished",99,2024-01-26,155,0.64,WorthPoint
canyon-diablo,21.5 Grams As Found Canyon Diablo Meteor Crater Iron Meteorite From Arizona +COA,24.99,2024-01-26,21.5,1.16,WorthPoint
canyon-diablo,922 Gm . CANYON DIABLO IRON METEORITE MUSEUM GRADE ARIZONA STAND 2+ LB,1079.1,2024-01-25,922,1.17,WorthPoint
canyon-diablo,846 Gm . CANYON DIABLO IRON METEORITE MUSEUM GRADE ARIZONA STAND 1.9+ LB,989.1,2024-01-25,846,1.17,WorthPoint
canyon-diablo,1398 Gm. New Campo Del Cielo Meteorite ; A Grade!! Beautiful Meteorite; 3 Lbs.,809.95,2024-01-25,1398,0.58,WorthPoint
canyon-diablo,432 Gm . CANYON DIABLO IRON METEORITE MUSEUM GD ARIZONA STAND .95+ LB,449.1,2024-01-24,432,1.04,WorthPoint
canyon-diablo,11 Gm . CANYON DIABLO IRON METEORITE ARIZONA USA CASE,17.95,2024-01-24,11,1.63,WorthPoint
canyon-diablo,Meteorite Jewelry Pair Of Muonionalusta Meteorite Earrings 925 Silver Bead Star,101.2,2024-01-24,,,WorthPoint
canyon-diablo,5.85 Grams As Found Canyon Diablo Meteor Crater Iron Meteorite From Arizona +COA,9.99,2024-01-24,5.85,1.71,WorthPoint
canyon-diablo,143 Gm CANYON DIABLO IRON METEORITE MUSEUM GRADE ARIZONA STAND INCLUDED,161.1,2024-01-23,143,1.13,WorthPoint
canyon-diablo,111 GM. CAMPO DEL CIELO METEORITE ; B GRADE!! Beautiful CHEAP!!,89.96,2024-01-23,111,0.81,WorthPoint
canyon-diablo,"Route 66: Two Guns, Arizona, FS Matchcover ""Fire Up With Two Gun Gas""",16.5,2024-01-23,,,WorthPoint
canyon-diablo,"Route 66: Two Guns, Arizona, FS Matchcover ""Visit Two Guns""",5.5,2024-01-23,,,WorthPoint
canyon-diablo,Route 66: Two Guns Arizona Between Flagstaff & Winslow FS Matchcover,12.3,2024-01-23,,,WorthPoint
canyon-diablo,"Route 66: Two Gun Town Motel Between Flagstaff & Winslow, AZ, FS Matchcover",7.95,2024-01-23,,,WorthPoint
canyon-diablo,"CARBORUNDUM 3""-4"" 4-7 Oz Mineral Specimen All Chakra Healing Crystals Stones",15.99,2024-01-23,198.45,0.08,WorthPoint
canyon-diablo,"Canyon Diablo Slice Meteorite Pendant 6.69 Grams, Etched And Polished, Space",52,2024-01-22,6.69,7.77,WorthPoint
canyon-diablo,147 Gm CANYON DIABLO IRON METEORITE TOP GRADE ARIZONA STAND INCLUDED,161.1,2024-01-22,147,1.1,WorthPoint
canyon-diablo,394 Gm. Campo Del Cielo Meteorite ; Baby Meteorite; Aa Grade,314.99,2024-01-22,394,0.8,WorthPoint
canyon-diablo,Beautiful 1166 Gm. Polished Campo Del Cielo Meteorite Quarter Cut; 2.6 Pounds,400,2024-01-21,1166,0.34,WorthPoint
canyon-diablo,"Meteorite Starter Collection - Campo, Gibeon, Shisr, Sikhote, Diablo, Moldavite",39.99,2024-01-21,,,WorthPoint
canyon-diablo,164 Gm CANYON DIABLO IRON METEORITE MUSEUM GRADE ARIZONA STAND INCLUDED,179.1,2024-01-21,164,1.09,WorthPoint
canyon-diablo,PAIR OF TOTAL WEIGHT 17gms. CANYON DIABLO IRON METEORITES ARIZONA Cases INCL,31.45,2024-01-20,17,1.85,WorthPoint
canyon-diablo,"1891, Canyon Diablo IAB MG Meteorites 190 Gram Lot With Desert Patina",119,2024-01-20,190,0.63,WorthPoint
canyon-diablo,25 Individuals; 100 GMS SMALL CANYON DIABLO IRON METEORITES ; TOP GRADE; ARIZONA,116.1,2024-01-19,100,1.16,WorthPoint
canyon-diablo,"Lonsdaleite Hexagonal Diamond, Spiritual Energy 125.5g",79,2024-01-17,125.5,0.63,WorthPoint
canyon-diablo,372 Gm. New Campo Del Cielo Meteorite ;aaa Grade!! Beautiful; .8 Pounds,341.96,2024-01-16,372,0.92,WorthPoint
canyon-diablo,4.72 Gram OXIDE Canyon Diablo Meteor Crater OXIDITE Meteorite As Found Low Iron,5.99,2024-01-16,4.72,1.27,WorthPoint
canyon-diablo,94 Gm . CANYON DIABLO IRON METEORITE MUSEUM GRADE; ARIZONA STAND,107.1,2024-01-16,94,1.14,WorthPoint
canyon-diablo,14 Gm . CANYON DIABLO IRON METEORITE ARIZONA USA CASE,21.6,2024-01-15,14,1.54,WorthPoint
canyon-diablo,152 Gm . CANYON DIABLO IRON METEORITE ; W/ STAND TOP GRADE,161.95,2024-01-14,152,1.07,WorthPoint
canyon-diablo,372 Gm CANYON DIABLO IRON METEORITE ARIZONA 81 Lbs MUSEUM Grade,404.96,2024-01-14,372,1.09,WorthPoint
canyon-diablo,133 Gm . CANYON DIABLO IRON METEORITE MUSEUM GD ARIZONA STAND,152.1,2024-01-13,133,1.14,WorthPoint
canyon-diablo,364 Gm . CANYON DIABLO IRON METEORITE MUSEUM GD ARIZONA STAND .8+ LB ORIENTED,449.1,2024-01-13,364,1.23,WorthPoint
canyon-diablo,12.42 Gram OXIDE Canyon Diablo Meteor Crater OXIDITE Meteorite As Found Low Iron,8.49,2024-01-13,12.42,0.68,WorthPoint
canyon-diablo,"165 Gm CANYON DIABLO IRON METEORITE MUSEUM GD ARIZONA STD INC,",179.1,2024-01-13,165,1.09,WorthPoint
canyon-diablo,198 Gm CANYON DIABLO IRON METEORITE MUSEUM GRADE ARIZONA LABEL AND STAND .43 #,224.1,2024-01-10,198,1.13,WorthPoint
canyon-diablo,216 Gm . CANYON DIABLO IRON METEORITE ; TOP GRADE ; ARIZONA; .5 POUNDS AAA GRADE,215.1,2024-01-10,216,1,WorthPoint
canyon-diablo,104 Gram Canyon Diablo Meteorite (arizona),99.95,2024-01-10,104,0.96,WorthPoint
canyon-diablo,506 Gm. Campo Del Cielo Meteorite ; Aa Grade Meteorite. 1.1 Pounds!,359.33,2024-01-10,506,0.71,WorthPoint
canyon-diablo,CANYON DIABLO IRON METEORITE - Lot Of 3 - 2 Cm - ARIZONA 27655,16,2024-01-10,,,WorthPoint
canyon-diablo,1158 GM. CAMPO DEL CIELO METEORITE ;A GRADE LARGE METEORITE 2.54 Lbs. CHEAP!,629.1,2024-01-09,1158,0.54,WorthPoint
canyon-diablo,314 Gm. New Campo Del Cielo Meteorite ; Aaa Grade!! Beautiful Meteorite; .7 Lbs,314.96,2024-01-08,314,1,WorthPoint
canyon-diablo,180 Gm. New Campo Del Cielo Meteorite ; B Grade Meteorite; .4 Lb;,161.95,2024-01-07,180,0.9,WorthPoint
canyon-diablo,43.9-gram OXIDE Canyon Diablo Meteor Crater OXIDITE Meteorite As Found,54.99,2024-01-07,43.9,1.25,WorthPoint
canyon-diablo,147 Gm . CANYON DIABLO IRON METEORITE MUSEUM GD ARIZONA STAND,197.1,2024-01-06,147,1.34,WorthPoint
canyon-diablo,200 Gm . CANYON DIABLO IRON METEORITE MUSEUM GRADE ARIZONA STAND .44#,224.1,2024-01-06,200,1.12,WorthPoint
canyon-diablo,160 Gm . CANYON DIABLO IRON METEORITE MUSEUM GD ARIZONA STAND,215.1,2024-01-05,160,1.34,WorthPoint
canyon-diablo,2880 Gm. Campo Del Cielo Meteorite ; Aaa Grade Meteorite. 6.3 Lbs. Burn Hole,3149.95,2024-01-04,2880,1.09,WorthPoint
canyon-diablo,173 Gm . CANYON DIABLO IRON METEORITE TOP GRADE; ARIZONA .37 POUND,179.32,2024-01-04,173,1.04,WorthPoint
canyon-diablo,"Whole Canyon Diablo Iron Meteorite, 79 Grams",93,2024-01-02,79,1.18,WorthPoint
canyon-diablo,156 Gm . CANYON DIABLO IRON METEORITE ; TOP GRADE; ARIZONA STAND INCLUDED; .34#,161.95,2024-01-02,156,1.04,WorthPoint
canyon-diablo,282 Gm. New Campo Del Cielo Meteorite ; B Grade Meteorite; .62 Lb;,251.95,2024-01-02,282,0.89,WorthPoint
canyon-diablo,"Canyon Diablo, Iron, IAB-MG Meteorite, Arizona 1891, Nicely Sculpted! 6.27 Grams",12,2024-01-02,6.27,1.91,WorthPoint
canyon-diablo,33.7 Grams OXIDE Canyon Diablo Meteor Crater OXIDITE Meteorite As Found Low Iron,26.99,2024-01-02,33.7,0.8,WorthPoint
canyon-diablo,56 Gm CANYON DIABLO IRON METEORITE MUSEUM GRADE ARIZONA STAND INCLUDED,62.95,2024-01-01,56,1.12,WorthPoint
canyon-diablo,â˜„ï¸ Meteorite Canyon Diablo Arizona Rare 60.4 Grams,604,2024-01-01,60.4,10,WorthPoint
canyon-diablo,4.27 Gram OXIDE Canyon Diablo Meteor Crater OXIDITE Meteorite As Found Low Iron,5.99,2024-01-01,4.27,1.4,WorthPoint
canyon-diablo,4.82 Gram OXIDE Canyon Diablo Meteor Crater OXIDITE Meteorite As Found Low Iron,5.99,2024-01-01,4.82,1.24,WorthPoint
canyon-diablo,760 Gm. New Campo Del Cielo Meteorite ;aa Grade!! Beautiful Baby Campo,539.96,2023-12-31,760,0.71,WorthPoint
canyon-diablo,54 Gm CANYON DIABLO IRON METEORITE TOP GRADE ARIZONA STAND INCLUDED,48.6,2023-12-30,54,0.9,WorthPoint
canyon-diablo,"180 Gm CANYON DIABLO IRON METEORITE MUSEUM COLLECTORS GD ARIZONA STD INC,",206.1,2023-12-29,180,1.15,WorthPoint
canyon-diablo,4.60 Gram OXIDE Canyon Diablo Meteor Crater OXIDITE Meteorite As Found Low Iron,5.99,2023-12-29,4.6,1.3,WorthPoint
canyon-diablo,374 Gm New Campo Del Cielo Meteorite Aaa Grade Beautiful Small Meteorite,404.28,2023-12-28,374,1.08,WorthPoint
canyon-diablo,Canyon Diablo Meteorite. 26.3 Grams. End Cut.,50,2023-12-27,26.3,1.9,WorthPoint
canyon-diablo,40 Gm . CANYON DIABLO IRON METEORITE ; MUSEUM GRADE; ARIZONA STAND INCLUDED,44.95,2023-12-27,40,1.12,WorthPoint
canyon-diablo,Canyon Diablo IAB Iron Meteorite Arizona 6.76 Grams,17.75,2023-12-27,6.76,2.63,WorthPoint
canyon-diablo,Canyon Diablo Railway Bridge Stereoview C1903 Underwood Railroad Train AZ H1616,19.95,2023-12-27,,,WorthPoint
canyon-diablo,60 Gm CANYON DIABLO IRON METEORITE TOP GRADE ARIZONA STAND INCLUDED,71.1,2023-12-26,60,1.18,WorthPoint
canyon-diablo,113 Gm CANYON DIABLO IRON METEORITE TOP GRADE ARIZONA STAND INCLUDED,116.1,2023-12-25,113,1.03,WorthPoint
canyon-diablo,93 Gm CANYON DIABLO IRON METEORITE TOP GRADE ARIZONA STAND INCLUDED,107.1,2023-12-24,93,1.15,WorthPoint
canyon-diablo,Vintage Souvenir Meteor Crater Arizona Bolo Neck Tie (Canyon Diablo Meteorite),19.99,2023-12-24,,,WorthPoint
canyon-diablo,738 Gm Campo Del Cielo Meteorite ; Aa Grade Meteorite ; 1.6 Lbs,539.1,2023-12-23,738,0.73,WorthPoint
canyon-diablo,Beautiful 655 Gm. Etched Campo Del Cielo Meteorite Quad Cut 1.4 Lbs,539.1,2023-12-23,655,0.82,WorthPoint
canyon-diablo,Troilite (FeS) 7.62g Tumbled Nodule From Iron Meteorite,36,2023-12-23,7.62,4.72,WorthPoint
canyon-diablo,4.8 Gm CANYON DIABLO IRON METEORITE ARIZONA,12,2023-12-22,4.8,2.5,WorthPoint
canyon-diablo,Meteorite Jewelry Sericho Meteorite Pendant 925 Silver Flower Of Life,188.1,2023-12-21,,,WorthPoint
canyon-diablo,Museum Quality! Rare Oriented Specimen! New Campo Del Cielo Meteorite 1000 Gms,1795.5,2023-12-21,1000,1.8,WorthPoint
canyon-diablo,Genuine Canyon Diablo Meteorite Arizona 47mm. 26.1 Grams,31,2023-12-20,26.1,1.19,WorthPoint
canyon-diablo,1724 GM. CAMPO DEL CIELO METEORITE ;AAA GRADE LARGE METEORITE 3.7 Lbs.,1349.1,2023-12-20,1724,0.78,WorthPoint
canyon-diablo,111 Gm . CANYON DIABLO IRON METEORITE TOP GRADE; ARIZONA STAND INCLUDED,121.46,2023-12-18,111,1.09,WorthPoint
canyon-diablo,Canyon Diablo Meteorite 20.9 Grams (natural Patina),21,2023-12-18,20.9,1,WorthPoint
canyon-diablo,10 Individuals; 106 Gms . CANYON DIABLO IRON METEORITES ; ARIZONA PATINA USA,116.1,2023-12-18,106,1.1,WorthPoint
canyon-diablo,"Natural Meteorite Specimen, Canyon Diablo Arizona 5.46 Grams",12.99,2023-12-18,5.46,2.38,WorthPoint
canyon-diablo,Genuine Canyon Diablo Meteorite Arizona 642 Grams 1.411 Lbs,300,2023-12-17,642,0.47,WorthPoint
canyon-diablo,126.2gm Canyon Diablo Iron Meteorite From The Barringer Crater In Arizona,149.99,2023-12-17,126.2,1.19,WorthPoint
canyon-diablo,850 Gm CANYON DIABLO IRON METEORITE ARIZONA 1.87 Lbs MUSEUM Grade,1259.1,2023-12-17,850,1.48,WorthPoint
canyon-diablo,Meteorite Jewelry Sericho Meteorite Pendant 925 Silver Small Star,75.9,2023-12-17,,,WorthPoint
canyon-diablo,2.15 Grams Polished Canyon Diablo Meteor Crater Iron Meteorite From Arizona,5.99,2023-12-16,2.15,2.79,WorthPoint
canyon-diablo,17 Gm CANYON DIABLO IRON METEORITE TOP GRADE ARIZONA CASE INCLUDED,26.1,2023-12-16,17,1.54,WorthPoint
canyon-diablo,"CARBORUNDUM 3""-6"" 8-12 Oz Mineral Specimen All Chakra Healing Crystals Stones",24.99,2023-12-16,340.2,0.07,WorthPoint
canyon-diablo,430 Gm .NEW CAMPO DEL CIELO METEORITE; MUSEUM GRADE ; .95 LBS.,400,2023-12-15,430,0.93,WorthPoint
canyon-diablo,Meteorite - Canyon Diablo 30.9g Polished And Etched End Piece,79.95,2023-12-15,30.9,2.59,WorthPoint
canyon-diablo,Beautiful 466 Gm. Campo Del Cielo Meteorite 1 Lb Sculptural Cut 5 Sides,314.1,2023-12-15,466,0.67,WorthPoint
canyon-diablo,474 Gm CAMPO DEL CIELO METEORITE MUSEUM GRADE 1+ POUND,480,2023-12-14,474,1.01,WorthPoint
canyon-diablo,"CANYON DIABLO METEORITE 12.3 Gram INDIVIDUAL. NICE CHARACTERISTICS, CHECK IT OUT",12,2023-12-12,12.3,0.98,WorthPoint
canyon-diablo,"Natural Meteorite Specimen, Canyon Diablo Arizona 4.9 Grams",9.99,2023-12-12,4.9,2.04,WorthPoint
canyon-diablo,83 Gm . CANYON DIABLO IRON METEORITE TOP GRADE; ARIZONA STAND INCLUDED,89.96,2023-12-12,83,1.08,WorthPoint
canyon-diablo,588 Gm BABY CAMPO DEL CIELO METEORITE ;AAA GRADE METEORITE; 1.3 LB STAND,539.1,2023-12-12,588,0.92,WorthPoint
canyon-diablo,69 Gm CANYON DIABLO IRON METEORITE MUSEUM GRADE ARIZONA STAND INCLUDED,71.1,2023-12-11,69,1.03,WorthPoint
canyon-diablo,Meteorites - Iron/Nickel - Arizona,20,2023-12-11,,,WorthPoint
canyon-diablo,354 Gm. New Campo Del Cielo Meteorite ; .8 Lbs Museum Grade Very Few Left,323.96,2023-12-11,354,0.92,WorthPoint
canyon-diablo,144 Gm. Canyon Diablo Iron Meteorite ; Top Grade ; Arizona ;,161.1,2023-12-10,144,1.12,WorthPoint
canyon-diablo,1910 Canyon Diablo Near Santa Fe New Mexico Vintage Postcard,12.5,2023-12-10,,,WorthPoint
canyon-diablo,ATSF Santa Fe Canyon Diablo Scenic Action Original Kodachrome Slide,9.95,2023-12-10,,,WorthPoint
canyon-diablo,432 GM. CAMPO DEL CIELO METEORITE ; AA GRADE!1+ Pounds;,359.1,2023-12-09,432,0.83,WorthPoint
canyon-diablo,274 Gm CAMPO DEL CIELO METEORITE ; BEAUTIFUL MUSEUM GRADE METEORITE; .6 Lbs,296.96,2023-12-09,274,1.08,WorthPoint
canyon-diablo,Meteorite Jewelry Muonionalusta Meteorite Pendant Stainless Steel 0099,75.9,2023-12-07,,,WorthPoint
canyon-diablo,360 GM. CAMPO DEL CIELO METEORITE ; B GRADE!! Beautiful .8 LBS. CHEAP!!,224.96,2023-12-05,360,0.62,WorthPoint
canyon-diablo,312 GM. CAMPO DEL CIELO METEORITE ; A GRADE! .7 LB CHEAP!!!,269.95,2023-12-05,312,0.87,WorthPoint
canyon-diablo,418 Gm. Campo Del Cielo Meteorite ; Baby Meteorite; .9 Lbs. Med Grade,224.95,2023-12-05,418,0.54,WorthPoint
canyon-diablo,388 GM. CAMPO DEL CIELO METEORITE ; B GRADE!! Beautiful .85 LBS. CHEAP!!,224.96,2023-12-05,388,0.58,WorthPoint
canyon-diablo,462 GM. CAMPO DEL CIELO METEORITE ; B GRADE!! Beautiful 1 LB. CHEAP!!,251.95,2023-12-05,462,0.55,WorthPoint
canyon-diablo,Canyon Diablo Iron Meteorite 1000 Grams Lot 88 Pieces,600,2023-12-05,1000,0.6,WorthPoint
canyon-diablo,For All 9 Canyon Diablo Meteor Crater OXIDITE Meteorites As Found 17.7 Grams,14.99,2023-12-05,17.7,0.85,WorthPoint
canyon-diablo,442 Gm . CAMPO DEL CIELO METEORITE; MUSEUM GRADE ; .97 LBS.,404.1,2023-12-04,442,0.91,WorthPoint
canyon-diablo,Museum Quality! Sensational Specimen! New Campo Del Cielo Meteorite 3039 Gms,3000,2023-12-04,3039,0.99,WorthPoint
canyon-diablo,10.7 Grams As Found Canyon Diablo Meteor Crater Iron Meteorite From Arizona,32,2023-12-03,10.7,2.99,WorthPoint
canyon-diablo,13 Gm . CANYON DIABLO IRON METEORITE ; ARIZONA; PATINA ; USA; CASE,21.6,2023-12-02,13,1.66,WorthPoint
canyon-diablo,188 Gm . CANYON DIABLO IRON METEORITE ; MUSEUM GRADE; ARIZONA STAND .41 LBS,206.96,2023-12-02,188,1.1,WorthPoint
canyon-diablo,476 Gm. Campo Del Cielo Meteorite ; B Grade!! 1 Lbs Cheap!!!,269.96,2023-12-01,476,0.57,WorthPoint
canyon-diablo,PAIR OF 25 Gm TOTAL WEIGHT CANYON DIABLO IRON METEORITES ARIZONA STAND INC,31.45,2023-12-01,25,1.26,WorthPoint
canyon-diablo,2.83 Grams As Found Canyon Diablo Meteor Crater Iron Meteorite From Arizona +COA,7.99,2023-11-30,2.83,2.82,WorthPoint
canyon-diablo,496 Gram Canyon Diablo Meteorite. Museum Grade. Authentic,480,2023-11-29,496,0.97,WorthPoint
canyon-diablo,170 Gm CANYON DIABLO IRON METEORITE MUSEUM GRADE ARIZONA STAND .4 LBS,99.95,2023-11-29,170,0.59,WorthPoint
canyon-diablo,Low Price! Great Deal! Silicated-graphite Campo Del Cielo Meteorite! 29.6 Gms,29.25,2023-11-29,29.6,0.99,WorthPoint
canyon-diablo,212 Gm. Canyon Diablo Iron Meteorite ; Top Grade ; Arizona ;,197.1,2023-11-28,212,0.93,WorthPoint
canyon-diablo,PAIR OF 19 Gm TOTAL WEIGHT CANYON DIABLO IRON METEORITES ARIZONA STAND INC,22.45,2023-11-28,19,1.18,WorthPoint
canyon-diablo,116 Gm Baby Campo Del Cielo Meteorite A Grade Stand,134.1,2023-11-28,116,1.16,WorthPoint
canyon-diablo,131 Gram Canyon Diablo Meteorite As Found Beautiful Natural Patina-Angular Shape,150,2023-11-28,131,1.15,WorthPoint
canyon-diablo,For All 5 Canyon Diablo Meteor Crater OXIDE Meteorites As Found 17.9 Grams,14.99,2023-11-28,17.9,0.84,WorthPoint
canyon-diablo,You Get All 6 Canyon Diablo Meteor Crater OXIDITE Meteorites As Found 27.4 Grams,20.99,2023-11-28,27.4,0.77,WorthPoint
canyon-diablo,"Gemstones Lonsdaleite Hexagonal Diamond, Spiritual Energy 191.5g With Stand",89,2023-11-27,191.5,0.46,WorthPoint
canyon-diablo,306 Gm . CANYON DIABLO IRON METEORITE ; MUSEUM GRADE; ARIZONA STAND .67 LBS,275,2023-11-27,306,0.9,WorthPoint
canyon-diablo,5.17 Gram OXIDE Canyon Diablo Meteor Crater OXIDITE Meteorite As Found Low Iron,6.99,2023-11-27,5.17,1.35,WorthPoint
canyon-diablo,Pair Of 23 Total Weight Canyon Diablo Iron Meteorites Arizona Stand Inc,22.45,2023-11-26,,,WorthPoint
canyon-diablo,470 GM. CAMPO DEL CIELO METEORITE ; B GRADE GRADE; 1 Lb. CHEAP!! AND NICE,200,2023-11-26,470,0.43,WorthPoint
canyon-diablo,31 Gm. Campo Del Cielo Meteorite ; A Grade! Beautiful Meteorite;,44.95,2023-11-25,31,1.45,WorthPoint
canyon-diablo,Muonionalusta Meteorite Money Clip Meteorite Stainless Steel 0135,119.9,2023-11-24,,,WorthPoint
canyon-diablo,Canyon Diablo Oxide 17.5g - From Meteor Crater,16.25,2023-11-24,17.5,0.93,WorthPoint
canyon-diablo,710 Gm. Campo Del Cielo Meteorite ; Aaa Grade!! Beautiful 1.45 Pounds;,719.1,2023-11-23,710,1.01,WorthPoint
canyon-diablo,240 Gm CANYON DIABLO IRON METEORITE MUSEUM GRADE ARIZONA STAND .5 LBS,269.95,2023-11-23,240,1.12,WorthPoint
canyon-diablo,36 Gm CANYON DIABLO IRON METEORITE TOP GRADE ARIZONA STAND INCLUDED,29.99,2023-11-22,36,0.83,WorthPoint
canyon-diablo,574 Gm Campo Del Cielo Meteorite Museum Grade 1.3 Lbs,629.1,2023-11-22,574,1.1,WorthPoint
canyon-diablo,Beautiful 1660 Gm. Campo Del Cielo Meteorite 3.6 # Quarter Cut,899.1,2023-11-22,1660,0.54,WorthPoint
canyon-diablo,3.14 Grams As Found Canyon Diablo Meteor Crater Iron Meteorite From Arizona +COA,8.99,2023-11-21,3.14,2.86,WorthPoint
canyon-diablo,266 Gm . CANYON DIABLO IRON METEORITE ; TOP GRADE; ARIZONA; USA .6 LBS,269.1,2023-11-19,266,1.01,WorthPoint
canyon-diablo,11.6 Grams OXIDE Canyon Diablo Meteor Crater OXIDITE Meteorite As Found Low Iron,9,2023-11-19,11.6,0.78,WorthPoint
canyon-diablo,67 Gm CANYON DIABLO IRON METEORITE MUSEUM GRADE ARIZONA STAND INCLUDED,71.1,2023-11-19,67,1.06,WorthPoint
canyon-diablo,83 Gm CANYON DIABLO IRON METEORITE MUSEUM GRADE ARIZONA STAND INCLUDED,50.99,2023-11-16,83,0.61,WorthPoint
canyon-diablo,PAIR OF 8 Gm TOTAL WEIGHT CANYON DIABLO IRON METEORITES ARIZONA STAND INC,22.45,2023-11-15,8,2.81,WorthPoint
canyon-diablo,270 Grams Old Route 66 Canyon Diablo American Meteorite Museum WALL BRICK ROCK,8.49,2023-11-15,270,0.03,WorthPoint
canyon-diablo,14.44g Canyon Diablo Coconino - From Rim Of Meteor Crater - Meteorite Impact,14,2023-11-15,14.44,0.97,WorthPoint
canyon-diablo,19.44g Canyon Diablo Coconino - From Rim Of Meteor Crater - Meteorite Impact,19,2023-11-15,19.44,0.98,WorthPoint
canyon-diablo,14.7 Gram CANYON DIABLO IRON METEORITE ETCHED SLICE - Meteor Crater,44.1,2023-11-15,14.7,3,WorthPoint
canyon-diablo,138 Gm CANYON DIABLO IRON METEORITE MUSEUM GRADE ARIZONA STAND .3 LBS,296.96,2023-11-14,138,2.15,WorthPoint
canyon-diablo,2.26 Grams Polished Canyon Diablo Meteor Crater Iron Meteorite From Arizona,6.49,2023-11-14,2.26,2.87,WorthPoint
canyon-diablo,Iron Meteorite,59,2023-11-12,,,WorthPoint
canyon-diablo,LARGE 475 Gm .CANYON DIABLO IRON METEORITE MUSEUM GRADE 1.1 # STD,359.1,2023-11-12,475,0.76,WorthPoint
canyon-diablo,27.7 Gram CANYON DIABLO IRON METEORITE ETCHED Slice - Meteor Crater ARIZONA,45,2023-11-12,27.7,1.62,WorthPoint
canyon-diablo,PAIR OF 13 Gm TOTAL WEIGHT CANYON DIABLO IRON METEORITES ARIZONA STAND INC,22.45,2023-11-12,13,1.73,WorthPoint
canyon-diablo,2 Iron Meteorites From Canyon Diablo Arizona,26,2023-11-12,,,WorthPoint
canyon-diablo,1466 Gm. New Campo Del Cielo Meteorite ; A Grade!! Beautiful Meteorite; 3.2lbs.,809.96,2023-11-11,1466,0.55,WorthPoint
canyon-diablo,Canyon Diablo Meteorite End Cut,1500,2023-11-10,,,WorthPoint
canyon-diablo,14.7 Grams OXIDE Canyon Diablo Meteor Crater OXIDITE Meteorite As Found Low Iron,10.49,2023-11-10,14.7,0.71,WorthPoint
canyon-diablo,Canyon Diablo IAB Iron Meteorite Arizona 9.01 Grams,22.75,2023-11-09,9.01,2.52,WorthPoint
canyon-diablo,BONHAMS Natural History -- Martian Meteorite,21.95,2023-11-09,,,WorthPoint
canyon-diablo,97 Gm CANYON DIABLO IRON METEORITE MUSEUM GRADE ARIZONA STAND INCLUDED,55.01,2023-11-09,97,0.57,WorthPoint
canyon-diablo,Beautiful 464 Gm. Etched Campo Del Cielo Meteorite Sculptural Multi Cut,199.5,2023-11-09,464,0.43,WorthPoint
canyon-diablo,Beautiful 262 Gm. Etched Campo Del Cielo Meteorite Sculptural Multi Cut,58,2023-11-09,262,0.22,WorthPoint
canyon-diablo,652 Gm. Campo Del Cielo Meteorite ; Museum Grade!! Beautiful Baby Campo 1.4 Lb,647.19,2023-11-08,652,0.99,WorthPoint
canyon-diablo,41 Gm CANYON DIABLO IRON METEORITE MUSEUM GRADE ARIZONA STAND INCLUDED,53.95,2023-11-08,41,1.32,WorthPoint
canyon-diablo,Beautiful 1136 Gm. Campo Del Cielo Meteorite 2.5# Quarter Cut,182.5,2023-11-08,1136,0.16,WorthPoint
canyon-diablo,464 Gm CANYON DIABLO IRON METEORITE ARIZONA 1+ Lbs MUSEUMgrade,494.96,2023-11-07,464,1.07,WorthPoint
canyon-diablo,15.3 Grams Cleaned Canyon Diablo Meteor Crater Iron Meteorite From Arizona +COA,22.5,2023-11-07,15.3,1.47,WorthPoint
canyon-diablo,Beautiful 334 Gm. Campo Del Cielo Meteorite .73 Quarter Cut,50,2023-11-07,334,0.15,WorthPoint
canyon-diablo,350 Gm . CAMPO DEL CIELO METEORITE ; A GRADE!!! .8 POUNDS,242.79,2023-11-07,350,0.69,WorthPoint
canyon-diablo,"Lonsdaleite Hexagonal Diamond, Gemstone. Spiritual Energy 160.5g With Stand",79,2023-11-06,160.5,0.49,WorthPoint
canyon-diablo,112.87 Gram Canyon Diablo Iron Meteorite Regmaglypted Specimen-Crater Forming!,96.79,2023-11-05,112.87,0.86,WorthPoint
canyon-diablo,17.8 Grams Canyon Diablo Coconino From Rim Of Meteor Crater - Old Collection,7.5,2023-11-04,17.8,0.42,WorthPoint
canyon-diablo,7.74 Grams Cleaned Canyon Diablo Meteor Crater Iron Meteorite From Arizona +COA,13.5,2023-11-04,7.74,1.74,WorthPoint
canyon-diablo,12.36 Gram OXIDE Canyon Diablo Meteor Crater OXIDITE Meteorite As Found Low Iron,14.95,2023-11-04,12.36,1.21,WorthPoint
canyon-diablo,5.30 Grams Cleaned Canyon Diablo Meteor Crater Iron Meteorite From Arizona +COA,7.99,2023-11-02,5.3,1.51,WorthPoint
canyon-diablo,618 GM. CAMPO DEL CIELO METEORITE ; B GRADE!! Beautiful; 1.4 LBS. CHEAP!!,283.46,2023-10-31,618,0.46,WorthPoint
canyon-diablo,122 Grams On Route 66 Canyon Diablo American Meteorite Museum WALL BRICK ROCK,6.99,2023-10-30,122,0.06,WorthPoint
canyon-diablo,233 Grams Old Route 66 Canyon Diablo American Meteorite Museum WALL BRICK ROCK,7.99,2023-10-30,233,0.03,WorthPoint
canyon-diablo,223 Grams Old Route 66 Canyon Diablo American Meteorite Museum WALL BRICK ROCK,7.99,2023-10-30,223,0.04,WorthPoint
canyon-diablo,10.39g Canyon Diablo Coconino - From Rim Of Meteor Crater - Meteorite Impact,10,2023-10-30,10.39,0.96,WorthPoint
canyon-diablo,542 Grams Old Route 66 Canyon Diablo American Meteorite Museum WALL BRICK ROCK,15.99,2023-10-30,542,0.03,WorthPoint
canyon-diablo,3.025 Grams As Found Canyon Diablo Meteor Crater Iron Meteorite Arizona + COA,8.99,2023-10-30,3.025,2.97,WorthPoint
canyon-diablo,"Canyon Diablo Iron Meteorite 144g, Beautiful Etch An Double Troilite Inclusion!",405,2023-10-30,144,2.81,WorthPoint
canyon-diablo,426 Gm. Campo Del Cielo Meteorite ;museum Grade Meteorite. .93 Pounds!,404.4,2023-10-29,426,0.95,WorthPoint
canyon-diablo,7.92 Grams Cleaned Canyon Diablo Meteor Crater Iron Meteorite From Arizona,22.99,2023-10-29,7.92,2.9,WorthPoint
canyon-diablo,1330 Gm. Campo Del Cielo Meteorite; A Grade! 2.9 Pounds,809.19,2023-10-26,1330,0.61,WorthPoint
canyon-diablo,20 Gm . CANYON DIABLO IRON METEORITE ; ARIZONA; PATINA ; USA; CASE Museum Gd,35.1,2023-10-26,20,1.76,WorthPoint
canyon-diablo,20 Gm CANYON DIABLO IRON METEORITE MUSEUM GRADE ARIZONA CASE,26.95,2023-10-26,20,1.35,WorthPoint
canyon-diablo,11 Gm. Campo Del Cielo Meteorite ; A Grade! Beautiful Meteorite; Case,17.78,2023-10-26,11,1.62,WorthPoint
canyon-diablo,32 Gm CANYON DIABLO IRON METEORITE MUSEUM GRADE ARIZONA STAND INCLUDED,44.1,2023-10-26,32,1.38,WorthPoint
canyon-diablo,1034 Gm. Campo Del Cielo Meteorite ; Museum Grade Meteorite; Beautiful 2.3#,890.96,2023-10-25,1034,0.86,WorthPoint
canyon-diablo,39.12 Gram Iron Meteorite From Canyon Diablo Arizona,42,2023-10-24,39.12,1.07,WorthPoint
canyon-diablo,58 Gm . CANYON DIABLO IRON METEORITE MUSEUM GRADE; ARIZONA STAND INCLUDED,71.95,2023-10-23,58,1.24,WorthPoint
canyon-diablo,43 Gm . CANYON DIABLO IRON METEORITE ;TOP GRADE; ARIZONA STAND INCLUDED,53.95,2023-10-23,43,1.25,WorthPoint
canyon-diablo,Beautiful 1134 Gm. Campo Del Cielo Meteorite 2.5 # Quarter Cut; Silicate,400,2023-10-23,1134,0.35,WorthPoint
canyon-diablo,Beautiful 386 Gm Polished Campo Del Cielo Meteorite Quarter Cut Piece .85#,269.95,2023-10-21,386,0.7,WorthPoint
canyon-diablo,"1891, Canyon Diablo IAB MG Meteorites 103 Gram Lot With Some Desert Patina",66,2023-10-21,103,0.64,WorthPoint
canyon-diablo,LARGE 718 Gm .CANYON DIABLO IRON METEORITE COLLECTORS GRADE 1.6# STD & LABEL,895.5,2023-10-21,718,1.25,WorthPoint
canyon-diablo,982 Gm .CANYON DIABLO IRON METEORITE ; TOP GRADE; ARIZONA LABEL & STAND; 2.1#,895.5,2023-10-21,982,0.91,WorthPoint
canyon-diablo,11.810 Kgm. Campo Del Cielo Meteorite A Grade!! Beautiful 26 Pounds; Cheap!,4045.5,2023-10-20,11810,0.34,WorthPoint
canyon-diablo,HUGE 2856 Gm .CANYON DIABLO IRON METEORITE ; COLLECTORS GRADE 6.3 # STD & LABEL,4495.5,2023-10-20,2856,1.57,WorthPoint
canyon-diablo,234 Gm CANYON DIABLO IRON METEORITE ARIZONA .51 Lbs MUSEUM Grade,314.96,2023-10-20,234,1.35,WorthPoint
canyon-diablo,38 Gm CANYON DIABLO IRON METEORITE MUSEUM GRADE ARIZONA STAND INCLUDED,53.1,2023-10-19,38,1.4,WorthPoint
canyon-diablo,14.3 Grams OXIDE Canyon Diablo Meteor Crater OXIDITE Meteorite As Found Low Iron,10.99,2023-10-19,14.3,0.77,WorthPoint
canyon-diablo,1.98 Grams Polished Canyon Diablo Meteor Crater Iron Meteorite From Arizona,5.99,2023-10-19,1.98,3.03,WorthPoint
canyon-diablo,"620 Gm. Campo Del Cielo Meteorite ; Aa Grade, 1.4 Lbs. Std;",359.1,2023-10-18,620,0.58,WorthPoint
canyon-diablo,Canyon Diablo Meteorite Oxide With Graphite Inclusion Huge 2.5 Kg.!,650,2023-10-18,2500,0.26,WorthPoint
canyon-diablo,Two Iron Meteorites From Canyon Diablo Arizona 33.8 Gram & 25.5 Gram,78,2023-10-17,33.8,2.31,WorthPoint
canyon-diablo,12.2 Grams As Found Canyon Diablo Meteor Crater Iron Meteorite From Arizona,29.95,2023-10-17,12.2,2.45,WorthPoint
canyon-diablo,100 Gm CANYON DIABLO IRON METEORITE MUSEUM GRADE ARIZONA STAND PATINA,116.1,2023-10-17,100,1.16,WorthPoint
canyon-diablo,Canyon Diablo Iron Meteorite 609 Grams Lot 98 Pieces,365,2023-10-17,609,0.6,WorthPoint
canyon-diablo,456 Gm. New Campo Del Cielo Meteorite ; Aaa Grade!! Beautiful; 1 Pound,359.1,2023-10-15,456,0.79,WorthPoint
canyon-diablo,204 Gm . CANYON DIABLO IRON METEORITE ; TOP GRADE; ARIZONA STAND .45 #,224.1,2023-10-15,204,1.1,WorthPoint
canyon-diablo,208 Gm . CANYON DIABLO IRON METEORITE AAA GRADE; ARIZONA; .45 LBS,224.1,2023-10-14,208,1.08,WorthPoint
canyon-diablo,166 Gm . CANYON DIABLO IRON METEORITE TOP GRADE; ARIZONA .36 POUND,179.32,2023-10-14,166,1.08,WorthPoint
canyon-diablo,164 Gm CANYON DIABLO IRON METEORITE ARIZONA .36 Lbs MUSEUM Grade,179.95,2023-10-14,164,1.1,WorthPoint
canyon-diablo,218 Gm CANYON DIABLO IRON METEORITE ARIZONA .5 Lbs MUSEUM Grade,269.95,2023-10-13,218,1.24,WorthPoint
canyon-diablo,Meteorite - Iron/Nickel - Arizona,15,2023-10-12,,,WorthPoint
canyon-diablo,13.25 Gram CANYON DIABLO IRON METEORITE ETCHED/SHOCKED SLICE - Meteor Crater,39.6,2023-10-12,13.25,2.99,WorthPoint
canyon-diablo,452 Gm. Campo Del Cielo Meteorite ;museum Collectors Grade Meteorite. 1 Lb.,805.5,2023-10-11,452,1.78,WorthPoint
canyon-diablo,428 GM. CAMPO DEL CIELO METEORITE ; MUSEUM GRADE ; .9 Lb,494.1,2023-10-11,428,1.15,WorthPoint
canyon-diablo,35 Gm . CANYON DIABLO IRON METEORITE ; MUSEUM GRADE; ARIZONA STAND INCLUDED,44.95,2023-10-10,35,1.28,WorthPoint
canyon-diablo,224 Gm . CANYON DIABLO IRON METEORITE ; TOP GRADE; ARIZONA STAND .5 #,224.1,2023-10-10,224,1,WorthPoint
canyon-diablo,"Natural Meteorite Specimen, Canyon Diablo Arizona 4.93 Grams",6.99,2023-10-10,4.93,1.42,WorthPoint
canyon-diablo,33 Gm CANYON DIABLO IRON METEORITE MUSEUM GRADE ARIZONA STAND INCLUDED,49,2023-10-09,33,1.48,WorthPoint
canyon-diablo,12 Gm CANYON DIABLO IRON METEORITE MUSEUM GRADE ARIZONA STAND INCLUDED,19,2023-10-09,12,1.58,WorthPoint
canyon-diablo,2011 Meteor Crater Big Heavy Porcelain Cup 16 Oz Raised Lettering Made Thailand,29.99,2023-10-08,453.6,0.07,WorthPoint
canyon-diablo,396 Gm CAMPO DEL CIELO METEORITE ; AAA MUSEUM GRADE .9+ Lbs.;,449.1,2023-10-08,396,1.13,WorthPoint
canyon-diablo,488 Gm CANYON DIABLO IRON METEORITE ARIZONA 1.1 Lbs MUSEUM Grade,400,2023-10-08,488,0.82,WorthPoint
canyon-diablo,"Atchison Topeka & Santa Fe Railway,1937,vintage,negative,canyon Diablo,bridge,sf",20.5,2023-10-08,,,WorthPoint
canyon-diablo,RR Postcard Railroad California Limited Crossing Canyon Diablo AZ RR Fred Harvey,9.99,2023-10-07,,,WorthPoint
canyon-diablo,56.2g Canyon Diablo Iron Meteorite - Incredible Etch! Stabilized! IMCA #3950,335,2023-10-06,56.2,5.96,WorthPoint
canyon-diablo,Beautiful 1172 Gm. Etched Campo Del Cielo Meteorite Quarter Cut,500,2023-10-05,1172,0.43,WorthPoint
canyon-diablo,25 Gm CANYON DIABLO IRON METEORITE MUSEUM GRADE ARIZONA STAND INCLUDED,35.1,2023-10-04,25,1.4,WorthPoint
canyon-diablo,19.17 Gram CANYON DIABLO IRON METEORITE ETCHED/SHOCKED SLICE - Meteor Crater,55.9,2023-10-04,19.17,2.92,WorthPoint
canyon-diablo,Lot Of 31 Iron-Nickel IAB Nantan Meteorites W/COA,225,2023-10-03,,,WorthPoint
canyon-diablo,556 Gm CANYON DIABLO IRON METEORITE ARIZONA 1.2+ Lbs MUSEUMgrade,602.95,2023-10-03,556,1.08,WorthPoint
canyon-diablo,818 Gm . CANYON DIABLO IRON METEORITE AAA GRADE; ARIZONA; 1.8 LBS,895.5,2023-10-02,818,1.09,WorthPoint
canyon-diablo,1529 Grams Old Route 66 Canyon Diablo American Meteorite Museum WALL BRICK ROCK,22.99,2023-10-01,1529,0.02,WorthPoint
canyon-diablo,Niue 2014 Canyon Diablo Meteorite Inlaid 1oz Silver Deep Relief Mintage 666,168,2023-09-30,28.35,5.93,WorthPoint
canyon-diablo,13 Gm . CANYON DIABLO IRON METEORITE ; MUSEUM GRADE; ARIZONA STAND INCLUDED,17.95,2023-09-30,13,1.38,WorthPoint
canyon-diablo,46 Gm . CANYON DIABLO IRON METEORITE ;TOP GRADE; ARIZONA STAND INCLUDED,67.45,2023-09-29,46,1.47,WorthPoint
canyon-diablo,162 Gm CANYON DIABLO IRON METEORITE TOP GRADE ARIZONA STAND,179.1,2023-09-29,162,1.11,WorthPoint
canyon-diablo,Troilite (FeS) 8.52g Tumbled Nodule From Iron Meteorite,33,2023-09-28,8.52,3.87,WorthPoint
canyon-diablo,41 Gm . CANYON DIABLO IRON METEORITE ; MUSEUM GRADE; ARIZONA STAND INCLUDED,53.1,2023-09-28,41,1.3,WorthPoint
canyon-diablo,Canyon Diablo IAB Iron Meteorite Arizona 7.09 Grams,18.75,2023-09-27,7.09,2.64,WorthPoint
canyon-diablo,490 Gm .CAMPO DEL CIELO METEORITE ; MUSEUM GRADE;1.1 POUNDS;,539.1,2023-09-27,490,1.1,WorthPoint
canyon-diablo,Beautiful 468 Gm Etched Campo Del Cielo Meteorite Quarter Cut,250,2023-09-27,468,0.53,WorthPoint
canyon-diablo,5.53 Grams Polished Canyon Diablo Meteor Crater Iron Meteorite From Arizona,13.99,2023-09-27,5.53,2.53,WorthPoint
canyon-diablo,"84.5 Gram Canyon Diablo Etched Edge Slice Meteorite - Iron, IAB-MG -1891 Arizona",264.99,2023-09-26,84.5,3.14,WorthPoint
canyon-diablo,32 GM. CAMPO DEL CIELO METEORITE ; A GRADE! BEAUTIFUL METEORITE; Stand,35.95,2023-09-24,32,1.12,WorthPoint
canyon-diablo,94 Gm. Campo Del Cielo Meteorite ; A Grade;,107.1,2023-09-24,94,1.14,WorthPoint
canyon-diablo,2416 Gm Campo Del Cielo Meteorite Museum Grade 5.3 Lbs,3325.5,2023-09-24,2416,1.38,WorthPoint
canyon-diablo,1792 Gm CAMPO DEL CIELO METEORITE ; AA GRADE 4+ Lbs.; Beautiful Lg.meteorite,1079.1,2023-09-23,1792,0.6,WorthPoint
canyon-diablo,Huge Lot Of Meteorites Lunar Martian Ataxite Iron Crusted Windowed Over 130!,2075,2023-09-22,,,WorthPoint
canyon-diablo,504 Gm. Campo Del Cielo Meteorite ; 1.1 Lbs Beautiful Aaa Grade Meteorite,476.96,2023-09-21,504,0.95,WorthPoint
canyon-diablo,"Natural Meteorite Specimen, Canyon Diablo Arizona 5.48 Grams",6.99,2023-09-21,5.48,1.28,WorthPoint
canyon-diablo,"Natural Meteorite Specimen, Canyon Diablo Arizona 3.39 Grams",6.99,2023-09-21,3.39,2.06,WorthPoint
canyon-diablo,482 Gm CANYON DIABLO IRON METEORITE MUSEUM GRADE ARIZONA STAND 1.1 Lbs,539.1,2023-09-21,482,1.12,WorthPoint
canyon-diablo,Beautiful 242 Gm Campo Del Cielo Meteorite Quarter Cut 2 Sides,179.1,2023-09-20,242,0.74,WorthPoint
canyon-diablo,3.02 Grams Polished Canyon Diablo Meteor Crater Iron Meteorite From Arizona,8.99,2023-09-20,3.02,2.98,WorthPoint
canyon-diablo,1.83 Grams Polished Canyon Diablo Meteor Crater Iron Meteorite From Arizona,5.49,2023-09-20,1.83,3,WorthPoint
canyon-diablo,2.59 Grams Polished Canyon Diablo Meteor Crater Iron Meteorite From Arizona,6.99,2023-09-20,2.59,2.7,WorthPoint
canyon-diablo,196 Gm . CANYON DIABLO IRON METEORITE AAA GRADE; ARIZONA STAND,206.1,2023-09-20,196,1.05,WorthPoint
canyon-diablo,Beautiful 556 Gm Etched Campo Del Cielo Meteorite Triple Cut,422.1,2023-09-19,556,0.76,WorthPoint
canyon-diablo,350 Gm .CANYON DIABLO IRON METEORITE ; ; ARIZONA; .76+ Lbs AA Grade,314.96,2023-09-19,350,0.9,WorthPoint
canyon-diablo,1106 GM. NEW CAMPO DEL CIELO METEORITE ; A GRADE!! Beautiful; 2.4 LBS. CHEAP!,629.1,2023-09-19,1106,0.57,WorthPoint
canyon-diablo,1590 Gm Campo Del Cielo Meteorite Museum Collectors Grade 3.5 Lbs,2245.5,2023-09-18,1590,1.41,WorthPoint
canyon-diablo,344 Gm. Campo Del Cielo Meteorite ; A Grade!! Saw Damage Low Priced Meteorite,224.96,2023-09-17,344,0.65,WorthPoint
canyon-diablo,90 Gm . CANYON DIABLO IRON METEORITE ; MUSEUM GRADE; ARIZONA STAND INCLUDED USA,107.96,2023-09-17,90,1.2,WorthPoint
canyon-diablo,160 Gm. Campo Del Cielo Meteorite ; Aaa Grade; .35lb,179.1,2023-09-17,160,1.12,WorthPoint
canyon-diablo,336 Gm CANYON DIABLO IRON METEORITE MUSEUM GRADE ARIZONA STAND .7 Lbs,359.1,2023-09-16,336,1.07,WorthPoint
canyon-diablo,Pacific Bridge Over Canyon Diablo Arizona On The Santa Fe RR Railroad Postcard,6.99,2023-09-16,,,WorthPoint
canyon-diablo,385 Grams Old Route 66 Canyon Diablo American Meteorite Museum WALL BRICK ROCK,10.99,2023-09-16,385,0.03,WorthPoint
canyon-diablo,LARGE 1250 Gm .CANYON DIABLO IRON METEORITE COLLECTORS GRADE 2.8 # STD & LABEL,1795.5,2023-09-16,1250,1.44,WorthPoint
canyon-diablo,30.6 Grams Polished Canyon Diablo Meteor Crater Iron Meteorite From Arizona,49.99,2023-09-15,30.6,1.63,WorthPoint
canyon-diablo,1088 GM. NEW CAMPO DEL CIELO METEORITE ; B GRADE!! 2.4+ Pound,674.96,2023-09-15,1088,0.62,WorthPoint
canyon-diablo,2677 Grams = 5 Pounds 14 Oz / Route 66 American Meteorite Museum WALL BRICK ROCK,34.99,2023-09-13,2677,0.01,WorthPoint
canyon-diablo,28 Gm . CANYON DIABLO IRON METEORITE ; ARIZONA; PATINA ; USA; STAND,41.8,2023-09-11,28,1.49,WorthPoint
canyon-diablo,19 Gm CANYON DIABLO IRON METEORITE TOP GRADE ARIZONA STAND INCLUDED,27.55,2023-09-11,19,1.45,WorthPoint
canyon-diablo,"Canyon Diablo Iron IAB-MG Meteorite, 12.5 Gram Individual",18,2023-09-11,12.5,1.44,WorthPoint
canyon-diablo,428 Gm. Campo Del Cielo Meteorite ; Museum Grade Meteorite. .95 Pounds!,422.33,2023-09-10,428,0.99,WorthPoint
canyon-diablo,#15 6.70g Natural Raw Rock From Space Arizona USA Diablo Meteorite 33.70ct 20mm,18.95,2023-09-10,6.7,2.83,WorthPoint
canyon-diablo,10 Individuals; 386 Gms . CANYON DIABLO IRON METEORITEs ; TOP GRADE; ARIZONA,359.1,2023-09-10,386,0.93,WorthPoint
canyon-diablo,18.6 Grams As Found Canyon Diablo Meteor Crater Iron Meteorite From Arizona,49.95,2023-09-08,18.6,2.69,WorthPoint
canyon-diablo,222 Gm . CANYON DIABLO IRON METEORITE MUSEUM GRADE; ARIZONA STAND,224.1,2023-09-08,222,1.01,WorthPoint
canyon-diablo,150 Gm . CANYON DIABLO IRON METEORITE ; W/ STAND TOP GRADE,161.95,2023-09-07,150,1.08,WorthPoint
canyon-diablo,"Natural Meteorite Specimen, Canyon Diablo Arizona 1.6 Grams",6.99,2023-09-06,1.6,4.37,WorthPoint
canyon-diablo,Beautiful 3078 Gm. Campo Del Cielo Meteorite 6.8 # Tripple Cut,700,2023-09-05,3078,0.23,WorthPoint
canyon-diablo,"580 Gm. Campo Del Cielo Meteorite Museum Grade, 1.3 Lbs.!!just Beautiful!",656.1,2023-09-05,580,1.13,WorthPoint
canyon-diablo,127 Gm . CANYON DIABLO IRON METEORITE ; MUSEUM GRADE; ARIZONA;,134.5,2023-09-05,127,1.06,WorthPoint
canyon-diablo,256 Gm CANYON DIABLO IRON METEORITE MUSEUM GRADE ARIZONA STAND .56 LBS,269.96,2023-09-04,256,1.05,WorthPoint
canyon-diablo,#17 8.05g Natural Raw Rock From Space Arizona USA Diablo Meteorite 40.30ct 25mm,19.95,2023-09-04,8.05,2.48,WorthPoint
canyon-diablo,132 Gm .CANYON DIABLO IRON METEORITE BEST GRADE ARIZONA STAND INCLUDED PATINA,143.1,2023-09-03,132,1.08,WorthPoint
canyon-diablo,324 Gram . Canyon Diablo Iron Meteorite Slice,870,2023-09-03,324,2.69,WorthPoint
canyon-diablo,424 Gm. Campo Del Cielo Meteorite ; Aaa Grade; .93 Lb Very Rare For This Size,404.96,2023-09-03,424,0.96,WorthPoint
canyon-diablo,458 Gm. Campo Del Cielo Meteorite ; Aaa Grade!! 1 Pound,404.1,2023-09-03,458,0.88,WorthPoint
canyon-diablo,446 Gm New Campo Del Cielo Meteorite ; Museum Grade!! Beautiful Small Meteorite,449.28,2023-09-03,446,1.01,WorthPoint
canyon-diablo,Troilite (FeS) 9.03g Tumbled Nodule From Iron Meteorite,33,2023-09-03,9.03,3.65,WorthPoint
canyon-diablo,"SF[REDACTED] - Santa Fe, Canyon Diablo, AZ, 8-1994 SLIDE",5.55,2023-09-02,,,WorthPoint
canyon-diablo,1306 Gm. Campo Del Cielo Meteorite ; B Grade!! 2.9 Pounds; Cheap!! Cheap!!,719.1,2023-09-02,1306,0.55,WorthPoint
canyon-diablo,Beautiful 268 Gm Campo Del Cielo Meteorite Quarter Cut 2 Sides,179.1,2023-09-02,268,0.67,WorthPoint
canyon-diablo,82 Gm .CANYON DIABLO IRON METEORITE ; BEST GRADE; ARIZONA STAND INCLUDED PATINA,89.1,2023-09-01,82,1.09,WorthPoint
canyon-diablo,109 Gm . CANYON DIABLO IRON METEORITE ; MUSEUM GRADE; ARIZONA;,122.98,2023-09-01,109,1.13,WorthPoint
canyon-diablo,"Natural Meteorite Specimen, Canyon Diablo Arizona 3.8 Grams",6.99,2023-08-30,3.8,1.84,WorthPoint
canyon-diablo,"Natural Meteorite Specimen, Canyon Diablo Arizona 6 Grams",8.89,2023-08-29,6,1.48,WorthPoint
canyon-diablo,786 Gm. New Campo Del Cielo Meteorite ; A Grade!! Beautiful Meteorite; 1.7 Lbs,449.96,2023-08-29,786,0.57,WorthPoint
canyon-diablo,Beautiful 302 Gm. Campo Del Cielo Meteorite Triple Cut; With Stand,179.1,2023-08-29,302,0.59,WorthPoint
canyon-diablo,266 Gm . CANYON DIABLO IRON METEORITE ; MUSEUM GRADE; ARIZONA; .6 Lbs,269.5,2023-08-28,266,1.01,WorthPoint
canyon-diablo,238 Gm . CANYON DIABLO IRON METEORITE ; MUSEUM GRADE; ARIZONA STAND PATINA; .5#,200,2023-08-28,238,0.84,WorthPoint
canyon-diablo,Beautiful 634 Gm. Polished Campo Del Cielo Meteorite Sculptural Piece; 1.24#,359.96,2023-08-28,634,0.57,WorthPoint
canyon-diablo,"1891, Canyon Diablo IAB MG Meteorites 262 Gram Lot With Desert Patina",131,2023-08-28,262,0.5,WorthPoint
canyon-diablo,40 Gm Campo Del Cielo Meteorite A Grade Beautiful Meteorite Stand,44.95,2023-08-28,40,1.12,WorthPoint
canyon-diablo,Rare Canyon Diablo 492 Gram Meteorite Authentic,510,2023-08-28,492,1.04,WorthPoint
canyon-diablo,Iron Meteorite Canyon Diablo Arizona Vintage Acrylic Geologist Paperweight,24.99,2023-08-27,,,WorthPoint
canyon-diablo,854 GM. CAMPO DEL CIELO METEORITE ; B GRADE LARGE METEORITE 1.8 Lbs. CHEAP!,449.1,2023-08-27,854,0.53,WorthPoint
canyon-diablo,494 Gm. New Campo Del Cielo Meteorite ;museum Grade Meteorite; 1.1 Lb,539.96,2023-08-26,494,1.09,WorthPoint
canyon-diablo,24 Gm . SILICATED CAMPO DEL CIELO METEORITE; MUSEUM GRADE ; FULL SILICATE,71.95,2023-08-26,24,3,WorthPoint
canyon-diablo,"Meteorite CANYON DIABLO, Iron IAB-MG 225.7g + COA, USA Find! AZ Meteor CRATER!",375,2023-08-26,225.7,1.66,WorthPoint
canyon-diablo,146 Gm .CANYON DIABLO IRON METEORITE MUSEUM GRADE; ARIZONA STAND,152.1,2023-08-26,146,1.04,WorthPoint
canyon-diablo,"Natural Meteorite Specimen, Canyon Diablo Arizona 2.68 Grams",6.99,2023-08-21,2.68,2.61,WorthPoint
canyon-diablo,492 Gm .CANYON DIABLO IRON METEORITE COLLECTORS GRADE; ARIZONA STAND,629.1,2023-08-21,492,1.28,WorthPoint
canyon-diablo,"Meteorite, Canyon Diablo, 284 Gram Individual",316,2023-08-21,284,1.11,WorthPoint
canyon-diablo,"Meteorite CANYON DIABLO, Iron IAB-MG 125g + COA, USA Find! AZ Meteor CRATER!",110,2023-08-20,125,0.88,WorthPoint
canyon-diablo,3.86 Grams Polished Canyon Diablo Meteor Crater Iron Meteorite From Arizona,10.99,2023-08-19,3.86,2.85,WorthPoint
canyon-diablo,94 Gm Baby Campo Del Cielo Meteorite A Grade Stand,98.1,2023-08-17,94,1.04,WorthPoint
canyon-diablo,292 Gm. Campo Del Cielo Meteorite B Grade!! Beautiful Baby Meteorite; .6#,170.1,2023-08-17,292,0.58,WorthPoint
canyon-diablo,All 11 OXIDE Canyon Diablo Meteor Crater OXIDITE Meteorites As Found 11.8 Grams,9.49,2023-08-17,11.8,0.8,WorthPoint
canyon-diablo,384 Gm . CAMPO DEL CIELO METEORITE; MED GRADE ; .84 LBS. CHEAP!! CHEAP!!,206.1,2023-08-16,384,0.54,WorthPoint
canyon-diablo,5.89 Gram CANYON DIABLO IRON METEORITE Individual - Meteor Crater ARIZONA,20.3,2023-08-15,5.89,3.45,WorthPoint
canyon-diablo,39 Gm . CANYON DIABLO IRON METEORITE ; MUSEUM GRADE; ARIZONA STAND INCLUDED,53.1,2023-08-15,39,1.36,WorthPoint
canyon-diablo,3.94 Grams As Found Canyon Diablo Meteor Crater Iron Meteorite From Arizona +COA,9.49,2023-08-15,3.94,2.41,WorthPoint
canyon-diablo,"Natural Meteorite Specimen, Canyon Diablo Arizona 6.46 Grams",6.99,2023-08-14,6.46,1.08,WorthPoint
canyon-diablo,10.845 Kgm. Campo Del Cielo Meteorite A Grade!! Beautiful 24 Pounds; Cheap!,4495.5,2023-08-13,10845,0.41,WorthPoint
canyon-diablo,1903 Inventions Engineers Dirigible Airship Balloon Submarine Telephone Car Plow,24.99,2023-08-13,,,WorthPoint
canyon-diablo,26 Gm . CANYON DIABLO IRON METEORITE ; ARIZONA; PATINA ; USA; CASE,35.1,2023-08-11,26,1.35,WorthPoint
canyon-diablo,Canyon Diablo Iron Meteorite From Meteor Crater: 23.1g,30.85,2023-08-11,23.1,1.34,WorthPoint
canyon-diablo,193 Gm . CANYON DIABLO IRON METEORITE MUSEUM GRADE; ARIZONA STAND .42 LBS USA,200,2023-08-10,193,1.04,WorthPoint
canyon-diablo,15.9 Grams OXIDE Canyon Diablo Meteor Crater OXIDITE Meteorite As Found Low Iron,10.49,2023-08-10,15.9,0.66,WorthPoint
canyon-diablo,27 Gm . CANYON DIABLO IRON METEORITE ; MUSEUM GRADE; ARIZONA STAND INCLUDED USA,44.95,2023-08-09,27,1.66,WorthPoint
canyon-diablo,Rare Shocked Specimen! Exquisite End Cut! New Campo Del Cielo Meteorite 520 Gms,374.25,2023-08-08,520,0.72,WorthPoint
canyon-diablo,1032 Gm. Campo Del Cielo Meteorite ; B Grade! 2.3 Lbs; Inexpensive,539.1,2023-08-08,1032,0.52,WorthPoint
canyon-diablo,N/a / Lot Of 4 Original Photographs By Park Photo Featuring Los Angeles 1910,45,2023-08-07,,,WorthPoint
canyon-diablo,Cheap Price! Exquisite Double Cut! New Campo Del Cielo Meteorite 163 Gms,111.75,2023-08-07,163,0.69,WorthPoint
canyon-diablo,6.02 Grams As Found Canyon Diablo Meteor Crater Iron Meteorite From Arizona +COA,13.99,2023-08-07,6.02,2.32,WorthPoint
canyon-diablo,4.25 Grams As Found Canyon Diablo Meteor Crater Iron Meteorite From Arizona +COA,10.99,2023-08-07,4.25,2.59,WorthPoint
canyon-diablo,155 Gm . CANYON DIABLO IRON METEORITE AAA GRADE; ARIZONA STAND,179.1,2023-08-06,155,1.16,WorthPoint
canyon-diablo,81 Gm Baby Campo Del Cielo Meteorite Med Grade! Stand Cheap,89.1,2023-08-06,81,1.1,WorthPoint
canyon-diablo,208 Gm . CANYON DIABLO IRON METEORITE ; TOP GRADE ; ARIZONA STAND .5 Lbs,224.1,2023-08-06,208,1.08,WorthPoint
canyon-diablo,55.9 Gram CANYON DIABLO Meteorite - IAB Iron Meteorite - TOP METEORITE,32,2023-08-06,55.9,0.57,WorthPoint
canyon-diablo,62.7 Gram CANYON DIABLO Meteorite - IAB Iron Meteorite - TOP METEORITE,28,2023-08-06,62.7,0.45,WorthPoint
canyon-diablo,66.91g CANYON DIABLO Meteorite - IAB Iron Meteorite - TOP METEORITE,39,2023-08-06,66.91,0.58,WorthPoint
canyon-diablo,"Natural Meteorite Specimen, Canyon Diablo Arizona 3.86 Grams",6.99,2023-08-05,3.86,1.81,WorthPoint
canyon-diablo,222 Gm . CANYON DIABLO IRON METEORITE AAA GRADE; ARIZONA STAND,233.1,2023-08-04,222,1.05,WorthPoint
canyon-diablo,Lot Of 10 Small Canyon Diablo Meteorite Fragments Arizona,22.5,2023-08-03,,,WorthPoint
canyon-diablo,778 Gm .CANYON DIABLO IRON METEORITE ; TOP GRADE; ARIZONA LABEL AND STAND;1.7 Lb,719.1,2023-08-03,778,0.92,WorthPoint
canyon-diablo,578 GM CAMPO DEL CIELO METEORITE AAA GRADE BEAUTIFUL SMALL METEORITE 1.3 Lbs,539.96,2023-08-03,578,0.93,WorthPoint
canyon-diablo,595 Canyon Diablo Meteorite From Arizona. Ex Closed Old Time Rock Shop,40,2023-08-03,,,WorthPoint
canyon-diablo,"Natural Meteorite Specimen, Canyon Diablo Arizona 3.07 Grams",6.99,2023-08-02,3.07,2.28,WorthPoint
canyon-diablo,47 Gm. Canyon Diablo Meteorite ; Top Grade Meteorite; Usa; Arizona,62.1,2023-08-02,47,1.32,WorthPoint
canyon-diablo,Crater Forming Event! Full Slice! Historic Canyon Diablo Meteorite! 63 Gms!,141.75,2023-08-02,63,2.25,WorthPoint
canyon-diablo,137 Gm Baby Campo Del Cielo Meteorite Aaa Grade,179.1,2023-08-02,137,1.31,WorthPoint
canyon-diablo,236 Gm CANYON DIABLO IRON METEORITE MUSEUM GRADE ARIZONA STAND INCLUDED .5 Lb,269.1,2023-08-01,236,1.14,WorthPoint
canyon-diablo,13.5 Grams OXIDE Canyon Diablo Meteor Crater OXIDITE Meteorite As Found Low Iron,8.99,2023-08-01,13.5,0.67,WorthPoint
canyon-diablo,51 Gm. Baby Campo Del Cielo Meteorite ; A Grade!!,62.1,2023-08-01,51,1.22,WorthPoint
canyon-diablo,Canyon Diablo Iron Meteorite: 34.6g,31,2023-07-31,34.6,0.9,WorthPoint
canyon-diablo,258 Gm CANYON DIABLO IRON METEORITE MUSEUM GRADE ARIZONA STAND INCLUDED 1.3lb,269.1,2023-07-31,258,1.04,WorthPoint
canyon-diablo,2900 Gm. Campo Del Cielo Meteorite ; A Grade! Meteorite! 6.4 Lbs,900,2023-07-30,2900,0.31,WorthPoint
canyon-diablo,478 Gm CANYON DIABLO IRON METEORITE AAA GRADE ARIZONA STAND INCLUDED 1+LBS,350,2023-07-30,478,0.73,WorthPoint
canyon-diablo,WARD'S CATALOG FM-2 FINE MINERALS & METEORITES Nov 12 1949 Crystals Siderites,34.95,2023-07-30,,,WorthPoint
canyon-diablo,720 Gm. Campo Del Cielo Meteorite ; Aa Grade!! 1.6 Pounds,539.1,2023-07-30,720,0.75,WorthPoint
canyon-diablo,272 Grams Old Route 66 Canyon Diablo American Meteorite Museum WALL BRICK ROCK,8.49,2023-07-29,272,0.03,WorthPoint
canyon-diablo,29 Gm Baby Campo Del Cielo Meteorite A Grade Stand,35.1,2023-07-29,29,1.21,WorthPoint
canyon-diablo,1348 GM. CAMPO DEL CIELO METEORITE ;A GRADE!! BEAUTIFUL; 3 Lbs.,854.95,2023-07-28,1348,0.63,WorthPoint
canyon-diablo,119 Gm CANYON DIABLO IRON METEORITE MUSEUM GRADE ARIZONA STAND .26 LBS,134.96,2023-07-28,119,1.13,WorthPoint
canyon-diablo,1414 Gm. Campo Del Cielo Meteorite ; Aa Grade Baby Meteorite; Beautiful 3.1#,450,2023-07-28,1414,0.32,WorthPoint
canyon-diablo,"Campo Del Cielo Meteorite Nugget For Jewelry, Pendants, Collectors, Artwork. M7",5.25,2023-07-27,,,WorthPoint
canyon-diablo,934 Gm . CANYON DIABLO IRON METEORITE ; Museum GRADE ; ARIZONA STAND 2 Lbs,989.1,2023-07-27,934,1.06,WorthPoint
canyon-diablo,882 Gm. New Campo Del Cielo Meteorite ; Aaa Grade! Beautiful Meteorite; 2 Lbs,719.95,2023-07-26,882,0.82,WorthPoint
canyon-diablo,"Natural Meteorite Specimen, Canyon Diablo Arizona 3.65 Grams",6.99,2023-07-25,3.65,1.92,WorthPoint
canyon-diablo,502 Grams Old Route 66 Canyon Diablo American Meteorite Museum WALL BRICK ROCK,14.99,2023-07-25,502,0.03,WorthPoint
canyon-diablo,11.4 Grams OXIDE Canyon Diablo Meteor Crater OXIDITE Meteorite As Found Low Iron,6.49,2023-07-25,11.4,0.57,WorthPoint
canyon-diablo,Beautiful 220 Gm. Campo Del Cielo Meteorite Sculptural Cut 6 Sides,143.1,2023-07-25,220,0.65,WorthPoint
canyon-diablo,456 Gm. Campo Del Cielo Meteorite ; Aa Grade!! 1+ Pounds ; Great Price,269.1,2023-07-25,456,0.59,WorthPoint
canyon-diablo,298 Gm . CANYON DIABLO IRON METEORITE AAA GRADE; ARIZONA STAND,269.1,2023-07-24,298,0.9,WorthPoint
canyon-diablo,256 Gm . CANYON DIABLO IRON METEORITE MUSEUM GRADE; ARIZONA STAND .56 LBS USA,269.1,2023-07-24,256,1.05,WorthPoint
canyon-diablo,268 Gm . CANYON DIABLO IRON METEORITE ; TOP GRADE; ARIZONA STAND .6 LBS,251.96,2023-07-24,268,0.94,WorthPoint
canyon-diablo,782 GM. NEW CAMPO DEL CIELO METEORITE ; B GRADE!! Beautiful; 1.7 LBS. CHEAP!,359.1,2023-07-24,782,0.46,WorthPoint
canyon-diablo,90 Gm Baby Campo Del Cielo Meteorite A Grade,107.1,2023-07-24,90,1.19,WorthPoint
canyon-diablo,1840 GM. CAMPO DEL CIELO METEORITE ;AA GRADE LARGE METEORITE 4 Lbs.,989.1,2023-07-24,1840,0.54,WorthPoint
canyon-diablo,163 Gm . CANYON DIABLO IRON METEORITE ; TOP GRADE; ARIZONA STAND .35 LBS,161.96,2023-07-24,163,0.99,WorthPoint
canyon-diablo,2.05 Grams Polished Canyon Diablo Meteor Crater Iron Meteorite From Arizona,5.99,2023-07-23,2.05,2.92,WorthPoint
canyon-diablo,2.06 Grams Polished Canyon Diablo Meteor Crater Iron Meteorite From Arizona,5.99,2023-07-23,2.06,2.91,WorthPoint
canyon-diablo,"Guinea - 2022 Meteorites & Dinosaurs, Gargoyleosaurus - 4 Stamp Sheet -",14.5,2023-07-23,,,WorthPoint
canyon-diablo,Canyon Diablo Meteorites (Group Of 2),2625,2023-07-22,,,WorthPoint
canyon-diablo,Toluca Meteorite,1125,2023-07-22,,,WorthPoint
canyon-diablo,Harvey H. Nininger Books (Group Of 3),400,2023-07-22,,,WorthPoint
canyon-diablo,324 Gm. Campo Del Cielo Meteorite ; A Grade Meteorite ! .7 Pounds !,224.1,2023-07-22,324,0.69,WorthPoint
canyon-diablo,Bellota Ranch Arizona USGS Topo Map 1957 Mount Lemmon Highway Redington Pass,12,2023-07-22,,,WorthPoint
canyon-diablo,590 Gm. Campo Del Cielo Meteorite ; Aaa Grade!! Baby Campo 1.3 Lbs,566.19,2023-07-21,590,0.96,WorthPoint
canyon-diablo,21.8 Grams OXIDE Canyon Diablo Meteor Crater OXIDITE Meteorite As Found Low Iron,15,2023-07-21,21.8,0.69,WorthPoint
canyon-diablo,"Canyon Diablo Iron IAB-MG, Found Arizona 1891, 17.3 Gram Slice",35,2023-07-21,17.3,2.02,WorthPoint
canyon-diablo,15 Gm CANYON DIABLO IRON METEORITE MUSEUM GRADE ARIZONA CASE,20.66,2023-07-21,15,1.38,WorthPoint
canyon-diablo,392 Gm. Baby Campo Del Cielo Meteorite ; Med Grade! .86 Pounds; Stand; Cheap!!,404.1,2023-07-21,392,1.03,WorthPoint
canyon-diablo,5 Meteorites For User Named -- Exo_08 --,43.99,2023-07-21,,,WorthPoint
canyon-diablo,For All 5 Canyon Diablo Meteor Crater OXIDITE Meteorites As Found 16 Grams,13.99,2023-07-21,16,0.87,WorthPoint
canyon-diablo,FOR ALL The OXIDE Canyon Diablo Meteor Crater OXIDITE Meteorites 19 Grams + COA,15.99,2023-07-21,19,0.84,WorthPoint
canyon-diablo,Canyon Diablo Meteorite 19.1 Grams,20,2023-07-20,19.1,1.05,WorthPoint
canyon-diablo,Canyon Diablo Meteorite 14.9 Grams,15,2023-07-20,14.9,1.01,WorthPoint
canyon-diablo,"Natural Meteorite Specimen, Canyon Diablo Arizona 4.5 Grams",9.99,2023-07-18,4.5,2.22,WorthPoint
canyon-diablo,821 Gram Canyon Diablo Etched Slice Iron Meteorite,590,2023-07-17,821,0.72,WorthPoint
canyon-diablo,"Meteorite**Canyon Diablo, AZ. USA; Iron IAB-MG **4.876 Gram ! USA Find! CRATER",9.5,2023-07-17,4.876,1.95,WorthPoint
canyon-diablo,1934 Gm. Campo Del Cielo Meteorite ; Med Grade! 4.3 Pounds; Stand; Cheap!!,805.95,2023-07-17,1934,0.42,WorthPoint
canyon-diablo,Canyon Diablo Arizona Vintage Train Sterling Silver Souvenir Spoon,137.5,2023-07-17,,,WorthPoint
canyon-diablo,BNSF GE Dash 40B 7428 HO Atlas Master Series 9002 DC/DCC Rare NOSIOB,149,2023-07-16,,,WorthPoint
canyon-diablo,Beautiful 414 Gm Etched Campo Del Cielo Meteorite Quarter Cut,296.1,2023-07-15,414,0.72,WorthPoint
canyon-diablo,"Guinea - 2021 Meteorites, Canyon Diablo - 4 Stamp Sheet - GU210202a",11.8,2023-07-12,,,WorthPoint
canyon-diablo,958 Gm. Campo Del Cielo Meteorite ; Med Grade! 2.1 Pounds; Stand; Cheap!!,481.95,2023-07-12,958,0.5,WorthPoint
canyon-diablo,"Carborundum 3""-6"" 8-12 Oz All Chakra Healing Crystals And Stones Silicon Carbide",24.99,2023-07-12,340.2,0.07,WorthPoint
canyon-diablo,Beautiful 308 Gm Etched Campo Del Cielo Meteorite Triple Cut,224.1,2023-07-12,308,0.73,WorthPoint
canyon-diablo,3.85 Grams As Found Canyon Diablo Meteor Crater Iron Meteorite From Arizona +COA,9.49,2023-07-11,3.85,2.46,WorthPoint
canyon-diablo,1.54 Grams As Found Canyon Diablo Meteor Crater Iron Meteorite From Arizona +COA,5.69,2023-07-11,1.54,3.69,WorthPoint
canyon-diablo,61 Gm. Canyon Diablo Meteorite Museum Grade Meteorite; Usa; Arizona,80.1,2023-07-10,61,1.31,WorthPoint
canyon-diablo,566 Gm. Campo Del Cielo Meteorite ; Beautiful B Grade. Meteorite; 1.2 Lbs Cheap,282.69,2023-07-10,566,0.5,WorthPoint
canyon-diablo,Canyon Diablo / Holbrook / Sikhote-Alin Meteorite Coin Set - Number Matched #200,280,2023-07-09,,,WorthPoint
canyon-diablo,46 Gm Campo Del Cielo Meteorite A Grade! Beautiful Meteorite,53.1,2023-07-08,46,1.15,WorthPoint
canyon-diablo,3650 Gm. Campo Del Cielo Meteorite ; Med Grade! 8 Pounds; Stand; Cheap!!,1210.95,2023-07-08,3650,0.33,WorthPoint
canyon-diablo,Canyon Diablo 31.10g Iron Meteorite Gargoyle!,56,2023-07-08,31.1,1.8,WorthPoint
canyon-diablo,Meteorite Jewelry Bead Pair Of Muonionalusta Meteorite Earrings 925 Silver,114.4,2023-07-08,,,WorthPoint
canyon-diablo,188 Gm . CANYON DIABLO IRON METEORITE ; TOP GRADE; ARIZONA STAND INCLUDED; .41#,161.19,2023-07-08,188,0.86,WorthPoint
canyon-diablo,768 GM. NEW CAMPO DEL CIELO METEORITE ; B GRADE!! Beautiful; 1.7 LBS. CHEAP!,323.19,2023-07-06,768,0.42,WorthPoint
canyon-diablo,44 Gm . CANYON DIABLO IRON METEORITE ;TOP GRADE; ARIZONA STAND INCLUDED,60.71,2023-07-06,44,1.38,WorthPoint
canyon-diablo,"Canyon Diablo Iron IAB Meteorite Individual, 24.7 Grams",33,2023-07-06,24.7,1.34,WorthPoint
canyon-diablo,276 Gm . CANYON DIABLO IRON METEORITE ; MUSEUM GRADE; ARIZONA STAND INCLUDED,242.96,2023-07-06,276,0.88,WorthPoint
canyon-diablo,16 Grams As Found Canyon Diablo Meteor Crater Iron Meteorite From Arizona,35,2023-07-05,16,2.19,WorthPoint
canyon-diablo,468 Gm . CANYON DIABLO IRON METEORITE ;TOP GRADE; ARIZONA STAND INCLUDED; 1 #,380,2023-07-04,468,0.81,WorthPoint
canyon-diablo,37 Gm . CANYON DIABLO IRON METEORITE ; MUSEUM GRADE; ARIZONA STAND INCLUDED,44.1,2023-07-03,37,1.19,WorthPoint
canyon-diablo,27 Gm. Campo Del Cielo Meteorite ; A Grade! Beautiful Meteorite;,33.2,2023-07-03,27,1.23,WorthPoint
canyon-diablo,394 Gm .CAMPO DEL CIELO METEORITE ; MUSEUM GRADE; .9 POUNDS; LOWEST PRICE ANYWHE,363.69,2023-07-01,394,0.92,WorthPoint
canyon-diablo,11 Gm . CANYON DIABLO IRON METEORITE ; MUSEUM GRADE; ARIZONA CASE INCLUDED,19.8,2023-07-01,11,1.8,WorthPoint
canyon-diablo,466 Gm. Campo Del Cielo Meteorite ; Aaa Grade!! Beautiful 1 Pound;,363.69,2023-07-01,466,0.78,WorthPoint
canyon-diablo,46 Gm . CANYON DIABLO IRON METEORITE ; MUSEUM GRADE; ARIZONA STAND INCLUDED,55.89,2023-07-01,46,1.22,WorthPoint
canyon-diablo,Beautiful 774 Gm. Etched Campo Del Cielo Meteorite Quarter Cut,485.19,2023-07-01,774,0.63,WorthPoint
canyon-diablo,468 Gm . CAMPO DEL CIELO METEORITE; BEAUTIFU AA GRADE METEORITE!! 1.1+ LBS,282.85,2023-07-01,468,0.6,WorthPoint
canyon-diablo,Beautiful 268 Gm Etched Campo Del Cielo Meteorite Quarter Cut,179.1,2023-06-29,268,0.67,WorthPoint
canyon-diablo,Lot Of 10 Tiny Canyon Diablo Meteorite Fragments Arizona,20,2023-06-29,,,WorthPoint
canyon-diablo,45 Gm. Baby Campo Del Cielo Meteorite ; A Grade!!,47.79,2023-06-28,45,1.06,WorthPoint
canyon-diablo,30 Gm . CANYON DIABLO IRON METEORITE ; MUSEUM GRADE; ARIZONA STAND INCLUDED USA,40.46,2023-06-28,30,1.35,WorthPoint
canyon-diablo,Lot Of 5 Meteorites - Iron-Nickel IAB Specimens W/COA,17.95,2023-06-28,,,WorthPoint
canyon-diablo,Iron IAB Meteorite W/Fused Rock - W/COA - 8.18g,8,2023-06-28,8.18,0.98,WorthPoint
canyon-diablo,Iron IAB Meteorite W/Fused Rock - W/COA -18.49g,16.5,2023-06-28,18.49,0.89,WorthPoint
canyon-diablo,"Meteorite, Canyon Diablo 62.4 Grams",120,2023-06-28,62.4,1.92,WorthPoint
canyon-diablo,358 Gm. Campo Del Cielo Meteorite ; A Grade; Beautiful Meteorite; .8 Lb,218.66,2023-06-26,358,0.61,WorthPoint
canyon-diablo,"Canyon Diablo Iron Meteorite, 12.6 Grams Great Etch",30,2023-06-24,12.6,2.38,WorthPoint
canyon-diablo,Great Deal! Sensational Silicated Slice! New Campo Del Cielo Meteorite 29.3 Gms,56.25,2023-06-23,29.3,1.92,WorthPoint
canyon-diablo,"Natural Meteorite Specimen, Canyon Diablo Arizona 8.2 Grams",13.5,2023-06-23,8.2,1.65,WorthPoint
canyon-diablo,5 Individuals; 52 Gms. CANYON DIABLO IRON METEORITES ; TOP GRADE; ARIZONA;PATINA,55.89,2023-06-22,52,1.07,WorthPoint
canyon-diablo,2824 Gm. New Campo Del Cielo Meteorite ; Aaa Grade!! Beautiful; 6.2 Pounds,1858.95,2023-06-22,2824,0.66,WorthPoint
canyon-diablo,Heavy Iron Meteorite Pendant - Rare W/COA 10.45g,19.95,2023-06-22,10.45,1.91,WorthPoint
canyon-diablo,430 Gm CANYON DIABLO IRON METEORITE ARIZONA STAND INCLUDE 1 LB MUSEUM GRADE,404.96,2023-06-21,430,0.94,WorthPoint
canyon-diablo,2.71 Grams As Found Canyon Diablo Meteor Crater Iron Meteorite From Arizona +COA,5.99,2023-06-20,2.71,2.21,WorthPoint
canyon-diablo,Heavy Meteorite W/Fused Terrestrial Material - Pendant - Rare W/COA 39.70g,95,2023-06-20,39.7,2.39,WorthPoint
canyon-diablo,606 Gm . CANYON DIABLO IRON METEORITE ; TOP GRADE; ARIZONA STAND INCLUDED; 1.3#,525.69,2023-06-20,606,0.87,WorthPoint
canyon-diablo,"Natural Meteorite Specimen, Canyon Diablo Arizona 4 Grams",9.99,2023-06-20,4,2.5,WorthPoint
canyon-diablo,94 Gm. Campo Del Cielo Meteorite ; Aaa Grade!! Beautiful,105.26,2023-06-20,94,1.12,WorthPoint
canyon-diablo,"Natural Meteorite Specimen, Canyon Diablo Arizona 4.53 Grams",6.99,2023-06-19,4.53,1.54,WorthPoint
canyon-diablo,"Canyon Diablo Iron IAB, Arizona 1891, Nice 34.3 Gram Individual",44,2023-06-19,34.3,1.28,WorthPoint
canyon-diablo,Meteorites Collection In Box - Starter Collection - Great Gift,29.99,2023-06-18,,,WorthPoint
canyon-diablo,41 Gm CANYON DIABLO IRON METEORITE TOP GRADE ARIZONA STAND INCLUDED,43.74,2023-06-18,41,1.07,WorthPoint
canyon-diablo,14 Grams OXIDE Canyon Diablo Meteor Crater OXIDITE Meteorite As Found Low Iron,8.99,2023-06-17,14,0.64,WorthPoint
canyon-diablo,5.50 Gram OXIDE Canyon Diablo Meteor Crater OXIDITE Meteorite As Found Low Iron,6.99,2023-06-16,5.5,1.27,WorthPoint
canyon-diablo,Beautiful 538 Gm Etched Campo Del Cielo Meteorite Quarter Cut,404.1,2023-06-16,538,0.75,WorthPoint
canyon-diablo,43 Gm. Baby Campo Del Cielo Meteorite ; A Grade!!,44.1,2023-06-16,43,1.03,WorthPoint
canyon-diablo,46 Gm. Baby Campo Del Cielo Meteorite ; A Grade!!,39.69,2023-06-15,46,0.86,WorthPoint
canyon-diablo,Six (6) Iron IAB Meteorites W/Fused Rock - W/COA - Total Wt. 19.20g,8.45,2023-06-15,19.2,0.44,WorthPoint
canyon-diablo,Lot Of 12 Meteorites - Iron-Nickel IAB Each W/COA - Pendant Quality,12.6,2023-06-15,,,WorthPoint
canyon-diablo,Four (4) Iron IAB Meteorites W/Fused Rock - W/COA - Total Wt. 14.33g,8.44,2023-06-15,14.33,0.59,WorthPoint
canyon-diablo,Two (2) Iron IAB Meteorites W/Fused Rock - W/COA - 10.30g Total Weight,6.8,2023-06-15,10.3,0.66,WorthPoint
canyon-diablo,Three (3) Iron IAB Meteorites W/Fused Rock - W/COA - Total Wt. 12.11g,6.65,2023-06-15,12.11,0.55,WorthPoint
canyon-diablo,Unique Iron Meteorite Pendant - Rare W/COA 14.3g,13.95,2023-06-15,14.3,0.98,WorthPoint
canyon-diablo,Eight (8) Iron IAB Meteorites W/Fused Rock - W/COA - Total Wt. 13.64g,6.65,2023-06-15,13.64,0.49,WorthPoint
canyon-diablo,"Canyon Diablo Iron IAB-MG, Found Arizona 1891, 12 Gram Slice",25,2023-06-15,12,2.08,WorthPoint
canyon-diablo,29 Gm CANYON DIABLO IRON METEORITE TOP GRADE ARIZONA STAND INCLUDED,35.1,2023-06-15,29,1.21,WorthPoint
canyon-diablo,Meteorite Jewelry 925 Silver Meteorite Bracelet Charm Shield,50.6,2023-06-14,,,WorthPoint
canyon-diablo,Iron IAB Meteorite W/Fused Rock - W/COA - 9.72g,8,2023-06-14,9.72,0.82,WorthPoint
canyon-diablo,Iron IAB Meteorite W/Fused Rock - W/COA - 6.04g,5.5,2023-06-14,6.04,0.91,WorthPoint
canyon-diablo,Iron IAB Meteorite W/Fused Rock - W/COA - 5.41g,6.95,2023-06-14,5.41,1.28,WorthPoint
canyon-diablo,"Canyon Diablo Set - Meteorite, Graphite Nodule, Impactites, Spheroids",55,2023-06-14,,,WorthPoint
canyon-diablo,538 Gm. Campo Del Cielo Meteorite ; Aaa Grade! Beautiful Small Meteorite; 1.2 #,445.46,2023-06-14,538,0.83,WorthPoint
canyon-diablo,160 Gm . CANYON DIABLO IRON METEORITE ; MUSEUM GRADE; ARIZONA; .35LBS,161.19,2023-06-14,160,1.01,WorthPoint
canyon-diablo,454 Gm. Campo Del Cielo Meteorite ; Aaa Grade!! Beautiful 1 Pound;,445.46,2023-06-14,454,0.98,WorthPoint
canyon-diablo,Meteorite Jewelry Muonionalusta Meteorite Bracelet 925 Silver 8 Inches 702,193.6,2023-06-14,,,WorthPoint
canyon-diablo,10 Gm CANYON DIABLO IRON METEORITE TOP GRADEARIZONA STAND INCLUDED,15.39,2023-06-13,10,1.54,WorthPoint
canyon-diablo,114 Gm. Campo Del Cielo Meteorite ; A Grade! Beautiful Meteorite;,112.59,2023-06-13,114,0.99,WorthPoint
canyon-diablo,Lot Of 6 Meteorites - Iron-Nickel IAB Specimens W/COA Great Teaching Aid,8.95,2023-06-12,,,WorthPoint
canyon-diablo,322 Gm . CANYON DIABLO IRON METEORITE ; TOP GRADE; ARIZONA STAND INCLUDED; .7#,267.26,2023-06-12,322,0.83,WorthPoint
canyon-diablo,123 Gm. Campo Del Cielo Meteorite ; Aaa Grade!! Beautiful; Stand,161.96,2023-06-12,123,1.32,WorthPoint
canyon-diablo,206 GM. CAMPO DEL CIELO METEORITE ; AAA GRADE! BABY METEORITE; .45 Lbs;,201.85,2023-06-12,206,0.98,WorthPoint
canyon-diablo,10.46 Gram OXIDE Canyon Diablo Meteor Crater OXIDITE Meteorite As Found Low Iron,11.99,2023-06-12,10.46,1.15,WorthPoint
canyon-diablo,8 Gm. Campo Del Cielo Meteorite ; A Grade! Beautiful Meteorite;,17.82,2023-06-12,8,2.23,WorthPoint
canyon-diablo,"Natural Meteorite Specimen, Canyon Diablo Arizona 6.33 Grams",6.99,2023-06-12,6.33,1.1,WorthPoint
canyon-diablo,Canyon Diablo Meteorite! 46.6g!,31,2023-06-11,46.6,0.67,WorthPoint
canyon-diablo,356 Gm New Campo Del Cielo Meteorite ; Aaa Grade!! Beautiful Small Meteorite,307.15,2023-06-11,356,0.86,WorthPoint
canyon-diablo,30.5 Grams OXIDE Canyon Diablo Meteor Crater OXIDITE Meteorite As Found Low Iron,24.99,2023-06-10,30.5,0.82,WorthPoint
canyon-diablo,"31 Gm. Campo Del Cielo Meteorite Aaa Grade, !just Beautiful!",44.1,2023-06-10,31,1.42,WorthPoint
canyon-diablo,34 Gm . CANYON DIABLO IRON METEORITE ; TOP GRADE; ARIZONA STAND INCLUDED,44.1,2023-06-09,34,1.3,WorthPoint
canyon-diablo,6 Gm. Campo Del Cielo Meteorite ; A Grade! Beautiful Meteorite; Case,17.95,2023-06-08,6,2.99,WorthPoint
canyon-diablo,52 Gm. CANYON DIABLO IRON METEORITE ; ARIZONA STAND INCLUDED Top GRADE; USA,62.1,2023-06-08,52,1.19,WorthPoint
canyon-diablo,57 Gm . CANYON DIABLO IRON METEORITE ; TOP GRADE; ARIZONA STAND INCLUDED,62.1,2023-06-08,57,1.09,WorthPoint
canyon-diablo,226 Gm .CANYON DIABLO IRON METEORITE ; ARIZONA STAND INCLUDED .5 LBS TOP GRADE,224.95,2023-06-08,226,1,WorthPoint
canyon-diablo,196 Gm. Campo Del Cielo Meteorite ; Aaa Grade!! Beautiful; Stand,249.95,2023-06-07,196,1.28,WorthPoint
canyon-diablo,384 Gm. Campo Del Cielo Meteorite ; Aaa Grade!! Beautiful .84 Pounds;,359.96,2023-06-07,384,0.94,WorthPoint
canyon-diablo,256 Gm . CANYON DIABLO IRON METEORITE ; TOP GRADE ; ARIZONA; .56 POUNDS,242.1,2023-06-07,256,0.95,WorthPoint
canyon-diablo,39 Gm. CANYON DIABLO IRON METEORITE ; ARIZONA Case INCLUDED Top GRADE; USA,44.1,2023-06-06,39,1.13,WorthPoint
canyon-diablo,3 Gm. Canyon Diablo Meteorite ; A Gd! Beautiful Meteorite; Arizona Usa Patina,13.45,2023-06-05,3,4.48,WorthPoint
canyon-diablo,Central Africa - 2020 Meteorites & Dinosaurs - 4 Stamp Sheet - CA200514a,11.8,2023-06-05,,,WorthPoint
canyon-diablo,Iridescent Moissanite Silicon Carbide Crystal Cluster Mineral Specimen W ID Card,5.5,2023-06-05,,,WorthPoint
canyon-diablo,424 Gm . CANYON DIABLO IRON METEORITE ; Museum GRADE ; ARIZONA STAND .93 Lbs,449.1,2023-06-03,424,1.06,WorthPoint
canyon-diablo,2.43 Grams As Found Canyon Diablo Meteor Crater Iron Meteorite From Arizona +COA,7.49,2023-06-02,2.43,3.08,WorthPoint
canyon-diablo,"66 Gm. Campo Del Cielo Meteorite Aaa Grade, !just Beautiful!",89.1,2023-06-02,66,1.35,WorthPoint
canyon-diablo,"Natural Meteorite Specimen, Canyon Diablo Arizona 6.41 Grams",13.25,2023-05-31,6.41,2.07,WorthPoint
canyon-diablo,276 Gm . CANYON DIABLO IRON METEORITE MUSEUM GRADE; ARIZONA STAND .6 LBS USA,269.1,2023-05-31,276,0.98,WorthPoint
canyon-diablo,240 Gm . CANYON DIABLO IRON NICKEL METEORITE ; MUSEUM GRADE W/ STAND,242.1,2023-05-31,240,1.01,WorthPoint
canyon-diablo,444 Gm . CANYON DIABLO IRON METEORITE TOP GRADE; ARIZONA 1 POUND,449.33,2023-05-31,444,1.01,WorthPoint
canyon-diablo,296 Gm . CANYON DIABLO IRON METEORITE ; TOP GRADE ; ARIZONA; .6 POUNDS AAA GRADE,287.1,2023-05-31,296,0.97,WorthPoint
canyon-diablo,242 Gm . CANYON DIABLO IRON METEORITE ; TOP GRADE; ARIZONA STAND .53 #,233.1,2023-05-31,242,0.96,WorthPoint
canyon-diablo,BNSF GE Dash 40BW RN 519 HO Atlas Master Series 9057 DC/DCC Rare NOSIOB Lot F,149,2023-05-31,,,WorthPoint
canyon-diablo,63 Gm . CANYON DIABLO IRON METEORITE ; MUSEUM GRADE; ARIZONA STAND INCLUDED,79,2023-05-30,63,1.25,WorthPoint
canyon-diablo,"147 Gm. Campo Del Cielo Meteorite Aaa Grade, .32 Lbs.!!just Beautiful!",161.1,2023-05-30,147,1.1,WorthPoint
canyon-diablo,"Natural Meteorite Specimen, Canyon Diablo Arizona 6.4 Grams",9.99,2023-05-30,6.4,1.56,WorthPoint
canyon-diablo,10.12 Gram OXIDE Canyon Diablo Meteor Crater OXIDITE Meteorite As Found Low Iron,11.99,2023-05-29,10.12,1.18,WorthPoint
canyon-diablo,50 Gm . CANYON DIABLO IRON METEORITE ; TOP GRADE; ARIZONA STAND INCLUDED,62.1,2023-05-29,50,1.24,WorthPoint
canyon-diablo,752 Gm. New Campo Del Cielo Meteorite ; A Grade!! Beautiful Meteorite; 1.6 Lbs,431.96,2023-05-28,752,0.57,WorthPoint
canyon-diablo,2652 GM. CAMPO DEL CIELO METEORITE ; MED GRADE GRADE; 5.8 Lb CHEAP,899.1,2023-05-27,2652,0.34,WorthPoint
canyon-diablo,"418 Gm. Campo Del Cielo Meteorite Museum Grade, .9 Lbs.!!just Beautiful!",499,2023-05-27,418,1.19,WorthPoint
canyon-diablo,3.55 Grams Polished Canyon Diablo Meteor Crater Iron Meteorite From Arizona,9.99,2023-05-27,3.55,2.81,WorthPoint
canyon-diablo,2.93 Grams As Found Canyon Diablo Meteor Crater Iron Meteorite From Arizona +COA,7.69,2023-05-27,2.93,2.62,WorthPoint
canyon-diablo,9 Gm. CANYON DIABLO IRON METEORITE ; ARIZONA Case INCLUDED Museum GRADE; USA,17.1,2023-05-26,9,1.9,WorthPoint
canyon-diablo,20.51 Gram CANYON DIABLO IRON METEORITE ETCHED/SHOCKED SLICE - Meteor Crater,64.35,2023-05-26,20.51,3.14,WorthPoint
canyon-diablo,3030 Gm. Campo Del Cielo Meteorite ; 6.6 Lbs Museum Gd. Beautiful Lg. Meteorite,2965.5,2023-05-26,3030,0.98,WorthPoint
canyon-diablo,"374 Gm. Campo Del Cielo Meteorite Museum Grade, .82 Lbs.!!just Beautiful!",449.1,2023-05-26,374,1.2,WorthPoint
canyon-diablo,Canyon Diablo Meteorite: Arizona's Treasure,24,2023-05-25,,,WorthPoint
canyon-diablo,Canyon Diablo Iron Meteorite: The Prize From Meteor Crater,41.85,2023-05-25,,,WorthPoint
canyon-diablo,"Natural Meteorite Specimen, Canyon Diablo Arizona 6.5 Grams",6.99,2023-05-23,6.5,1.08,WorthPoint
canyon-diablo,180 Gm . CANYON DIABLO IRON METEORITE ; TOP GRADE ; ARIZONA STAND .4 Lbs,179.1,2023-05-23,180,1,WorthPoint
canyon-diablo,For All 6 Canyon Diablo Meteor Crater OXIDITE Meteorites As Found 8.38 Grams,8.99,2023-05-23,8.38,1.07,WorthPoint
canyon-diablo,Lot Of 6 Nantan Meteorite Fragments - Iron-Nickel IAB Specimens EACH W/COA,14.95,2023-05-23,,,WorthPoint
canyon-diablo,ROUTE 66 Two Guns Texaco Service Station 1940s Canyon Diablo Arizona RPPC Cars,38,2023-05-22,,,WorthPoint
canyon-diablo,48 Gm. CANYON DIABLO IRON METEORITE ; ARIZONA STAND INCLUDED Museum GRADE; USA,53.1,2023-05-22,48,1.11,WorthPoint
canyon-diablo,9.38 Grams OXIDE Canyon Diablo Meteor Crater OXIDITE Meteorite As Found Low Iron,5.49,2023-05-21,9.38,0.59,WorthPoint
canyon-diablo,4.09 Grams As Found Canyon Diablo Meteor Crater Iron Meteorite From Arizona +COA,9.99,2023-05-21,4.09,2.44,WorthPoint
canyon-diablo,Troilite (FeS) 5.59g Tumbled Cabuchon Nodule From Iron Meteorite,12.5,2023-05-20,5.59,2.24,WorthPoint
canyon-diablo,"Natural Meteorite Specimen, Canyon Diablo Arizona 5.7 Grams",10.5,2023-05-19,5.7,1.84,WorthPoint
canyon-diablo,35 Gm. CANYON DIABLO IRON METEORITE ; ARIZONA STAND INCLUDED Museum GRADE; USA,53.1,2023-05-19,35,1.52,WorthPoint
canyon-diablo,97 Gm. Baby Campo Del Cielo Meteorite ; A Grade!!,107.1,2023-05-19,97,1.1,WorthPoint
canyon-diablo,"Niger - 2022 Meteorites, Chelyabinsk, Canyon Diablo - 4 Stamp Sheet - NIG220103a",14.4,2023-05-17,,,WorthPoint
canyon-diablo,Lot Of 12 Nantan Meteorite Fragments - Iron-Nickel IAB Specimens EACH W/COAs,19.95,2023-05-17,,,WorthPoint
canyon-diablo,1- 20 Gm . CANYON DIABLO IRON METEORITE ; ARIZONA; PATINA ; USA; STAND,39,2023-05-17,20,1.95,WorthPoint
canyon-diablo,110 Gm . CANYON DIABLO IRON METEORITE TOP GRADE; ARIZONA .24 POUND,116.32,2023-05-17,110,1.06,WorthPoint
canyon-diablo,73 Gm . CANYON DIABLO IRON METEORITE ; MUSEUM GRADE; ARIZONA STAND INCLUDED,80.1,2023-05-17,73,1.1,WorthPoint
canyon-diablo,60 Gm. CANYON DIABLO IRON METEORITE ; ARIZONA STAND INCLUDED Museum GRADE; USA,71.1,2023-05-17,60,1.18,WorthPoint
canyon-diablo,"Natural Meteorite Specimen, Canyon Diablo Arizona 5.9 Grams",6.99,2023-05-16,5.9,1.18,WorthPoint
canyon-diablo,143 Gm . CANYON DIABLO IRON METEORITE ; TOP GRADE ; ARIZONA STAND .31 Lbs,152.1,2023-05-16,143,1.06,WorthPoint
canyon-diablo,5 Individuals; 118 Gms . CANYON DIABLO IRON METEORITES ; TOP GRADE; ARIZONA,134.1,2023-05-16,118,1.14,WorthPoint
canyon-diablo,7 Gm. Campo Del Cielo Meteorite ; A Grade! Beautiful Meteorite; Case,19.76,2023-05-16,7,2.82,WorthPoint
canyon-diablo,8.38 Grams OXIDE Canyon Diablo Meteor Crater OXIDITE Meteorite As Found Low Iron,6.99,2023-05-15,8.38,0.83,WorthPoint
canyon-diablo,2.44 Grams Polished Canyon Diablo Meteor Crater Iron Meteorite From Arizona,6.99,2023-05-15,2.44,2.86,WorthPoint
canyon-diablo,6.78 Grams OXIDE Canyon Diablo Meteor Crater OXIDITE Meteorite As Found Low Iron,5.99,2023-05-15,6.78,0.88,WorthPoint
canyon-diablo,49 Gm . CANYON DIABLO IRON METEORITE MUSEUM GRADE; ARIZONA STAND INCLUDED,62.95,2023-05-15,49,1.28,WorthPoint
canyon-diablo,Canyon Diablo Meteorite! 5g,12.5,2023-05-14,5,2.5,WorthPoint
canyon-diablo,1- 15 Gm . CANYON DIABLO IRON METEORITE ; ARIZONA; PATINA ; USA; CASE,21.6,2023-05-14,15,1.44,WorthPoint
canyon-diablo,64 Gm . CANYON DIABLO IRON METEORITE MUSEUM GRADE; ARIZONA STAND INCLUDED,80.96,2023-05-13,64,1.26,WorthPoint
canyon-diablo,8.5 Gm. Campo Del Cielo Meteorite ; A Grade! Beautiful Meteorite;,17.1,2023-05-12,8.5,2.01,WorthPoint
canyon-diablo,10 Gm. Campo Del Cielo Meteorite ; A Grade! Beautiful Meteorite; Case,20.66,2023-05-12,10,2.07,WorthPoint
canyon-diablo,478 Gm. Campo Del Cielo Meteorite ; Aaa Grade; 1 Lb,404.1,2023-05-12,478,0.85,WorthPoint
canyon-diablo,414 Gm. Campo Del Cielo Meteorite ; Aaa Grade!! Beautiful .9 Pound,449.96,2023-05-12,414,1.09,WorthPoint
canyon-diablo,"Natural Meteorite Specimen, Canyon Diablo Arizona 10.7 Grams",27,2023-05-12,10.7,2.52,WorthPoint
canyon-diablo,2.82 Grams As Found Canyon Diablo Meteor Crater Iron Meteorite From Arizona +COA,6.5,2023-05-11,2.82,2.3,WorthPoint
canyon-diablo,38 Gm . CANYON DIABLO IRON METEORITE ; TOP GRADE; ARIZONA STAND INCLUDED,44.1,2023-05-11,38,1.16,WorthPoint
canyon-diablo,**Carbonado** Natural Black Diamond 49.5 Grams...,499.99,2023-05-11,49.5,10.1,WorthPoint
canyon-diablo,4 Gm. Campo Del Cielo Meteorite ; A Grade! Beautiful Meteorite; 1 Inch,17.1,2023-05-10,4,4.28,WorthPoint
canyon-diablo,348 Gm . CANYON DIABLO IRON METEORITE ; MUSEUM GRADE; ARIZONA; .76LBS,323.96,2023-05-09,348,0.93,WorthPoint
canyon-diablo,"236 Gm. Campo Del Cielo Meteorite Museum Grade, .52 Lbs.!!just Beautiful!",269.1,2023-05-09,236,1.14,WorthPoint
canyon-diablo,Navajo Indians Watch Santa Fe Train Crossing Canyon Diablo Stereoview + # 6234,14.99,2023-05-09,,,WorthPoint
canyon-diablo,Beautiful 692 Gm. Etched Campo Del Cielo Meteorite Triple Cut,449.1,2023-05-08,692,0.65,WorthPoint
canyon-diablo,3106 Gm. Campo Del Cielo Meteorite ; 6.8 Lbs Aa Grade,1345.5,2023-05-08,3106,0.43,WorthPoint
canyon-diablo,Pendleton Canyon Diablo Heritage Blanket - Wool 64x80 - NEW WITH TAGS - RARE,350,2023-05-08,,,WorthPoint
canyon-diablo,386 Gm. Campo Del Cielo Meteorite ; Aa Grade; .9 Lbs,359.1,2023-05-07,386,0.93,WorthPoint
canyon-diablo,40 Gm. CANYON DIABLO IRON METEORITE ; ARIZONA STAND INCLUDED TOP GRADE; USA,44.1,2023-05-06,40,1.1,WorthPoint
canyon-diablo,456 GM. CAMPO DEL CIELO METEORITE ; AAA GRADE!! 1 Pound; BEAUTIFUL; W/STAND,494.96,2023-05-05,456,1.09,WorthPoint
canyon-diablo,10875 Gm. Campo Del Cielo Meteorite ; Aa Grade!! Beautiful 24 Pounds; Cheap!,4495.5,2023-05-04,10875,0.41,WorthPoint
canyon-diablo,248 Gm. Campo Del Cielo Meteorite ; Aaa Grade Meteorite ! .55 Pound,269.1,2023-05-04,248,1.09,WorthPoint
canyon-diablo,117 GM. Campo Del Cielo METEORITE; B GD. VERY INEXPENSIVE FOR TODAYS MARKET,89.1,2023-05-04,117,0.76,WorthPoint
canyon-diablo,360 Gm . CAMPO DEL CIELO METEORITE .8 Pounds LOW LOW PRICE B GRADE,224.1,2023-05-04,360,0.62,WorthPoint
canyon-diablo,234 Gm. Campo Del Cielo Meteorite ; B Grade!! Beautiful .5 Lb. Baby Campo,206.96,2023-05-04,234,0.88,WorthPoint
canyon-diablo,420 Gm. Campo Del Cielo Meteorite ; Aaa Grade!! Beautiful 1 Lb. Baby Campo,359.96,2023-05-02,420,0.86,WorthPoint
canyon-diablo,658 Gm . CANYON DIABLO IRON METEORITE ;TOP GRADE; ARIZONA STAND INCLUDED; 1.5#,629.1,2023-05-02,658,0.96,WorthPoint
canyon-diablo,346 Gm .CANYON DIABLO IRON METEORITE ; TOP GRADE; ARIZONA STAND INCLUDED PATINA,314.1,2023-05-02,346,0.91,WorthPoint
canyon-diablo,41 Gm . CANYON DIABLO IRON METEORITE TOP GRADE; ARIZONA STAND INCLUDED,53.95,2023-05-02,41,1.32,WorthPoint
canyon-diablo,Nice Lot! Best Quality! New Campo Meteorite Shattered Crystal Pendants 128.1 Gms,134.25,2023-05-01,128.1,1.05,WorthPoint
canyon-diablo,244 Gm . CANYON DIABLO IRON METEORITE TOP GRADE; ARIZONA STAND .54 LBS,242.1,2023-05-01,244,0.99,WorthPoint
canyon-diablo,"CANYON DIABLO METEORITE 14.7 Gram INDIVIDUAL. NICE CHARACTER, CHECK IT OUT",14,2023-05-01,14.7,0.95,WorthPoint
canyon-diablo,Set Of 3 Tektites!,106.5,2023-04-30,,,WorthPoint
canyon-diablo,Arizona AZ Canyon Diablo Bridge Postcard Old Vintage Card View Standard Souvenir,5.55,2023-04-30,,,WorthPoint
canyon-diablo,212 Gm . CANYON DIABLO IRON METEORITE ; MUSEUM GRADE; ARIZONA STAND PATINA; .5#,215.1,2023-04-30,212,1.01,WorthPoint
canyon-diablo,194 Gm .CANYON DIABLO IRON METEORITE ; TOP GRADE; ARIZONA STAND INCLUDED PATINA,179.1,2023-04-30,194,0.92,WorthPoint
canyon-diablo,"Natural Meteorite Specimen, Canyon Diablo Arizona 4.65 Grams",6.99,2023-04-30,4.65,1.5,WorthPoint
canyon-diablo,282 Gm. Campo Del Cielo Meteorite ; Aaa Grade!! Beautiful .62 Pounds;,269.95,2023-04-30,282,0.96,WorthPoint
canyon-diablo,22 Gm. Campo Del Cielo Meteorite ; A Grade! Beautiful Meteorite; Case,29.66,2023-04-29,22,1.35,WorthPoint
canyon-diablo,15.4 Grams As Found Canyon Diablo Meteor Crater Iron Meteorite From Arizona +COA,27.99,2023-04-29,15.4,1.82,WorthPoint
canyon-diablo,21.4 Grams As Found Canyon Diablo Meteor Crater Iron Meteorite Arizona 28x27x9mm,49,2023-04-29,21.4,2.29,WorthPoint
canyon-diablo,Beautiful 70 Gm. Campo Del Cielo Meteorite Quarter Cut; With Stand,53.1,2023-04-29,70,0.76,WorthPoint
canyon-diablo,1.37 Grams As Found Canyon Diablo Meteor Crater Iron Meteorite From Arizona +COA,5.49,2023-04-29,1.37,4.01,WorthPoint
canyon-diablo,73 Gm .CANYON DIABLO IRON METEORITE ; TOP GRADE; ARIZONA STAND,89.1,2023-04-29,73,1.22,WorthPoint
canyon-diablo,"Natural Meteorite Specimen, Canyon Diablo Arizona 6.89 Grams",9.99,2023-04-28,6.89,1.45,WorthPoint
canyon-diablo,CANYON DIABLO IRON METEORITES 59.2 Grams Combined Collectors Grade,39,2023-04-28,59.2,0.66,WorthPoint
canyon-diablo,CANYON DIABLO IRON METEORITE 59.2 Grams Collectors Grade,49,2023-04-28,59.2,0.83,WorthPoint
canyon-diablo,5 Gm. Campo Del Cielo Meteorite ; A Grade! Beautiful Meteorite; Case,19.95,2023-04-28,5,3.99,WorthPoint
canyon-diablo,55 Gm . CANYON DIABLO IRON METEORITE ; TOP GRADE; ARIZONA STAND INCLUDED,62.1,2023-04-27,55,1.13,WorthPoint
canyon-diablo,Beautiful 380 Gm. Etched Campo Del Cielo Meteorite Half W/ Stand; Saw Damage,269.95,2023-04-27,380,0.71,WorthPoint
canyon-diablo,2 CANYON DIABLO IRON METEORITE INDIVIDUAL - Meteor Crater ARIZONA 11.2 Grams,14.99,2023-04-25,11.2,1.34,WorthPoint
canyon-diablo,Postcard AZ Canyon Diablo Railroad Bridge Detroit Publishing Company R60,10.99,2023-04-25,,,WorthPoint
canyon-diablo,Pacific Bridge Over Canyon Diablo Arizona Train Vintage Postcard,6.75,2023-04-25,,,WorthPoint
canyon-diablo,"AZ - 3 Fred Harvey 1910 Canyon Diablo, Int & Ext. Hotel Fray Marcos, Williams",9,2023-04-25,,,WorthPoint
canyon-diablo,158 Gm. CANYON DIABLO IRON METEORITE ; ARIZONA STAND INCLUDED MUSEUM GRADE; USA,179.1,2023-04-25,158,1.13,WorthPoint
canyon-diablo,16.4 Grams OXIDE Canyon Diablo Meteor Crater OXIDITE Meteorite As Found Low Iron,14.99,2023-04-24,16.4,0.91,WorthPoint
canyon-diablo,6.65 Grams OXIDE Canyon Diablo Meteor Crater OXIDITE Meteorite As Found Low Iron,5.99,2023-04-24,6.65,0.9,WorthPoint
canyon-diablo,B.W. Custom Bowie Knife Demascus Bone Canyon Diablo With Sheath Western Style,15.5,2023-04-24,,,WorthPoint
canyon-diablo,Canyon Diablo Iron Meteorite 410.5g Meteorite Great Etch/inclusions. Stabilized.,635.13,2023-04-24,410.5,1.55,WorthPoint
canyon-diablo,"Nice Meteorite - CANYON DIABLO Arizona, In Display Case !!",22.95,2023-04-23,,,WorthPoint
canyon-diablo,124 Gm . CANYON DIABLO IRON METEORITE ; COLLECTORS GRADE; ARIZONA; .3 LBS,179.1,2023-04-23,124,1.44,WorthPoint
canyon-diablo,3.87 Grams Polished Canyon Diablo Meteor Crater Iron Meteorite From Arizona,7.99,2023-04-23,3.87,2.06,WorthPoint
canyon-diablo,#16 6.30g Natural Raw Rock From Space Arizona USA Diablo Meteorite 31.50ct 21mm,17.95,2023-04-23,6.3,2.85,WorthPoint
canyon-diablo,36 Gm. Baby Campo Del Cielo Meteorite ; A Grade!!,44.1,2023-04-23,36,1.23,WorthPoint
canyon-diablo,Meteorite - Canyon Diablo 63.5g Complete Whole Specimen,102.95,2023-04-22,63.5,1.62,WorthPoint
canyon-diablo,312 Gm. Campo Del Cielo Meteorite ; Aaa Grade Meteorite ! .7 Pound,359.1,2023-04-22,312,1.15,WorthPoint
canyon-diablo,Troilite (FeS) 7.34g Tumbled Nodule From Iron Meteorite,34,2023-04-22,7.34,4.63,WorthPoint
canyon-diablo,1558 GM. CAMPO DEL CIELO METEORITE ;A GRADE LARGE METEORITE 3.5+lbs.,719.1,2023-04-21,1558,0.46,WorthPoint
canyon-diablo,182 Gm . CANYON DIABLO IRON METEORITE ; TOP GRADE; ARIZONA; .4 LBS,179.1,2023-04-21,182,0.98,WorthPoint
canyon-diablo,"Natural Meteorite Specimen, Canyon Diablo Arizona 9.3 Grams",9.99,2023-04-20,9.3,1.07,WorthPoint
canyon-diablo,57 Gm . CANYON DIABLO IRON METEORITE ; TOP GRADE; ARIZONA; USA,62.1,2023-04-20,57,1.09,WorthPoint
canyon-diablo,5 Individuals; 150 Gms . CANYON DIABLO IRON METEORITES ; TOP GRADE; ARIZONA,170.1,2023-04-20,150,1.13,WorthPoint
canyon-diablo,10+ Gm. Campo Del Cielo Meteorite ; A Grade! Beautiful Meteorite;,20.66,2023-04-19,,,WorthPoint
canyon-diablo,133 Gm. Campo Del Cielo Meteorite ; A Grade! Beautiful Meteorite;,143.1,2023-04-18,133,1.08,WorthPoint
canyon-diablo,"360 Gm. Campo Del Cielo Meteorite Aaa Grade, .8 Lbs.!!just Beautiful!",386.1,2023-04-17,360,1.07,WorthPoint
canyon-diablo,550 GM. CAMPO DEL CIELO METEORITE ; A GRADE! BABY METEORITE; 1.2 Lbs; CHEAP!!,314.28,2023-04-17,550,0.57,WorthPoint
canyon-diablo,CANYON DIABLO IRON NICKEL METEORITE PIECE IMPACT METEOR NO Reserve $9 Free Ship,9.95,2023-04-17,,,WorthPoint
canyon-diablo,328 Gm . CANYON DIABLO IRON NICKEL METEORITE ; MUSEUM GRADE W/ STAND,314.1,2023-04-16,328,0.96,WorthPoint
canyon-diablo,146 Gm . CANYON DIABLO IRON NICKEL METEORITE ; TOP GRADE W/ STAND,136.8,2023-04-15,146,0.94,WorthPoint
canyon-diablo,"Natural Meteorite Specimen, Canyon Diablo Arizona 5.14 Grams",9.99,2023-04-12,5.14,1.94,WorthPoint
canyon-diablo,5.61 Grams As Found Canyon Diablo Meteor Crater Iron Meteorite From Arizona +COA,12.49,2023-04-12,5.61,2.23,WorthPoint
canyon-diablo,4 Grams As Found Canyon Diablo Meteor Crater Iron Meteorite From Arizona +COA,10.49,2023-04-12,4,2.62,WorthPoint
canyon-diablo,3.52 Grams Polished Canyon Diablo Meteor Crater Iron Meteorite From Arizona,9.99,2023-04-12,3.52,2.84,WorthPoint
canyon-diablo,4.62 Grams Polished Canyon Diablo Meteor Crater Iron Meteorite From Arizona,11.99,2023-04-12,4.62,2.6,WorthPoint
canyon-diablo,145 Gm. Campo Del Cielo Meteorite ; Baby Meteorite; Beautiful Full Individual,134.96,2023-04-11,145,0.93,WorthPoint
canyon-diablo,18 Gm . CANYON DIABLO IRON METEORITE TOP GRADE; ARIZONA STAND INCLUDED,26.95,2023-04-10,18,1.5,WorthPoint
canyon-diablo,4.30 Grams Polished Canyon Diablo Meteor Crater Iron Meteorite From Arizona,11.99,2023-04-10,4.3,2.79,WorthPoint
canyon-diablo,490 Gm CAMPO DEL CIELO METEORITE ; BEAUTIFUL AA GRADE METEORITE; 1.1 Lbs,359.96,2023-04-10,490,0.73,WorthPoint
canyon-diablo,932 Gm. Campo Del Cielo Meteorite ; A Grade! Meteorite! 2 Lbs Inexpensive,503.1,2023-04-10,932,0.54,WorthPoint
canyon-diablo,87 Gm . CANYON DIABLO IRON METEORITE ; TOP GRADE; ARIZONA; USA,89.1,2023-04-09,87,1.02,WorthPoint
canyon-diablo,3600 Gm CAMPO DEL CIELO METEORITE ; AA GRADE 8+ Lbs.; Beautiful Lg.meteorite,1200,2023-04-09,3600,0.33,WorthPoint
canyon-diablo,36 Gm. CANYON DIABLO IRON METEORITE ; ARIZONA STAND INCLUDED TOP GRADE; USA,44.1,2023-04-09,36,1.23,WorthPoint
canyon-diablo,30 Gm . CANYON DIABLO IRON METEORITE TOP GRADE; ARIZONA STAND INCLUDED,44.95,2023-04-08,30,1.5,WorthPoint
canyon-diablo,11.23 Gram CANYON DIABLO IRON METEORITE ETCHED/SHOCKED SLICE - Meteor Crater,46.2,2023-04-08,11.23,4.11,WorthPoint
canyon-diablo,206 Gm. Las Palmas Campo Meteorite ; .45 Lbs Museum Gd. Terrific Sculpturing,719.1,2023-04-07,206,3.49,WorthPoint
canyon-diablo,3.90 Grams Polished Canyon Diablo Meteor Crater Iron Meteorite From Arizona,10.99,2023-04-07,3.9,2.82,WorthPoint
canyon-diablo,1514 Gm. New Campo Del Cielo Meteorite ; A Grade!! Beautiful; 3.3 Pounds,899.1,2023-04-07,1514,0.59,WorthPoint
canyon-diablo,273 Gm . CANYON DIABLO IRON METEORITE ; TOP GRADE,274.99,2023-04-07,273,1.01,WorthPoint
canyon-diablo,"Natural Meteorite Specimen, Canyon Diablo Arizona 4.94 Grams",9.99,2023-04-06,4.94,2.02,WorthPoint
canyon-diablo,5.21 Grams Polished Canyon Diablo Meteor Crater Iron Meteorite From Arizona,12.99,2023-04-06,5.21,2.49,WorthPoint
canyon-diablo,684 Gm . CANYON DIABLO IRON METEORITE ;TOP GRADE; ARIZONA STAND INCLUDED; 1.5#,629.1,2023-04-06,684,0.92,WorthPoint
canyon-diablo,1306 Gm. Campo Del Cielo Meteorite ; B Grade! Meteorite! 2.9 Lbs,674.95,2023-04-06,1306,0.52,WorthPoint
canyon-diablo,204 Gm . CANYON DIABLO IRON METEORITE ; MUSEUM GRADE; ARIZONA;,224.32,2023-04-06,204,1.1,WorthPoint
canyon-diablo,"Natural Meteorite Specimen, Canyon Diablo Arizona 7.89 Grams",9.99,2023-04-04,7.89,1.27,WorthPoint
canyon-diablo,CANYON DIABLO IRON METEORITE WITH PATINA; ARIZONA 227grams,102.5,2023-04-04,227,0.45,WorthPoint
canyon-diablo,CANYON DIABLO IRON METEORITE ; ARIZONA 125grams,56,2023-04-04,125,0.45,WorthPoint
canyon-diablo,"Natural Meteorite Specimen, Canyon Diablo Arizona 4.48 Grams",9.99,2023-04-04,4.48,2.23,WorthPoint
canyon-diablo,"BW Custom 15"" Canyon Diablo Bowie Knife Surgical Steel Stag Handle Damascus",50,2023-04-04,,,WorthPoint
canyon-diablo,10 Individuals; 340 Gms . CANYON DIABLO IRON METEORITEs ; TOP GRADE; ARIZONA,323.1,2023-04-04,340,0.95,WorthPoint
canyon-diablo,268 Grams On Route 66 Canyon Diablo American Meteorite Museum WALL BRICK ROCK,6.99,2023-04-02,268,0.03,WorthPoint
canyon-diablo,12.4 Grams As Found Canyon Diablo Meteor Crater Iron Meteorite From Arizona,29.99,2023-04-01,12.4,2.42,WorthPoint
canyon-diablo,36 Gm . CANYON DIABLO IRON METEORITE ; TOP GRADE; ARIZONA STAND INCLUDED,44.1,2023-04-01,36,1.23,WorthPoint
canyon-diablo,Troilite (FeS) 6.54g Tumbled Cabuchon Nodule From Iron Meteorite,22.5,2023-04-01,6.54,3.44,WorthPoint
canyon-diablo,43 Gm . CANYON DIABLO IRON METEORITE ; MUSEUM GRADE; ARIZONA STAND INCLUDED,48.6,2023-04-01,43,1.13,WorthPoint
canyon-diablo,9 Gm. Campo Del Cielo Meteorite ; A Grade! Beautiful Meteorite;,17.1,2023-03-31,9,1.9,WorthPoint
canyon-diablo,38 Gm. Canyon Diablo Meteorite ; Top Grade Meteorite; Usa; Arizona,44.1,2023-03-31,38,1.16,WorthPoint
canyon-diablo,Beautiful 570 Gm. Etched Campo Del Cielo Meteorite Quad Cut; Cube,359.1,2023-03-31,570,0.63,WorthPoint
canyon-diablo,50 Gm . CANYON DIABLO IRON METEORITE ; MUSEUM GRADE; ARIZONA STAND INCLUDED,57.6,2023-03-31,50,1.15,WorthPoint
canyon-diablo,Nantan - Iron IAB Meteorite W/Fused Rock - W/COA - 35.60g (1.25oz.) Fragment,9.92,2023-03-29,35.6,0.28,WorthPoint
canyon-diablo,162 Gm . CANYON DIABLO IRON METEORITE ; MUSEUM GRADE; ARIZONA STAND PATINA,179.1,2023-03-28,162,1.11,WorthPoint
canyon-diablo,70.10 Gram - CANYON DIABLO IRON METEORITE - From Arizona- Lighly Etched Specimen,52.5,2023-03-28,70.1,0.75,WorthPoint
canyon-diablo,"Natural Meteorite Specimen, Canyon Diablo Arizona 4.09 Grams",10.49,2023-03-28,4.09,2.56,WorthPoint
canyon-diablo,36 Gm . CANYON DIABLO IRON METEORITE ; MUSEUM GRADE; ARIZONA STAND INCLUDED,44.1,2023-03-27,36,1.23,WorthPoint
canyon-diablo,2.91 Grams As Found Canyon Diablo Meteor Crater Iron Meteorite From Arizona +COA,7.89,2023-03-27,2.91,2.71,WorthPoint
canyon-diablo,2.97 Grams Polished Canyon Diablo Meteor Crater Iron Meteorite From Arizona,5.99,2023-03-27,2.97,2.02,WorthPoint
canyon-diablo,2.09 Grams Polished Canyon Diablo Meteor Crater Iron Meteorite From Arizona,5.49,2023-03-27,2.09,2.63,WorthPoint
canyon-diablo,2.47 Grams As Found Canyon Diablo Meteor Crater Iron Meteorite From Arizona +COA,5.99,2023-03-27,2.47,2.43,WorthPoint
canyon-diablo,3.21 Grams Polished Canyon Diablo Meteor Crater Iron Meteorite From Arizona,6.99,2023-03-27,3.21,2.18,WorthPoint
canyon-diablo,2.37 Grams As Found Canyon Diablo Meteor Crater Iron Meteorite From Arizona +COA,5.99,2023-03-27,2.37,2.53,WorthPoint
canyon-diablo,2.31 Grams Polished Canyon Diablo Meteor Crater Iron Meteorite From Arizona,5.49,2023-03-27,2.31,2.38,WorthPoint
canyon-diablo,1.63 Grams As Found Canyon Diablo Meteor Crater Iron Meteorite From Arizona +COA,5.49,2023-03-27,1.63,3.37,WorthPoint
canyon-diablo,1.90 Grams As Found Canyon Diablo Meteor Crater Iron Meteorite From Arizona +COA,5.99,2023-03-27,1.9,3.15,WorthPoint
canyon-diablo,220 Gm. Campo Del Cielo Meteorite ; A Grade! Beautiful Meteorite;,206.1,2023-03-27,220,0.94,WorthPoint
canyon-diablo,10 Individuals; 256 Gms . CANYON DIABLO IRON METEORITEs ; TOP GRADE; ARIZONA,269.1,2023-03-27,256,1.05,WorthPoint
canyon-diablo,Canyon Diablo Iron Meteorite 332.6g Meteorite Great Etch/inclusions. Stabilized.,366,2023-03-27,332.6,1.1,WorthPoint
canyon-diablo,1164 Gm. Campo Del Cielo Meteorite ; Aaa Grade Baby Meteorite; Beautiful 2.6#,899.95,2023-03-26,1164,0.77,WorthPoint
canyon-diablo,GORGEOUS 1599g ETCHED CANYON DIABO IRON METEORITE FULL SLICE W/ BRILLIANT ETCH!,2050,2023-03-26,1599,1.28,WorthPoint
canyon-diablo,Troilite (FeS) 6.65g Tumbled Cabuchon Nodule From Iron Meteorite,26,2023-03-26,6.65,3.91,WorthPoint
canyon-diablo,1604 GM. CAMPO DEL CIELO METEORITE ;B GRADE LARGE METEORITE 3.5 Lbs.INEXPENSIVE,719.1,2023-03-26,1604,0.45,WorthPoint
canyon-diablo,Nantan - Iron IAB Meteorite W/Fused Rock - W/COA -19.40g (0.68oz.) Fragment,7.78,2023-03-25,19.4,0.4,WorthPoint
canyon-diablo,BNSF GE Dash 40BW RN 557 HO Walthers Trainline DCC & Sound Installed Rare NOSIOB,129,2023-03-25,,,WorthPoint
canyon-diablo,Nantan - Iron IAB Meteorite W/Fused Rock - W/COA - 60.25g (2.13oz.) Fragment,29,2023-03-25,60.25,0.48,WorthPoint
canyon-diablo,"Natural Meteorite Specimen, Canyon Diablo Arizona 5.8 Grams",9.99,2023-03-24,5.8,1.72,WorthPoint
canyon-diablo,33 Gm . CANYON DIABLO IRON METEORITE ; TOP GRADE; ARIZONA STAND INCLUDED,35.1,2023-03-24,33,1.06,WorthPoint
canyon-diablo,5.27 Grams As Found Canyon Diablo Meteor Crater Iron Meteorite From Arizona +COA,11.99,2023-03-24,5.27,2.28,WorthPoint
canyon-diablo,36.6 Grams Polished Canyon Diablo Meteor Crater Iron Meteorite From Arizona,49.99,2023-03-23,36.6,1.37,WorthPoint
canyon-diablo,Meteor Crater Canyon Diablo Meteorite Pendant W/ COA,79.99,2023-03-22,,,WorthPoint
canyon-diablo,28 Gm . CANYON DIABLO IRON METEORITE ; TOP GRADE; ARIZONA STAND INCLUDED,35.1,2023-03-22,28,1.25,WorthPoint
canyon-diablo,984 Gm CAMPO DEL CIELO METEORITE ; AAA MUSEUM GRADE 2.2+ Lbs.;,1079.1,2023-03-21,984,1.1,WorthPoint
canyon-diablo,"Diablo, Arizona Postcard Bridge Canyon Railroad Train About 1913 T1*",5.99,2023-03-21,,,WorthPoint
canyon-diablo,1018 Gm. Campo Del Cielo Meteorite ; Med. Grade!! Beautiful; 2.2 Lbs.; Cheap!,584.1,2023-03-20,1018,0.57,WorthPoint
canyon-diablo,"Natural Meteorite Specimen, Canyon Diablo Arizona 6.22 Grams",9.99,2023-03-20,6.22,1.61,WorthPoint
canyon-diablo,Nantan - Iron IAB Meteorite W/Fused Rock - W/COA - 88.20g (3.11oz.) Fragment,50,2023-03-20,88.2,0.57,WorthPoint
canyon-diablo,Nantan - Iron IAB Meteorite W/Fused Rock - W/COA - 86.80g (3.06oz.) Fragment,45.1,2023-03-20,86.8,0.52,WorthPoint
canyon-diablo,Nantan - Iron IAB Meteorite W/Fused Rock - W/COA -23.15 (0.82oz.) Fragment,11.27,2023-03-20,23.247,0.48,WorthPoint
canyon-diablo,Nantan - Iron IAB Meteorite W/Fused Rock - W/COA -19.00g (0.67oz.) Fragment,9.78,2023-03-20,19,0.51,WorthPoint
canyon-diablo,Nantan - Iron IAB Meteorite W/Fused Rock - W/COA -17.25g (0.60oz.) Fragment,7.75,2023-03-20,17.25,0.45,WorthPoint
canyon-diablo,Nantan - Iron IAB Meteorite W/Fused Rock - W/COA -16.70g (0.59oz.) Fragment,8.56,2023-03-20,16.7,0.51,WorthPoint
canyon-diablo,Nantan - Iron IAB Meteorite W/Fused Rock - W/COA -13.40g (0.47oz.) Fragment,6.73,2023-03-20,13.4,0.5,WorthPoint
canyon-diablo,Nantan - Iron IAB Meteorite W/Fused Rock - W/COA -13.30g (0.44oz.) Fragment,6.68,2023-03-20,13.3,0.5,WorthPoint
canyon-diablo,Nantan - Iron IAB Meteorite W/Fused Rock - W/COA -10.25g (0.36oz.) Fragment,5.2,2023-03-20,10.25,0.51,WorthPoint
canyon-diablo,27 Gm. Canyon Diablo Meteorite ; Top Grade Meteorite; Usa; Arizona,35.1,2023-03-20,27,1.3,WorthPoint
canyon-diablo,"Natural Meteorite Specimen, Canyon Diablo Arizona 5.82 Grams",9.99,2023-03-18,5.82,1.72,WorthPoint
canyon-diablo,Pendleton Babbitt Storm Blanket - Wool 64x80 - 1993 LIMITED - NEW W/TAGS & BOX,250,2023-03-17,,,WorthPoint
canyon-diablo,"Natural Meteorite Specimen, Canyon Diablo Arizona 5.60 Grams",9.99,2023-03-17,5.6,1.78,WorthPoint
canyon-diablo,"Canyon Diablo 0g IAB Meteorite Found 1891 TKW 10,000kg Coconino Co, AZ USA",12.95,2023-03-17,,,WorthPoint
canyon-diablo,31 Gm . CANYON DIABLO IRON METEORITE ; MUSEUM GRADE; ARIZONA STAND INCLUDED,40.5,2023-03-17,31,1.31,WorthPoint
canyon-diablo,"Natural Meteorite Specimen, Canyon Diablo Arizona 5.72 Grams",9.99,2023-03-17,5.72,1.75,WorthPoint
canyon-diablo,158 Gm . CANYON DIABLO IRON METEORITE ; TOP GRADE; ARIZONA STAND .35 LBS.,135,2023-03-16,158,0.85,WorthPoint
canyon-diablo,37 Gm. Canyon Diablo Meteorite ; Top Grade Meteorite; Usa; Arizona,49,2023-03-15,37,1.32,WorthPoint
canyon-diablo,45 Gm . CANYON DIABLO IRON METEORITE ; MUSEUM GRADE; ARIZONA STAND INCLUDED,53.1,2023-03-14,45,1.18,WorthPoint
canyon-diablo,31 Gm. Canyon Diablo Meteorite ; Top Grade Meteorite; Usa; Arizona,44.1,2023-03-14,31,1.42,WorthPoint
canyon-diablo,"CANYON DIABLO METEORITE 16.0 Gram INDIVIDUAL. NICE CHARACTERISTICS, CHECK IT OUT",15,2023-03-14,16,0.94,WorthPoint
canyon-diablo,5.90 Grams All 4 OXIDE Canyon Diablo Meteor Crater OXIDITE Meteorites As Found,5.49,2023-03-12,5.9,0.93,WorthPoint
canyon-diablo,42 Gm. Canyon Diablo Meteorite ; Top Grade Meteorite; Usa; Arizona,53.1,2023-03-11,42,1.26,WorthPoint
canyon-diablo,312 Gm. CANYON DIABLO IRON METEORITE ; ARIZONA STAND INCLUDED MUSEUM GRADE; USA,305.1,2023-03-11,312,0.98,WorthPoint
canyon-diablo,546 Gm. Campo Del Cielo Meteorite ; Aaa Grade! Beautiful Meteorite; 1.2 Lbs,593.1,2023-03-11,546,1.09,WorthPoint
canyon-diablo,15.05 Gram OXIDE Canyon Diablo Meteor Crater OXIDITE Meteorite As Found Low Iron,17.99,2023-03-10,15.05,1.2,WorthPoint
canyon-diablo,"Natural Meteorite Specimen, Canyon Diablo Arizona 6.29 Grams",9.99,2023-03-10,6.29,1.59,WorthPoint
canyon-diablo,14.1 Grams As Found Canyon Diablo Meteor Crater Iron Meteorite From Arizona +COA,19.99,2023-03-09,14.1,1.42,WorthPoint
canyon-diablo,5.91 Grams Polished Canyon Diablo Meteor Crater Iron Meteorite From Arizona,12,2023-03-09,5.91,2.03,WorthPoint
canyon-diablo,27 Gm . CANYON DIABLO IRON METEORITE ; TOP GRADE; ARIZONA STAND INCLUDED,35.1,2023-03-09,27,1.3,WorthPoint
canyon-diablo,2.60 Grams As Found Canyon Diablo Meteor Crater Iron Meteorite From Arizona +COA,6.49,2023-03-09,2.6,2.5,WorthPoint
canyon-diablo,.621 Grams As Found Canyon Diablo Meteor Crater Iron Meteorite From Arizona +COA,7.5,2023-03-09,621,0.01,WorthPoint
canyon-diablo,14 Gm. Baby Campo Del Cielo Meteorite ; A Grade!!,26.1,2023-03-08,14,1.86,WorthPoint
canyon-diablo,20.6 Grams OXIDE Canyon Diablo Meteor Crater OXIDITE Meteorite As Found Low Iron,17.99,2023-03-08,20.6,0.87,WorthPoint
canyon-diablo,166 Gm . CANYON DIABLO IRON METEORITE MUSEUM GRADE; ARIZONA STAND,179.1,2023-03-07,166,1.08,WorthPoint
canyon-diablo,61 Gm . CANYON DIABLO IRON METEORITE ;TOP GRADE; ARIZONA STAND INCLUDED,67.45,2023-03-07,61,1.11,WorthPoint
canyon-diablo,436 Gm. Campo Del Cielo Meteorite ; B Grade Meteorite 1 Pounds; Beautiful,269.1,2023-03-06,436,0.62,WorthPoint
canyon-diablo,186 Gm . CANYON DIABLO IRON METEORITE ; TOP GRADE ; ARIZONA; PATINA; .4 LBS,179.96,2023-03-06,186,0.97,WorthPoint
canyon-diablo,1 Lot - Four Nantan Iron IAB Meteorites W/Fused Rock - W/Individual COAs,180,2023-03-05,,,WorthPoint
canyon-diablo,12.1 Grams Cleaned Canyon Diablo Meteor Crater Iron Meteorite From Arizona + COA,19.99,2023-03-05,12.1,1.65,WorthPoint
canyon-diablo,34 Gm . CANYON DIABLO IRON METEORITE ; MUSEUM GRADE; ARIZONA STAND INCLUDED,44.1,2023-03-04,34,1.3,WorthPoint
canyon-diablo,1674 Gm. New Campo Del Cielo Meteorite ; B Grade!! Beautiful; 3.6 Pounds,899.1,2023-03-04,1674,0.54,WorthPoint
canyon-diablo,"Natural Meteorite Specimen, Canyon Diablo Arizona 5.95 Grams",9.99,2023-03-04,5.95,1.68,WorthPoint
canyon-diablo,130 Grams On Route 66 Canyon Diablo American Meteorite Museum WALL BRICK ROCK,5.99,2023-03-03,130,0.05,WorthPoint
canyon-diablo,Nantans - 7 Pcs. Iron IAB Meteorites W/Fused Rock - W/COA TTL: 92.20g - 3.25oz,39.47,2023-03-03,92.2,0.43,WorthPoint
canyon-diablo,114 Gm . CANYON DIABLO IRON METEORITE MUSEUM GRADE; ARIZONA STAND INC.PATINA,116.96,2023-03-03,114,1.03,WorthPoint
canyon-diablo,"1,311 Gram Canyon Diablo Etched Iron Meteorite",1895,2023-03-03,311,6.09,WorthPoint
canyon-diablo,96 Gm . CANYON DIABLO IRON METEORITE ;AAA GRADE; ARIZONA STAND INCLUDED;,116.96,2023-03-03,96,1.22,WorthPoint
canyon-diablo,91 Gm . CANYON DIABLO IRON METEORITE MUSEUM GRADE; ARIZONA STAND,98.1,2023-03-02,91,1.08,WorthPoint
canyon-diablo,54 Gm. Canyon Diablo Meteorite ; Top Grade Meteorite; Usa; Arizona,62.1,2023-03-02,54,1.15,WorthPoint
canyon-diablo,"Natural Meteorite Specimen, Canyon Diablo Arizona 8.09 Grams",9.99,2023-03-02,8.09,1.23,WorthPoint
canyon-diablo,Nantan - Iron IAB Meteorite W/Fused Rock - W/COA - 22.85g (0.806oz.) Fragment,9.02,2023-03-01,22.85,0.39,WorthPoint
canyon-diablo,Nantan - Iron IAB Meteorite W/Fused Rock - W/COA - 84.85g (2.993oz.) Fragment,36.76,2023-03-01,84.85,0.43,WorthPoint
canyon-diablo,Canyon Diablo Meteroite W/ COA 3.5 Inches X 2.0 X 1.5 Inches Found 1891,217.5,2023-03-01,,,WorthPoint
canyon-diablo,8.22 Grams Cleaned Canyon Diablo Meteor Crater Iron Meteorite From Arizona,24.99,2023-03-01,8.22,3.04,WorthPoint
canyon-diablo,Nantan - Iron IAB Meteorite W/Fused Rock - W/COA - 17.15g (0.605oz.) Fragment,6.43,2023-02-28,17.15,0.37,WorthPoint
canyon-diablo,Nantan - Iron IAB Meteorite W/Fused Rock - W/COA - 22.30g (0.77oz.) Fragment,9.52,2023-02-28,22.3,0.43,WorthPoint
canyon-diablo,Nantan - Iron IAB Meteorite W/Fused Rock - W/COA - 18.35g (0.647oz.) Fragment,10,2023-02-28,18.35,0.54,WorthPoint
canyon-diablo,Nantan - Iron IAB Meteorite W/Fused Rock - W/COA - 23.10g (0.815oz.) Fragment,10.4,2023-02-28,23.1,0.45,WorthPoint
canyon-diablo,Nantan - Iron IAB Meteorite W/Fused Rock - W/COA - 35.80g (1.26oz.) Fragment,13.42,2023-02-28,35.8,0.37,WorthPoint
canyon-diablo,Nantan - Iron IAB Meteorite W/Fused Rock - W/COA - 19.25g (0.679oz.) Fragment,7.22,2023-02-28,19.25,0.38,WorthPoint
canyon-diablo,Nantan - Iron IAB Meteorite W/Fused Rock - W/COA - 17.05g (0.601oz.) Fragment,6.34,2023-02-28,17.05,0.37,WorthPoint
canyon-diablo,Nantan - Iron IAB Meteorite W/Fused Rock - W/COA - 14.40g (0.408oz.) Fragment,5.27,2023-02-28,14.4,0.37,WorthPoint
canyon-diablo,Nantan - Iron IAB Meteorite W/Fused Rock - W/COA - 16.75g (0.59oz.) Fragment,9.52,2023-02-28,16.75,0.57,WorthPoint
canyon-diablo,"Natural Meteorite Specimen, Canyon Diablo Arizona 6.78 Grams",10.5,2023-02-28,6.78,1.55,WorthPoint
canyon-diablo,450 Gm. Campo Del Cielo Meteorite ;museum Grade Meteorite. 1 Pound!,449.33,2023-02-27,450,1,WorthPoint
canyon-diablo,Nantan - Iron IAB Meteorite W/Fused Rock - W/COA - 19.10g (0.674oz.) Fragment,8.73,2023-02-27,19.1,0.46,WorthPoint
canyon-diablo,Nantan - Iron IAB Meteorite W/Fused Rock - W/COA - 16.25g (0.573oz.) Fragment,9.52,2023-02-27,16.25,0.59,WorthPoint
canyon-diablo,Nantan - Iron IAB Meteorite W/Fused Rock - W/COA - 53.95g (1.903oz.) Fragment,21.68,2023-02-27,53.95,0.4,WorthPoint
canyon-diablo,Nantan - Iron IAB Meteorite W/Fused Rock - W/COA - 28.35g (1.00oz.) Fragment,17.73,2023-02-27,28.35,0.63,WorthPoint
canyon-diablo,Nantan - Iron IAB Meteorite W/Fused Rock - W/COA - 49.20g (1.735oz.) Fragment,17.5,2023-02-27,49.2,0.36,WorthPoint
canyon-diablo,Rare Fred Harvey Skyline Canyon Diablo Arizona Sterling Silver Souvenir Spoon,150,2023-02-27,,,WorthPoint
canyon-diablo,306 Gm. Campo Del Cielo Meteorite ;museum Grade Meteorite. .67 Pounds!,314.33,2023-02-26,306,1.03,WorthPoint
canyon-diablo,"Cp084 TRAIN VIDEO DVD ""BNSF - CAJON, DIABLO, FLAGSTAFF""",16.99,2023-02-26,,,WorthPoint
canyon-diablo,130 Gm . CANYON DIABLO IRON METEORITE ; TOP GRADE; ARIZONA .3 POUNDS,134.1,2023-02-25,130,1.03,WorthPoint
canyon-diablo,Nantan - Iron IAB Meteorite W/Fused Rock - W/COA - 25.60g (0.90oz.) Fragment,44.95,2023-02-25,25.6,1.76,WorthPoint
canyon-diablo,Rare Canyon Diablo AZ METEOR Crater IRON METEORITE,12,2023-02-25,,,WorthPoint
canyon-diablo,332 Gm. Campo Del Cielo Meteorite ;museum Collectors Grade Meteorite. .73 Lbs.,449.6,2023-02-25,332,1.35,WorthPoint
canyon-diablo,254 Gm . CANYON DIABLO IRON METEORITE ; MUSEUM GRADE; ARIZONA AND STAND .6 #,251.95,2023-02-25,254,0.99,WorthPoint
canyon-diablo,132 Gm . CANYON DIABLO IRON METEORITE MUSEUM GRADE; ARIZONA STAND,134.1,2023-02-25,132,1.02,WorthPoint
canyon-diablo,5582 Gm. Campo Del Cielo Meteorite ; A Grade! Meteorite!12.3 Lbs. Inexpensive!!,1975.5,2023-02-24,5582,0.35,WorthPoint
canyon-diablo,10.86-gram OXIDE Canyon Diablo Meteor Crater OXIDITE Meteorite As Found,10.99,2023-02-24,10.86,1.01,WorthPoint
canyon-diablo,Beautiful 1040 Gm. Campo Del Cielo Meteorite 2.3 # Tripple Cut;,476.1,2023-02-24,1040,0.46,WorthPoint
canyon-diablo,Nantan - Iron IAB Meteorite W/Fused Rock - W/COA - 17.95g (0.633oz.) Fragment,6.27,2023-02-24,17.95,0.35,WorthPoint
canyon-diablo,Nantan - Iron IAB Meteorite W/Fused Rock - W/COA - 20.15g (0.701oz.) Fragment,7.5,2023-02-24,20.15,0.37,WorthPoint
canyon-diablo,Nantan - Iron IAB Meteorite W/Fused Rock - W/COA - 20.46g (0.721oz.) Fragment,8.14,2023-02-24,20.46,0.4,WorthPoint
canyon-diablo,Nantan - Iron IAB Meteorite W/Fused Rock - W/COA - 30.55g (1.08oz.) Fragment,8.74,2023-02-24,30.55,0.29,WorthPoint
canyon-diablo,Nantan - Iron IAB Meteorite W/Fused Rock - W/COA - 31.00g (1.09oz.) Fragment,9.5,2023-02-24,31,0.31,WorthPoint
canyon-diablo,90 Gm . CANYON DIABLO IRON METEORITE MUSEUM GRADE; ARIZONA STAND INC.PATINA,89.96,2023-02-23,90,1,WorthPoint
canyon-diablo,11.72-gram OXIDE Canyon Diablo Meteor Crater OXIDITE Meteorite As Found,8.99,2023-02-22,11.72,0.77,WorthPoint
canyon-diablo,35 Gm . CANYON DIABLO IRON METEORITE ; TOP GRADE; ARIZONA STAND INCLUDED,44.1,2023-02-22,35,1.26,WorthPoint
canyon-diablo,CANYON DIABLO IRON METEORITE 35 Gm,22,2023-02-22,35,0.63,WorthPoint
canyon-diablo,Beautiful 634 Gm. Etched Campo Del Cielo Meteorite Quad Cut,404.1,2023-02-22,634,0.64,WorthPoint
canyon-diablo,"CANYON DIABLO METEORITE 11.6 Gram INDIVIDUAL. NICE CHARACTERISTICS, CHECK IT OUT",11,2023-02-22,11.6,0.95,WorthPoint
canyon-diablo,"CANYON DIABLO METEORITE 21.1 Gram INDIVIDUAL. NICE CHARACTER, CHECK IT OUT",21,2023-02-21,21.1,1,WorthPoint
canyon-diablo,1144 GM. CAMPO DEL CIELO METEORITE ;MED GRADE LARGE METEORITE 2.5 Lbs. CHEAP!,495,2023-02-21,1144,0.43,WorthPoint
canyon-diablo,46 Grams OXIDE Canyon Diablo Meteor Crater OXIDITE Meteorite As Found Low Iron,39.99,2023-02-21,46,0.87,WorthPoint
canyon-diablo,7.30 Grams OXIDE Canyon Diablo Meteor Crater OXIDITE Meteorite As Found Low Iron,5.99,2023-02-21,7.3,0.82,WorthPoint
canyon-diablo,Canyon Diablo Meteorite - FANTASTIC SHAPE - 551g,599,2023-02-20,551,1.09,WorthPoint
canyon-diablo,3.28 Grams As Found Canyon Diablo Meteor Crater Iron Meteorite From Arizona +COA,7.99,2023-02-20,3.28,2.44,WorthPoint
canyon-diablo,Nantan - Iron IAB Meteorite W/Fused Rock - W/COA - 42.55g (1.50oz.) Fragment,12.45,2023-02-19,42.55,0.29,WorthPoint
canyon-diablo,Nantan - Iron IAB Meteorite W/Fused Rock - W/COA - 35.10g (1.24oz.) Fragment,11.24,2023-02-19,35.1,0.32,WorthPoint
canyon-diablo,55 Gm . CANYON DIABLO IRON METEORITE ; MUSEUM GRADE; ARIZONA STAND INCLUDED,62.1,2023-02-19,55,1.13,WorthPoint
canyon-diablo,Beautiful 412 Gm. Campo Del Cielo Meteorite .9 Lb Sculptural Cut 6 Sides,269.1,2023-02-19,412,0.65,WorthPoint
canyon-diablo,1010 Gm . CANYON DIABLO IRON NICKEL METEORITE ; TOP GRADE W/ STAND AND LABEL;,899.1,2023-02-19,1010,0.89,WorthPoint
canyon-diablo,Meteorite - Canyon Diablo 36.1g Polished And Etched End Piece,89.95,2023-02-18,36.1,2.49,WorthPoint
canyon-diablo,894 Gm. Campo Del Cielo Meteorite ; Aaa Grade Baby Meteorite; Beautiful 2#,629.95,2023-02-18,894,0.7,WorthPoint
canyon-diablo,Nantan - Iron IAB Meteorite W/Fused Rock - W/COA - 95.85g (3.382oz.) Fragment,26.5,2023-02-18,95.85,0.28,WorthPoint
canyon-diablo,"Photo: Navajo Reservation,Arizona,AZ,Indian Trading Post,Canyon Diablo,c1903",14.99,2023-02-18,,,WorthPoint
canyon-diablo,4I06 TRAIN SLIDE Railroad 35MM Photo BNSF 1075 WITH TRAIN W CANYON DIABLO AZ,8.96,2023-02-18,,,WorthPoint
canyon-diablo,34.4 Gram - CANYON DIABLO IRON METEORITE SPECIMEN - Individual,70,2023-02-18,34.4,2.03,WorthPoint
canyon-diablo,"Natural Meteorite Specimen, Canyon Diablo Arizona 6.04 Grams",9.99,2023-02-18,6.04,1.65,WorthPoint
canyon-diablo,"Natural Meteorite Specimen, Canyon Diablo Arizona 4.11 Grams",9.99,2023-02-17,4.11,2.43,WorthPoint
canyon-diablo,Tektite Bracelet Jewelry,83.6,2023-02-17,,,WorthPoint
canyon-diablo,26 Gm . CANYON DIABLO IRON METEORITE TOP GRADE; ARIZONA STAND INCLUDED,35.95,2023-02-16,26,1.38,WorthPoint
canyon-diablo,5.69 Grams As Found Canyon Diablo Meteor Crater Iron Meteorite From Arizona +COA,8.99,2023-02-16,5.69,1.58,WorthPoint
canyon-diablo,"Natural Meteorite Specimen, Canyon Diablo Arizona 3.4 Grams",9.99,2023-02-15,3.4,2.94,WorthPoint
canyon-diablo,55 Gm. CANYON DIABLO IRON METEORITE ; ARIZONA STAND INCLUDED TOP GRADE; USA,62.1,2023-02-15,55,1.13,WorthPoint
canyon-diablo,5 Individuals; 145 Gms . CANYON DIABLO IRON METEORITES ; TOP GRADE; ARIZONA,152.1,2023-02-15,145,1.05,WorthPoint
canyon-diablo,38 Gm . CANYON DIABLO IRON METEORITE ; MUSEUM GRADE; ARIZONA STAND INCLUDED USA,49.45,2023-02-15,38,1.3,WorthPoint
canyon-diablo,48 Gm . CANYON DIABLO IRON METEORITE ;TOP GRADE; ARIZONA STAND INCLUDED,53.1,2023-02-15,48,1.11,WorthPoint
canyon-diablo,Beautiful 532 Gm. Polished Campo Del Cielo Meteorite Sculptural Piece; 1.2#,314.96,2023-02-15,532,0.59,WorthPoint
canyon-diablo,Nantan - Iron IAB Meteorite W/Fused Rock - W/COA - 33.90g (1.20oz.) Fragment,11.65,2023-02-14,33.9,0.34,WorthPoint
canyon-diablo,Nantan - Iron IAB Meteorite W/Fused Rock - W/COA - 33.00g (1.16oz.) Fragment,9.06,2023-02-14,33,0.27,WorthPoint
canyon-diablo,Nantan - Iron IAB Meteorite W/Fused Rock - W/COA - 24.95g (0.88oz.) Fragment,8.37,2023-02-14,24.95,0.34,WorthPoint
canyon-diablo,Nantan - Iron IAB Meteorite W/Fused Rock - W/COA - 17.40g (0.614oz.) Fragment,5.8,2023-02-14,17.4,0.33,WorthPoint
canyon-diablo,Nantan - Iron IAB Meteorite W/Fused Rock - W/COA - 15.19g (0.545oz.) Fragment,7.5,2023-02-14,15.19,0.49,WorthPoint
canyon-diablo,Nantan - Iron IAB Meteorite W/Fused Rock - W/COA - 14.15g (0.5oz.) Fragment,7.03,2023-02-14,14.15,0.5,WorthPoint
canyon-diablo,70 Gm . CANYON DIABLO IRON METEORITE TOP GRADE; ARIZONA STAND INCLUDED,76.46,2023-02-14,70,1.09,WorthPoint
canyon-diablo,888 GM. CAMPO DEL CIELO METEORITE ; AAA GRADE BABY METEORITE; BEAUTIFUL 2 Lbs,989.95,2023-02-13,888,1.11,WorthPoint
canyon-diablo,65 Gm. Canyon Diablo Meteorite ; Top Grade Meteorite; Usa; Arizona,71.1,2023-02-12,65,1.09,WorthPoint
canyon-diablo,312 Gm . CANYON DIABLO IRON METEORITE ; MUSEUM COLLECTORS GRADE; ARIZONA; .7 Lbs,422.5,2023-02-11,312,1.35,WorthPoint
canyon-diablo,374 Gm . CANYON DIABLO IRON METEORITE ; TOP GRADE; ARIZONA LABEL AND STAND .8 #,341.96,2023-02-11,374,0.91,WorthPoint
canyon-diablo,(7354) Old Fred Harvey Postcard SANTA FE TRAIN OVER DIABLO - WINSLOW ARIZONA,5,2023-02-11,,,WorthPoint
canyon-diablo,6.03 Grams All 4 OXIDE Canyon Diablo Meteor Crater OXIDITE Meteorites As Found,5.49,2023-02-11,6.03,0.91,WorthPoint
canyon-diablo,13.9 Gram OXIDE Canyon Diablo Meteor Crater OXIDITE Meteorite As Found Low Iron,10.99,2023-02-11,13.9,0.79,WorthPoint
canyon-diablo,294 Gm . CANYON DIABLO IRON METEORITE ; MUSEUM COLLECTORS GRADE; ARIZONA; .6 Lbs,359.5,2023-02-11,294,1.22,WorthPoint
canyon-diablo,1430 Gm Campo Del Cielo Meteorite ; Med Grade!! Inexpensive Meteorite; 3.1 Lbs,629.96,2023-02-09,1430,0.44,WorthPoint
canyon-diablo,Nantan - Iron IAB Meteorite W/Fused Rock - W/COA - 46.85g (1.65oz.) Fragment,18.63,2023-02-09,46.85,0.4,WorthPoint
canyon-diablo,Nantan - Iron IAB Meteorite W/Fused Rock - W/COA - 33.40g (1.18oz.) Fragment,10.53,2023-02-09,33.4,0.32,WorthPoint
canyon-diablo,398 Gm. Campo Del Cielo Meteorite ; Museum Grade!! Certified .8 Pounds; Window;,449.1,2023-02-09,398,1.13,WorthPoint
canyon-diablo,404 Gm. Las Palmas Campo Meteorite ; .9 Lbs Museum Gd. Terrific Sculpturing,809.1,2023-02-08,404,2,WorthPoint
canyon-diablo,270 Gm . CANYON DIABLO IRON METEORITE ; MUSEUM GRADE; ARIZONA STAND INCLUDED,269.1,2023-02-08,270,1,WorthPoint
canyon-diablo,320 Gm. Campo Del Cielo Meteorite ; Museum Collectors Grade Meteorite. .7 Lbs.,625.5,2023-02-08,320,1.95,WorthPoint
canyon-diablo,204 Gm. Campo Del Cielo Meteorite ; Baby Meteorite; Beautiful Full Individual,179.95,2023-02-07,204,0.88,WorthPoint
canyon-diablo,286 GM. CAMPO DEL CIELO METEORITE ; AAA GRADE!! .63 Pounds; BEAUTIFUL; W/STAND,269.96,2023-02-06,286,0.94,WorthPoint
canyon-diablo,496 GM. CAMPO DEL CIELO METEORITE ; A GRADE!! BeautifuL 1.1 LBS. CHEAP!,269.1,2023-02-06,496,0.54,WorthPoint
canyon-diablo,378 Gm. Campo Del Cielo Meteorite ; Med Grade!! Baby Campo .8 Lbs Cheap!,224.1,2023-02-06,378,0.59,WorthPoint
canyon-diablo,214 Gm. Campo Del Cielo Meteorite ; A Grade! Cheap Baby Campo Meteorite,197.96,2023-02-06,214,0.93,WorthPoint
canyon-diablo,Mdc Santa Fe Five Car 34' Overton Passenger Car Set Mib Item # 84301 84281,74.99,2023-02-05,,,WorthPoint
canyon-diablo,38 Gm. CANYON DIABLO IRON METEORITE ; ARIZONA STAND INCLUDED TOP GRADE; USA,44.1,2023-02-05,38,1.16,WorthPoint
canyon-diablo,90 Gm. Canyon Diablo Meteorite ; Top Grade Meteorite; Usa; Arizona,89.1,2023-02-05,90,0.99,WorthPoint
canyon-diablo,30 Gm. CANYON DIABLO IRON METEORITE ; ARIZONA STAND INCLUDED TOP GRADE; USA,35.1,2023-02-05,30,1.17,WorthPoint
canyon-diablo,28 Gm . CANYON DIABLO IRON METEORITE ;TOP GRADE; ARIZONA STAND INCLUDED,35.1,2023-02-05,28,1.25,WorthPoint
canyon-diablo,264 Gm . CANYON DIABLO IRON METEORITE ; TOP GRADE; ARIZONA STAND .6 LBS,251.96,2023-02-04,264,0.95,WorthPoint
canyon-diablo,175 Gm . CANYON DIABLO IRON METEORITE ; MUSEUM GRADE; ARIZONA STAND INCLUDED,179.1,2023-02-04,175,1.02,WorthPoint
canyon-diablo,Beautiful 230 Gm. Etched Campo Del Cielo Meteorite Sculptural Multi Cut; Calcite,179.1,2023-02-04,230,0.78,WorthPoint
canyon-diablo,334 Grams Canyon Diablo Iron Meteorite Arizona 1891,125,2023-02-03,334,0.37,WorthPoint
canyon-diablo,538 Gm. New Campo Del Cielo Meteorite ;aaa Grade Meteorite; 1.2 Lb;,449.1,2023-02-03,538,0.83,WorthPoint
canyon-diablo,9.17 Grams OXIDE Canyon Diablo Meteor Crater OXIDITE Meteorite As Found Low Iron,8.49,2023-02-03,9.17,0.93,WorthPoint
canyon-diablo,454 Gm .CANYON DIABLO IRON METEORITE ; MUSEUM GRADE; ARIZONA LABEL AND STAND;1 #,449.1,2023-02-02,454,0.99,WorthPoint
canyon-diablo,538 Gm. Campo Del Cielo Meteorite ; Aaa Grade! Beautiful Meteorite;,449.1,2023-01-31,538,0.83,WorthPoint
canyon-diablo,"Natural Meteorite Specimen, Canyon Diablo Arizona 6.6 Grams",15,2023-01-31,6.6,2.27,WorthPoint
canyon-diablo,94 Gm. Canyon Diablo Meteorite ;museum Grade Meteorite; Usa; Arizona,89.1,2023-01-30,94,0.95,WorthPoint
canyon-diablo,127 Gm .CANYON DIABLO IRON METEORITE ; TOP GRADE; ARIZONA STAND INCLUDED PATINA,120.6,2023-01-30,127,0.95,WorthPoint
canyon-diablo,346 Gm. Campo Del Cielo Meteorite ; Museum Grade!! Beautiful Baby Campo .76 Lb,332.1,2023-01-29,346,0.96,WorthPoint
canyon-diablo,432 Gm .CAMPO DEL CIELO METEORITE ; AAA QUALITY; 1 LB BEAUTIFUL;,404.1,2023-01-29,432,0.94,WorthPoint
canyon-diablo,CANYON DIABLO METEORITE MUSEUM GRADE Very Nice Space Rock Specimen 154 Grams,150,2023-01-29,154,0.97,WorthPoint
canyon-diablo,26.5 Gram CANYON DIABLO IRON METEORITE INDIVIDUAL - Meteor Crater ARIZONA,52.5,2023-01-28,26.5,1.98,WorthPoint
canyon-diablo,"Natural Meteorite Specimen, Canyon Diablo Arizona 4.8 Grams",9.99,2023-01-28,4.8,2.08,WorthPoint
canyon-diablo,34 Gm . CANYON DIABLO IRON METEORITE ;TOP GRADE; ARIZONA STAND INCLUDED,35.1,2023-01-28,34,1.03,WorthPoint
canyon-diablo,18 Gm . CANYON DIABLO IRON METEORITE ; TOP GRADE; ARIZONA STAND INCLUDED,26.1,2023-01-28,18,1.45,WorthPoint
canyon-diablo,1208 Gm CAMPO DEL CIELO METEORITE ; AA GRADE 2.7+ Lbs.; Beautiful Lg.meteorite,629.1,2023-01-27,1208,0.52,WorthPoint
canyon-diablo,Five Nantan - Iron IAB Meteorites W/Fused Rock - W/COA - 60.55g (2.14oz.),39.82,2023-01-26,60.55,0.66,WorthPoint
canyon-diablo,Nantan - Iron IAB Meteorite W/Fused Rock - W/COA - 53.8g (1.90oz.) Fragment,35.5,2023-01-26,53.8,0.66,WorthPoint
canyon-diablo,282 Gm . CANYON DIABLO IRON METEORITE ; TOP GRADE ; ARIZONA STAND .62 Lbs,269.1,2023-01-26,282,0.95,WorthPoint
canyon-diablo,882 Gm. Campo Del Cielo Meteorite ; Meteorite; 1.9 Lbs. A Grade,449.96,2023-01-26,882,0.51,WorthPoint
canyon-diablo,CANYON DIABLO METEORITE MUSEUM GRADE Nice Space Rock Specimen 77Grams No Reserve,64,2023-01-25,77,0.83,WorthPoint
canyon-diablo,1132 GM. CAMPO DEL CIELO METEORITE ; MUSEUM GRADE; 2.5 Lb,809.1,2023-01-25,1132,0.71,WorthPoint
canyon-diablo,690 Gm . CANYON DIABLO IRON METEORITE ;AAA GRADE; ARIZONA STAND INCLUDED; 1.5 #,500,2023-01-25,690,0.72,WorthPoint
canyon-diablo,24 Gm. CANYON DIABLO IRON METEORITE ; ARIZONA STAND INCLUDED TOP GRADE; USA,26.1,2023-01-25,24,1.09,WorthPoint
canyon-diablo,Beautiful 256 Gm. Etched Canyon Diablo Meteorite Cut Pair; Same Meteorite,269.1,2023-01-25,256,1.05,WorthPoint
canyon-diablo,3088 Gm. Campo Del Cielo Meteorite ; A Grade!! 6.8 Lbs Cheap!!! Metal Stand,1799.96,2023-01-24,3088,0.58,WorthPoint
canyon-diablo,210 Gm. Canyon Diablo Meteorite ;museum Collectors Grade Meteorite. .46 Lbs.,220.5,2023-01-23,210,1.05,WorthPoint
canyon-diablo,Beautiful 430 Gm. Etched Campo Del Cielo Meteorite Cut Pair; Same Meteorite,449.1,2023-01-23,430,1.04,WorthPoint
canyon-diablo,1280 Gm. Campo Del Cielo Meteorite ; A Grade!! Beautiful; 2.8 Lbs.; Cheap!,764.1,2023-01-23,1280,0.6,WorthPoint
canyon-diablo,Beautiful 708 Gm. Campo Del Cielo Meteorite 1.6 # Triple Cut;,359.1,2023-01-23,708,0.51,WorthPoint
canyon-diablo,3536 Gm. Campo Del Cielo Meteorite ; A Grade! Meteorite! 7.8 Lbs. Inexpensive!!,1345.5,2023-01-23,3536,0.38,WorthPoint
canyon-diablo,Nantan - Iron IAB Meteorite W/Fused Rock - W/COA 37.90g (1.34oz.) Fragment,10.5,2023-01-22,37.9,0.28,WorthPoint
canyon-diablo,Nantan - Iron IAB Meteorite W/Fused Rock - W/COA - 53.9g (1.90oz.) Fragment,11.63,2023-01-22,53.9,0.22,WorthPoint
canyon-diablo,322 Gm. Campo Del Cielo Meteorite ; Museum Grade! Beautiful Meteorite; .7 Lbs,359.1,2023-01-22,322,1.12,WorthPoint
canyon-diablo,CANYON DIABLO METEORITE MUSEUM GRADE Very Nice Sliced Rare Specimen 234.4 Grams,103.5,2023-01-22,234.4,0.44,WorthPoint
canyon-diablo,Nantan - Iron IAB Meteorite W/Fused Rock - W/COA - 83.9g (2.96oz.) Fragment,15.46,2023-01-21,83.9,0.18,WorthPoint
canyon-diablo,Nantan - Iron IAB Meteorite W/Fused Rock - W/COA 154.55g (5.4oz.) Fragment,34.57,2023-01-21,154.55,0.22,WorthPoint
canyon-diablo,210 Gm. Campo Del Cielo Meteorite ; Aaa Grade Meteorite. .5 Lbs. Hole,296.1,2023-01-21,210,1.41,WorthPoint
canyon-diablo,258 Gm . CANYON DIABLO IRON METEORITE ; MUSEUM GRADE; ARIZONA; .6 Lbs,269.5,2023-01-21,258,1.04,WorthPoint
canyon-diablo,538 Gm. Campo Del Cielo Meteorite Aaa Grade!! Beautiful Baby Campo 1.2 Lbs,494.96,2023-01-21,538,0.92,WorthPoint
canyon-diablo,220 Gm. Las Palmas Campo Meteorite ; .48 Lbs Museum Gd. Terrific Sculpturing,539.1,2023-01-21,220,2.45,WorthPoint
canyon-diablo,448 Gm . CAMPO DEL CIELO METEORITE; AAA GRADE ; 1 LB.,359.1,2023-01-21,448,0.8,WorthPoint
canyon-diablo,610 Gm. Campo Del Cielo Meteorite ;museum Collectors Grade Meteorite. 1.34 Lbs.,1075.5,2023-01-21,610,1.76,WorthPoint
canyon-diablo,"Natural Meteorite Specimen, Canyon Diablo Arizona 4.22 Grams",9.99,2023-01-21,4.22,2.37,WorthPoint
canyon-diablo,169 Gm . CANYON DIABLO IRON METEORITE TOP GRADE; ARIZONA .37 POUND,170.32,2023-01-20,169,1.01,WorthPoint
canyon-diablo,36.1 Gram CANYON DIABLO IRON METEORITE INDIVIDUAL - Meteor Crater ARIZONA,69.3,2023-01-20,36.1,1.92,WorthPoint
canyon-diablo,CANYON DIABLO METEORITE MUSEUM GRADE 2lbs Uncut Rare Specimen 860.5 Grams,230.27,2023-01-20,860.5,0.27,WorthPoint
canyon-diablo,CANYON DIABLO METEORITE MUSEUM GRADE Very Large Odd Shape Specimen 64.5 Grams,26,2023-01-20,64.5,0.4,WorthPoint
canyon-diablo,NICE CANYON DIABLO METEORITE MUSEUM GRADE Scientific Sliced Specimen 161.5 Grams,20.5,2023-01-20,161.5,0.13,WorthPoint
canyon-diablo,CANYON DIABLO METEORITE MUSEUM GRADE Large Triangle Shape Specimen 310.5 Grams,152.5,2023-01-20,310.5,0.49,WorthPoint
canyon-diablo,Canyon Diablo Meteorite 22.7 Grams,23,2023-01-20,22.7,1.01,WorthPoint
canyon-diablo,11.26 Grams As Found Canyon Diablo Meteor Crater Iron Meteorite From Arizona+COA,23.99,2023-01-20,11.26,2.13,WorthPoint
canyon-diablo,Big CANYON DIABLO METEORITE MUSEUM GRADE Sliced Into Square Specimen 192.7 Grams,120,2023-01-19,192.7,0.62,WorthPoint
canyon-diablo,866 Gm. Campo Del Cielo Meteorite ; Med Grade!! Beautiful;1.9 Lbs.; Cheap!,449.1,2023-01-19,866,0.52,WorthPoint
canyon-diablo,CANYON DIABLO METEORITE MUSEUM GRADE 83.5 Grams Nice Sliced Meteorite No Reserve,52,2023-01-19,83.5,0.62,WorthPoint
canyon-diablo,CANYON DIABLO METEORITE MUSEUM GRADE 93.5 Grams Nice Sliced Meteorite No Reserve,46.55,2023-01-19,93.5,0.5,WorthPoint
canyon-diablo,4.2 Grams As Found Canyon Diablo Meteor Crater Iron Meteorite From Arizona,12.99,2023-01-19,4.2,3.09,WorthPoint
canyon-diablo,CANYON DIABLO METEORITE MUSEUM GRADE Very Large Meteorite Specimen 789.9 Grams,300,2023-01-18,789.9,0.38,WorthPoint
canyon-diablo,TRAINS & TRAVEL Santa Fe Canyon Diablo Bridge Zephyrette Loree Locos + 7 1952,9.99,2023-01-18,,,WorthPoint
canyon-diablo,"Natural Meteorite Specimen, Canyon Diablo Arizona 4.15 Grams",9.99,2023-01-18,4.15,2.41,WorthPoint
canyon-diablo,374 Gm . CANYON DIABLO IRON METEORITE ; TOP GRADE; ARIZONA STAND INCLUDED; .82#,341.96,2023-01-17,374,0.91,WorthPoint
canyon-diablo,BIG CANYON DIABLO METEORITE MUSEUM GRADE Scientific Sliced Specimen 91.5 Grams,50,2023-01-17,91.5,0.55,WorthPoint
canyon-diablo,Nantan - Iron IAB Meteorite W/Fused Rock - W/COA - 47.45g (1.67oz.) Fragment,10.44,2023-01-17,47.45,0.22,WorthPoint
canyon-diablo,10 Individuals; 190 Gms . CANYON DIABLO IRON METEORITEs ; TOP GRADE; ARIZONA,170.1,2023-01-17,190,0.9,WorthPoint
canyon-diablo,CANYON DIABLO IRON METEORITE 27 Gm,20,2023-01-16,27,0.74,WorthPoint
canyon-diablo,412 Gm . CANYON DIABLO IRON METEORITE ; MUSEUM GRADE; ARIZONA STAND INCLUDED,404.1,2023-01-15,412,0.98,WorthPoint
canyon-diablo,19 Gm . CANYON DIABLO IRON METEORITE ; TOP GRADE; ARIZONA STAND INCLUDED,26.1,2023-01-15,19,1.37,WorthPoint
canyon-diablo,Aztec Arizona Vintage Original USGS Topo Map 1950 Gila River Topographical,32,2023-01-15,1950,0.02,WorthPoint
canyon-diablo,Nantan - Iron IAB Meteorite W/Fused Rock - W/COA - 51.70g (1.82oz.) Fragment,12.5,2023-01-15,51.7,0.24,WorthPoint
canyon-diablo,CANYON DIABLO METEORITE MUSEUM GRADE Nice Scientific Specimen 43 Grams,30,2023-01-15,43,0.7,WorthPoint
canyon-diablo,"Arizona- Coconino County, Canyon Diablo Meteorite 26.6 Grams",25.99,2023-01-14,26.6,0.98,WorthPoint
canyon-diablo,8.56 Grams OXIDE Canyon Diablo Meteor Crater OXIDITE Meteorite As Found Low Iron,7.99,2023-01-14,8.56,0.93,WorthPoint
canyon-diablo,254 Gm CANYON DIABLO IRON METEORITE ; MUSEUM GRADE; ARIZONA STAND INCLUDED,225,2023-01-14,254,0.89,WorthPoint
canyon-diablo,120 Grams On Route 66 Canyon Diablo American Meteorite Museum WALL BRICK ROCK,5.99,2023-01-13,120,0.05,WorthPoint
canyon-diablo,96 Gm . CANYON DIABLO IRON METEORITE ; TOP GRADE; ARIZONA STAND INCLUDED,107.1,2023-01-13,96,1.12,WorthPoint
canyon-diablo,CANYON DIABLO METEORITE MUSEUM GRADE Very Nice Uncut Rare Specimen 148.6 Grams,115.5,2023-01-12,148.6,0.78,WorthPoint
canyon-diablo,7.68 Grams OXIDE Canyon Diablo Meteor Crater OXIDITE Meteorite As Found Low Iron,6.99,2023-01-12,7.68,0.91,WorthPoint
canyon-diablo,Beautiful 652 Gm. Etched Campo Del Cielo Meteorite Triple Cut,449.1,2023-01-12,652,0.69,WorthPoint
canyon-diablo,19 Gm. CANYON DIABLO IRON METEORITE ; ARIZONA STAND INCLUDED TOP GRADE; USA,26.1,2023-01-11,19,1.37,WorthPoint
canyon-diablo,25 Gm . CANYON DIABLO IRON METEORITE ;TOP GRADE; ARIZONA STAND INCLUDED,26.1,2023-01-11,25,1.04,WorthPoint
canyon-diablo,60 Gm. Canyon Diablo Iron Meteorite ; Top Grade ; Arizona ;,89.1,2023-01-10,60,1.49,WorthPoint
canyon-diablo,CANYON DIABLO METEORITE HEAVY 129.0 Grams Sold By Time Capsule Meteorites,43.5,2023-01-10,129,0.34,WorthPoint
canyon-diablo,RARE CANYON DIABLO METEORITE Heavy 124.8 Grams Sold By Time Capsule Meteorites,22.26,2023-01-10,124.8,0.18,WorthPoint
canyon-diablo,CANYON DIABLO METEORITE MUSEUM GRADE Very Nice Large Specimen 129.8 Grams,12.5,2023-01-10,129.8,0.1,WorthPoint
canyon-diablo,CANYON DIABLO METEORITE MUSEUM GRADE Very Nice Large Round Specimen 124.5 Grams,12.5,2023-01-10,124.5,0.1,WorthPoint
canyon-diablo,523.5 Gram CANYON DIABLO IRON METEORITE INDIVIDUAL - Meteor Crater ARIZONA,595,2023-01-10,523.5,1.14,WorthPoint
canyon-diablo,"Natural Meteorite Specimen, Canyon Diablo Arizona 9.6 Grams",16.5,2023-01-10,9.6,1.72,WorthPoint
canyon-diablo,36 Gm . CANYON DIABLO IRON METEORITE TOP GRADE; ARIZONA STAND INCLUDED,40.45,2023-01-09,36,1.12,WorthPoint
canyon-diablo,GREAT CANYON DIABLO METEORITE MUSEUM GRADE Scientific Sliced Specimen 47.5 Grams,31.99,2023-01-09,47.5,0.67,WorthPoint
canyon-diablo,7.2 Grams As Found Canyon Diablo Meteor Crater Iron Meteorite From Arizona,18.99,2023-01-08,7.2,2.64,WorthPoint
canyon-diablo,RARE CANYON DIABLO METEORITE Octagon 132.5 Grams Sold By Time Capsule Meteorites,87,2023-01-08,132.5,0.66,WorthPoint
canyon-diablo,Large CANYON DIABLO METEORITE MUSEUM GRADE Scientific Round Specimen 179.0 Grams,35,2023-01-08,179,0.2,WorthPoint
canyon-diablo,Nice Canyon Diablo Arizona Meteorite Specimen Scientifically Sliced 43.7 Grams,24.5,2023-01-07,43.7,0.56,WorthPoint
canyon-diablo,18.9-gram OXIDE Canyon Diablo Meteor Crater OXIDITE Meteorite As Found,18.5,2023-01-07,18.9,0.98,WorthPoint
canyon-diablo,25 Gm . CANYON DIABLO IRON METEORITE TOP GRADE; ARIZONA STAND INCLUDED,31.45,2023-01-06,25,1.26,WorthPoint
canyon-diablo,42 Gm. CANYON DIABLO IRON METEORITE ; ARIZONA STAND INCLUDED TOP GRADE; USA,44.1,2023-01-06,42,1.05,WorthPoint
canyon-diablo,BNSF GE Dash 40BW RN 573 HO Atlas Master Series 9056 DC/DCC Rare NOSIOB,149,2023-01-06,,,WorthPoint
canyon-diablo,RARE CANYON DIABLO METEORITE Heavy 109.0 Grams Sold By Time Capsule Meteorites,39.99,2023-01-06,109,0.37,WorthPoint
canyon-diablo,CANYON DIABLO METEORITE MUSEUM GRADE Very Nice Elongated Specimen 109.0 Grams,42,2023-01-06,109,0.39,WorthPoint
canyon-diablo,1792 GM. CAMPO DEL CIELO METEORITE ;MED GRADE LARGE METEORITE 4 Lbs. CHEAP!,719.1,2023-01-06,1792,0.4,WorthPoint
canyon-diablo,"Gemstones Lonsdaleite Hexagonal Diamond, Spiritual Energy 174.5g With Stand",109,2023-01-06,174.5,0.62,WorthPoint
canyon-diablo,7 FRED HARVEY POSTCARDS Unposted California New Mexico Arizona,5.99,2023-01-05,,,WorthPoint
canyon-diablo,Canyon Diablo Meteorite 20 Grams 1.25 X 0.75 X 0.25,25.03,2023-01-04,20,1.25,WorthPoint
canyon-diablo,Nantan - Iron IAB Meteorite W/Fused Rock - W/COA - 378.60g (13.35 Oz.) Fragment,59.42,2023-01-03,378.6,0.16,WorthPoint
canyon-diablo,Nantan - Iron IAB Meteorite W/Fused Rock W/COA - 286.25 Gram (10 Oz.) Fragment,48.67,2023-01-03,286.25,0.17,WorthPoint
canyon-diablo,"Natural Meteorite Specimen, Canyon Diablo Arizona 5.22 Grams",25.1,2023-01-03,5.22,4.81,WorthPoint
canyon-diablo,Canyon Diablo Meteorite Niue Island Silver Coin 2014 New,75,2023-01-01,,,WorthPoint
canyon-diablo,514 Grams On Route 66 Canyon Diablo American Meteorite Museum WALL BRICK ROCK,7.99,2023-01-01,514,0.02,WorthPoint
canyon-diablo,RPPC Postcard Meteor Crater Canyon Diablo Near Winslow Arizona *A662,5.99,2022-12-31,,,WorthPoint
canyon-diablo,644 Gm. Campo Del Cielo Meteorite ; Museum Grade!! Beautiful 1.45 Pounds;,629.1,2022-12-31,644,0.98,WorthPoint
canyon-diablo,BNSF GE Dash 40BW R/N 549 HO Walthers Trainline DC Knuckles Lot F,65,2022-12-31,,,WorthPoint
canyon-diablo,8.11 Grams As Found Canyon Diablo Meteor Crater Iron Meteorite From Arizona,22,2022-12-31,8.11,2.71,WorthPoint
canyon-diablo,382 Gm . CANYON DIABLO IRON METEORITE ; MUSEUM GRADE; ARIZONA STAND INCLUDED,359.1,2022-12-30,382,0.94,WorthPoint
canyon-diablo,912 Gm. Campo Del Cielo Meteorite ; Beautiful Aa Grade Meteorite; 2 Lbs,539.33,2022-12-30,912,0.59,WorthPoint
canyon-diablo,"Canyon Diablo Arizona, Bridge, Railroad, Locomotive Smoke Fred Harvey Postcard",8.75,2022-12-30,,,WorthPoint
canyon-diablo,"20036 Train Railroad Video Dvd ""bnsf Tracks Of Old Santa-fe # 2""",16.99,2022-12-30,,,WorthPoint
canyon-diablo,"Natural Meteorite Specimen, Canyon Diablo Arizona 7.2 Grams",9.99,2022-12-30,7.2,1.39,WorthPoint
canyon-diablo,1546 Gm. Campo Del Cielo Meteorite ; 3.4 Lbs Aa Grade Beautiful Lg. Meteorite,895.5,2022-12-29,1546,0.58,WorthPoint
canyon-diablo,Nantan - Iron IAB Meteorite W/Fused Rock - W/COA - 131 Gram (4.6 Oz.) Fragment,29.5,2022-12-29,131,0.23,WorthPoint
canyon-diablo,Cheap Price! Great Deal! Super Shape! Best New Campo Del Cielo Meteorite 467 Gms,243.75,2022-12-28,467,0.52,WorthPoint
canyon-diablo,1406 Gm CAMPO DEL CIELO METEORITE ; A GRADE 3+ Lbs.; Beautiful Lg.meteorite,805.5,2022-12-27,1406,0.57,WorthPoint
canyon-diablo,630 Gm. Campo Del Cielo Meteorite ; B Grade Baby Meteorite; Beautiful 1.4#,404.96,2022-12-27,630,0.64,WorthPoint
canyon-diablo,236 Gm . CANYON DIABLO IRON METEORITE ; MUSEUM GRADE; ARIZONA STAND .5#,224.1,2022-12-27,236,0.95,WorthPoint
canyon-diablo,1000 Gm. Campo Del Cielo Meteorite ; A Grade!! Beautiful Large Campo; 2.2 Lb,600,2022-12-27,1000,0.6,WorthPoint
canyon-diablo,8.73 Grams OXIDE Canyon Diablo Meteor Crater OXIDITE Meteorite As Found Low Iron,7.99,2022-12-26,8.73,0.92,WorthPoint
canyon-diablo,BNSF GE Dash 40BW H2 R/N 526 HO Atlas Master GOLD 9846 DCC /Sound Rare NOSIOB,220,2022-12-26,,,WorthPoint
canyon-diablo,29 Gm. CANYON DIABLO IRON METEORITE ; ARIZONA STAND INCLUDED TOP GRADE; USA,30.6,2022-12-26,29,1.06,WorthPoint
canyon-diablo,224 Gm. Campo Del Cielo Meteorite B Grade!! .5+ Pounds ; Cheap!!!,152.1,2022-12-25,224,0.68,WorthPoint
canyon-diablo,380 Gm. New Campo Del Cielo Meteorite ;aa Grade Meteorite; .83 Lb;,242.96,2022-12-25,380,0.64,WorthPoint
canyon-diablo,41.2 Gram - CANYON DIABLO IRON METEORITE SPECIMEN - Individual,56,2022-12-25,41.2,1.36,WorthPoint
canyon-diablo,1712 GM. CAMPO DEL CIELO METEORITE ; MED GRADE ; 3.8 Lb CHEAP,805.5,2022-12-23,1712,0.47,WorthPoint
canyon-diablo,"Natural Meteorite Specimen, Canyon Diablo Arizona 3.6 Grams",9.99,2022-12-23,3.6,2.78,WorthPoint
canyon-diablo,1924 Gm. Campo Del Cielo Meteorite ; Aaa Grade Baby Meteorite; Beautiful 4.2#,1349.95,2022-12-22,1924,0.7,WorthPoint
canyon-diablo,168 Gm . CANYON DIABLO IRON METEORITE ; MUSEUM GRADE; ARIZONA STAND INCLUDED,179.95,2022-12-22,168,1.07,WorthPoint
canyon-diablo,390 Gm .CANYON DIABLO IRON METEORITE ; ARIZONA STAND INCLUDED .9 LBS TOP GRADE,314.96,2022-12-22,390,0.81,WorthPoint
canyon-diablo,1536 Gm. Campo Del Cielo Meteorite ; Medium Grade !! 3.4 Pounds; Cheap! Cheap!,629.1,2022-12-22,1536,0.41,WorthPoint
canyon-diablo,1980 Gm. Campo Del Cielo Meteorite ; Med Grade!! Beautiful 4.3 Pounds;,719.1,2022-12-21,1980,0.36,WorthPoint
canyon-diablo,Canyon Diablo IAB Iron Meteorite Lot Arizona 27.26 Grams,54.75,2022-12-21,27.26,2.01,WorthPoint
canyon-diablo,25 Gm. CANYON DIABLO IRON METEORITE ; ARIZONA STAND INCLUDED TOP GRADE; USA,26.1,2022-12-20,25,1.04,WorthPoint
canyon-diablo,Vintage Postcard ** TRAIN ON TRESTLE *CANYON DIABLO AZ * FRED HARVEY,7.99,2022-12-20,,,WorthPoint
canyon-diablo,"CANYON DIABLO METEORITE 21.7 Gram INDIVIDUAL. NICE CHARACTERISTICS, CHECK IT OUT",20,2022-12-19,21.7,0.92,WorthPoint
canyon-diablo,28 Gm. CANYON DIABLO IRON METEORITE ; ARIZONA STAND INCLUDED TOP GRADE; USA,30.6,2022-12-19,28,1.09,WorthPoint
canyon-diablo,BNSF GE Dash 40BW H2 R/N 529 HO Atlas Master GOLD 9846 DCC Sound Rare NOSIOB,199,2022-12-19,,,WorthPoint
canyon-diablo,101 Gm . CANYON DIABLO IRON METEORITE ; MUSEUM GRADE; ARIZONA STAND INCLUDED,98.96,2022-12-19,101,0.98,WorthPoint
canyon-diablo,5 Individuals; 108 Gms . CANYON DIABLO IRON METEORITES ; TOP GRADE; ARIZONA,116.1,2022-12-18,108,1.08,WorthPoint
canyon-diablo,224 Gm . CANYON DIABLO IRON METEORITE ; TOP GRADE; ARIZONA; .5 Lbs,224.1,2022-12-17,224,1,WorthPoint
canyon-diablo,"10.122 Kgm. Campo Del Cielo Meteorite ; Museum Grade!! 22 Lb.,",7645.5,2022-12-17,10122,0.76,WorthPoint
canyon-diablo,Muonionalusta Meteorite Jewelry Stainless Steel Meteorite Cufflink Pair 0110,94.6,2022-12-17,,,WorthPoint
canyon-diablo,"Iron Meteorite, 26g",10,2022-12-17,26,0.38,WorthPoint
canyon-diablo,"Iron Meteorite Slice, 324g",85,2022-12-17,324,0.26,WorthPoint
canyon-diablo,10.5 Kgm. Campo Del Cielo Meteorite A Grade!! Beautiful 23 Pounds; Cheap!,4495.5,2022-12-17,10500,0.43,WorthPoint
canyon-diablo,16.20-gram OXIDE Canyon Diablo Meteor Crater OXIDITE Meteorite As Found,13.99,2022-12-16,16.2,0.86,WorthPoint
canyon-diablo,5 Individuals; 106 Gms . CANYON DIABLO IRON METEORITES ; TOP GRADE; ARIZONA,116.1,2022-12-16,106,1.1,WorthPoint
canyon-diablo,26 Gm. CANYON DIABLO IRON METEORITE ; ARIZONA STAND INCLUDED TOP GRADE; USA,26.1,2022-12-16,26,1,WorthPoint
canyon-diablo,14.6 Gram CANYON DIABLO IRON METEORITE INDIVIDUAL - Meteor Crater ARIZONA,31.5,2022-12-16,14.6,2.16,WorthPoint
canyon-diablo,77 Gm . CANYON DIABLO IRON METEORITE ; MUSEUM GRADE; ARIZONA STAND INCLUDED,80.1,2022-12-16,77,1.04,WorthPoint
canyon-diablo,43 Gm. CANYON DIABLO IRON METEORITE ; ARIZONA STAND INCLUDED TOP GRADE; USA,44.95,2022-12-15,43,1.05,WorthPoint
canyon-diablo,12 Gram OXIDE Canyon Diablo Meteor Crater OXIDITE Meteorite As Found Low Iron,9.99,2022-12-15,12,0.83,WorthPoint
canyon-diablo,534 Gm. Campo Del Cielo Meteorite ;aaa Grade Meteorite ! 1.2 Pounds Beautiful,359.96,2022-12-15,534,0.67,WorthPoint
canyon-diablo,4256 Gm. Campo Del Cielo Meteorite ; Aa Grade! Meteorite! 9.4 Lbs,1439.82,2022-12-15,4256,0.34,WorthPoint
canyon-diablo,27 Gm. CANYON DIABLO IRON METEORITE ; ARIZONA STAND INCLUDED TOP GRADE; USA,30.6,2022-12-14,27,1.13,WorthPoint
canyon-diablo,Canyon Diablo Arizona Postcard Fred Harvey Train Railway Trestle Bridge 1930s RQ,9.99,2022-12-14,,,WorthPoint
canyon-diablo,10 Individuals; 175 Gms . CANYON DIABLO IRON METEORITEs ; TOP GRADE; ARIZONA,179.1,2022-12-14,175,1.02,WorthPoint
canyon-diablo,594 GM. NEW CAMPO DEL CIELO METEORITE ; AA GRADE!! 1.3+ Pound,359.96,2022-12-13,594,0.61,WorthPoint
canyon-diablo,312 Gm . CANYON DIABLO IRON METEORITE ; MUSEUM GRADE; ARIZONA STAND INCLUDED,287.1,2022-12-13,312,0.92,WorthPoint
canyon-diablo,4.54 Grams As Found Canyon Diablo Meteor Crater Iron Meteorite From Arizona +COA,13.99,2022-12-12,4.54,3.08,WorthPoint
canyon-diablo,87 Gm. Canyon Diablo Iron Meteorite ; Top Grade ; Arizona ;,89.1,2022-12-12,87,1.02,WorthPoint
canyon-diablo,9.16 Grams OXIDE Canyon Diablo Meteor Crater OXIDITE Meteorite As Found Low Iron,8.49,2022-12-12,9.16,0.93,WorthPoint
canyon-diablo,43 Gm . CANYON DIABLO IRON METEORITE ; TOP GRADE; ARIZONA STAND INCLUDED,44.1,2022-12-11,43,1.03,WorthPoint
canyon-diablo,1406 Gm. Campo Del Cielo Meteorite ; Med Grade!! 3.1 Pounds; Cheap,764.1,2022-12-11,1406,0.54,WorthPoint
canyon-diablo,3.53 Grams As Found Canyon Diablo Meteor Crater Iron Meteorite From Arizona +COA,9.99,2022-12-10,3.53,2.83,WorthPoint
canyon-diablo,Vtg Canyon Diablo Arizona AZ Train Trestle Over Canyon Diablo Linen Postcard,6.79,2022-12-10,,,WorthPoint
canyon-diablo,10.2 Grams OXIDE Canyon Diablo Meteor Crater OXIDITE Meteorite As Found Low Iron,8.49,2022-12-09,10.2,0.83,WorthPoint
canyon-diablo,336 Gm . CANYON DIABLO IRON METEORITE TOP GRADE; ARIZONA .74 POUND,314.33,2022-12-08,336,0.94,WorthPoint
canyon-diablo,3412 Gm.campo Del Cielo Meteorite ; Museum Grade!! 7.5 Lbs.; The Best Ever!!,3000,2022-12-07,3412,0.88,WorthPoint
canyon-diablo,670 Gm. Campo Del Cielo Meteorite ;museum Collectors Grade Meteorite. 1.5 Lbs.,1100,2022-12-07,670,1.64,WorthPoint
canyon-diablo,4.63 Grams As Found Canyon Diablo Meteor Crater Iron Meteorite From Arizona +COA,6.99,2022-12-07,4.63,1.51,WorthPoint
canyon-diablo,628 Gm . CANYON DIABLO IRON METEORITE ; TOP GRADE; ARIZONA LABEL AND STAND 1.4 #,539.1,2022-12-07,628,0.86,WorthPoint
canyon-diablo,42 Gm . CANYON DIABLO IRON METEORITE ; MUSEUM GRADE; ARIZONA STAND INCLUDED,53.95,2022-12-07,42,1.28,WorthPoint
canyon-diablo,7.11 Gram OXIDE Canyon Diablo Meteor Crater OXIDITE Meteorite As Found Low Iron,8.99,2022-12-06,7.11,1.26,WorthPoint
canyon-diablo,9.44 Grams OXIDE Canyon Diablo Meteor Crater OXIDITE Meteorite As Found Low Iron,8.49,2022-12-06,9.44,0.9,WorthPoint
canyon-diablo,550 Gm. Campo Del Cielo Meteorite ; B Grade Grade; 1.2 Lb Cheap,269.1,2022-12-05,550,0.49,WorthPoint
canyon-diablo,15 Gm. CANYON DIABLO IRON METEORITE ; ARIZONA STAND INCLUDED TOP GRADE; USA,21.6,2022-12-04,15,1.44,WorthPoint
canyon-diablo,6.75 Grams Cleaned Canyon Diablo Meteor Crater Iron Meteorite From Arizona,10.99,2022-12-04,6.75,1.63,WorthPoint
canyon-diablo,BNSF GE Dash 40BW R/N 574 HO Walthers Trainline DC Knuckles Lot F,75,2022-12-04,,,WorthPoint
canyon-diablo,Beautiful 700 Gm. Polished Campo Del Cielo Meteorite Quarter Cut; 1.54 Pound,359.28,2022-12-03,700,0.51,WorthPoint
canyon-diablo,Canyon Diablo IAB Iron Meteorite Lot Arizona 25.25 Grams,49.75,2022-12-03,25.25,1.97,WorthPoint
canyon-diablo,22 Gm . CANYON DIABLO IRON METEORITE ; TOP GRADE; ARIZONA STAND INCLUDED,26.1,2022-12-03,22,1.19,WorthPoint
canyon-diablo,186 Gm.campo Del Cielo Meteorite ; B Grade!! .4 Lbs.; Cheap!!,134.1,2022-12-02,186,0.72,WorthPoint
canyon-diablo,48 Gm . CANYON DIABLO IRON METEORITE ; TOP GRADE; ARIZONA STAND INCLUDED,53.95,2022-12-02,48,1.12,WorthPoint
canyon-diablo,Beautiful 384 Gm. Etched Campo Del Cielo Meteorite Cut Pair; Same Meteorite,449.1,2022-12-02,384,1.17,WorthPoint
canyon-diablo,1188 Gram 2.5 Pounds Route 66 Canyon Diablo American Meteorite Museum WALL BRICK,12.99,2022-12-01,1188,0.01,WorthPoint
canyon-diablo,A Monster Slice Of Canyon Diablo Iron Meteorite - 360.9g - IMCA #3950,1440,2022-11-30,360.9,3.99,WorthPoint
canyon-diablo,32 Gm . CANYON DIABLO IRON METEORITE ;MUSEUM GRADE; ARIZONA STAND INCLUDED,39.95,2022-11-28,32,1.25,WorthPoint
canyon-diablo,476 Gm. Campo Del Cielo Meteorite ; Med Grade!! Beautiful 1.1 Pound; Cheap!,269.95,2022-11-28,476,0.57,WorthPoint
canyon-diablo,9.24 Grams OXIDE Canyon Diablo Meteor Crater OXIDITE Meteorite As Found Low Iron,8.49,2022-11-28,9.24,0.92,WorthPoint
canyon-diablo,"""The Chiccken"" Canyon Diablo 191.6g Meteorite Great Etch/inclusions. Stabilized.",260.77,2022-11-28,191.6,1.36,WorthPoint
canyon-diablo,All 20.2 Grams Canyon Diablo Coconino From Rim Of Meteor Crater - Old Collection,8.5,2022-11-28,20.2,0.42,WorthPoint
canyon-diablo,39 Gm . CANYON DIABLO IRON METEORITE ;MUSEUM GRADE; ARIZONA STAND INCLUDED,44.95,2022-11-27,39,1.15,WorthPoint
canyon-diablo,Canyon Diablo 346.8 Grams Meteorite With COA,299.99,2022-11-26,346.8,0.87,WorthPoint
canyon-diablo,1786 GM. CAMPO DEL CIELO METEORITE ;A GRADE LARGE METEORITE 4 Lbs.INEXPENSIVE,899.1,2022-11-25,1786,0.5,WorthPoint
canyon-diablo,18.5 Grams OXIDE Canyon Diablo Meteor Crater OXIDITE Meteorite As Found Low Iron,15.99,2022-11-25,18.5,0.86,WorthPoint
canyon-diablo,"Natural Meteorite Specimen, Canyon Diablo Arizona 5.61 Grams",9.99,2022-11-25,5.61,1.78,WorthPoint
canyon-diablo,398 GM. CAMPO DEL CIELO METEORITE ; B GRADE!! Beautiful; .8 LBS. CHEAP!!,224.96,2022-11-24,398,0.57,WorthPoint
canyon-diablo,27.4 Gram CANYON DIABLO IRON METEORITE INDIVIDUAL - Meteor Crater ARIZONA,60,2022-11-24,27.4,2.19,WorthPoint
canyon-diablo,540 GM. CAMPO DEL CIELO METEORITE ; B GRADE!! Beautiful 1.2 LB. CHEAP!!,269.95,2022-11-24,540,0.5,WorthPoint
canyon-diablo,10.71 Gram OXIDE Canyon Diablo Meteor Crater OXIDITE Meteorite As Found Low Iron,11.99,2022-11-23,10.71,1.12,WorthPoint
canyon-diablo,150 Gm . CANYON DIABLO IRON METEORITE ; MUSEUM GRADE; ARIZONA; .33 Lbs,152.5,2022-11-23,150,1.02,WorthPoint
canyon-diablo,1740 Gm. New Campo Del Cielo Meteorite ; Aaa Grade!! Beautiful; 3.8 Pounds,1345.5,2022-11-23,1740,0.77,WorthPoint
canyon-diablo,122.6 Gram - CANYON DIABLO IRON METEORITE - From Arizona- Lighly Etched Specimen,122,2022-11-22,122.6,1,WorthPoint
canyon-diablo,272 Gm . CANYON DIABLO IRON METEORITE ; TOP GRADE; ARIZONA STAND .6 LBS,242.96,2022-11-22,272,0.89,WorthPoint
canyon-diablo,1650 GM. CAMPO DEL CIELO METEORITE ; MUSEUM GRADE; BEAUTIFUL METEORITE; 3.63 Lb,1223.31,2022-11-22,1650,0.74,WorthPoint
canyon-diablo,BNSF GE Dash 40BW R/N 557 HO Walthers Trainline DCC Sound. Knuckles Lot F,109,2022-11-22,,,WorthPoint
canyon-diablo,7.55 Grams As Found Canyon Diablo Meteor Crater Iron Meteorite From Arizona +COA,16.99,2022-11-21,7.55,2.25,WorthPoint
canyon-diablo,Canyon Diablo Iron Found 1891 Whole Stone 216 Grams Robert Haag Label,324,2022-11-19,216,1.5,WorthPoint
canyon-diablo,Canyon Diablo Iron Found 1891 Whole Stone Meteor Crater Arizona 299 Grams,450,2022-11-19,299,1.51,WorthPoint
canyon-diablo,6.68 Grams As Found Canyon Diablo Meteor Crater Iron Meteorite From Arizona +COA,15.99,2022-11-18,6.68,2.39,WorthPoint
canyon-diablo,296 Gm . CANYON DIABLO IRON METEORITE ; MUSEUM GRADE; ARIZONA; .65+ Lbs,296.96,2022-11-18,296,1,WorthPoint
canyon-diablo,272 Gm . CANYON DIABLO IRON METEORITE ; TOP GRADE; ARIZONA; .6 Lbs,269.1,2022-11-18,272,0.99,WorthPoint
canyon-diablo,2.36 Grams Polished Canyon Diablo Meteor Crater Iron Meteorite From Arizona,12,2022-11-18,2.36,5.08,WorthPoint
canyon-diablo,8.96 Gram OXIDE Canyon Diablo Meteor Crater OXIDITE Meteorite As Found Low Iron,8.99,2022-11-17,8.96,1,WorthPoint
canyon-diablo,8.02 Gram OXIDE Canyon Diablo Meteor Crater OXIDITE Meteorite As Found Low Iron,8.99,2022-11-17,8.02,1.12,WorthPoint
canyon-diablo,Museum Quality! Lots Of Thumbprints! Best New Campo/las Palmas Meteorite 578 Gms,449.25,2022-11-15,578,0.78,WorthPoint
canyon-diablo,500 Gm. Campo Del Cielo Meteorite ; A Grade!! 1.1 Lbs Cheap!!!,269.96,2022-11-15,500,0.54,WorthPoint
canyon-diablo,640 Gm. Campo Del Cielo Meteorite ; Aa Grade!! Beautiful 1.4 Pounds;,449.1,2022-11-15,640,0.7,WorthPoint
canyon-diablo,1306 Gm. Campo Del Cielo Meteorite ; Aa Grade!! Beautiful 2.9 Pounds;,584.1,2022-11-15,1306,0.45,WorthPoint
canyon-diablo,668 Gm. Campo Del Cielo Meteorite ; A Grade!! Beautiful Low Priced Meteorite,359.96,2022-11-15,668,0.54,WorthPoint
canyon-diablo,310 Gm. Campo Del Cielo Meteorite ;museum Grade Meteorite. .68 Pounds!,278.32,2022-11-15,310,0.9,WorthPoint
canyon-diablo,508 GM. CAMPO DEL CIELO METEORITE ; B GRADE; BEAUTIFUL METEORITE; 1.1 Lb CHEAP!,229.46,2022-11-14,508,0.45,WorthPoint
canyon-diablo,724 Gm. Campo Del Cielo Meteorite ; Aa Grade Baby Meteorite; Beautiful 1.6#,539.1,2022-11-13,724,0.74,WorthPoint
canyon-diablo,408 Gm . CANYON DIABLO IRON METEORITE ; TOP GRADE; ARIZONA; .9 Lbs,325,2022-11-13,408,0.8,WorthPoint
canyon-diablo,224 Gm . CANYON DIABLO IRON METEORITE ; TOP GRADE ; ARIZONA STAND .5 Lbs,224.1,2022-11-13,224,1,WorthPoint
canyon-diablo,Canyon Diablo Meteor Crater Meteorite Fragment (1),14.9,2022-11-13,,,WorthPoint
canyon-diablo,"Natural Meteorite Specimen, Canyon Diablo Arizona 5.16 Grams",9.99,2022-11-12,5.16,1.94,WorthPoint
canyon-diablo,652 GM. CAMPO DEL CIELO METEORITE ; A GRADE!! 1.4+ Pound; Cheap!!,359.96,2022-11-11,652,0.55,WorthPoint
canyon-diablo,150 Gm . CANYON DIABLO IRON METEORITE ; TOP GRADE; ARIZONA; .33 Museum Grade,161.1,2022-11-11,150,1.07,WorthPoint
canyon-diablo,Beautiful 1514 Gm. Etched Campo Del Cielo Meteorite Quarter Cut,736.29,2022-11-11,1514,0.49,WorthPoint
canyon-diablo,478 Gm . CANYON DIABLO IRON METEORITE ; TOP GRADE ; ARIZONA STAND 1 #,449.1,2022-11-11,478,0.94,WorthPoint
canyon-diablo,3744 Gm. Campo Del Cielo Meteorite ; A Grade! Meteorite! 8.2 Lbs Inexpensive,1345.5,2022-11-11,3744,0.36,WorthPoint
canyon-diablo,380 Gm. New Campo Del Cielo Meteorite ; Aa Grade!! Beautiful Meteorite; .83 Lbs,314.96,2022-11-10,380,0.83,WorthPoint
canyon-diablo,810 GM. CAMPO DEL CIELO METEORITE ; AAA GRADE METEORITE 1.8 +lbs. BEAUTIFUL,719.1,2022-11-10,810,0.89,WorthPoint
canyon-diablo,558 Gm. Campo Del Cielo Meteorite ; Museum Grade; 1.3 Lbs.,494.96,2022-11-09,558,0.89,WorthPoint
canyon-diablo,Beautiful 232 Gm. Etched Campo Del Cielo Meteorite Sculptural Multi Cut; Calcite,161.19,2022-11-09,232,0.69,WorthPoint
canyon-diablo,32 Gm . CANYON DIABLO IRON METEORITE ; MUSEUM GRADE; ARIZONA STAND INCLUDED USA,35.95,2022-11-09,32,1.12,WorthPoint
canyon-diablo,Beautiful 318 Gm. Etched Campo Del Cielo Meteorite Sculptural Multi Cut,185.49,2022-11-08,318,0.58,WorthPoint
canyon-diablo,206 Gm. CANYON DIABLO IRON METEORITE ; ARIZONA STAND INCLUDED MUSEUM GRADE; USA,215.1,2022-11-08,206,1.04,WorthPoint
canyon-diablo,22 Gm. CANYON DIABLO IRON METEORITE ; ARIZONA STAND INCLUDED TOP GRADE; USA,26.1,2022-11-08,22,1.19,WorthPoint
canyon-diablo,CANYON DIABLO Meteorite With Certificate Of Authenticity,11,2022-11-07,,,WorthPoint
canyon-diablo,Beautiful 376 Gm. Etched Campo Del Cielo Meteorite Sculptural Multi Cut,201.69,2022-11-07,376,0.54,WorthPoint
canyon-diablo,"Canyon Diablo 360g, Iron Meteorite. Stunning Etch And Inclusions. Stabilized.",655,2022-11-07,360,1.82,WorthPoint
canyon-diablo,288 Gm . CANYON DIABLO IRON METEORITE ; MUSEUM GRADE; ARIZONA; .6+ Lbs,269.96,2022-11-06,288,0.94,WorthPoint
canyon-diablo,8.17 Grams OXIDE Canyon Diablo Meteor Crater OXIDITE Meteorite As Found Low Iron,7.49,2022-11-04,8.17,0.92,WorthPoint
canyon-diablo,7.61 Grams OXIDE Canyon Diablo Meteor Crater OXIDITE Meteorite As Found Low Iron,6.99,2022-11-04,7.61,0.92,WorthPoint
canyon-diablo,282 Gm . CANYON DIABLO IRON METEORITE ; TOP GRADE; ARIZONA; 1 LBS Museum Grade,287.1,2022-11-03,282,1.02,WorthPoint
canyon-diablo,Beautiful 280 Gm. Etched Campo Del Cielo Meteorite Sculptural Multi Cut,188.1,2022-11-02,280,0.67,WorthPoint
canyon-diablo,996 GM. CAMPO DEL CIELO METEORITE ; B GRADE!! Beautiful; 2.2 LBS. CHEAP!,494.1,2022-11-02,996,0.5,WorthPoint
canyon-diablo,Genuine CANYON DIABLO Iron Meteorite,14.95,2022-11-02,,,WorthPoint
canyon-diablo,152 Gm . CANYON DIABLO IRON METEORITE ; MUSEUM GRADE; ARIZONA; .33 Lbs,152.5,2022-11-01,152,1,WorthPoint
canyon-diablo,534 Gm. Campo Del Cielo Meteorite ; Museum Grade!! Beautiful Baby Campo 1.2 Lb,449.1,2022-11-01,534,0.84,WorthPoint
canyon-diablo,140 Gm . CANYON DIABLO IRON METEORITE ; TOP GRADE; ARIZONA STAND INCLUDED,134.96,2022-11-01,140,0.96,WorthPoint
canyon-diablo,"CANYON DIABLO METEORITE 10.9 Gram INDIVIDUAL. NICE CHARACTERISTICS, CHECK IT OUT",12,2022-10-30,10.9,1.1,WorthPoint
canyon-diablo,40.5 Gram CANYON DIABLO IRON METEORITE INDIVIDUAL - Meteor Crater ARIZONA,96,2022-10-30,40.5,2.37,WorthPoint
canyon-diablo,456 Gm . CANYON DIABLO IRON METEORITE ; TOP GRADE; ARIZONA 1.5+ Lbs STAND PATINA,305,2022-10-30,456,0.67,WorthPoint
canyon-diablo,Canyon Diablo Iron Meteorite Oxide Meteor Crater ARIZONA Specimen 3 Grams,7.99,2022-10-29,3,2.66,WorthPoint
canyon-diablo,1909 PC: Scenic View Of Railroad Train Going Over Canyon Diablo Bridge -- Arizona,9.95,2022-10-29,,,WorthPoint
canyon-diablo,344 Gm. Campo Del Cielo Meteorite ; A Grade! .75 Lb Cheap!!!,269.95,2022-10-28,344,0.78,WorthPoint
canyon-diablo,432 GM. NEW CAMPO DEL CIELO METEORITE ; MUSEUM GRADE!! BEAUTIFUL 1 Lb,404.96,2022-10-27,432,0.94,WorthPoint
canyon-diablo,1276 Gm. Campo Del Cielo Meteorite ; A Grade!! Beautiful Large Campo; 2.8 Lb,715.5,2022-10-27,1276,0.56,WorthPoint
canyon-diablo,194 Gm . CANYON DIABLO IRON METEORITE ; MUSEUM GRADE; ARIZONA; .42 Lbs,179.5,2022-10-27,194,0.93,WorthPoint
canyon-diablo,1280 GM. NEW CAMPO DEL CIELO METEORITE ; AA GRADE!! 2.8+ Pound,719.96,2022-10-27,1280,0.56,WorthPoint
canyon-diablo,392 Gm . CANYON DIABLO IRON METEORITE ; TOP GRADE; ARIZONA; .9+ Lbs,250,2022-10-26,392,0.64,WorthPoint
canyon-diablo,250 Gm. Campo Del Cielo Meteorite ; Med Grade!! .55 Pound. Cheap,125,2022-10-25,250,0.5,WorthPoint
canyon-diablo,1300 GM. CAMPO DEL CIELO METEORITE ; A GRADE!! Beautiful; 2.8 LBS. CHEAP!,539.1,2022-10-25,1300,0.41,WorthPoint
