material_slug,title,price_usd,sale_date,weight_grams,price_per_gram,source
chelyabinsk,Chelyabinsk Russia Meteorite Coin,29,2026-01-21,,,WorthPoint
chelyabinsk,License Plate Russia / Russia License Plate 174 Chelyabinsk Region,23.48,2026-01-21,,,WorthPoint
chelyabinsk,"Perovskite Akhmatov Mine, Magnitka, Kusinsky District, Russia",56,2026-01-20,,,WorthPoint
chelyabinsk,"Soviet Russian Collectible Badge \\\""Ural\\\"" USSR",11.99,2026-01-16,,,WorthPoint
chelyabinsk,Vintage Radio Receiver RUSSIA RP 303-1. USSR. 1990. WORKS.,42,2026-01-13,,,WorthPoint
chelyabinsk,Unusual 5 Day Russian Chelyabinsk Watch Factory Desk Clock ...,94.16,2026-01-10,,,WorthPoint
chelyabinsk,Russian / Soviet Sputnik First Soviet Satellite 1957 Enamel / Brass Space Pin,28.99,2026-01-09,,,WorthPoint
chelyabinsk,Russia 5000 Roubles 2023 P-279A New Design UNC Uncirculated Banknote Paper Money,95.75,2026-01-03,,,WorthPoint
chelyabinsk,.655 Grams For All The Crusted Individuals Chelyabinsk Meteorites LL5 Russia COA,12.99,2026-01-02,655,0.02,WorthPoint
chelyabinsk,.492 Grams For All The Crusted Individuals Chelyabinsk Meteorites LL5 Russia COA,11.99,2026-01-02,492,0.02,WorthPoint
chelyabinsk,.765 Grams For All The Crusted Individuals Chelyabinsk Meteorites LL5 Russia COA,15.99,2026-01-02,765,0.02,WorthPoint
chelyabinsk,.759 Grams For All The Crusted Individuals Chelyabinsk Meteorites LL5 Russia COA,15.99,2025-12-31,759,0.02,WorthPoint
chelyabinsk,"CHELYABINSK 8.24g Meteorite, 75% Crusted Individual, Witnessed Fall IMCA Sellers",253,2025-12-30,8.24,30.7,WorthPoint
chelyabinsk,"CHELYABINSK 1.872g Meteorite, Individual Stone, Fresh Fusion Crusted, A+ Quality",72,2025-12-29,1.872,38.46,WorthPoint
chelyabinsk,AZURITE GEODE Crystal Cluster Mineral Specimen Section Gemstone RUSSIA,35.99,2025-12-29,,,WorthPoint
chelyabinsk,V. Kravtsov Traktor Chelyabinsk 2024-25 Gagarin Cup Hockey Jersey DK 54/2XL,299.99,2025-12-27,25,12,WorthPoint
chelyabinsk,Vintage 1970s Kasli Dutch Soot Cast-Iron Wall Decor Great Snake Made In USSR #48,99.95,2025-12-27,,,WorthPoint
chelyabinsk,"Collection LOT Of 10 Meteorites (Lunar, Erg Chech 002, Chelyabinsk, More!)",31,2025-12-27,,,WorthPoint
chelyabinsk,RARE 2004 Chelyabinsk Region Pictorial History Book With Slipcase And Map VG,19.25,2025-12-24,,,WorthPoint
chelyabinsk,.491 Grams For All The Crusted Individuals Chelyabinsk Meteorites LL5 Russia COA,10.99,2025-12-23,491,0.02,WorthPoint
chelyabinsk,.537 Grams For All 16 Crusted Individuals Chelyabinsk Meteorite (LL5) Russia COA,13.99,2025-12-23,537,0.03,WorthPoint
chelyabinsk,.411 Grams For All 10 Crusted Individuals Chelyabinsk Meteorite (LL5) Russia COA,11.99,2025-12-23,411,0.03,WorthPoint
chelyabinsk,.554 Grams For All 14 Crusted Individuals Chelyabinsk Meteorite (LL5) Russia COA,12.49,2025-12-23,554,0.02,WorthPoint
chelyabinsk,NWA 6287 LL5 Chondrite Meteorite 4.1 Gram Part Slice,5.5,2025-12-20,4.1,1.34,WorthPoint
chelyabinsk,Ham Radio QSL UA9AO Troitsk USSR 1989 SSB 21 MHz Contact Card,15.99,2025-12-19,,,WorthPoint
chelyabinsk,Mini Museum 1st Edition 1 Large 33 Rare Specimens Hans Fex + LED Stand $1399 New,1025,2025-12-19,,,WorthPoint
chelyabinsk,6.47 Gram CHELYABINSK METEORITE Individual (LL5 Chondrite) 2013 Fall In RUSSIA,128.8,2025-12-18,6.47,19.91,WorthPoint
chelyabinsk,.436 Grams For All The Crusted Individuals Chelyabinsk Meteorites LL5 Russia COA,9.99,2025-12-17,436,0.02,WorthPoint
chelyabinsk,.602 Grams For All The Crusted Individuals Chelyabinsk Meteorites LL5 Russia COA,12.99,2025-12-16,602,0.02,WorthPoint
chelyabinsk,19thC Antique 1¬Ωct Multi-Color Siberian Andalusite Medieval France Gem Of Heaven,199.99,2025-12-15,,,WorthPoint
chelyabinsk,.623 Grams For All 14 Crusted Individuals Chelyabinsk Meteorite (LL5) Russia COA,13.99,2025-12-13,623,0.02,WorthPoint
chelyabinsk,.639 Grams For All 8 Crusted Individuals Chelyabinsk Meteorite (LL5) Russia COA,14.99,2025-12-13,639,0.02,WorthPoint
chelyabinsk,10.3 Grams 32x22x5mm Chelyabinsk Slice Chunk Meteorite (LL5) Russia 2014,51,2025-12-13,10.3,4.95,WorthPoint
chelyabinsk,Tamiya 1:35 Russian T34/76 ChTZ Plastic Model Kit 35149,26.99,2025-12-13,,,WorthPoint
chelyabinsk,.732 Grams For All 15 Crusted Individuals Chelyabinsk Meteorite (LL5) Russia COA,16.99,2025-12-12,732,0.02,WorthPoint
chelyabinsk,Chelyabinsk LL5 Chondrite Meteorite Russian Fall 2013 In Display Box,33.45,2025-12-11,,,WorthPoint
chelyabinsk,Flag Of Chelyabinsk Oblast Russia - Die-Cut Magnet,10.05,2025-12-10,,,WorthPoint
chelyabinsk,Vintage Cast Iron USSR Devil Demon Figurine,79.95,2025-12-07,,,WorthPoint
chelyabinsk,Vintage Molnija 3602 MVD Soviet Police Pocket Watch 18 Rubis Molniya Cal. 3602,60,2025-12-04,,,WorthPoint
chelyabinsk,.381 Grams~CHELYABINSK METEORITE~Crusted Fragment~Historic Witnessed Fall 2013,8.99,2025-12-03,381,0.02,WorthPoint
chelyabinsk,2005 RUSSIA Zodiac Astrology Sign Of ARIES Proof Silver 2 Ruble Coin I104816,388.5,2025-12-03,,,WorthPoint
chelyabinsk,2024 3/26 SGA Washington Capitals Darcy Kuemper Bobblehead Goalie NHL,8,2025-12-03,,,WorthPoint
chelyabinsk,1994 Russia. Centenary Of The TransSiberian Railroad 3 Roubles Silver Proof Coin,75,2025-11-30,,,WorthPoint
chelyabinsk,Advanced Modeling 1/72 Su-24M/MR Chelyabinsk Eagles Pt.2 Russian AF Decals,9.99,2025-11-30,,,WorthPoint
chelyabinsk,Russian Federat. 2025 Medal 80 Years Of Victory In Great Patriotic War 1941-1945,27.99,2025-11-29,,,WorthPoint
chelyabinsk,Traktor Chelyabinsk/Russian KHL Authentic Jersey Size 52 #55,125,2025-11-27,,,WorthPoint
chelyabinsk,.569 Grams For All 15 Crusted Individuals Chelyabinsk Meteorite (LL5) Russia COA,12.99,2025-11-26,569,0.02,WorthPoint
chelyabinsk,Antique 19thC 8¬Ωct Russian Andalusite Multi-Color+Pendant: Warrior Mystic Amulet,779.99,2025-11-25,,,WorthPoint
chelyabinsk,9.54 Gram CHELYABINSK METEORITE Individual (LL5 Chondrite) 2013 Fall In RUSSIA,161.5,2025-11-23,9.54,16.93,WorthPoint
chelyabinsk,"Badge ""to The Shock-worker Of The Stalin Campaign For A High Harvest. Chelyabinsk Region"". Ussr, 1933",448,2025-11-23,,,WorthPoint
chelyabinsk,"TRAUMATOMY - Monolith Of Absolute Suffering, 2015 (Disc VG+, Inlay NM, Rest M)",21.7,2025-11-22,,,WorthPoint
chelyabinsk,Vintage Traktor Chelyabinsk Russian Polar Bear Hockey Puck (made In Russia),24.99,2025-11-17,,,WorthPoint
chelyabinsk,Famous 2013 Chelyabinsk Meteorite Flash And Boom Russia Chondrite LL5 COA 7219,54.95,2025-11-17,,,WorthPoint
chelyabinsk,.389 Grams For All 12 Crusted Individuals Chelyabinsk Meteorite (LL5) Russia COA,9.99,2025-11-17,389,0.03,WorthPoint
chelyabinsk,"Meteorite**Chelyabinsk, L5 Chondrite**16.657 Grams, Feb 15, 2014 Russia Fall! ‚òÑÔ∏è",277,2025-11-17,16.657,16.63,WorthPoint
chelyabinsk,Magnet FALLING OF CHELYABINSK METEORITE With A Piece Of Meteorite,14.99,2025-11-16,,,WorthPoint
chelyabinsk,"Soviet Badge Chelyabinsk Training Center, MVD - 1980‚Äôs",12.5,2025-11-16,,,WorthPoint
chelyabinsk,Chelyabinsk Meteorite. LL5 .48 Grams. Individual. Fell Russia 2-15-13.,15,2025-11-15,48,0.31,WorthPoint
chelyabinsk,"Russian Lemurian Sacred Scribe Quartz Crystal, Old Stock, Tabby #6",37.46,2025-11-15,,,WorthPoint
chelyabinsk,Moldova: Personalized Stamps 2013. Astronomy/ The Chelyabinsk Meteor. 2v. MNH,6.99,2025-11-14,,,WorthPoint
chelyabinsk,"Chelyabinsk Stone OC, LL5 Fell Feb. 15, 2013 Russia 2.94 G Whole Stone",29,2025-11-14,2.94,9.86,WorthPoint
chelyabinsk,Chelyabinsk Meteorite,29,2025-11-12,,,WorthPoint
chelyabinsk,7 Grams 23x14x13mm Part Crusted Individual Chelyabinsk Meteorite (LL5) With COA,39.99,2025-11-11,7,5.71,WorthPoint
chelyabinsk,CHELYABINSK Meteorite Stone Chondrite Specimen RUSSIA W/ Case & ID Card,7.5,2025-11-10,,,WorthPoint
chelyabinsk,.763 Grams 10mm Fully Smokey Crusted Individual Chelyabinsk Meteorite (LL5) +COA,13.99,2025-11-10,763,0.02,WorthPoint
chelyabinsk,.960 Grams For All 22 Crusted Individuals Chelyabinsk Meteorite (LL5) Russia COA,19.99,2025-11-09,960,0.02,WorthPoint
chelyabinsk,Traktor Chelyabinsk/Russian KHL Authentic Jersey Size 60 - Excellent Condition!,175,2025-11-06,,,WorthPoint
chelyabinsk,2024-25 SGA Dallas Stars Souvenir Beverage Cup 2024 2025 Stadium Giveaway,5,2025-11-04,,,WorthPoint
chelyabinsk,.831 Grams 11mm Nice Crusted Individual Chelyabinsk Meteorite (LL5) Russia +COA,10.99,2025-11-04,831,0.01,WorthPoint
chelyabinsk,.639 Grams For All 13 Crusted Individuals Chelyabinsk Meteorite (LL5) Russia COA,10.99,2025-11-02,639,0.02,WorthPoint
chelyabinsk,.751 Grams 11mm Nice Crusted Individual Chelyabinsk Meteorite (LL5) Russia +COA,9.99,2025-11-02,751,0.01,WorthPoint
chelyabinsk,2013 Limp Bizkit Concert Poster Wall Art Print For Russia Size 11 X 17inches,15.55,2025-11-01,,,WorthPoint
chelyabinsk,CHELYABINSK Meteorite Specimen Stone Chondrite RUSSIA W/ Case & ID Card,8.98,2025-10-31,,,WorthPoint
chelyabinsk,8.06 Gram CHELYABINSK METEORITE Individual (LL5 Chondrite) 2013 Fall In RUSSIA,185,2025-10-30,8.06,22.95,WorthPoint
chelyabinsk,"Blue Azurite Geode ‚Äì Mikheyevskoe Mine, Chelyabinsk Oblast, Russia",156,2025-10-29,,,WorthPoint
chelyabinsk,2024 Cherry Blossoms Washington DC Capitals & Wizards SGA Souvenir Beverage Cup,7,2025-10-28,,,WorthPoint
chelyabinsk,19thC Antique ¬æct Red Spinel Earrings: Russia Empress Catherine+China Forbidden,239.99,2025-10-27,,,WorthPoint
chelyabinsk,1921 RUSSIA Soviet Union RSFSR OLD Hammer Sickle 50 Kopek Silver Coin NGC I98391,388.5,2025-10-26,,,WorthPoint
chelyabinsk,1.88 Grams 15mm Chelyabinsk Crusted Slice Fragment Meteorite (LL5) Russia 2014,15.99,2025-10-18,1.88,8.51,WorthPoint
chelyabinsk,1972 Banner Of The Komsomol-Youth Frontline Brigades FLAG OLD Soviet Postcard,5.9,2025-10-14,,,WorthPoint
chelyabinsk,Meteorite Collection Lot Twenty-Four Different Types Labeled With Display Box,450,2025-10-07,,,WorthPoint
chelyabinsk,.777 Grams 10mm Fully Crusted Individual Chelyabinsk Meteorite (LL5) Russia +COA,11.99,2025-10-02,777,0.02,WorthPoint
chelyabinsk,.505 Grams 10mm Fully Crusted Individual Chelyabinsk Meteorite (LL5) Russia +COA,9.99,2025-10-02,505,0.02,WorthPoint
chelyabinsk,Chelyabinsk Meteorite 58.5 Gr LL5 Rollover Crust Observed FALL 2/15/13 Russia,545,2025-10-01,58.5,9.32,WorthPoint
chelyabinsk,Vintage ChTZ B10.0011 EH Army Bulldozer Crawler Ripper Tractor 1/43 Chelyabinsk,54.99,2025-09-25,,,WorthPoint
chelyabinsk,Vintage Camillus Cutlery Co Hobo Picnic Knife Spoon With Chelyabinsk July 1919,34.99,2025-09-18,,,WorthPoint
chelyabinsk,CHELYABINSK RUSSIA Customs House Antique Postcard,14.79,2025-09-18,,,WorthPoint
chelyabinsk,"Chelyabinsk Meteorite Signed, Framed And Certified",17.5,2025-09-16,,,WorthPoint
chelyabinsk,.646 Grams For All 5 Crusted Individuals Chelyabinsk Meteorite (LL5) Russia +COA,10.99,2025-09-16,646,0.02,WorthPoint
chelyabinsk,.401 Grams For All 6 Crusted Individuals Chelyabinsk Meteorite (LL5) Russia +COA,8.99,2025-09-16,401,0.02,WorthPoint
chelyabinsk,1 RUSSIAN LICENSE PLATE AUTO NUMBER CAR TAG MOSCOW RUSSIA FLAG Y911ea REGION 124,49.99,2025-09-15,,,WorthPoint
chelyabinsk,.439 Grams For All 5 Crusted Individuals Chelyabinsk Meteorite (LL5) Russia +COA,7.99,2025-09-13,439,0.02,WorthPoint
chelyabinsk,.459 Grams For All 6 Crusted Individuals Chelyabinsk Meteorite (LL5) Russia +COA,8.99,2025-09-13,459,0.02,WorthPoint
chelyabinsk,.695 Grams 13mm Chelyabinsk Crusted Slice Fragment Meteorite (LL5) Russia 2014,8.99,2025-09-13,695,0.01,WorthPoint
chelyabinsk,10.6 Grams 29x20x12mm Crusted END CUT Chelyabinsk Meteorite (LL5) Russia 2014,89.99,2025-09-11,10.6,8.49,WorthPoint
chelyabinsk,Flag Of Chelyabinsk Russia - STICKER Vinyl Kiss-Cut Decal,7.45,2025-09-09,,,WorthPoint
chelyabinsk,Flag Of Chelyabinsk Oblast Russia - STICKER Vinyl Kiss-Cut Decal,7.48,2025-09-09,,,WorthPoint
chelyabinsk,Spinel Ring Medieval Europe‚Äôs Crown Jewel Black Prince Ruby Granada Antique Gem,189.99,2025-09-09,,,WorthPoint
chelyabinsk,"Natalya Pinchuk Large Domed Resin, Freshwater Pearl, And Plastic Organic ""sea Urchin Brooch"" With Kathryn Waudill? Unsigned Cast Resin Stretch Bracele",62.5,2025-09-08,,,WorthPoint
chelyabinsk,Tamiya 35149 WWII Soviet T-34/76 1/35 Scale Plastic Model Kit,33.1,2025-09-08,,,WorthPoint
chelyabinsk,Chelyabinsk Traktor Team Issued #34 KHL Hockey Jersey Sz 56,124.99,2025-09-07,,,WorthPoint
chelyabinsk,.581 Grams For All 10 Crusted Individuals Chelyabinsk Meteorite (LL5) Russia COA,12.2,2025-09-05,581,0.02,WorthPoint
chelyabinsk,2.53 Grams 20mm Chelyabinsk Crusted Slice Fragment Meteorite (LL5) Russia 2014,20.5,2025-09-05,2.53,8.1,WorthPoint
chelyabinsk,.826 Grams 12mm Chelyabinsk Crusted Slice Fragment Meteorite (LL5) Russia 2014,9.99,2025-09-05,826,0.01,WorthPoint
chelyabinsk,14.7 Grams 42x30x5mm Crusted Full Slice Chelyabinsk Meteorite (LL5) Russia 2014,99.99,2025-09-04,14.7,6.8,WorthPoint
chelyabinsk,.383 Grams 8mm Fully Crusted Individual Chelyabinsk Meteorite (LL5) Russia W/COA,5.99,2025-09-04,383,0.02,WorthPoint
chelyabinsk,.150 Grams 7mm Fully Crusted Individual Chelyabinsk Meteorite (LL5) Russia W/COA,6,2025-09-04,150,0.04,WorthPoint
chelyabinsk,"1913 Troitzk Railway Company 4 1/2% Bond Certificate, Ukraine, Russia",8,2025-09-03,,,WorthPoint
chelyabinsk,.720 Grams For All 9 Crusted Individuals Chelyabinsk Meteorite (LL5) Russia +COA,12.99,2025-09-02,720,0.02,WorthPoint
chelyabinsk,2.07 Grams 19mm Chelyabinsk Crusted Slice Fragment Meteorite (LL5) Russia 2014,18.99,2025-09-02,2.07,9.17,WorthPoint
chelyabinsk,.197 Grams 7mm Fully Crusted Individual Chelyabinsk Meteorite (LL5) Russia W/COA,7.63,2025-09-01,197,0.04,WorthPoint
chelyabinsk,.381 Grams For All 6 Crusted Individuals Chelyabinsk Meteorite (LL5) Russia +COA,7.5,2025-08-31,381,0.02,WorthPoint
chelyabinsk,.473 Grams For All 5 Crusted Individuals Chelyabinsk Meteorite (LL5) Russia +COA,7.99,2025-08-31,473,0.02,WorthPoint
chelyabinsk,2.41 Grams 19mm Chelyabinsk Crusted Cut Fragment Meteorite (LL5) Russia 2014,20.99,2025-08-31,2.41,8.71,WorthPoint
chelyabinsk,.239 Grams 7mm Fully Crusted Individual Chelyabinsk Meteorite (LL5) Russia W/COA,7.51,2025-08-30,239,0.03,WorthPoint
chelyabinsk,Chelyabinsk Meteorite - 47.4 Grams,1125,2025-08-29,47.4,23.73,WorthPoint
chelyabinsk,"1/35 Tamiya KV-1B Russian Heavy Tank, Model 1941",34.95,2025-08-28,,,WorthPoint
chelyabinsk,Chelyabinsk Meteorite 5 Specimens Boxed,14.99,2025-08-21,,,WorthPoint
chelyabinsk,NEW 2023 / 2024 RUSSIA 5000 Rubles BANKNOTE CURRENCY UNC RUB Money / AUTHENTIC,102.99,2025-08-21,,,WorthPoint
chelyabinsk,Limp Bizkit 11x17 Promotional Poster RP 2013 Chelyabinsk Russia Wall Art Print,13.99,2025-08-20,,,WorthPoint
chelyabinsk,Vostok 5 - 6 Russian / Soviet /CCCP Space Pin Tereshkova 1st Woman In Space,15,2025-08-18,,,WorthPoint
chelyabinsk,"Russia, 5000 Rubles, 2023 P-W279A, UNC Ekaterinburg, Chelyabinsk",127.3,2025-08-17,,,WorthPoint
chelyabinsk,Vostok - 5 - 6 Russian / Soviet / CCCP Space Pin Tereshkova 1st Woman In Space,18,2025-08-16,,,WorthPoint
chelyabinsk,"Meteorite**Chelyabinsk, L5 Chondrite**1.022 Gram, Beautiful Fresh Individual!!!",35,2025-08-11,1.022,34.25,WorthPoint
chelyabinsk,"Chelyabinsk LL5 Chondrite Meteorite Chelyabinskaya Oblast‚Äô, Russia 1.62 Grams",48.75,2025-08-11,1.62,30.09,WorthPoint
chelyabinsk,Russian Molnija Pocket Watch JOINT Jewish Org. Employees ONLY 100 MADE ORIGINAL,89.99,2025-08-04,,,WorthPoint
chelyabinsk,Meteorite Memorabilia With COA: Chelyabinsk Meteorite 5X7 Color Photograph,25,2025-08-02,,,WorthPoint
chelyabinsk,"Chelyabinsk Stone OC, LL5 Fell Feb. 15, 2013 Russia 4.21 G Whole Stone",42,2025-07-24,4.21,9.98,WorthPoint
chelyabinsk,"Chelyabinsk Stone OC, LL5 Fell Feb. 15, 2013 Russia 3.24 G Whole Stone",49,2025-07-24,3.24,15.12,WorthPoint
chelyabinsk,5000 NEW RUSSIA RUBLES / NEW AUTHENTIC RUB BANKNOTE / UNC CURRENCY RUB Money,104.99,2025-07-21,,,WorthPoint
chelyabinsk,"0.776 Gr CHELYABINSK LL5 CHONDRITE METEORITE, BLACK CRUSTED, OBSERVED FALL",20,2025-07-14,0.776,25.77,WorthPoint
chelyabinsk,"Meteorite Chelyabinsk, Chondrite LL5, Fresh Crusted Stones 6,97 G, Russia (9)",150,2025-07-13,97,1.55,WorthPoint
chelyabinsk,8.01 Grams 27x20x5mm Part Crusted Cut Slice Chelyabinsk Meteorite (LL5) Russia,64.99,2025-07-07,8.01,8.11,WorthPoint
chelyabinsk,Huge Fireball! Newest Fall! Fresh Whole Stone! Chelyabinsk Meteorite 21.1 Gms,554.25,2025-07-07,21.1,26.27,WorthPoint
chelyabinsk,Huge Fireball! Newest Fall! Nice Oriented Stone! Chelyabinsk Meteorite 17 Gms,449.25,2025-07-05,17,26.43,WorthPoint
chelyabinsk,4.95 Grams 30x20x4mm Part Crusted Cut Slice Chelyabinsk Meteorite (LL5) Russia,37.99,2025-07-04,4.95,7.67,WorthPoint
chelyabinsk,Panzer Art 1/35 500mm V Pattern Tracks (Split Type 1942-1943) T-34 Tank TR35-054,50.36,2025-06-27,,,WorthPoint
chelyabinsk,2.35 Grams 15mm Part Crusted Cut Slice Chelyabinsk Meteorite (LL5) Russia 2014,12.26,2025-06-25,2.35,5.22,WorthPoint
chelyabinsk,11.4 Grams 33x24x6mm Crusted Full Slice Chelyabinsk Meteorite (LL5) Russia 2014,99.99,2025-06-23,11.4,8.77,WorthPoint
chelyabinsk,Mini Museum 1st Edition #1116 - Large 33 Rare Specimens Hans Fex Kickstarter.,1500,2025-06-12,,,WorthPoint
chelyabinsk,.717 Grams For All The Crusted Individuals Chelyabinsk Meteorite (LL5) Russia,14.5,2025-06-11,717,0.02,WorthPoint
chelyabinsk,.641 Grams For All The Crusted Individuals Chelyabinsk Meteorite (LL5) Russia,7.99,2025-06-11,641,0.01,WorthPoint
chelyabinsk,Meteorite Lot 1,24.99,2025-06-09,,,WorthPoint
chelyabinsk,6.63 Grams 34x16x5mm Part Crusted Slice Chelyabinsk Meteorite (LL5) Russia 2014,59.99,2025-06-09,6.63,9.05,WorthPoint
chelyabinsk,8.74 Grams 31x24x5mm Part Crusted Cut Slice Chelyabinsk Meteorite (LL5) Russia,69.99,2025-06-09,8.74,8.01,WorthPoint
chelyabinsk,.705 Grams For All The Crusted Individuals Chelyabinsk Meteorite (LL5) Russia,12,2025-06-08,705,0.02,WorthPoint
chelyabinsk,.633 Grams For All The Crusted Individuals Chelyabinsk Meteorite (LL5) Russia,11,2025-06-08,633,0.02,WorthPoint
chelyabinsk,.529 Grams For All The Crusted Individuals Chelyabinsk Meteorite (LL5) Russia,7.5,2025-06-08,529,0.01,WorthPoint
chelyabinsk,.703 Grams For All The Crusted Individuals Chelyabinsk Meteorite (LL5) Russia,12.5,2025-06-06,703,0.02,WorthPoint
chelyabinsk,.676 Grams For All The Crusted Individuals Chelyabinsk Meteorite (LL5) Russia,13,2025-06-06,676,0.02,WorthPoint
chelyabinsk,.428 Grams For All The Crusted Individuals Chelyabinsk Meteorite (LL5) Russia,8.5,2025-06-06,428,0.02,WorthPoint
chelyabinsk,"Chelyabinsk Stone Meteorite, 7.3g 2013 Fall Russia",91,2025-06-04,7.3,12.47,WorthPoint
chelyabinsk,Washington Capitals Goal Coin Bank SGA 3/6 2024 KIDS DAY STADIUM GIVEAWAY NHL,14,2025-06-03,,,WorthPoint
chelyabinsk,Vintage 1970s Kasli Dutch Soot Cast-Iron 2-Parts Wall Shelf Made In USSR #45,89.95,2025-06-01,,,WorthPoint
chelyabinsk,Detailed Cast Iron Figure Of A Calmly Resting Setter. Made In Russia Kaslin 1970,35,2025-05-30,,,WorthPoint
chelyabinsk,"Meteorite**Chelyabinsk, L5 Chondrite**1.217 Gram, Beautiful Fresh Individual!!!",35,2025-05-26,1.217,28.76,WorthPoint
chelyabinsk,"Chelyabinsk Meteorite ‚ÄúRussia‚Äù Chondrite ‚ÄúStony Meteorite‚ÄùSpace Gift, 4.58 Grams",92,2025-05-25,4.58,20.09,WorthPoint
chelyabinsk,BEAUTIFUL Crusted Chelyabinsk (LL5) Meteorite End Cut - 9.67 G,175,2025-05-20,9.67,18.1,WorthPoint
chelyabinsk,18thC Antique 6¬ºct Multi-Color Andalusite+14ktGF Earrings Gem Of Knights Templar,259.99,2025-05-19,,,WorthPoint
chelyabinsk,MIB Dragon 1/35 Russian JSU-122S/152 Tank Destroyer,24.95,2025-05-18,,,WorthPoint
chelyabinsk,USSR Russian Vintage Aircraft Instrumentation Clock 55M Chchz Molnija,79.99,2025-05-15,,,WorthPoint
chelyabinsk,Mini Museum 1st Edition 1 - Large 33 Rare Specimens Hans Fex Kickstarter,999.99,2025-05-14,,,WorthPoint
chelyabinsk,Huge Fireball! Newest Fall! Nice Whole Stone! Chelyabinsk Meteorite 16.1 Gms,359.25,2025-05-13,16.1,22.31,WorthPoint
chelyabinsk,Meteorite Lot #3 Plus Moon And Mars,66,2025-05-12,,,WorthPoint
chelyabinsk,"TRAUMATOMY - Transcendental Evisceration Of Necrogenetic Beasts, 2013 CD",25.7,2025-05-09,,,WorthPoint
chelyabinsk,7.51 Grams 30mm Part Crusted Cut Slice Chelyabinsk Meteorite (LL5) Russia 2014,69.99,2025-05-08,7.51,9.32,WorthPoint
chelyabinsk,Mini Museum 1st Limited Edition - Small - 11 Rare Specimens Hans Fex Kickstarter,200,2025-05-06,,,WorthPoint
chelyabinsk,Vintage Traktor Chelyabinsk Russia Hockey Snapback Hat Roman Made In USA,25,2025-05-03,,,WorthPoint
chelyabinsk,.352 Grams Chelyabinsk Meteorite ( LL5 ) Fully Crusted Individual Russia 2013,10.99,2025-05-03,352,0.03,WorthPoint
chelyabinsk,.277 Grams Chelyabinsk Meteorite ( LL5 ) Fully Crusted Individual Russia 2013,8.99,2025-05-03,277,0.03,WorthPoint
chelyabinsk,.351 Grams Chelyabinsk Meteorite ( LL5 ) Fully Crusted Individual Russia 2013,10.99,2025-05-03,351,0.03,WorthPoint
chelyabinsk,Soviet Style Mechanical Molnija Pocket Watch W Porcelain Stalin Portrait,99.99,2025-05-03,,,WorthPoint
chelyabinsk,1998-99 Upper Deck Signed Hockey Card #336 Dmitry Tertyshny Rookie (PSA/DNA Certified Auto),385.2,2025-04-29,,,WorthPoint
chelyabinsk,"MINERAL OBSERVER Mineralogical Almanac 2014 Granite Pegmatites, Russian Diamonds",29.95,2025-04-27,2014,0.01,WorthPoint
chelyabinsk,MINERAL OBSERVER Mineralogical Almanac 2013 #3: The Chelyabinsk Meteorite,29.95,2025-04-27,,,WorthPoint
chelyabinsk,RARE Vintage Stalin‚Äôs Chelyabinsk-100000 Tractor Stalinec 1940 Extra Rare Badge,59.99,2025-04-25,,,WorthPoint
chelyabinsk,Chelyabinsk Meteorite - 33.6 Grams,575,2025-04-23,33.6,17.11,WorthPoint
chelyabinsk,METEORITE NICE NEW Classification LL5 Chondrite Size 16mm X 15mm X 10mm 2.8 Gram,24.77,2025-04-22,2.8,8.85,WorthPoint
chelyabinsk,Russian / Soviet Tank Clock 117-4C (T-72),39.99,2025-04-21,,,WorthPoint
chelyabinsk,"Chelyabinsk Whole Stone OC, LL5 Russia Fell Feb 15, 2013 1.6 G Whole Stone",32,2025-04-16,1.6,20,WorthPoint
chelyabinsk,"Traktor Chelyabinsk Hockey Jersey, #34, Black, Lutch",48.99,2025-04-13,,,WorthPoint
chelyabinsk,"Reserved Lot For SNKPEL0 Meteorite Chelyabinsk, Chondrite LL5, 6.53g 20 Pieces",130,2025-04-13,6.53,19.91,WorthPoint
chelyabinsk,"Meteorite Chelyabinsk, Chondrite LL5, Fresh Crusted Stones 2.73g,Russia (7) Baby",54,2025-04-13,2.73,19.78,WorthPoint
chelyabinsk,1996 RUSSIA Naval Battle FLEET Admiral SPIRIDOV Proof Silver 25Ruble Coin I86517,1723.5,2025-04-12,,,WorthPoint
chelyabinsk,12.3 Grams Chelyabinsk Crusted End Cut Meteorite (LL5) Russia 2014 With A COA,89.99,2025-04-11,12.3,7.32,WorthPoint
chelyabinsk,"Meteorite**Chelyabinsk, L5 Chondrite**3.126 Gram, Beautiful Oriented Individual!",41,2025-04-10,3.126,13.12,WorthPoint
chelyabinsk,Mini Museum 1st Edition - Large 33 Rare Specimens Hans Fex Kickstarter,1799,2025-04-09,,,WorthPoint
chelyabinsk,1/35 Russian T34/76 ChTZ Tank,28.16,2025-04-07,,,WorthPoint
chelyabinsk,18.3 Grams Chelyabinsk Crusted End Cut Meteorite (LL5) Russia 2014 With A COA,129.99,2025-04-06,18.3,7.1,WorthPoint
chelyabinsk,CHELYABINSK Meteorite Stone Chondrite Fusion Crusted Specimen RUSSIA IMCA#,44.99,2025-04-06,,,WorthPoint
chelyabinsk,CHELYABINSK 62g Meteorite Historic 2013 Witnessed Fall,620,2025-04-04,62,10,WorthPoint
chelyabinsk,USSR-Russian Vintage Aircraft Instrumentation Clock 55M Chchz Molnija,129.99,2025-04-01,,,WorthPoint
chelyabinsk,"Meteorite**Chelyabinsk, L5 Chondrite**1.089 Gram, Beautiful Oriented Individual!",35,2025-04-01,1.089,32.14,WorthPoint
chelyabinsk,8.79 Gram CHELYABINSK METEORITE Individual (LL5 Chondrite) 2013 Fall In RUSSIA,168,2025-03-29,8.79,19.11,WorthPoint
chelyabinsk,4.93 Gram CHELYABINSK METEORITE Individual (LL5 Chondrite) 2013 Fall In RUSSIA,105,2025-03-29,4.93,21.3,WorthPoint
chelyabinsk,4.00 Gram CHELYABINSK METEORITE Individual (LL5 Chondrite) 2013 Fall In RUSSIA,84,2025-03-29,4,21,WorthPoint
chelyabinsk,6.78 Gram CHELYABINSK METEORITE Individual (LL5 Chondrite) 2013 Fall In RUSSIA,135.8,2025-03-29,6.78,20.03,WorthPoint
chelyabinsk,4.63 Gram CHELYABINSK METEORITE Individual (LL5 Chondrite) 2013 Fall In RUSSIA,98,2025-03-29,4.63,21.17,WorthPoint
chelyabinsk,"Meteorite**Chelyabinsk, L5 Chondrite**1.024 Gram, Beautiful Oriented Individual!",14.7,2025-03-29,1.024,14.36,WorthPoint
chelyabinsk,Traktor Chelyabinsk/Russian KHL Authentic Jersey Size 52 #18,100,2025-03-27,,,WorthPoint
chelyabinsk,1999 Wilkes-Barre/Scranton Penguins Sebastien Caron Autograph Zamboni White Rose,47.32,2025-03-27,,,WorthPoint
chelyabinsk,Canyon Diablo-Chelyabinsk-Etched Slab-Pallasite Meteorite Get All 4 For 1 Price!,199.95,2025-03-24,,,WorthPoint
chelyabinsk,"Meteorite**Chelyabinsk, L5 Chondrite**1.409 Gram, Beautiful Oriented Individual!",25,2025-03-24,1.409,17.74,WorthPoint
chelyabinsk,"Meteorite**Chelyabinsk, L5 Chondrite**56.60 Gram, Highest Quality Impact Melt !!",1350,2025-03-23,56.6,23.85,WorthPoint
chelyabinsk,2.35 Grams 26mm Part Crusted Cut Slice Chelyabinsk Meteorite (LL5) Russia 2014,19.99,2025-03-22,2.35,8.51,WorthPoint
chelyabinsk,10 Grams Chelyabinsk Part Crusted Slice Meteorite (LL5) Russia 2014,79.99,2025-03-21,10,8,WorthPoint
chelyabinsk,.346 Grams Chelyabinsk Meteorite ( LL5 ) Fully Crusted Individual Russia 2013,10.99,2025-03-21,346,0.03,WorthPoint
chelyabinsk,14 Grams Chelyabinsk Crusted End Cut Meteorite (LL5) Russia 2014 With A COA,89.99,2025-03-16,14,6.43,WorthPoint
chelyabinsk,9.61 Grams Chelyabinsk Part Crusted Slice Meteorite (LL5) Russia 2014,67.99,2025-03-16,9.61,7.07,WorthPoint
chelyabinsk,.905 Grams For All The Crusted Individuals Chelyabinsk Meteorite (LL5) Russia,11.5,2025-03-14,905,0.01,WorthPoint
chelyabinsk,1.46 Grams For All The Chelyabinsk Meteorite Fragments Some Crusted With A COA,11.99,2025-03-14,1.46,8.21,WorthPoint
chelyabinsk,.559 Grams For All The Chelyabinsk Meteorite Fragments Some Crusted With A COA,5.99,2025-03-11,559,0.01,WorthPoint
chelyabinsk,1.05 Grams For All The Chelyabinsk Meteorite Fragments Some Crusted With A COA,8.99,2025-03-11,1.05,8.56,WorthPoint
chelyabinsk,1.18 Grams For All The Chelyabinsk Meteorite Fragments Some Crusted With A COA,8.99,2025-03-11,1.18,7.62,WorthPoint
chelyabinsk,.883 Grams For All 9 Crusted Individuals Chelyabinsk Meteorite (LL5) Russia 2014,10.99,2025-03-11,883,0.01,WorthPoint
chelyabinsk,The Best Chelyabinsk Meteorite Found Days After Fall 2013 Russia. 47. 7 Gm,745,2025-03-10,7,106.43,WorthPoint
chelyabinsk,"Meteorite**Chelyabinsk, L5 Chondrite**1.022 Gram, Oriented üõ∏ Shaped Individual",54,2025-03-10,1.022,52.84,WorthPoint
chelyabinsk,.872 Grams For All 9 Crusted Individuals Chelyabinsk Meteorite (LL5) Russia 2014,22.5,2025-03-09,872,0.03,WorthPoint
chelyabinsk,11.0 Gram CHELYABINSK METEORITE Individual (LL5 Chondrite) 2013 Fall In RUSSIA,220,2025-03-04,11,20,WorthPoint
chelyabinsk,"Russia, 5000 Rubles, 2023 , UNC Ekaterinburg, Chelyabinsk",127,2025-03-02,,,WorthPoint
chelyabinsk,"Russian Federation Coins 10 Rubles , 2009-2020 Bimetal, Lot 11 Pcs.#520y.",22.5,2025-02-26,,,WorthPoint
chelyabinsk,Russia Taxi License Plate Russian Federation Chelyabinsk Oblast OVER 3 YEARS OLD,40,2025-02-25,,,WorthPoint
chelyabinsk,CHELYABINSK RUSSIA Village View Antique RPPC Real Photo Postcard,19.99,2025-02-20,,,WorthPoint
chelyabinsk,USSR SOVIET ICE HOCKEY PIN BADGE. TRAKTOR CHELYABINSK; Growling Polar Bear; 1997,10.99,2025-02-19,,,WorthPoint
chelyabinsk,Evgeny Dadonov's 2010-11 AHL Rochester Americans Game-Worn Third Jersey - AHL 75th Patch!,241.2,2025-02-18,,,WorthPoint
chelyabinsk,MALACHITE AZURITE Crystal Cluster Copper Mineral Specimen SOUTH URAL RUSSIA,15.99,2025-02-18,,,WorthPoint
chelyabinsk,24.45 Gram CHELYABINSK METEORITE Individual (LL5 Chondrite) 2013 Fall In RUSSIA,250,2025-02-17,24.45,10.22,WorthPoint
chelyabinsk,"Meteorite**Chelyabinsk, L5 Chondrite**1.033 Gram, Extremely Fresh Fusion Crust!!",25,2025-02-17,1.033,24.2,WorthPoint
chelyabinsk,"Meteorite Chelyabinsk, Chondrite LL5, Fresh Crusted Stone 1,70g, Russia (1)",34.99,2025-02-07,70,0.5,WorthPoint
chelyabinsk,Nwa 6963 Mars Meteorite And Chelyabinsk Meteorite (2 Meteorites),26,2025-02-06,,,WorthPoint
chelyabinsk,Chelyabinsk Meteorite. LL5 .882 Grams. Cut Fragment.,18,2025-02-05,882,0.02,WorthPoint
chelyabinsk,Chelyabinsk 1.371g Meteorite & Sonic Blast Glass With Full Color Signed 8x11 COA,55,2025-02-02,1.371,40.12,WorthPoint
chelyabinsk,2024 3/3 SGA Washington Capitals William & Mary University Hat NHL Cap,16,2025-02-01,,,WorthPoint
chelyabinsk,5.83 Grams 27mm Part Crusted Cut Chunk Chelyabinsk Meteorite (LL5) Russia 2014,36.99,2025-01-31,5.83,6.34,WorthPoint
chelyabinsk,Traktor Chelyabinsk TIPAKTOP UCKA RUSSIAN TEAM VINTAGE PUCK WPHL -- Russia üá∑üá∫,48.45,2025-01-31,,,WorthPoint
chelyabinsk,"Nice Pyrochlore Crystals On Calcite: Ilmen Mountains, Chelyabinsk Oblast, Russia",150,2025-01-28,,,WorthPoint
chelyabinsk,Vintage Kasli Cast-Iron Bust Of Russian Generalissimo Of 18 Century Suvorov #39,189,2025-01-27,,,WorthPoint
chelyabinsk,Vintage 1980s Kasli Dutch Soot Cast-Iron Candle Holder Aquarium Made In USSR #42,79,2025-01-27,,,WorthPoint
chelyabinsk,4.95 Grams 27mm Part Crusted Cut Chunk Chelyabinsk Meteorite (LL5) Russia 2014,33.99,2025-01-26,4.95,6.87,WorthPoint
chelyabinsk,4.18 Grams 28mm Part Crusted Cut Slice Chelyabinsk Meteorite (LL5) Russia 2014,22.99,2025-01-26,4.18,5.5,WorthPoint
chelyabinsk,4.12 Grams 23mm Part Crusted Cut Slice Chelyabinsk Meteorite (LL5) Russia 2014,19.99,2025-01-26,4.12,4.85,WorthPoint
chelyabinsk,2.89 Grams 18mm Part Crusted Cut Slice Chelyabinsk Meteorite (LL5) Russia 2014,16.99,2025-01-26,2.89,5.88,WorthPoint
chelyabinsk,4.82 Grams 20mm Part Crusted Cut Chunk Chelyabinsk Meteorite (LL5) Russia 2014,38.13,2025-01-23,4.82,7.91,WorthPoint
chelyabinsk,4.02 Grams 25mm Part Crusted Cut Slice Chelyabinsk Meteorite (LL5) Russia 2014,27.8,2025-01-23,4.02,6.92,WorthPoint
chelyabinsk,2.15 Grams 27mm Part Crusted Cut Slice Chelyabinsk Meteorite (LL5) Russia 2014,13.99,2025-01-23,2.15,6.51,WorthPoint
chelyabinsk,2.40 Grams 17mm Part Crusted Cut Slice Chelyabinsk Meteorite (LL5) Russia 2014,15.5,2025-01-23,2.4,6.46,WorthPoint
chelyabinsk,11.36 Gram CHELYABINSK METEORITE Individual (LL5 Chondrite) 2013 Fall In RUSSIA,88,2025-01-21,11.36,7.75,WorthPoint
chelyabinsk,4.67 Grams 19mm Part Crusted Cut Chunk Chelyabinsk Meteorite (LL5) Russia 2014,29,2025-01-21,4.67,6.21,WorthPoint
chelyabinsk,4.01 Grams 28mm Part Crusted Cut Slice Chelyabinsk Meteorite (LL5) Russia 2014,22.5,2025-01-21,4.01,5.61,WorthPoint
chelyabinsk,3.17 Grams 23mm Part Crusted Cut Slice Chelyabinsk Meteorite (LL5) Russia 2014,20.5,2025-01-21,3.17,6.47,WorthPoint
chelyabinsk,1.69 Grams 15mm Part Crusted Cut Slice Chelyabinsk Meteorite (LL5) Russia 2014,13.16,2025-01-21,1.69,7.79,WorthPoint
chelyabinsk,.826 Grams For All 7 Crusted Individuals Chelyabinsk Meteorite (LL5) Russia 2014,11,2025-01-17,826,0.01,WorthPoint
chelyabinsk,.727 Grams For All 7 Crusted Individuals Chelyabinsk Meteorite (LL5) Russia 2014,9.99,2025-01-14,727,0.01,WorthPoint
chelyabinsk,"Chelyabinsk Whole Stones OC, LL5 Russia Fell Feb 15, 2013 2.16 G 6 Stones",32,2025-01-12,2.16,14.81,WorthPoint
chelyabinsk,"CHELYABINSK 2.036g Meteorite Partial Individual Great Fusion Crust, IMCA Sellers",58,2025-01-08,2.036,28.49,WorthPoint
chelyabinsk,.857 Grams For All 9 Crusted Individuals Chelyabinsk Meteorite (LL5) Russia 2014,12.5,2025-01-07,857,0.01,WorthPoint
chelyabinsk,.676 Grams For All 8 Crusted Individuals Chelyabinsk Meteorite (LL5) Russia 2014,12,2025-01-05,676,0.02,WorthPoint
chelyabinsk,Large CHELYABINSK Meteorite 39 Grams- Russia,210,2025-01-05,39,5.38,WorthPoint
chelyabinsk,Chelyabinsk Meteorite. LL5 20.2 Grams. End Cut. Nice! Sale!,175,2025-01-04,20.2,8.66,WorthPoint
chelyabinsk,AMAZONITE Sphere Carving Blue Gemstone Ball Mineral Crystal Healing,15.99,2025-01-03,,,WorthPoint
chelyabinsk,1997 2010 Russia 5000 Rubles Banknote Crisp UNC Uncirculated P-273b BE5894320,84.47,2025-01-02,,,WorthPoint
chelyabinsk,TRAKTOR CHELYABINSK VINTAGE 1999 RUSSIA SUPERLEAGUE HOCKEY JERSEY Men‚Äôs 3X,119.99,2025-01-01,,,WorthPoint
chelyabinsk,Traktor Chelyabinsk Vintage Russia Superleague Hockey Jersey Size 52,79.95,2025-01-01,,,WorthPoint
chelyabinsk,2024 3/9 SGA Washington Capitals Belt Bag NHL Fanny Pack Purse Women In Hockey,22,2024-12-31,,,WorthPoint
chelyabinsk,2024 3/30 SGA Washington Capitals Blue W Night T-Shirt NHL XXL 2XL T Shirt NHL,9,2024-12-31,,,WorthPoint
chelyabinsk,Anniversary 250 Years 1736-1986 CHELYABINSK VINTAGE METAL ORIGINAL PINBACK .RARE,45.99,2024-12-29,,,WorthPoint
chelyabinsk,Ukraine War Russian Army 239th Guards Tank Patch VKBO Summer Uniform Set Kyiv,240,2024-12-29,,,WorthPoint
chelyabinsk,2022 Philadelpha Flyers SGA Souvenir Beverage Cup NHL Couturier Giroux Provorov,5,2024-12-29,,,WorthPoint
chelyabinsk,10 Rubles Russian Federation 2009-2020 Bimetal Lot 11 Pcs.#426N,22,2024-12-27,,,WorthPoint
chelyabinsk,24.90 Gram CHELYABINSK METEORITE Individual (LL5 Chondrite) 2013 Fall In RUSSIA,200,2024-12-26,24.9,8.03,WorthPoint
chelyabinsk,Chelyabinsk 2.061g Meteorite & Sonic Blast Glass With Full Color Signed 8x11 COA,60,2024-12-23,2.061,29.11,WorthPoint
chelyabinsk,Nice LOT (7 Pcs) Small Chelyabinsk (LL5) Meteorite Part Slices/frags - 3.0 G,45,2024-12-21,3,15,WorthPoint
chelyabinsk,KHL Traktor Chelyabinsk Evgeny Kuznetsov Lutchusa Size 58 Jersey,92,2024-12-20,,,WorthPoint
chelyabinsk,Red Star Special Russian Grup Veterans 'dolg ' City Chelyabinsk Badge,65.99,2024-12-18,,,WorthPoint
chelyabinsk,CHELYABINSK - Observed Fall 2013 - LL5-S4-W0 Meteorite - CHY-0072 - 0.39g Crust,7.95,2024-12-16,0.39,20.38,WorthPoint
chelyabinsk,Vintage 1980s Kusa Dutch Soot Cast-Iron Hodja Nasreddin And Donkey Made USSR #41,149,2024-12-16,,,WorthPoint
chelyabinsk,Chelyabinsk Meteorite 1.36 Grams W/coa,28,2024-12-11,1.36,20.59,WorthPoint
chelyabinsk,CHELYABINSK - WITNESSED FALL - HISTORIC METEORITE - LL5 Chondrite - Russia 2013,7.2,2024-12-10,,,WorthPoint
chelyabinsk,Chelyabinsk 2.226g Meteorite & Sonic Blast Glass With Full Color Signed 8x11 COA,65,2024-12-07,2.226,29.2,WorthPoint
chelyabinsk,"Traktor Chelyabinsk Jersey, Black - Size 48 - #19 - KHL/Russian Super League",32,2024-12-06,,,WorthPoint
chelyabinsk,"""Original 1971 Soviet Russian Kasli Cast Iron Sculpture """"Dzhigitovka""""""",425,2024-12-03,,,WorthPoint
chelyabinsk,Andrei Kostitsyn's Early-2010s Montreal Canadiens Signed Warrior Game-Used Stick From The Personal Collection Of Carey Price - Classic Auctions LOA An,150,2024-12-03,,,WorthPoint
chelyabinsk,2024 3/28 SGA Carolina Hurricanes Martin Necas Bobblehead NHL March 28 Canes,21,2024-12-02,,,WorthPoint
chelyabinsk,REAL RUSSIAN LICENSE PLATE AUTO NUMBER CAR TAG MOSCOW FLAG Y911ea REGION 124,39.99,2024-12-01,,,WorthPoint
chelyabinsk,11.25 Gram CHELYABINSK METEORITE Individual (LL5 Chondrite) 2013 Fall In RUSSIA,110,2024-11-27,11.25,9.78,WorthPoint
chelyabinsk,"Vintage Men's MOLNIYA, USSR, Soviet Department Of Defense Pocket Watch 1941-1945",89.99,2024-11-26,,,WorthPoint
chelyabinsk,"""Limp Bizkit Chelyabinsk 2013 Tin Metal Bar Sign Poster - 30x20cm (~8x12"""")""",13.5,2024-11-26,,,WorthPoint
chelyabinsk,.259 Grams Chelyabinsk Meteorite ( LL5 ) Fully Crusted Individual Russia 2013,8.99,2024-11-25,259,0.03,WorthPoint
chelyabinsk,Russian License Plate Auto Number Car Tag St. Petersburg Russia Flag Region 198,49.99,2024-11-24,,,WorthPoint
chelyabinsk,28.08 Gram CHELYABINSK METEORITE Individual (LL5 Chondrite) 2013 Fall In RUSSIA,280,2024-11-24,28.08,9.97,WorthPoint
chelyabinsk,2024 2025 Washington Capitals Wizards Souvenir Stadium Popcorn Bowl SGA NHL NBA,14,2024-11-23,,,WorthPoint
chelyabinsk,19.76 Gram CHELYABINSK METEORITE Individual (LL5 Chondrite) 2013 Fall In RUSSIA,190,2024-11-22,19.76,9.62,WorthPoint
chelyabinsk,26.16 Gram CHELYABINSK METEORITE Individual (LL5 Chondrite) 2013 Fall In RUSSIA,260,2024-11-22,26.16,9.94,WorthPoint
chelyabinsk,Chelyabinsk Meteorite Slice,750,2024-11-20,,,WorthPoint
chelyabinsk,Chelyabinsk Meteorite Packet - Famous 2013 Catastrophic Russia Event -IMCA #3950,28,2024-11-20,,,WorthPoint
chelyabinsk,Chelyabinsk Meteorite. LL5 2.1 Grams. Part Slice Melt.,25,2024-11-19,2.1,11.9,WorthPoint
chelyabinsk,"""Chelyabinsk Meteorite & Sonic Blast Glass: Photo 4""""x6"""" Glossy Hi-Res (8x11 COA)""",15,2024-11-17,,,WorthPoint
chelyabinsk,""".387 Grams 8mm 100% """"smokey"""" Crusted Individual Chelyabinsk Meteorite (LL5)""",8.99,2024-11-15,387,0.02,WorthPoint
chelyabinsk,2023 1/3 SGA Washington Capitals Reverse Retro Pennant NHL 2023 January 3 Jan 3,8,2024-11-15,,,WorthPoint
chelyabinsk,Russian Open Face Zodiac Astrology Leo Pocket Watch,9,2024-11-11,,,WorthPoint
chelyabinsk,Ussr Chelyabinsk Pins,16,2024-11-09,,,WorthPoint
chelyabinsk,4.46 Gram CHELYABINSK METEORITE Individual (LL5 Chondrite) 2013 Fall In RUSSIA,73.15,2024-11-08,4.46,16.4,WorthPoint
chelyabinsk,Traktor Chelyabinsk/Russian Hockey League Jersey #55 Adult Large Black Sand Knot,129.99,2024-11-05,,,WorthPoint
chelyabinsk,"Meteorites, Lunar Meteorites, Space Rocks, Martian, Christies, Auction Catalogue",18.7,2024-11-04,,,WorthPoint
chelyabinsk,"1/72 Panzerstahl Object 704, Item # 89008, New In Opened Box!!!",45,2024-11-02,,,WorthPoint
chelyabinsk,Traktor Chelyabinsk TIPAKTOP UCKA RUSSIAN TEAM VINTAGE Hockey PUCK WPHL Set Of 2,45,2024-10-29,,,WorthPoint
chelyabinsk,72.24 Gram CHELYABINSK METEORITE Individual (LL5 Chondrite) 2013 Fall In RUSSIA,900,2024-10-29,72.24,12.46,WorthPoint
chelyabinsk,RUSSIAN Military TANK BADGE Original MADE IN CHELYABINSK FACTORY CCCP USSR,33.99,2024-10-27,,,WorthPoint
chelyabinsk,"Soviet Summer Mountain Shtormovka Jacket USSR-Afghan War, Stalker Zone Metro2033",70,2024-10-26,,,WorthPoint
chelyabinsk,2024-25 SGA Dallas Stars Souvenir Magnet Schedule 2024 2025 Stadium Giveaway,10,2024-10-21,,,WorthPoint
chelyabinsk,Corundum Var. Sapphire,1500,2024-10-18,,,WorthPoint
chelyabinsk,Chelyabinsk Individual Meteorite,450,2024-10-17,,,WorthPoint
chelyabinsk,"Fell 2013 Feb. 15, Chelyabinsk LL5 Meteorite With FUSION CRUST Russia 1.06 Grams",36,2024-10-15,1.06,33.96,WorthPoint
chelyabinsk,2024 4/4 SGA Washington Capitals Reusable Grocery Tote Bag Giveaway 2023-24 CAPS,11,2024-10-10,,,WorthPoint
chelyabinsk,Kotschubeite Cr Clinochlore In Matrix Verkhny Ufaley Chelyabinsk RUSSIA,12.99,2024-10-08,,,WorthPoint
chelyabinsk,.366 Grams Chelyabinsk Meteorite ( LL5 ) Fully Crusted Individual Russia 2013,11.99,2024-10-05,366,0.03,WorthPoint
chelyabinsk,.639 Grams 10mm 100% Crusted Individual Chelyabinsk Meteorite (LL5) Russia 2014,6.99,2024-10-02,639,0.01,WorthPoint
chelyabinsk,35.25 Gram CHELYABINSK METEORITE Individual (LL5 Chondrite) 2013 Fall In RUSSIA,490,2024-10-01,35.25,13.9,WorthPoint
chelyabinsk,.926 Grams 10mm Melt Crusted Individual Chelyabinsk Meteorite (LL5) Russia 2014,6.99,2024-09-29,926,0.01,WorthPoint
chelyabinsk,Chelyabinsk City Soviet Russia USSR Pin Badge Vintage,10,2024-09-29,,,WorthPoint
chelyabinsk,Russian Soviet Era Molnija Enameled Pocket Watch,76.8,2024-09-28,,,WorthPoint
chelyabinsk,Russian Soviet Era Molnija 18 Jewels Pocket Watch,76.8,2024-09-28,,,WorthPoint
chelyabinsk,Eduard Grossman Abstract Mixed Media Painting,480,2024-09-21,,,WorthPoint
chelyabinsk,Vintage 1980 Kasli Dutch Soot Cast-Iron Candle Holder Grapevine Made In USSR #43,94,2024-09-21,,,WorthPoint
chelyabinsk,Liberia - 2022 Chelyabinsk Meteorite - Stamp Souvenir Sheet - LIB220302b2,11.9,2024-09-14,,,WorthPoint
chelyabinsk,39.9 Grams Crusted Cut Chunk Chelyabinsk Meteorite (LL5) Russia 2014 With COA,229.99,2024-09-12,39.9,5.76,WorthPoint
chelyabinsk,Chelyabinsk Meteorite LL5 Chondrite 3.2g TM 11076,35,2024-09-08,3.2,10.94,WorthPoint
chelyabinsk,TRAKTOR CHELYABINSK OLEG SMIRNOV VINTAGE RUSSIA SUPERLEAGUE HOCKEY JERSEY Small,74.99,2024-09-08,,,WorthPoint
chelyabinsk,"Alexandra Kukinova Vintage Russian Artist Rare Handmade 28"" Art Doll Blue Dress",120,2024-09-08,,,WorthPoint
chelyabinsk,"1909 RPO TPO Cover Mail Car ""Chelyabinsk –ß–µ–ª—è–±–∏–Ω—Å–∫ 124 Samara –°–∞–º–∞—Ä–∞"" Numeral 1",6.99,2024-09-02,,,WorthPoint
chelyabinsk,"Meteorite**Chelyabinsk, LL5 Chondrite**1.048 Gram, Ultra Fresh Metals Present!!!",20.5,2024-09-02,1.048,19.56,WorthPoint
chelyabinsk,2013 Cook Islands $5 Stardust Chelyabinsk Meteorite 20g .925 Silver Proof Coin,149,2024-09-02,20,7.45,WorthPoint
chelyabinsk,.575 Gram 10mm Smokey Crusted Individual Chelyabinsk Meteorite (LL5) Russia 2014,6.99,2024-08-27,575,0.01,WorthPoint
chelyabinsk,.722 Grams 12mm 100% Crusted Individual Chelyabinsk Meteorite (LL5) Russia 2014,10.99,2024-08-27,722,0.02,WorthPoint
chelyabinsk,9.47 Grams Crusted End Cut Chelyabinsk Meteorite (LL5) Russia 2014 With COA,122.49,2024-08-26,9.47,12.93,WorthPoint
chelyabinsk,3.95 Grams Crusted End Cut Chelyabinsk Meteorite (LL5) Russia 2014 With COA,25.02,2024-08-26,3.95,6.33,WorthPoint
chelyabinsk,"Chelyabinsk, 2013 Witnessed Fall! LL5 Chondrite Meteorite, 17.7g, Mirror Polish",178.5,2024-08-26,17.7,10.08,WorthPoint
chelyabinsk,2.46 Grams Crusted Cut Slice Chelyabinsk Meteorite (LL5) Russia 2014 With COA,19.5,2024-08-26,2.46,7.93,WorthPoint
chelyabinsk,3.45 Grams Crusted Cut Slice Chelyabinsk Meteorite (LL5) Russia 2014 With COA,33,2024-08-26,3.45,9.57,WorthPoint
chelyabinsk,2.76 Grams Crusted Cut Slice Chelyabinsk Meteorite (LL5) Russia 2014 With COA,22.5,2024-08-26,2.76,8.15,WorthPoint
chelyabinsk,7.96 Grams Crusted End Cut Chelyabinsk Meteorite (LL5) Russia 2014 With COA,54.49,2024-08-23,7.96,6.85,WorthPoint
chelyabinsk,3.93 Grams Crusted End Cut Chelyabinsk Meteorite (LL5) Russia 2014 With COA,20.5,2024-08-23,3.93,5.22,WorthPoint
chelyabinsk,4.17 Grams Crusted Slice Chelyabinsk Meteorite (LL5) Russia 2014 With COA,24.99,2024-08-23,4.17,5.99,WorthPoint
chelyabinsk,8.51 Grams Crusted Cut Chunk Chelyabinsk Meteorite (LL5) Russia 2014 With COA,56,2024-08-23,8.51,6.58,WorthPoint
chelyabinsk,2.49 Grams Crusted Cut Slice Chelyabinsk Meteorite (LL5) Russia 2014 With COA,13.5,2024-08-23,2.49,5.42,WorthPoint
chelyabinsk,1.64 Grams Crusted Fragments Chelyabinsk Meteorite (LL5) Russia 2014 With COA,6.5,2024-08-23,1.64,3.96,WorthPoint
chelyabinsk,3.07 Grams Crusted End Cut Chelyabinsk Meteorite (LL5) Russia 2014 With COA,27.08,2024-08-21,3.07,8.82,WorthPoint
chelyabinsk,5.84 Grams Crusted Cut Slice Chelyabinsk Meteorite (LL5) Russia 2014 With COA,29.8,2024-08-21,5.84,5.1,WorthPoint
chelyabinsk,8.72 Grams Crusted Cut Slice Chelyabinsk Meteorite (LL5) Russia 2014 With COA,39.99,2024-08-21,8.72,4.59,WorthPoint
chelyabinsk,5.66 Grams Crusted Cut Chunk Chelyabinsk Meteorite (LL5) Russia 2014 With COA,33.05,2024-08-21,5.66,5.84,WorthPoint
chelyabinsk,2.33 Grams Crusted Cut Slice Chelyabinsk Meteorite (LL5) Russia 2014 With COA,12.5,2024-08-21,2.33,5.36,WorthPoint
chelyabinsk,"R79 Russia 2014 Silver 3 Roubles World Judo Championship, Chelyabinsk Proof",52,2024-08-20,,,WorthPoint
chelyabinsk,"R46 Russia 2012 Silver 3 Roubles European Judo Championship, Chelyabinsk Proof",59.52,2024-08-20,,,WorthPoint
chelyabinsk,Panzerstahl 89008 Object 704 - Prototype Chelyabinsk 1945 1:72,45,2024-08-20,,,WorthPoint
chelyabinsk,Nice Flight-shaped Chelyabinsk (LL5) Meteorite Individual - 8.1 G,119,2024-08-18,8.1,14.69,WorthPoint
chelyabinsk,.501 Gram 10mm Smokey Crusted Individual Chelyabinsk Meteorite (LL5) Russia 2014,5.99,2024-08-18,501,0.01,WorthPoint
chelyabinsk,"CHELYABINSK 11.85g LL5 Witnessed Meteorite, Fusion Crusted, Oriented, Flow Lines",299,2024-08-17,11.85,25.23,WorthPoint
chelyabinsk,"OUTER SPACE COMBO, Apollo 11, Challenger, Chelyabinsk, Mars, Meteorite, Moon",92.45,2024-08-11,,,WorthPoint
chelyabinsk,E. Kuznetsov Traktor Chelyabinsk KHL 2011-12 PRO Hockey Jersey Hurricanes DK L,199.99,2024-08-06,,,WorthPoint
chelyabinsk,Ice Hockey Puck.Traktor Chelyabinsk.Rare Early Version.Unused,20,2024-07-30,,,WorthPoint
chelyabinsk,.463 Grams 8mm 85% Crusted Individual Chelyabinsk Meteorite (LL5) Russia 2014,5.49,2024-07-29,463,0.01,WorthPoint
chelyabinsk,"Traktor Chelyabinsk Hockey Jersey, #38 Vorontsov, 56, Purple",29,2024-07-28,,,WorthPoint
chelyabinsk,WWII 2 Medals For Victory Over Germany And Liberation Of Prague With Award Cards,120,2024-07-25,,,WorthPoint
chelyabinsk,1982 Anatoly KARPOV Chess Player World Champion Chess Game Russian Postcard OLD,15.9,2024-07-22,,,WorthPoint
chelyabinsk,28.60 Gram CHELYABINSK METEORITE Individual (LL5 Chondrite) 2013 Fall In RUSSIA,360,2024-07-17,28.6,12.59,WorthPoint
chelyabinsk,"Chelyabinsk Meteorite ""Russia"" Chondrite ""Stony Meteorite""Space Gift, 30.79g",551.2,2024-07-17,30.79,17.9,WorthPoint
chelyabinsk,Meteorite Collection Lot Twenty-Five Different Types Labeled With Display Box,250,2024-07-13,,,WorthPoint
chelyabinsk,Soviet Russian Molnija 1991 Pocket Watch Krasnoyarsk Combine Plant 50 Yrs *RUNS*,44.95,2024-07-13,,,WorthPoint
chelyabinsk,2024 Washington Capitals Logo SGA Souvenir Beverage Cup NHL 2023-24 2023,6,2024-07-10,,,WorthPoint
chelyabinsk,1924 RUSSIA USSR Communist Russian ANTIQUE SILVER 1 Rouble Coin WORKERS I100425,748.5,2024-07-07,,,WorthPoint
chelyabinsk,0.65 Gram CHELYABINSK METEORITE Individual (LL5 Chondrite) 2013 Fall In RUSSIA,12,2024-07-06,0.65,18.46,WorthPoint
chelyabinsk,A Rare Soviet Magazine Book And Revolution 1930,224,2024-06-30,,,WorthPoint
chelyabinsk,"2015-16 Upper Deck The Cup Signature Renditions Combos #SRC-MF Connor McDavid/Zachary Fucale Dual-Signed Rookie Card - Beckett GEM MINT 9.5, Beckett 1",793,2024-06-30,,,WorthPoint
chelyabinsk,0.90 Gram CHELYABINSK METEORITE Individual (LL5 Chondrite) 2013 Fall In RUSSIA,16,2024-06-29,0.9,17.78,WorthPoint
chelyabinsk,0.52 Gram CHELYABINSK METEORITE Individual (LL5 Chondrite) 2013 Fall In RUSSIA,12,2024-06-29,0.52,23.08,WorthPoint
chelyabinsk,0.82 Gram CHELYABINSK METEORITE Individual (LL5 Chondrite) 2013 Fall In RUSSIA,23.2,2024-06-29,0.82,28.29,WorthPoint
chelyabinsk,0.60 Gram CHELYABINSK METEORITE Individual (LL5 Chondrite) 2013 Fall In RUSSIA,12,2024-06-29,0.6,20,WorthPoint
chelyabinsk,5.22 Gram CHELYABINSK METEORITE Individual (LL5 Chondrite) 2013 Fall In RUSSIA,124,2024-06-29,5.22,23.75,WorthPoint
chelyabinsk,0.97 Gram CHELYABINSK METEORITE Individual (LL5 Chondrite) 2013 Fall In RUSSIA,16.8,2024-06-29,0.97,17.32,WorthPoint
chelyabinsk,4.69 Gram CHELYABINSK METEORITE Individual (LL5 Chondrite) 2013 Fall In RUSSIA,79.2,2024-06-29,4.69,16.89,WorthPoint
chelyabinsk,43.6 Gram CHELYABINSK METEORITE Lot - Tiny Individuals - With Documentation,792,2024-06-29,43.6,18.17,WorthPoint
chelyabinsk,0.67 Gram CHELYABINSK METEORITE Individual (LL5 Chondrite) 2013 Fall In RUSSIA,36,2024-06-29,0.67,53.73,WorthPoint
chelyabinsk,6.31 Gram CHELYABINSK METEORITE Individual (LL5 Chondrite) 2013 Fall In RUSSIA,100.8,2024-06-29,6.31,15.97,WorthPoint
chelyabinsk,0.45 Gram CHELYABINSK METEORITE Individual (LL5 Chondrite) 2013 Fall In RUSSIA,12,2024-06-29,0.45,26.67,WorthPoint
chelyabinsk,4.76 Gram CHELYABINSK METEORITE Individual (LL5 Chondrite) 2013 Fall In RUSSIA,112,2024-06-29,4.76,23.53,WorthPoint
chelyabinsk,0.62 Gram CHELYABINSK METEORITE Individual (LL5 Chondrite) 2013 Fall In RUSSIA,12,2024-06-29,0.62,19.35,WorthPoint
chelyabinsk,0.44 Gram CHELYABINSK METEORITE Individual (LL5 Chondrite) 2013 Fall In RUSSIA,12,2024-06-29,0.44,27.27,WorthPoint
chelyabinsk,51.4 Gram CHELYABINSK METEORITE Individual (LL5 Chondrite) 2013 Fall In RUSSIA,492.8,2024-06-29,51.4,9.59,WorthPoint
chelyabinsk,1878 CNB HO RUSSIA Emperor ALEXANDER II ANTIQUE Silver 5 Kopeks Coin NGC I94984,188.5,2024-06-17,,,WorthPoint
chelyabinsk,1867 –ëM RUSSIA ALEXANDER II Antique 5 Kopek Coin Imperial Monogram I99451,138.5,2024-06-17,,,WorthPoint
chelyabinsk,"1.05 Grams 10mm 100% ""smokey"" Crusted Individual Chelyabinsk Meteorite (LL5)",18.99,2024-06-17,1.05,18.09,WorthPoint
chelyabinsk,.391 Grams 11mm 100% Crusted Individual Chelyabinsk Meteorite (LL5) Russia 2014,5.99,2024-06-17,391,0.02,WorthPoint
chelyabinsk,1.04 Grams 10mm Crusted Melt Individual Chelyabinsk Meteorite (LL5) Russia 2014,10.99,2024-06-17,1.04,10.57,WorthPoint
chelyabinsk,.476 Grams 8mm 100% Crusted Individual Chelyabinsk Meteorite (LL5) Russia 2014,12,2024-06-17,476,0.03,WorthPoint
chelyabinsk,.276 Grams 6mm 100% Crusted Individual Chelyabinsk Meteorite (LL5) Russia 2014,5.99,2024-06-17,276,0.02,WorthPoint
chelyabinsk,3.69 Grams 18x12x8mm 92% Crusted Individual Chelyabinsk Meteorite (LL5) 2014,39.99,2024-06-17,3.69,10.84,WorthPoint
chelyabinsk,Vintage Puck Traktor Chelyabinsk Polar Bears Russia EX (Noted) Game Used,18.99,2024-06-16,,,WorthPoint
chelyabinsk,.681 Grams 10mm 100% Crusted Individual Chelyabinsk Meteorite (LL5) Russia 2014,9.99,2024-06-15,681,0.01,WorthPoint
chelyabinsk,.786 Grams 11mm Nice Crusted Individual Chelyabinsk Meteorite (LL5) Russia 2014,9.99,2024-06-15,786,0.01,WorthPoint
chelyabinsk,.982 Grams 11mm Crusted Melt Individual Chelyabinsk Meteorite (LL5) Russia 2014,9.99,2024-06-15,982,0.01,WorthPoint
chelyabinsk,.484 Grams 8mm Crusted Melt Individual Chelyabinsk Meteorite (LL5) Russia 2014,6.99,2024-06-15,484,0.01,WorthPoint
chelyabinsk,.441 Grams 8mm 100% Crusted Individual Chelyabinsk Meteorite (LL5) Russia 2014,6.99,2024-06-15,441,0.02,WorthPoint
chelyabinsk,.580 Grams 9mm 100% Crusted Individual Chelyabinsk Meteorite (LL5) Russia 2014,9.99,2024-06-15,580,0.02,WorthPoint
chelyabinsk,11.58 Gram CHELYABINSK METEORITE Individual (LL5 Chondrite) 2013 Fall In RUSSIA,220,2024-06-12,11.58,19,WorthPoint
chelyabinsk,4.37 Gram CHELYABINSK METEORITE Individual (LL5 Chondrite) 2013 Fall In RUSSIA,130,2024-06-12,4.37,29.75,WorthPoint
chelyabinsk,Traktor Russia Superleague Hockey Jersey 2xl #79,49.4,2024-06-06,,,WorthPoint
chelyabinsk,Chelyabinsk 24 Gram Meteorite,200,2024-06-06,24,8.33,WorthPoint
chelyabinsk,"Chelyabinsk LL5 Chondrite Meteorite Chelyabinskaya Oblast', Russia 1.24 Grams",32.75,2024-06-02,1.24,26.41,WorthPoint
chelyabinsk,NEW! 2023 2024 SGA L Colorado Avalanche T-Shirt T Shirt 2023-24 NHL Hockey Large,14,2024-05-31,,,WorthPoint
chelyabinsk,"CHELYABINSK 1.898g Meteorite, Individual Stone, Fresh Fusion Crusted, A+ Quality",72,2024-05-28,1.898,37.93,WorthPoint
chelyabinsk,"CHELYABINSK 1.364g Meteorite, Nearly Full Individual, Glossy, A+ Fusion Crust",46,2024-05-28,1.364,33.72,WorthPoint
chelyabinsk,VTG Molnija (lightning) Russian Order Of Victory Pocket Watch Soviet WW2 Veteran,100,2024-05-24,,,WorthPoint
chelyabinsk,"CHELYABINSK 3.108g Meteorite, Complete, Super Regmaglypted Unique Individual",99,2024-05-16,3.108,31.85,WorthPoint
chelyabinsk,2024 3/28 SGA Carolina Hurricanes Grateful Dead T-Shirt NHL March 28 Canes XL,49.99,2024-05-15,,,WorthPoint
chelyabinsk,BLASTOID INDOCHINITE CHELYABINSK METEORITE Combination Listing,800,2024-05-12,,,WorthPoint
chelyabinsk,Chelyabinsk Tractor Plant Uraltrac RUSSIAN Compactor-CAST MODEL SET 1/43 USSR,26,2024-05-11,,,WorthPoint
chelyabinsk,"CHELYABINSK 1.857g Meteorite, Complete, Shiny Fusion Crust With Regmaglypts, A++",71,2024-05-10,1.857,38.23,WorthPoint
chelyabinsk,"CHELYABINSK 0.771g Meteorite, Hard Rollover Lip, IMCA Sellers",25,2024-05-09,0.771,32.43,WorthPoint
chelyabinsk,2024 SGA Dallas Stars Souvenir Beverage Cozy Koozie NHL Stadium Giveaway,5,2024-05-06,,,WorthPoint
chelyabinsk,Kuznetsov Traktor Jersey,40,2024-05-04,,,WorthPoint
chelyabinsk,Russia Chelyabinsk –ß–µ–ª—è–±–∏–Ω—Å–∫ Old Circus Pre WWI Vintage Laceret –õ–∞–Ω—Å–µ—Ä–µ Postcard,7.98,2024-05-01,,,WorthPoint
chelyabinsk,"City Of Chelyabinsk, Russia –ß–µ–ª—èÃÅ–±–∏–Ω—Å–∫ Heraldic Coat Of Arms Lapel Pin... RARE",6.74,2024-04-30,,,WorthPoint
chelyabinsk,"Chelyabinsk City 25 Pins, 2 Cards",55.99,2024-04-29,,,WorthPoint
chelyabinsk,Vintage Rare Kasli Cast-Iron Sculpture Of Young Soccer Player Made In USSR #40,169,2024-04-29,,,WorthPoint
chelyabinsk,"Vintage Kasli Cast-Iron Sculpture ""Young Woman Before Swimming"" Made In USSR #38",199,2024-04-29,,,WorthPoint
chelyabinsk,Chelyabinsk Meteorite Display Box - BinskBerries Plus Sonic Boom Glass,60,2024-04-29,,,WorthPoint
chelyabinsk,0.96 Gram CHELYABINSK METEORITE Individual (LL5 Chondrite) 2013 Fall In RUSSIA,17.43,2024-04-27,0.96,18.16,WorthPoint
chelyabinsk,Central Africa - 2022 Chelyabinsk Meteor - Stamp Souvenir Sheet - CA220202b,13,2024-04-27,,,WorthPoint
chelyabinsk,12.6 Grams 25mm Part Crusted Individual Chelyabinsk Meteorite (LL5) Russia 2014,123.5,2024-04-25,12.6,9.8,WorthPoint
chelyabinsk,"Meteorite**Chelyabinsk, Russia LL5**14.363 Gram, Extremely Fresh Individual!!!",299.99,2024-04-25,14.363,20.89,WorthPoint
chelyabinsk,2024 SGA Dallas Stars Souvenir Beverage Cup NHL Giveaway Benn Pavelski Seguin,7,2024-04-21,,,WorthPoint
chelyabinsk,NEW! 2024 SGA Carolina Hurricanes Mini Ice Cream Sundae Helmet NHL Canes Hockey,10,2024-04-06,,,WorthPoint
chelyabinsk,2024 3/22 SGA Washington Capitals XL Hawaiian Shirt NHL Margaritaville Night,37,2024-04-05,,,WorthPoint
chelyabinsk,13.27 Gram CHELYABINSK METEORITE Individual (LL5 Chondrite) 2013 Fall In RUSSIA,265,2024-04-04,13.27,19.97,WorthPoint
chelyabinsk,Lutch Traktor Chelyabinsk Valeri Nichushkin Hockey Jersey Size 54,90,2024-04-03,,,WorthPoint
chelyabinsk,"2015-16 Upper Deck The Cup Signature Renditions #SRC-MF Connor McDavid/Zachary Fucale Dual-Signed Rookie Card - BGS GEM MINT 9.5, Beckett 10 - True Ge",542.9,2024-03-31,,,WorthPoint
chelyabinsk,"Chelyabinsk Meteorite & Sonic Blast Glass: Photo 4""x6"" Glossy Hi-Res (8x11 COA)",15,2024-03-29,,,WorthPoint
chelyabinsk,4.41 Gram CHELYABINSK METEORITE Individual (LL5 Chondrite) 2013 Fall In RUSSIA,99,2024-03-29,4.41,22.45,WorthPoint
chelyabinsk,"2024 3/24 SGA Washington Capitals TJ Oshie 1,000 Game Rally Towel 2023-24 CAPS",24,2024-03-28,,,WorthPoint
chelyabinsk,NWA 6287 LL5 Chondrite Meteorite 4 Gram Part Slice,6.11,2024-03-27,4,1.53,WorthPoint
chelyabinsk,1877 CNB HI RUSSIA Emperor ALEXANDER II ANTIQUE Silver ROUBLE Coin NGC I85319,798.8,2024-03-23,,,WorthPoint
chelyabinsk,2024 3/24 SGA Washington Capitals #8 Alex Ovechkin Baseball Jersey NHL Alexander,99,2024-03-22,,,WorthPoint
chelyabinsk,Chelyabinsk Meteorite 2013 FALL 15 Feb 7.00 G Whole Fresh ?% Crusted Melt,70,2024-03-20,7,10,WorthPoint
chelyabinsk,CHELYABINSK CITY 6 PINS FOR Barobori Only,22.99,2024-03-19,,,WorthPoint
chelyabinsk,.245 Grams Chelyabinsk Meteorite ( LL5 ) Fully Crusted Individual Russia 2013,7.99,2024-03-16,245,0.03,WorthPoint
chelyabinsk,Lot Of 14 Vintage U.S.S.R. Soviet Pamphlets For The 1939's New York World's Fair,49.99,2024-03-14,,,WorthPoint
chelyabinsk,2024 3/22 SGA Washington Capitals Hawaiian Shirt NHL Margaritaville Night,85,2024-03-12,,,WorthPoint
chelyabinsk,6.91 Gram CHELYABINSK METEORITE Individual (LL5 Chondrite) 2013 Fall In RUSSIA,126,2024-03-05,6.91,18.23,WorthPoint
chelyabinsk,.217 Grams Chelyabinsk Meteorite ( LL5 ) Fully Crusted Individual Russia 2013,6.99,2024-03-05,217,0.03,WorthPoint
chelyabinsk,2024 3/3 SGA Washington Capitals CAPS Rally Towel 2023-24 March 3 Mar 3,9,2024-03-04,,,WorthPoint
chelyabinsk,2024 1/5 SGA Washington Capitals CAPS Rally Towel 2023-24 January 5 Jan 5,9,2024-03-03,,,WorthPoint
chelyabinsk,Nicely SHOCKED Chelyabinsk (LL5) Meteorite Crusted Slice - 8.1 G,149,2024-02-25,8.1,18.4,WorthPoint
chelyabinsk,1.03 Gram CHELYABINSK METEORITE Individual (LL5 Chondrite) 2013 Fall In RUSSIA,18.9,2024-02-19,1.03,18.35,WorthPoint
chelyabinsk,"Russian T34/76 Tank ""ChTZ"" Version 1943 Tamiya 1/35 Military Miniature Series",24.99,2024-02-17,,,WorthPoint
chelyabinsk,Chelyabinsk Meteorite. 7.4 Grams. 100% Melt Crusted.,85,2024-02-16,7.4,11.49,WorthPoint
chelyabinsk,Nicely SHOCKED Chelyabinsk (LL5) Meteorite Crusted Part Slice - 1.2 G,29,2024-02-15,1.2,24.17,WorthPoint
chelyabinsk,C1940's New Apartment Houses Steel Works Chelyabinsk RPPC Photo Postcard,29.95,2024-02-15,,,WorthPoint
chelyabinsk,Chelyabinsk Meteorite. 12.6 Grams. 70%+ Fusion Crusted Individual.,130,2024-02-13,12.6,10.32,WorthPoint
chelyabinsk,Chelyabinsk Meteorite Chondrite 2013 Russian Fall 2.1 Gram W/COA #17926,59.99,2024-02-09,2.1,28.57,WorthPoint
chelyabinsk,2024 2/11 SGA Washington Capitals Football Jersey #43 NHL Tom Wilson RARE!,95,2024-02-08,,,WorthPoint
chelyabinsk,"CHELYABINSK 1.192g Meteorite Half Stone, Oriented, Minor Rollover Lip On Bottom",36,2024-02-06,1.192,30.2,WorthPoint
chelyabinsk,1.42 Gram CHELYABINSK METEORITE Individual (LL5 Chondrite) 2013 Fall In RUSSIA,28,2024-01-29,1.42,19.72,WorthPoint
chelyabinsk,2022 Washington Capitals Alex Ovechkin 3rd All Time Banner SGA NHL 2021-22 2021,7,2024-01-24,,,WorthPoint
chelyabinsk,NEW!!! 2024 SGA XL Colorado Avalanche T-Shirt T Shirt 2023-24 NHL Hockey X-Large,16,2024-01-24,,,WorthPoint
chelyabinsk,Chelyabinsk Meteorite 14.1g LL5 Stony Chrondite SR4 Witnessed Fall Russia 2013^,149.59,2024-01-20,14.1,10.61,WorthPoint
chelyabinsk,Rare Find! Youtooz Collectibles NFKRZ #103 Vinyl Figure New Unopened,15.99,2024-01-19,,,WorthPoint
chelyabinsk,2023 2024 Washington Capitals Wizards Souvenir Stadium Popcorn Bowl SGA NHL NBA,26,2024-01-18,,,WorthPoint
chelyabinsk,2.07 Gram CHELYABINSK METEORITE Individual (LL5 Chondrite) 2013 Fall In RUSSIA,31.5,2024-01-17,2.07,15.22,WorthPoint
chelyabinsk,.966 Grams 11mm 100% Crusted Individual Chelyabinsk Meteorite (LL5) Russia 2014,7.99,2024-01-17,966,0.01,WorthPoint
chelyabinsk,.724 Grams 10mm 100% Crusted Individual Chelyabinsk Meteorite (LL5) Russia 2014,6.99,2024-01-14,724,0.01,WorthPoint
chelyabinsk,Chelyabinsk Meteorite Silver Proof Coin Cook Islands 2013,150,2024-01-13,,,WorthPoint
chelyabinsk,1/35 WWII T-34-76 Tank With UZTM Turret Modelist 303526 Plastic Model Kit,26.6,2024-01-12,,,WorthPoint
chelyabinsk,1.83 Gram CHELYABINSK METEORITE Individual (LL5 Chondrite) 2013 Fall In RUSSIA,45,2024-01-06,1.83,24.59,WorthPoint
chelyabinsk,2023 1/5 SGA Washington Capitals Grateful Dead Bucket Hat NHL January 5 Jan 5,75,2024-01-06,,,WorthPoint
chelyabinsk,0.46 Gram - FRESH CHELYABINSK (LL5) METEORITE - Witnessed Fall In Russia In 2013,14,2024-01-01,0.46,30.43,WorthPoint
chelyabinsk,"Russia 2023 Postcard, Chelyabinsk. Chelyabinsk Meteorite, VF NEW !!",9.65,2023-12-31,,,WorthPoint
chelyabinsk,1.28 Gram - FRESH CHELYABINSK (LL5) METEORITE - Witnessed Fall In Russia In 2013,28,2023-12-29,1.28,21.88,WorthPoint
chelyabinsk,1.20 Gram - FRESH CHELYABINSK (LL5) METEORITE - Witnessed Fall In Russia In 2013,27.5,2023-12-29,1.2,22.92,WorthPoint
chelyabinsk,0.58 Gram - FRESH CHELYABINSK (LL5) METEORITE - Witnessed Fall In Russia In 2013,15,2023-12-28,0.58,25.86,WorthPoint
chelyabinsk,2.18 Gram - FRESH CHELYABINSK (LL5) METEORITE - Witnessed Fall In Russia In 2013,37.5,2023-12-28,2.18,17.2,WorthPoint
chelyabinsk,1.00 Gram - FRESH CHELYABINSK (LL5) METEORITE - Witnessed Fall In Russia In 2013,24,2023-12-27,1,24,WorthPoint
chelyabinsk,.083 Grams Chelyabinsk Meteorite ( LL5 ) Fully Crusted Individual Russia 2013,6,2023-12-25,83,0.07,WorthPoint
chelyabinsk,Chelyabinsk - Observed Meteorite Fall 2013' - LL5-S4-W0 - CHY-0008 - FULL SLICE,83.95,2023-12-22,,,WorthPoint
chelyabinsk,29.8 Gram - CHELYABINSK (LL5) METEORITE - Witnessed Fall In Russia In 2013,232.2,2023-12-21,29.8,7.79,WorthPoint
chelyabinsk,2.22 Gram - FRESH CHELYABINSK (LL5) METEORITE - Witnessed Fall In Russia In 2013,45.6,2023-12-21,2.22,20.54,WorthPoint
chelyabinsk,22.9 Gram - CHELYABINSK (LL5) METEORITE - Witnessed Fall In Russia In 2013,204,2023-12-21,22.9,8.91,WorthPoint
chelyabinsk,2.62 Gram - FRESH CHELYABINSK (LL5) METEORITE - Witnessed Fall In Russia In 2013,49.2,2023-12-21,2.62,18.78,WorthPoint
chelyabinsk,1.55 Gram - FRESH CHELYABINSK (LL5) METEORITE - Witnessed Fall In Russia In 2013,39,2023-12-21,1.55,25.16,WorthPoint
chelyabinsk,2.29 Gram - FRESH CHELYABINSK (LL5) METEORITE - Witnessed Fall In Russia In 2013,46.2,2023-12-21,2.29,20.17,WorthPoint
chelyabinsk,20.9 Gram - CHELYABINSK (LL5) METEORITE - Witnessed Fall In Russia In 2013,189,2023-12-21,20.9,9.04,WorthPoint
chelyabinsk,22.7 Gram - CHELYABINSK (LL5) METEORITE - Witnessed Fall In Russia In 2013,204,2023-12-18,22.7,8.99,WorthPoint
chelyabinsk,Mini Museum First Edition Complete Set Mint Condition,1950,2023-12-18,,,WorthPoint
chelyabinsk,NWA 6287 LL5 Chondrite Meteorite 13.4 Gram Part Slice,11.5,2023-12-18,13.4,0.86,WorthPoint
chelyabinsk,Kyanite Crystal Fuchsite Matrix Specimen Borisovskie Sopki Southern Urals Russia,29.95,2023-12-17,,,WorthPoint
chelyabinsk,"Cast Iron Soviet Orlyonok Monument, Souvenir Building",115,2023-12-16,,,WorthPoint
chelyabinsk,FOR EBAY USER Dalesam11 ONLY - FIVE FANTA CANS SHIPPED TO AUSTRALIA,58.95,2023-12-13,,,WorthPoint
chelyabinsk,Silver Proof Coin Cook Islands 2013 Chelyabinsk Meteorite COIN MISSING COA,160,2023-12-11,,,WorthPoint
chelyabinsk,"TRAUMATOMY - Beneficial Amputation Of Excessive Limbs EP, 2014 CD (Like New)",22.7,2023-12-07,,,WorthPoint
chelyabinsk,Silver Proof Coin Cook Islands 2013 Chelyabinsk Meteorite Insert Russia COA,173,2023-11-29,,,WorthPoint
chelyabinsk,MINERALS : BLUISH GREY SAPPHIRE CRYSTALS ON MATRIX FROM PIT No. 298 In RUSSIA,13,2023-11-29,,,WorthPoint
chelyabinsk,2006 Russian Molnija Pocket Watch French Emperor Napoleon Bonaparte Waterloo,55,2023-11-25,,,WorthPoint
chelyabinsk,1895 RUSSIA Odessa Now UKRAINE Antique Medal For HOUSEKEEPING Exposition I73837,238.8,2023-11-24,,,WorthPoint
chelyabinsk,Vintage Traktor Chelyabinsk Russian Polar Bear Hockey Puck Made In Russia,30,2023-11-24,,,WorthPoint
chelyabinsk,NEW! Washington Capitals Sunglasses SGA 2023 Stadium Giveaway NHL Sun Glasses,10,2023-11-23,,,WorthPoint
chelyabinsk,1.38 Gram - FRESH CHELYABINSK (LL5) METEORITE - Witnessed Fall In Russia In 2013,34.2,2023-11-19,1.38,24.78,WorthPoint
chelyabinsk,BLUE GOLD CRUSTED REGMAGLYPTED 34g Boutal Fil CHAD METEORITE MUSEUM MASTERPIECE!,999,2023-11-17,34,29.38,WorthPoint
chelyabinsk,3.58 Gram - FRESH CHELYABINSK (LL5) METEORITE - Witnessed Fall In Russia In 2013,63,2023-11-15,3.58,17.6,WorthPoint
chelyabinsk,HC Traktor Chelyabinsk KHL Hockey Jersey 2021/22,120,2023-11-10,,,WorthPoint
chelyabinsk,"HC Traktor Chelyabinsk ""Vintage"" KHL Trucker Hat Cap, Snapback",29,2023-11-10,,,WorthPoint
chelyabinsk,"Traktor Chelyabinsk KHL ""Norwegian"" Cuffed Beanie Hat With Pom",18,2023-11-10,,,WorthPoint
chelyabinsk,14.73g CHELYABINSK Meteorite - Historic Witnessed Fall Russia - TOP METEORITE,195,2023-11-05,14.73,13.24,WorthPoint
chelyabinsk,7.94g CHELYABINSK Meteorite - Historic Witnessed Fall Russia - TOP METEORITE,108,2023-11-05,7.94,13.6,WorthPoint
chelyabinsk,3.67g CHELYABINSK Meteorite - Historic Witnessed Fall Russia - TOP METEORITE,83,2023-11-05,3.67,22.62,WorthPoint
chelyabinsk,3.84g CHELYABINSK Meteorite - Historic Witnessed Fall Russia - TOP METEORITE,65,2023-11-05,3.84,16.93,WorthPoint
chelyabinsk,2.93g CHELYABINSK Meteorite - Historic Witnessed Fall Russia - TOP METEORITE,67,2023-11-05,2.93,22.87,WorthPoint
chelyabinsk,2.89g CHELYABINSK Meteorite - Historic Witnessed Fall Russia - TOP METEORITE,65,2023-11-05,2.89,22.49,WorthPoint
chelyabinsk,2022-2023 Washington Capitals & Wizards Logo SGA Souvenir Beverage Cup NBA NHL,5,2023-11-04,,,WorthPoint
chelyabinsk,2.44g CHELYABINSK Meteorite - Historic Witnessed Fall Russia - TOP METEORITE,55,2023-11-02,2.44,22.54,WorthPoint
chelyabinsk,0.85 Gram - FRESH CHELYABINSK (LL5) METEORITE - Witnessed Fall In Russia In 2013,27.3,2023-10-29,0.85,32.12,WorthPoint
chelyabinsk,.444 Grams 8mm Crusted MELT Individual Chelyabinsk Meteorite (LL5) Russia 2014,5.99,2023-10-27,444,0.01,WorthPoint
chelyabinsk,3.22 Gram - FRESH CHELYABINSK (LL5) METEORITE - Witnessed Fall In Russia In 2013,57.6,2023-10-19,3.22,17.89,WorthPoint
chelyabinsk,1.43 Gram - FRESH CHELYABINSK (LL5) METEORITE - Witnessed Fall In Russia In 2013,37.8,2023-10-19,1.43,26.43,WorthPoint
chelyabinsk,2003 RUSSIA 1st KAMCHATKA EXPEDITION & CHUKOTKA Proof Silver 25 Rubl Coin I86513,1378.8,2023-10-18,,,WorthPoint
chelyabinsk,2000's HC Traktor Chelyabinsk Bears KHL Hockey Jersey! RARE & HTF In USA.,71.2,2023-10-18,,,WorthPoint
chelyabinsk,"Minerals : Light Blue Sapphire Crystals On All Sides Of Quartz, Miass In Russia",16.1,2023-10-18,,,WorthPoint
chelyabinsk,Central Africa - 2020 Meteorites & Dinosaurs - Stamp Souvenir Sheet - CA200514b,11.8,2023-10-17,,,WorthPoint
chelyabinsk,1/35 WWII Soviet Tank T-34-85 Dmitry Donskoy Modelist 303545 Plastic Model Kit,26.6,2023-10-13,,,WorthPoint
chelyabinsk,"1929 Press Photo Memorial To Nicolai Lenin In Chelyabinsk, Siberia",23.88,2023-10-12,,,WorthPoint
chelyabinsk,Nice LOT (10 Pcs) Small Chelyabinsk (LL5) Meteorite Part Slices/frags - 2.5 G,45,2023-10-12,2.5,18,WorthPoint
chelyabinsk,Cook Islands 2013 Meteorite Chelyabinsk $5 Proof Silver Coin Cosmic Rock Insert,150,2023-10-11,,,WorthPoint
chelyabinsk,Chelyabinsk Russia Meteorite Coin Medallic Limited Edition Of 2000 Numbered,58,2023-10-08,,,WorthPoint
chelyabinsk,"Tamiya 1/35 Russian T-34/76 1943 ""Chtz""Production Model 35149",25.6,2023-10-07,,,WorthPoint
chelyabinsk,USSR 1983 Table Medal 60th Anniversary Of CHELYABINSK TRACTOR FACTORY (#1465),30,2023-10-05,,,WorthPoint
chelyabinsk,"HC Traktor Chelyabinsk KHL ""Classic"" Cuffed Beanie Hat",17.5,2023-09-25,,,WorthPoint
chelyabinsk,"Original Badge Shock Worker Of Stalin Campaign In Chelyabinsk Region,1933",270,2023-09-23,,,WorthPoint
chelyabinsk,3.28 Gram - FRESH CHELYABINSK (LL5) METEORITE - Witnessed Fall In Russia In 2013,67.2,2023-09-15,3.28,20.49,WorthPoint
chelyabinsk,Nice Crusted-Shocked Chelyabinsk (LL5) Meteorite Part Slices (qty Of 2) - 1.71 G,35,2023-09-13,1.71,20.47,WorthPoint
chelyabinsk,1989 RUSSIA 500 Years Statehood Moscow Kremlin Proof Silver 3 Rouble Coin I86754,518.8,2023-09-12,,,WorthPoint
chelyabinsk,Chelyabinsk Meteorite Tiny Piece Aritifact Russia 4x6 Matted Photo Coa Rare,30,2023-09-10,,,WorthPoint
chelyabinsk,Nicely Crusted Chelyabinsk Meteorite (LL5) Thin Part Slice W/impact Melt - 0.25g,15,2023-09-07,0.25,60,WorthPoint
chelyabinsk,2.43 Gram - FRESH CHELYABINSK (LL5) METEORITE - Witnessed Fall In Russia In 2013,55.3,2023-09-07,2.43,22.76,WorthPoint
chelyabinsk,3.31 Gram - FRESH CHELYABINSK (LL5) METEORITE - Witnessed Fall In Russia In 2013,69.3,2023-09-07,3.31,20.94,WorthPoint
chelyabinsk,3.30 Gram - FRESH CHELYABINSK (LL5) METEORITE - Witnessed Fall In Russia In 2013,69.3,2023-09-07,3.3,21,WorthPoint
chelyabinsk,2.49 Gram - FRESH CHELYABINSK (LL5) METEORITE - Witnessed Fall In Russia In 2013,56,2023-09-07,2.49,22.49,WorthPoint
chelyabinsk,4.00 Gram - FRESH CHELYABINSK (LL5) METEORITE - Witnessed Fall In Russia In 2013,80.5,2023-09-07,4,20.13,WorthPoint
chelyabinsk,1.51 Gram - FRESH CHELYABINSK (LL5) METEORITE - Witnessed Fall In Russia In 2013,45.5,2023-09-07,1.51,30.13,WorthPoint
chelyabinsk,3.42 Gram - FRESH CHELYABINSK (LL5) METEORITE - Witnessed Fall In Russia In 2013,70.7,2023-09-07,3.42,20.67,WorthPoint
chelyabinsk,3.79 Gram - FRESH CHELYABINSK (LL5) METEORITE - Witnessed Fall In Russia In 2013,77,2023-09-07,3.79,20.32,WorthPoint
chelyabinsk,"Ural Russian Lemurian Sacred Scribe Quartz Crystal, Baby/Barnacles #3",75,2023-09-04,,,WorthPoint
chelyabinsk,Mini Museum Touch #1 Large Edition No 83/350 Hans Fex,661.51,2023-09-04,,,WorthPoint
chelyabinsk,1862 EM Emperor ALEXANDER II The LIBERATOR Antique Russian 2 Kopeks Coin I115243,78.8,2023-09-04,,,WorthPoint
chelyabinsk,1878 RUSSIA Emperor NICHOLAS II Antique 5 Kopek Coin Imperial Monogram I79535,50.8,2023-09-04,,,WorthPoint
chelyabinsk,1.84 Gram - FRESH CHELYABINSK (LL5) METEORITE - Witnessed Fall In Russia In 2013,49,2023-09-02,1.84,26.63,WorthPoint
chelyabinsk,NWA 6287 LL5 Chondrite Meteorite 26.1 Gram Part Slice,13.5,2023-09-01,26.1,0.52,WorthPoint
chelyabinsk,TRAKTOR Chelyabinsk Hockey Jersey 54 XL,55,2023-09-01,,,WorthPoint
chelyabinsk,"NEW! Chelyabinsk Meteorite LL5, Recent Fall, Russia, Excellent Individual 28.7 G",599.99,2023-08-25,28.7,20.91,WorthPoint
chelyabinsk,18.3 Gram - CHELYABINSK (LL5) METEORITE - Witnessed Fall In Russia In 2013,130,2023-08-24,18.3,7.1,WorthPoint
chelyabinsk,Chelyabinsk Meteorite From 2013 Blast Over Russia,6.5,2023-08-23,,,WorthPoint
chelyabinsk,Chelyabinsk Meteorite (Slabed) 3.0g. LL-5,35,2023-08-23,3,11.67,WorthPoint
chelyabinsk,22.76 Gram - CHELYABINSK (LL5) METEORITE - Witnessed Fall In Russia In 2013,238,2023-08-22,22.76,10.46,WorthPoint
chelyabinsk,"HC Traktor Chelyabinsk ""Monochrome"" KHL Trucker Hat Cap, Snapback",27,2023-08-22,,,WorthPoint
chelyabinsk,Russian Lemurian Sacred Scribe Quartz Crystal Manifestation Records #2,65.82,2023-08-20,,,WorthPoint
chelyabinsk,"Russian Lemurian Sacred Scribe Quartz Crystal, Key,Time Link, Travel, Records",175.5,2023-08-20,,,WorthPoint
chelyabinsk,"OLD TIME Chromian Clinochlore ""Kammererite"" RUSSIA -Ex. Hefendehl",223.5,2023-08-18,,,WorthPoint
chelyabinsk,"RUSSIA, 1961. Postage Due Card H&G 243, 2439, Magnitogorsk - Parnu",5.5,2023-08-16,,,WorthPoint
chelyabinsk,TRAKTOR CHELYABINSK VINTAGE RUSSIA HOCKEY JERSEY #32 –¢–ï–†–¢–´–®–ù–´–ô Tertyshny,7.5,2023-08-11,,,WorthPoint
chelyabinsk,Infinity Space Meteorite Fountain Pen,45,2023-08-11,,,WorthPoint
chelyabinsk,5.1 Gram Chelyabinsk Meteorite (LL5) Russia From The 2013 Strike,50,2023-08-11,5.1,9.8,WorthPoint
chelyabinsk,"Meteorite Collection - Stony, Iron, Libyan Desert Glass",115,2023-08-09,,,WorthPoint
chelyabinsk,6.507g Lot Of Small Crusted Pea Size Chelyabinsk Meteorites Fell In Russia 2013,65,2023-08-05,6.507,9.99,WorthPoint
chelyabinsk,Grand Rapids Griffins AHL Minor League Hockey TEEMU PULKINEN Bobblehead NIB,9.95,2023-07-28,,,WorthPoint
chelyabinsk,"Rare Auricupride Plus Other Related Minerals From Karabash, Urals, Russia....WOW",60,2023-07-28,,,WorthPoint
chelyabinsk,3.91 Gram - FRESH CHELYABINSK (LL5) METEORITE - Witnessed Fall In Russia In 2013,72.8,2023-07-28,3.91,18.62,WorthPoint
chelyabinsk,HC Traktor Chelyabinsk Bears KHL Hockey Jersey! RARE And NEW! Size 48,45,2023-07-24,,,WorthPoint
chelyabinsk,Guinea - 2022 Meteorites & Dinosaurs - Stamp Souvenir Sheet - GU220202b,13,2023-07-23,,,WorthPoint
chelyabinsk,Sikhote-Alin Meteorite In Lucite Pyramid,550,2023-07-22,,,WorthPoint
chelyabinsk,Chelyabinsk Collection,812.5,2023-07-22,,,WorthPoint
chelyabinsk,1994 Signature Rookies Autographed TETRAD SPORTS Cards (116/118) + 6 Extra Cards,29,2023-07-20,,,WorthPoint
chelyabinsk,Aerolite METEORITE Lot + Meteorite Ring + More,550,2023-07-17,,,WorthPoint
chelyabinsk,Epidote Crystals Akhmatovskaya Kop Chelyabinsk Oblast RUSSIA,14.07,2023-07-11,,,WorthPoint
chelyabinsk,.647 Grams 8mm Crusted MELT Individual Chelyabinsk Meteorite (LL5) Russia 2014,5.99,2023-07-11,647,0.01,WorthPoint
chelyabinsk,KAYLA HARRISON Hand Signed Autograph 4X6 PHOTO - Martial Artist GOLD MEDAL,5.5,2023-07-06,,,WorthPoint
chelyabinsk,30.6 Gram - CHELYABINSK (LL5) METEORITE - Witnessed Fall In Russia In 2013,208,2023-07-05,30.6,6.8,WorthPoint
chelyabinsk,"Chelyabinsk (LL5) Meteorite, Russia 2013, 2 Gram Full Slice",22,2023-07-02,2,11,WorthPoint
chelyabinsk,Andrei Kostitsyn's 2009-10 Montreal Canadiens Centennial Game Game-Worn Jersey - Centennial Patch!,428.4,2023-06-27,,,WorthPoint
chelyabinsk,Mini Museum 1st Edition - Hans Fex Kickstarter - Small (11 Items),399,2023-06-21,,,WorthPoint
chelyabinsk,.378 Grams 8mm 100% Crusted Individual Chelyabinsk Meteorite (LL5) Russia 2014,7.99,2023-06-17,378,0.02,WorthPoint
chelyabinsk,1.10 Grams 11mm Cut Fragment Chelyabinsk Meteorite (LL5) Russia 2014 With A COA,7.99,2023-06-16,1.1,7.26,WorthPoint
chelyabinsk,.447 Grams 10mm 100% Crusted Individual Chelyabinsk Meteorite (LL5) Russia 2014,8.99,2023-06-16,447,0.02,WorthPoint
chelyabinsk,3.45 Grams 17mm Crusted Individual Chelyabinsk Meteorite (LL5) Russia 2014 + COA,29.99,2023-06-14,3.45,8.69,WorthPoint
chelyabinsk,.509 Grams 10mm Crusted Individual Chelyabinsk Meteorite (LL5) Russia 2014+ COA,9.99,2023-06-14,509,0.02,WorthPoint
chelyabinsk,.408 Grams 8mm 100% Crusted Individual Chelyabinsk Meteorite (LL5) Russia 2014,8.99,2023-06-14,408,0.02,WorthPoint
chelyabinsk,"Meteorite**Chelyabinsk, Russia LL5**5.417 Gram, Extremely Fresh Individual!!!",71,2023-06-12,5.417,13.11,WorthPoint
chelyabinsk,2.71 Grams 14mm Crusted MELT Individual Chelyabinsk Meteorite (LL5) Russia 2014,17.5,2023-06-11,2.71,6.46,WorthPoint
chelyabinsk,1995 RUSSIA Far Eastern Stork KAFKAZ Bird OLD Proof Silver Ruble Coin NGC I89639,278.8,2023-06-11,,,WorthPoint
chelyabinsk,3.57 Grams 14mm Crusted Individual Chelyabinsk Meteorite (LL5) Russia 2014 + COA,43,2023-06-09,3.57,12.04,WorthPoint
chelyabinsk,"KORSAR Knife By ""Air Zlatoust""",130,2023-06-08,,,WorthPoint
chelyabinsk,Niger - 2019 Meteorites On Stamps - 4 Stamp Sheet - NIG190117a,11.65,2023-06-05,,,WorthPoint
chelyabinsk,Maldives - 2019 Meteorites - 4 Stamp Sheet - MLD190613a,9.6,2023-06-05,,,WorthPoint
chelyabinsk,33.3 Gram - CHELYABINSK (LL5) METEORITE - Witnessed Fall In Russia In 2013,325,2023-06-02,33.3,9.76,WorthPoint
chelyabinsk,"Hans Fex Mini Museum 1, Limited Edition Original Kickstarter 33 Items + Bonus",1200,2023-05-29,,,WorthPoint
chelyabinsk,Cook Islands 2013 Chelyabinsk Meteorite Insert Russia Silver Proof Coin COA,84,2023-05-29,,,WorthPoint
chelyabinsk,Nicely Crusted SHOCKED Chelyabinsk Meteorite (LL5) Part Slice - 1.11 G,19,2023-05-28,1.11,17.12,WorthPoint
chelyabinsk,10.3 Gram Chelyabinsk Meteorite (LL5) Russia From The 2013 Strike W/spikes,80,2023-05-27,10.3,7.77,WorthPoint
chelyabinsk,11.9 Gram Chelyabinsk Meteorite (LL5) Russia From The 2013 Strike,85,2023-05-27,11.9,7.14,WorthPoint
chelyabinsk,12.0 Gram Chelyabinsk Meteorite (LL5) Russia From The 2013 Strike,80,2023-05-27,12,6.67,WorthPoint
chelyabinsk,Chelyabinsk Meteorite With Shockwave Shattered Glass,29.99,2023-05-20,,,WorthPoint
chelyabinsk,"Niger - 2022 Meteorites, Chelyabinsk, Canyon Diablo - 4 Stamp Sheet - NIG220103a",14.4,2023-05-17,,,WorthPoint
chelyabinsk,15.43 Gram - CHELYABINSK (LL5) METEORITE - Witnessed Fall In Russia In 2013,150.15,2023-05-16,15.43,9.73,WorthPoint
chelyabinsk,35.10 Gram - CHELYABINSK (LL5) METEORITE - Witnessed Fall In Russia In 2013,341.9,2023-05-16,35.1,9.74,WorthPoint
chelyabinsk,Original Imperial Russian M1881 Dragoon Shashka Sword Saber Zlatoust Dated 1909,987,2023-05-15,,,WorthPoint
chelyabinsk,Original Imperial Russian M1907 Bebut Kindjal Short Sword Zlatoust Dated 1917,412,2023-05-15,,,WorthPoint
chelyabinsk,.159 Grams 7mm 100% Crusted Individual Chelyabinsk Meteorite (LL5) Russia 2014,5.5,2023-05-12,159,0.03,WorthPoint
chelyabinsk,2.10g CHELYABINSK Meteorite - Historic Witnessed Fall Russia - TOP METEORITE,51,2023-05-11,2.1,24.29,WorthPoint
chelyabinsk,Mini Museum 1st Edition - 33 Rare Specimins - Limited Edition By Hans Fex,1599.99,2023-05-06,,,WorthPoint
chelyabinsk,Mini Museum First Edition By Hans Fex - MM1 - Large 33 Specimens- NEW,1400,2023-05-06,,,WorthPoint
chelyabinsk,1.94g CHELYABINSK Meteorite - Historic Witnessed Fall Russia - TOP METEORITE,44,2023-05-05,1.94,22.68,WorthPoint
chelyabinsk,10.4 Gram - CHELYABINSK (LL5) METEORITE - Witnessed Fall In Russia In 2013,100.5,2023-04-30,10.4,9.66,WorthPoint
chelyabinsk,2021-2022 Washington Capitals Loyalty Is Loud SGA Souvenir Beverage Cup NHL 2022,5,2023-04-21,,,WorthPoint
chelyabinsk,2014 RUSSIA Sochi Olympics Skeleton Sled Color Proof Silver 3 Rouble Coin I95918,398.8,2023-04-18,,,WorthPoint
chelyabinsk,"Meteorite**Chelyabinsk, Russia LL5**6.289 Gram, Extremely Fresh Individual!!!",111.35,2023-04-17,6.289,17.71,WorthPoint
chelyabinsk,4.94g CHELYABINSK Meteorite - Historic Witnessed Fall Russia - TOP METEORITE,84,2023-04-16,4.94,17,WorthPoint
chelyabinsk,2.75g CHELYABINSK Meteorite - Historic Witnessed Fall Russia - TOP METEORITE,63,2023-04-16,2.75,22.91,WorthPoint
chelyabinsk,21.0 Gram - CHELYABINSK (LL5) METEORITE - Witnessed Fall In Russia In 2013,211.05,2023-04-16,21,10.05,WorthPoint
chelyabinsk,1.70g CHELYABINSK Meteorite - Historic Witnessed Fall Russia - TOP METEORITE,39,2023-04-15,1.7,22.94,WorthPoint
chelyabinsk,.341 Grams 7mm 100% Crusted Individual Chelyabinsk Meteorite (LL5) Russia 2014,5.99,2023-04-07,341,0.02,WorthPoint
chelyabinsk,Molnija Bear Themed U.S.S.R Pocket Watch,38,2023-04-06,,,WorthPoint
chelyabinsk,"Ganelin,Slava / Homyakov,Vladimir - Neuma [Used Very Good CD]",15.89,2023-04-02,,,WorthPoint
chelyabinsk,Chelyabinsk Meteorite Sonic Blast Boom Glass W/4x6 Photo Set & Original COA,15.2,2023-03-31,,,WorthPoint
chelyabinsk,"Tamiya 1/35 Russian T34/76 1943 ""Chtz""Production Model 35149",25.6,2023-03-30,,,WorthPoint
chelyabinsk,"5.5"" PYRITE Gleaming Brassy Gold Crystals Urals Russia Old Collection For Sale",60,2023-03-24,,,WorthPoint
chelyabinsk,"Russian Lemurian Sacred Scribe Quartz Crystal, Seed, Dolphin, Records 3",33.33,2023-03-24,,,WorthPoint
chelyabinsk,2023 3/21 Alex Ovechkin Goal Counter Bobblehead EMPTY BOX + TICKET + SCHEDULE,20,2023-03-22,,,WorthPoint
chelyabinsk,2023 3/21 Alex Ovechkin Goal Counter Bobblehead SGA Washington Capitals NHL Ovi,160,2023-03-22,,,WorthPoint
chelyabinsk,"WWII, CHELYABINSK CITY - TANK CITY, ARKHANGELSK 11 PINS For Dariign0 Only",36.99,2023-03-21,,,WorthPoint
chelyabinsk,"AIR Zlatoust Knife ""Korsar"".",130,2023-03-21,,,WorthPoint
chelyabinsk,Chelyabinsk Meteorite 2013 FALL 15 Feb 4.50 G Whole Fresh 100% Crusted Gem,50,2023-03-20,4.5,11.11,WorthPoint
chelyabinsk,2020-21 Binghamton Devils Nikita Okhotyuk AHL Game Issued Black Jersey Size 56,167.5,2023-03-16,,,WorthPoint
chelyabinsk,Blue Sapphire Corundum Crystal Russia / Yellow Heliodor Beryl Crystal Madagascar,24.5,2023-03-13,,,WorthPoint
chelyabinsk,Boxed Meteorite Lot - Chelyabinsk - Nwa 869 - Sericho,26,2023-03-12,,,WorthPoint
chelyabinsk,All Five .544 Total Grams Partly Crusted Chelyabinsk Meteorite (LL5) Russia 2014,7.5,2023-03-12,,,WorthPoint
chelyabinsk,Five (5) VERY SMALL Chelyabinsk Meteorite Individuals (LL5) - 0.044 G Total,14,2023-03-10,0.044,318.18,WorthPoint
chelyabinsk,32.5 Gram - CHELYABINSK (LL5) METEORITE - Witnessed Fall In Russia In 2013,365.25,2023-03-10,32.5,11.24,WorthPoint
chelyabinsk,34.5 Gram - CHELYABINSK (LL5) METEORITE - Witnessed Fall In Russia In 2013,387.75,2023-03-10,34.5,11.24,WorthPoint
chelyabinsk,"CHELYABINSK 1.305g Oriented Meteorite Witnessed Fall, A+ Quality, IMCA 6236 7294",43,2023-03-10,1.305,32.95,WorthPoint
chelyabinsk,1852 EM Emperor NICHOLAS I Antique Russian Kopek Coin Imperial Monogram I90450,198.8,2023-03-09,,,WorthPoint
chelyabinsk,1924 RUSSIA Soviet Union VINTAGE POLTINNIK Worker 50 Kopek Silver Coin I97132,210.8,2023-02-24,,,WorthPoint
chelyabinsk,Mini Museum 1 - 1st Edition Large 33 Rare Specimens Hans Fex. Dinosaur Fossil,1299,2023-02-21,,,WorthPoint
chelyabinsk,"Old April 1939 Sovietland Magazine - Vol VIII, Number 4",20,2023-02-15,,,WorthPoint
chelyabinsk,Cook Islands Silver 2013 $5 Chelyabinsk Meteorite Sterling Silver W/ Meteorite Fragment,88.7,2023-02-12,,,WorthPoint
chelyabinsk,"Central Africa - 2021 Meteorites, Chondrite, Iron - 4 Stamp Sheet - CA210303a",11.8,2023-02-07,,,WorthPoint
chelyabinsk,USSR 1946 Motorcycle License Plate –ö–§ 38 43 KF Black Yellow Kurgan Oblast Russia,103.69,2023-02-02,,,WorthPoint
chelyabinsk,"Soviet Army Steel Enameled 0,4 Liters Mug USSR-Afghan War Chechen War Stalker",20,2023-01-31,,,WorthPoint
chelyabinsk,Vintage Traktor Chelyabinsk Russian Hockey Puck Made In Russia,29.99,2023-01-27,,,WorthPoint
chelyabinsk,Chelyabinsk Meteorite LL5 .73g Chip With Great Shock Veins And A Frothy Crust,16.5,2023-01-26,73,0.23,WorthPoint
chelyabinsk,Archer 1/35 Russian IS-2 Model 1944 ChKZ Tank Markings (Dragon / Tamiya) AR35151,11.95,2023-01-26,,,WorthPoint
chelyabinsk,Traktor Chelyabinsk Russian KHL Hockey Jersey Kapoh Lutchsport Sz 48 Russia NHL,89.99,2023-01-26,,,WorthPoint
chelyabinsk,1861 CPB RUSSIA Czar Alexander II Silver 10 Kopeks OLD RUSSIAN Coin EAGLE I95984,98.8,2023-01-21,,,WorthPoint
chelyabinsk,1/35 Tamiya Russian T34/76 ChTZ 35149,28.79,2023-01-20,,,WorthPoint
chelyabinsk,"SUPERB Perovskite & Clinochlore Crystal AKHMATOVSKAYA KOP, RUSSIA - Ex. Zinn",346,2023-01-13,,,WorthPoint
chelyabinsk,Footballers Vintage USSR Soviet Russia Kasli Cast-Iron Table Clock Molnia 1950s,1200,2023-01-12,,,WorthPoint
chelyabinsk,Nicely Crusted Chelyabinsk Meteorite Individual (LL5) - 7.2 G - FRESH,89,2023-01-10,7.2,12.36,WorthPoint
chelyabinsk,.152 Grams 7mm Crusted Individual Chelyabinsk Meteorite (LL5) Russia 2014,5.5,2023-01-09,152,0.04,WorthPoint
chelyabinsk,"Meteorite**Chelyabinsk, Russia LL5**2.001 Gram, Extreme Flow Lines!!! Top Piece!",102.5,2023-01-09,2.001,51.22,WorthPoint
chelyabinsk,.860 Grams 11mm 100% Crusted Individual Chelyabinsk Meteorite (LL5) Russia 2014,6.99,2023-01-07,860,0.01,WorthPoint
chelyabinsk,"Chelyabinsk Meteorite LL5, Recent Fall, Russia, Individual Impact Melt, 8.9 Gr",99.99,2023-01-05,8.9,11.23,WorthPoint
chelyabinsk,FLIGHT MARKED Chelyabinsk Meteorite Nicely Crusted Individual (LL5) - 1.09 G,27,2023-01-01,1.09,24.77,WorthPoint
chelyabinsk,2.63 Gram - Chelyabinsk Meteorite - Witnessed Fall In Russia - Fresh Specimen,66.5,2022-12-25,2.63,25.29,WorthPoint
chelyabinsk,3.09 Gram - Chelyabinsk Meteorite - Witnessed Fall In Russia - Fresh Specimen,90.3,2022-12-25,3.09,29.22,WorthPoint
chelyabinsk,2.92 Gram - Chelyabinsk Meteorite - Witnessed Fall In Russia - Fresh Specimen,73.5,2022-12-25,2.92,25.17,WorthPoint
chelyabinsk,2.72 Gram - Chelyabinsk Meteorite - Witnessed Fall In Russia - Fresh Specimen,73.5,2022-12-25,2.72,27.02,WorthPoint
chelyabinsk,3.52 Gram - Chelyabinsk Meteorite - Witnessed Fall In Russia - Fresh Specimen,73.5,2022-12-25,3.52,20.88,WorthPoint
chelyabinsk,4.0 Gram - Chelyabinsk Meteorite - Witnessed Fall In Russia - Fresh Specimen,55.3,2022-12-25,4,13.83,WorthPoint
chelyabinsk,2.98 Gram - Chelyabinsk Meteorite - Witnessed Fall In Russia - Fresh Specimen,66.5,2022-12-25,2.98,22.32,WorthPoint
chelyabinsk,3.11 Gram - Chelyabinsk Meteorite - Witnessed Fall In Russia - Fresh Specimen,66.5,2022-12-25,3.11,21.38,WorthPoint
chelyabinsk,2.74 Gram - Chelyabinsk Meteorite - Witnessed Fall In Russia - Fresh Specimen,73.5,2022-12-25,2.74,26.82,WorthPoint
chelyabinsk,3.81 Gram - Chelyabinsk Meteorite - Witnessed Fall In Russia - Fresh Specimen,55.3,2022-12-25,3.81,14.51,WorthPoint
chelyabinsk,2.81 Gram - Chelyabinsk Meteorite - Witnessed Fall In Russia - Fresh Specimen,66.5,2022-12-25,2.81,23.67,WorthPoint
chelyabinsk,4.17 Gram - Chelyabinsk Meteorite - Witnessed Fall In Russia - Fresh Specimen,87.5,2022-12-25,4.17,20.98,WorthPoint
chelyabinsk,2.59 Gram - Chelyabinsk Meteorite - Witnessed Fall In Russia - Fresh Specimen,59.5,2022-12-25,2.59,22.97,WorthPoint
chelyabinsk,3.36 Gram - Chelyabinsk Meteorite - Witnessed Fall In Russia - Fresh Specimen,87.5,2022-12-25,3.36,26.04,WorthPoint
chelyabinsk,2.65 Gram - Chelyabinsk Meteorite - Witnessed Fall In Russia - Fresh Specimen,66.5,2022-12-25,2.65,25.09,WorthPoint
chelyabinsk,2021-2022 Washington Capitals Team Poster SGA NHL 2022 Ovechkin Backstrom Wilson,25,2022-12-25,,,WorthPoint
chelyabinsk,.340 Grams 7mm 100% Crusted Individual Chelyabinsk Meteorite (LL5) Russia 2014,5.99,2022-12-24,340,0.02,WorthPoint
chelyabinsk,"PEROVSKITE Crystal * Achmatovsk Mine, Chelyabinsk Oblast, Russia",17.5,2022-12-22,,,WorthPoint
chelyabinsk,"Meteorite**Chelyabinsk, Russia LL5**2.193 Gram, Extremely Fresh Oriented Piece!!",76,2022-12-19,2.193,34.66,WorthPoint
chelyabinsk,.424 Grams 7mm 100% Crusted Individual Chelyabinsk Meteorite (LL5) Russia 2014,5.99,2022-12-17,424,0.01,WorthPoint
chelyabinsk,Vintage USSR Russian Soviet Tank Table Desk Clock CHELYABINSK ChChZ Clear Lucite,25,2022-12-17,,,WorthPoint
chelyabinsk,2005-06 Springfield Falcons Ryan Vesce AHL Game Worn Black Jersey Size 56,170.5,2022-12-17,,,WorthPoint
chelyabinsk,3.76 Gram - Chelyabinsk Meteorite - Witnessed Fall In Russia - Fresh Specimen,87.5,2022-12-16,3.76,23.27,WorthPoint
chelyabinsk,Soviet Russian Kasli Cast Iron Small Mephistopheles Devil Figurine Made In USSR,60,2022-12-15,,,WorthPoint
chelyabinsk,"Chelyabinsk 2.107g Meteorite- Individual Stone, FRESH FUSION CRUSTED, A+ Quality",45,2022-12-13,2.107,21.36,WorthPoint
chelyabinsk,3.73 Gram - Chelyabinsk Meteorite - Witnessed Fall In Russia - Fresh Specimen,52.5,2022-12-11,3.73,14.08,WorthPoint
chelyabinsk,2022 12/9 SGA Washington Capitals Snapback Hat NHL Stadium Giveaway Cap 2023,45,2022-12-11,,,WorthPoint
chelyabinsk,Soviet Russian Kasli Cast Iron Metal Mephistopheles Devil Figurine Made In USSR,80,2022-12-09,,,WorthPoint
chelyabinsk,Antique Cast Iron Kacnh Kasli Foundry Flounder Tray,36,2022-12-08,,,WorthPoint
chelyabinsk,"Sapphire (Corundum) Crystal On Matrix Specimen. Chelyabinsk, Russia COA & Box",16.99,2022-12-08,,,WorthPoint
chelyabinsk,.481 Grams 8mm 100% Crusted Individual Chelyabinsk Meteorite (LL5) Russia 2014,5.99,2022-12-05,481,0.01,WorthPoint
chelyabinsk,.547 Grams 9mm 100% Crusted Individual Chelyabinsk Meteorite (LL5) Russia 2014,6.99,2022-12-05,547,0.01,WorthPoint
chelyabinsk,Famous Chelyabinsk Meteorite Complete Individual.,160,2022-12-02,,,WorthPoint
chelyabinsk,Meteorite From Biggest Meteor Strike Since 1907.,160,2022-12-02,,,WorthPoint
chelyabinsk,2.4 Gram - Chelyabinsk Meteorite - Witnessed Fall In Russia - Fresh Specimen,38.4,2022-12-02,2.4,16,WorthPoint
chelyabinsk,2022 John Carlson Bobblehead 3/22 SGA Washington Capitals NHL Stadium Giveaway,18,2022-12-01,,,WorthPoint
chelyabinsk,.526 Grams 8mm 100% Crusted Individual Chelyabinsk Meteorite (LL5) With A COA,5.24,2022-12-01,526,0.01,WorthPoint
chelyabinsk,1897 RUSSIA Emperor NICHOLAS II Imperial Monogram Antique 50 Kopeks Coin I82789,150.8,2022-11-30,,,WorthPoint
chelyabinsk,Crusted Impact Melt Chelyabinsk Meteorite End Cut (LL5) - 7.8g,79,2022-11-30,7.8,10.13,WorthPoint
chelyabinsk,6.63 Gram - Chelyabinsk Meteorite - Witnessed Fall In Russia - Fresh Specimen,120,2022-11-29,6.63,18.1,WorthPoint
chelyabinsk,Russian Lemurian Sacred Scribe Quartz Crystal Old Stock Record Keeper #1,9.99,2022-11-29,,,WorthPoint
chelyabinsk,.607 Grams 13mm 100% Crusted Individual Chelyabinsk Meteorite (LL5) Russia 2014,8.99,2022-11-28,607,0.01,WorthPoint
chelyabinsk,.713 Grams 10mm 100% Crusted Individual Chelyabinsk Meteorite (LL5) Russia 2014,8.99,2022-11-28,713,0.01,WorthPoint
chelyabinsk,.823 Grams 10mm Crusted Individual Chelyabinsk Meteorite (LL5) Russia 2014,7.99,2022-11-28,823,0.01,WorthPoint
chelyabinsk,1.32 Grams 8mm Crusted Individual Chelyabinsk Meteorite (LL5) With A COA,9.5,2022-11-28,1.32,7.2,WorthPoint
chelyabinsk,.924 Grams 10mm Crusted Individual Chelyabinsk Meteorite (LL5) Russia 2014,8.99,2022-11-26,924,0.01,WorthPoint
chelyabinsk,1.22 Gram - Chelyabinsk Meteorite - Witnessed Fall In Russia - Fresh Specimen,55,2022-11-26,1.22,45.08,WorthPoint
chelyabinsk,1.41 Grams Chelyabinsk Meteorite ( LL5 ) Crusted Individual Russia 2013,14.99,2022-11-25,1.41,10.63,WorthPoint
chelyabinsk,1.85 Grams Chelyabinsk Meteorite ( LL5 ) Crusted Individual Russia 2013,18.99,2022-11-25,1.85,10.26,WorthPoint
chelyabinsk,.432 Grams 7mm 100% Crusted Individual Chelyabinsk Meteorite (LL5) Russia 2014,5.99,2022-11-25,432,0.01,WorthPoint
chelyabinsk,.290 Grams 8mm 100% Crusted Individual Chelyabinsk Meteorite (LL5) Russia 2014,5.99,2022-11-25,290,0.02,WorthPoint
chelyabinsk,"CHELYABINSK 1.487g Meteorite, GLOSSY Fusion Crust, FLOW LINES, A+ Quality",55,2022-11-25,1.487,36.99,WorthPoint
chelyabinsk,1922 RUSSIA Antique Silver 20 Kopeks RUSSIAN Coin EAGLE I80116,50.8,2022-11-24,,,WorthPoint
chelyabinsk,Russia Chelyabinsk –ß–µ–ª—è–±–∏–Ω—Å–∫ - West Side Pre WWI Postcard,12,2022-11-22,,,WorthPoint
chelyabinsk,.944 Grams Chelyabinsk Meteorite ( LL5 ) Crusted Individual Russia 2013,9.99,2022-11-21,944,0.01,WorthPoint
chelyabinsk,.303 Grams 7mm 97% Crusted Individual Chelyabinsk Meteorite (LL5) Russia 2014,6.99,2022-11-21,303,0.02,WorthPoint
chelyabinsk,"Chelyabinsk Meteorite & Pressure Wave Shatter Glass Set, Great For Gifts",65.95,2022-11-20,,,WorthPoint
chelyabinsk,Impact Melt Chelyabinsk (LL5) - (2) Meteorite Part Slices Totals - 0.47 G,17,2022-11-18,0.47,36.17,WorthPoint
chelyabinsk,Nicely Crusted Chelyabinsk Meteorite Individual (LL5) - 1.03 G - FRESH,22,2022-11-14,1.03,21.36,WorthPoint
chelyabinsk,"Deep Blue Azurite Geode, Russia - Mineral Specimen For Sale",75,2022-11-14,,,WorthPoint
chelyabinsk,2.24 Gram - Chelyabinsk Meteorite - Witnessed Fall In Russia - Fresh Specimen,36,2022-11-14,2.24,16.07,WorthPoint
chelyabinsk,2013 NHL Draft June 22nd MacKinnon Barkov Great Class New Jersey COMP Ticket,26.99,2022-11-09,,,WorthPoint
chelyabinsk,Nicely Crusted SHOCKED Chelyabinsk Meteorite (LL5) Slice - 1.50 G,35,2022-11-08,1.5,23.33,WorthPoint
chelyabinsk,5.03 Gram - Chelyabinsk Meteorite - Witnessed Fall In Russia - Fresh Specimen,79.2,2022-11-07,5.03,15.75,WorthPoint
chelyabinsk,.801 Gram 14mm Smokey Crusted Individual Chelyabinsk Meteorite (LL5) Russia 2014,7.99,2022-11-04,801,0.01,WorthPoint
chelyabinsk,1.54 Gram - Chelyabinsk Meteorite - Witnessed Fall In Russia - Fresh Specimen,41.6,2022-11-04,1.54,27.01,WorthPoint
chelyabinsk,.501 Grams 8mm 100% Crusted Individual Chelyabinsk Meteorite (LL5) Russia 2014,8.5,2022-11-01,501,0.02,WorthPoint
chelyabinsk,Genuine Chelyabinsk Meteorite (Russia) In Display Box,45,2022-10-31,,,WorthPoint
chelyabinsk,"Meteorite**Chelyabinsk, Russia LL5**0.929 Gram, Extremely Fresh Fragment!!!!",11.61,2022-10-31,0.929,12.5,WorthPoint
chelyabinsk,Cincinnati Cyclones Authentic Pro Hockey Jersey - Jan BULIS - Size 52 - IHL,249,2022-10-30,,,WorthPoint
chelyabinsk,"Russian Lemurian Sacred Scribe Tabby Cathedral Quartz Crystal, Old Stock #1",9.99,2022-10-29,,,WorthPoint
chelyabinsk,"Peshkova, I. M. THE ART OF KASLI MASTERS [ Two Volume Set ] 1st Edition 1st Pri",197.5,2022-10-28,,,WorthPoint
chelyabinsk,Russian FSB (former KGB) Shield And Sword / Natural Serpentine Stone /1992-1994s,445.95,2022-10-22,,,WorthPoint
chelyabinsk,"Russian TWIN KEY Lemurian Sacred Scribe Quartz Crystal, Old Stock, 11",33.33,2022-10-21,,,WorthPoint
chelyabinsk,Mini Museum First Edition - TOUCH - 35 Specimens) Hans Fex Book - Rare!,799,2022-10-13,,,WorthPoint
chelyabinsk,.325 Grams 9mm 100% Crusted Individual Chelyabinsk Meteorite (LL5) Russia 2014,5.99,2022-10-12,325,0.02,WorthPoint
chelyabinsk,.515 Grams 8mm 100% Crusted Individual Chelyabinsk Meteorite (LL5) Russia 2014,7.5,2022-10-12,515,0.01,WorthPoint
chelyabinsk,Vesicular Impact Chelyabinsk (LL5) - (3) Meteorite Part Slices Totals - 0.31 G,15,2022-10-09,0.31,48.39,WorthPoint
chelyabinsk,Advanced Modeling 1/48 Scale Decals Su-24M/MR Chelyabinsk Eagles Pt.1 AMD148021,11.99,2022-10-09,,,WorthPoint
chelyabinsk,Advanced Modeling 1/72 Scale Decals Su-24M/MR Chelyabinsk Eagles Pt.1 AMD172021,7.99,2022-10-09,,,WorthPoint
chelyabinsk,Advanced Modeling 1/72 Decals Su-24M/MR Chelyabinsk Eagles Pt.2 AMD172021-1,7.99,2022-10-09,,,WorthPoint
chelyabinsk,2.15 Grams Chelyabinsk Meteorites (LL5) Russia 2013 Crusted Individual LOT!,49.95,2022-10-07,2.15,23.23,WorthPoint
chelyabinsk,.468 Grams 10mm 100% Crusted Individual Chelyabinsk Meteorite (LL5) Russia 2014,8.5,2022-10-06,468,0.02,WorthPoint
chelyabinsk,2.47 Gram - Chelyabinsk Meteorite - Witnessed Fall In Russia - Fresh Specimen,36,2022-10-03,2.47,14.57,WorthPoint
chelyabinsk,"RARE Native Ruthenium MIASS RIVER, RUSSIA -Ex. Pinch",135,2022-09-30,,,WorthPoint
chelyabinsk,"19thC Antique ""ct Spinel Medieval Europe's Crown Jewel ""Black Prince Ruby"" Spain",139.99,2022-09-27,,,WorthPoint
chelyabinsk,2.55 Grams Chelyabinsk Meteorites (LL5) Russia 2013 Crusted Individual LOT!,49.95,2022-09-22,2.55,19.59,WorthPoint
chelyabinsk,Two (2) Nicely Crusted Chelyabinsk Meteorite Cut Fragments (LL5) - 0.095 G Total,12,2022-09-15,0.095,126.32,WorthPoint
chelyabinsk,1.10 Grams Chelyabinsk Meteorites (LL5) Russia 2013 Fully Crusted Individual,19.95,2022-09-15,1.1,18.14,WorthPoint
chelyabinsk,2.63 Grams Chelyabinsk Meteorite ( LL5 ) Crusted Individual Russia 2013,29.95,2022-09-15,2.63,11.39,WorthPoint
chelyabinsk,"Traktor Chellyabinks KHL Travel Toiletry Accessory Hockey Bag, Shaving Dopp Kit",22.5,2022-09-08,,,WorthPoint
chelyabinsk,2013 $5 Cook Islands Chelyabinsk Meteorite Silver Proof Coin,99.99,2022-09-01,,,WorthPoint
chelyabinsk,1991 RUSSIA Mountain Goat Russian Vintage WILDLIFE OLD 5 Rubles Coin I96346,5.5,2022-08-29,,,WorthPoint
chelyabinsk,2.01 Grams Chelyabinsk Meteorite ( LL5 ) Crusted Individual Russia 2013,20.99,2022-08-27,2.01,10.44,WorthPoint
chelyabinsk,4.66 Grams Chelyabinsk Meteorite ( LL5 ) Crusted Individual Russia 2013 + COA,55.95,2022-08-27,4.66,12.01,WorthPoint
chelyabinsk,Chelyabinsk LL5 Meteorite 69.72g Russian Fall Perfect Pristine Individual,1250,2022-08-23,69.72,17.93,WorthPoint
chelyabinsk,1.72 Gram - Chelyabinsk Meteorite - Witnessed Fall In Russia - 2 Fresh Specimens,27.3,2022-08-19,1.72,15.87,WorthPoint
chelyabinsk,1829 CNB RUSSIA Emperor NICHOLAS I Antique EAGLE Silver Rouble NGC Coin I85320,718.8,2022-08-16,,,WorthPoint
chelyabinsk,"RUSSIAN COLLECTIBLE ""KASLI"" CAST IRON ELEPHANT FIGURINE / Russia, Ural /1950-60s",161.65,2022-08-14,,,WorthPoint
chelyabinsk,2021-2022 Washington Capitals Alex Ovechkin 3rd All Time Banner SGA NHL 2022,9.99,2022-08-13,,,WorthPoint
chelyabinsk,Nicely Crusted Chelyabinsk Meteorite (LL5) Part Slice W/impact Melt - 2.50 G,45,2022-08-12,2.5,18,WorthPoint
chelyabinsk,Chelyabinsk Meteorite & Pressure Wave Shatter Glass Set: GREAT FOR GIFTS!!!,65,2022-08-11,,,WorthPoint
chelyabinsk,Tamiya 35149 1/35 Russian T34/76 ChTZ Plastic Model Kit,25.36,2022-08-08,,,WorthPoint
chelyabinsk,2019 Washington Capitals SGA Team Poster Stadium Giveaway 4/6 NHL April 6 2019,6,2022-08-08,,,WorthPoint
chelyabinsk,0.79 Gram - Chelyabinsk Meteorite - Witnessed Fall In Russia - Fresh Specimen,20,2022-08-08,0.79,25.32,WorthPoint
chelyabinsk,2013 Cook Island Chelyabinsk Meteorite Proof Coin,189,2022-08-07,,,WorthPoint
chelyabinsk,Three(3) Oriented Crusted Chelyabinsk Meteorite Individuals (LL5) - 1.19 G Total,22,2022-08-07,1.19,18.49,WorthPoint
chelyabinsk,Nicely Shaped Chelyabinsk Meteorites (2) Crusted Individuals (LL5) - Total 0.78g,19,2022-08-07,0.78,24.36,WorthPoint
chelyabinsk,Mini Museum 1 - 1st Edition - Large 33 Rare Specimens Hans Fex Kickstarter,1499,2022-08-06,,,WorthPoint
chelyabinsk,"Russian Diet Coke Coca-Cola ""Light"" EMPTY UNOPEN Can 0.33 Litre 12oz 2012 Russia",8.99,2022-08-04,340.2,0.03,WorthPoint
chelyabinsk,Topherspin Meteorite Chelyabinsk Pressure Wave Shatter Glass Photo Gift Set,90,2022-08-04,,,WorthPoint
chelyabinsk,.615 Grams Chelyabinsk Meteorite ( LL5 ) Crusted Individual Russia 2013,5.99,2022-08-03,615,0.01,WorthPoint
chelyabinsk,.554 Grams Chelyabinsk Meteorite ( LL5 ) Crusted Individual Russia 2013,5.99,2022-08-03,554,0.01,WorthPoint
chelyabinsk,Five(5) Nicely Crusted Chelyabinsk Meteorite Cut Fragments (LL5) - 0.55 G Total,15,2022-08-02,0.55,27.27,WorthPoint
chelyabinsk,"Meteorite Lot Chondrite, Breja, Uruacu, Sikote, NWA, Koltsovo, Muonionalusta",174.5,2022-08-02,,,WorthPoint
chelyabinsk,Nice Chelyabinsk (LL5) Meteorite Crusted Part Slice - 1.62 G,25,2022-08-02,1.62,15.43,WorthPoint
chelyabinsk,3.81 Grams Chelyabinsk Meteorite ( LL5 ) Crusted Individual Russia 2013,38.99,2022-08-02,3.81,10.23,WorthPoint
chelyabinsk,2.30 Grams Chelyabinsk Meteorite ( LL5 ) Crusted Individual Russia 2013,27,2022-08-01,2.3,11.74,WorthPoint
chelyabinsk,56 Grams Fresh Crusted Chelyabinsk Meteorite,450,2022-07-31,56,8.04,WorthPoint
chelyabinsk,.724 Grams Chelyabinsk Meteorite ( LL5 ) Crusted Individual Russia 2013,6.99,2022-07-30,724,0.01,WorthPoint
chelyabinsk,Metallurg Magnitogorsk Russian KHL Hockey Jersey #71 Size 52,26,2022-07-28,,,WorthPoint
chelyabinsk,3.75 Gram - Chelyabinsk Meteorite - Witnessed Fall In Russia - 2 Fresh Specimens,60.8,2022-07-27,3.75,16.21,WorthPoint
chelyabinsk,2.18 Gram - Chelyabinsk Meteorite - Witnessed Fall In Russia - 2 Fresh Specimens,36,2022-07-27,2.18,16.51,WorthPoint
chelyabinsk,2.95 Gram - Chelyabinsk Meteorite - Witnessed Fall In Russia - 3 Fresh Specimens,48,2022-07-27,2.95,16.27,WorthPoint
chelyabinsk,Oriented Crusted Chelyabinsk Meteorite Individual (LL5) - 0.59 G - FRESH(w/chip),22,2022-07-27,0.59,37.29,WorthPoint
chelyabinsk,CHELYABINSK Meteorite Pressure Wave Shattered Glass!! **GLASS ONLY** 8.5x11 COA,25,2022-07-25,,,WorthPoint
chelyabinsk,Bullet-like Oriented Chelyabinsk Meteorite Crusted Individual (LL5) - 19.6 G,239,2022-07-24,19.6,12.19,WorthPoint
chelyabinsk,1.48 Grams Chelyabinsk Meteorite ( LL5 ) Fully Crusted Individual Russia 2013,11.99,2022-07-20,1.48,8.1,WorthPoint
chelyabinsk,Nicely Crusted Flight-Shaped Chelyabinsk Meteorite Individual (LL5) - 11.4 G,135,2022-07-09,11.4,11.84,WorthPoint
chelyabinsk,Nicely Crusted-Shocked Chelyabinsk Meteorite Individual (LL5) - 27.0 G W/REGS!,269,2022-07-09,27,9.96,WorthPoint
chelyabinsk,1.88 Gram - Chelyabinsk Meteorite - Witnessed Fall In Russia - Fresh Specimen,24,2022-07-09,1.88,12.77,WorthPoint
chelyabinsk,1.13 Grams Chelyabinsk Meteorite ( LL5 ) Crusted Individual Russia 2013,11.99,2022-07-08,1.13,10.61,WorthPoint
chelyabinsk,"Mini Museum 1st Edition (Included: Book, Pouch, Box, Certificate Of Authenticity",1799,2022-07-08,,,WorthPoint
chelyabinsk,Minerals : Zircon Crystal On Matrix From Russia,22.29,2022-07-06,,,WorthPoint
chelyabinsk,1.09 Grams Chelyabinsk Meteorite ( LL5 ) Crusted Individual Russia 2013,9.99,2022-07-03,1.09,9.17,WorthPoint
chelyabinsk,4.59 Gram - Chelyabinsk Meteorite - Witnessed Fall In Russia - Fresh Specimen,72,2022-07-02,4.59,15.69,WorthPoint
chelyabinsk,AM Advanced Modeling 1/48 RN-28 Soviet Tactical Nuclear Bomb Resin Model Kit,5.5,2022-07-01,,,WorthPoint
chelyabinsk,Crusted Shocked Chelyabinsk Meteorite SPLIT Individual (LL5) - 6.2/3.9 G - FRESH,115,2022-06-29,3.9,29.49,WorthPoint
chelyabinsk,2.54 Gram - Chelyabinsk Meteorite - Witnessed Fall In Russia - 5 Fresh Specimens,48,2022-06-28,2.54,18.9,WorthPoint
chelyabinsk,2.90 Gram - Chelyabinsk Meteorite - Witnessed Fall In Russia - 5 Fresh Specimens,44,2022-06-28,2.9,15.17,WorthPoint
chelyabinsk,1.49 Gram - Chelyabinsk Meteorite - Witnessed Fall In Russia - 3 Fresh Specimens,24,2022-06-28,1.49,16.11,WorthPoint
chelyabinsk,List Of Coin Series Of 10 Rubles Bimetal: 2000-2014 105,175,2022-06-28,,,WorthPoint
chelyabinsk,2021 Washington Capitals SGA Magnet Schedule Stadium Giveaway 10/13 NHL Oct 13,7,2022-06-27,,,WorthPoint
chelyabinsk,2.5 Gram - Chelyabinsk Meteorite - Witnessed Fall In Russia - Fresh Specimen,40,2022-06-26,2.5,16,WorthPoint
chelyabinsk,RUSSIA RUSSLAND Chelyabinsk VINTAGE POSTCARD USED 2047,20,2022-06-23,,,WorthPoint
chelyabinsk,"Sikhote-Alin Meteorite ""The Cat""",3250,2022-06-22,,,WorthPoint
chelyabinsk,Juancheng Meteorite,937.5,2022-06-22,,,WorthPoint
chelyabinsk,The Trans-Siberian Railroad Russia Asia Train 1903 Trade Ad Card,6.69,2022-06-18,,,WorthPoint
chelyabinsk,3.69 Gram - Chelyabinsk Meteorite - Witnessed Fall In Russia - Fresh Specimen,63.2,2022-06-13,3.69,17.13,WorthPoint
chelyabinsk,"TAMIYA Military Model 1:35 Russian T34/76 Tank ""ChTZ"" Version 1943 (WWII) SW",26.95,2022-06-13,,,WorthPoint
chelyabinsk,.451 Grams Chelyabinsk Meteorite ( LL5 ) Crusted Individual Russia 2013,6.99,2022-06-13,451,0.02,WorthPoint
chelyabinsk,SUPERB Chelyabinsk Meteorite (LL5) Part End Cut W/impact Melt - 6.9 G,119,2022-06-12,6.9,17.25,WorthPoint
chelyabinsk,0.87 Gram - Chelyabinsk Meteorite - Witnessed Fall In Russia - Fresh Specimen,15.2,2022-06-09,0.87,17.47,WorthPoint
chelyabinsk,2.66 Gram - Chelyabinsk Meteorite - Witnessed Fall In Russia - Fresh Specimen,41.6,2022-05-31,2.66,15.64,WorthPoint
chelyabinsk,7 Ussr Ice Hockey Pins Badges Dynamo Spartak Krylya Sokol Traktor Khimik Torpedo,34.99,2022-05-30,,,WorthPoint
chelyabinsk,LATVIA: 1921 Postcard - Koknese Provisional Cancel W/Postage Due - Chelyabinsk,9.95,2022-05-24,,,WorthPoint
chelyabinsk,"Very Tiny SPECK Of The 2013 CHELYABINSK METEOR Air Burst Blast Meteorite, Russia",14.45,2022-05-24,,,WorthPoint
chelyabinsk,"Chelyabinsk Meteorite LL5, Recent Fall, Russia, Endcut, 38.9 Grams",269.99,2022-05-23,38.9,6.94,WorthPoint
chelyabinsk,"Chelyabinsk Meteorite. 15.35g Polished Full Slice, 2013 Witnessed Fall.",148.05,2022-05-23,15.35,9.64,WorthPoint
chelyabinsk,1.19 Gram - Chelyabinsk Meteorite - Witnessed Fall In Russia - Fresh Specimen,20,2022-05-21,1.19,16.81,WorthPoint
chelyabinsk,Nicely Shaped Chelyabinsk Meteorite 100% Crusted Individual (LL5) - 0.42 G FRESH,19,2022-05-12,0.42,45.24,WorthPoint
chelyabinsk,Five (5) Nicely Crusted Chelyabinsk Meteorite Individuals (LL5) - 2.0 G Total,35,2022-05-11,2,17.5,WorthPoint
chelyabinsk,Stony Meteorite Lot,91,2022-05-08,,,WorthPoint
chelyabinsk,.132 Grams 5mm 100% Crusted Individual Chelyabinsk Meteorite (LL5) Russia 2014,8.27,2022-05-05,132,0.06,WorthPoint
chelyabinsk,4.73 Gram - Chelyabinsk Meteorite - Witnessed Fall In Russia - Fresh Specimen,99,2022-05-04,4.73,20.93,WorthPoint
chelyabinsk,1.32 Gram - Chelyabinsk Meteorite - Witnessed Fall In Russia - Fresh Specimen,25,2022-05-02,1.32,18.94,WorthPoint
chelyabinsk,0.97 Gram - Chelyabinsk Meteorite - Witnessed Fall In Russia - Fresh Specimen,20,2022-05-02,0.97,20.62,WorthPoint
chelyabinsk,0.99 Gram - Chelyabinsk Meteorite - Witnessed Fall In Russia - Fresh Specimen,20,2022-05-02,0.99,20.2,WorthPoint
chelyabinsk,Nicely Crusted Chelyabinsk Meteorite Individual (LL5) - 0.71 G - FRESH,25,2022-05-02,0.71,35.21,WorthPoint
chelyabinsk,2013 Cook Islands Chelyabinsk Meteorite Coin,225,2022-04-26,,,WorthPoint
chelyabinsk,2001-2002 BARRIE COLTS Jan PLATIL #2 Game Worn CHL Minor League Hockey Jersey,222.5,2022-04-24,2,111.25,WorthPoint
chelyabinsk,Chelyabinsk Meteorite Medal,60,2022-04-22,,,WorthPoint
chelyabinsk,"Beautiful Meteorite Chelyabinsk ""Russia"" Chondrite ""Stony Meteorite"", 5.70g",124,2022-04-20,5.7,21.75,WorthPoint
chelyabinsk,1878 CNB HO RUSSIA Emperor ALEXANDER II ANTIQUE Silver ROUBLE Coin NGC I93109,1918.8,2022-04-16,,,WorthPoint
chelyabinsk,1992 RUSSIA Central Asian COBRA SNAKE Vintage Red Book OLD 10 Rubles Coin I96345,30.8,2022-04-15,,,WorthPoint
chelyabinsk,1863 CPB AB RUSSIA Emperor ALEXANDER II ANTIQUE OLD Silver 20 Kopek Coin I95990,198.8,2022-04-15,,,WorthPoint
chelyabinsk,Flames Of War SU060 15mm T-34 Obr 1942 ChkZ (Chelyabinsk) Version,13,2022-04-11,,,WorthPoint
chelyabinsk,Excellent Chelyabinsk Meteorite 100% Crusted Individual (LL5) - 1.77 G - FRESH,40,2022-04-09,1.77,22.6,WorthPoint
chelyabinsk,15.1g Chelyabinsk LL5 Ordinary Chondrite... Classic Witnessed Fall!!!,160,2022-04-08,15.1,10.6,WorthPoint
chelyabinsk,Very Nice Chelyabinsk (LL5) Thin Meteorite Slice - 0.50 G,29,2022-04-06,0.5,58,WorthPoint
chelyabinsk,Nicely Crusted Chelyabinsk Meteorite (LL5) Part End Cut W/impact Melt - 3.05 G,49,2022-04-05,3.05,16.07,WorthPoint
chelyabinsk,Nice Chelyabinsk (LL5) Meteorite Crusted Part Slice - 1.99 G,29,2022-04-05,1.99,14.57,WorthPoint
chelyabinsk,FLAT ORIENTED Chelyabinsk Meteorite Nicely Crusted Individual (LL5) - 1.20 G,35,2022-04-04,1.2,29.17,WorthPoint
chelyabinsk,Artemi Panarin Hockey Jersey Sewn Cloth Name Plate,9.99,2022-04-02,,,WorthPoint
chelyabinsk,"RARE Perovskite Crystal On Clinochlore NAZYAMSKIE, RUSSIA - Ex. Hefendehl",470,2022-04-01,,,WorthPoint
chelyabinsk,Chelyabinsk Meteorite - LL5. 3.54 Grams Famous Witnessed Fall Russia 2013 + COA,55,2022-03-31,3.54,15.54,WorthPoint
chelyabinsk,Nice Fragment Of IMPACT MELT Chelyabinsk Meteorite 3.24 G (LL5),29,2022-03-28,3.24,8.95,WorthPoint
chelyabinsk,1.23 Grams Chelyabinsk Meteorite ( LL5 ) Crusted Individual Russia 2013 + COA,14.99,2022-03-27,1.23,12.19,WorthPoint
chelyabinsk,.456 Grams Chelyabinsk Meteorite ( LL5 ) Crusted Individual Russia 2013,6.99,2022-03-27,456,0.02,WorthPoint
chelyabinsk,.348 Grams Chelyabinsk Meteorite ( LL5 ) Crusted Individual Russia 2013,5.99,2022-03-27,348,0.02,WorthPoint
chelyabinsk,Impact Melt Chelyabinsk Meteorite Individual (LL5) - 7.2 G NICE !,59,2022-03-21,7.2,8.19,WorthPoint
chelyabinsk,PROOF BEAUTY RUSSIA 2014 GOLD COIN JUDO 1/4 Oz .999 Au PR PF RUSSIAN SPORT !!!,1249,2022-03-16,2014,0.62,WorthPoint
chelyabinsk,MIA38020 1:35 Miniart Soviet Tram X-Series Early Type,72.44,2022-03-14,,,WorthPoint
chelyabinsk,5.45 Gram - Chelyabinsk Meteorite - Witnessed Fall In Russia - Fresh Specimens,79.2,2022-03-09,5.45,14.53,WorthPoint
chelyabinsk,6.96 Grams Chelyabinsk Meteorite ( LL5 ) Crusted Individual Russia 2013,59.95,2022-03-07,6.96,8.61,WorthPoint
chelyabinsk,Super Nice Chelyabinsk Meteorite 100% Crusted Individual (LL5) - 0.57 G - FRESH,17,2022-03-02,0.57,29.82,WorthPoint
chelyabinsk,3.91 Grams Chelyabinsk Meteorite ( LL5 ) Crusted Individual Russia 2013 + COA,45.95,2022-03-02,3.91,11.75,WorthPoint
chelyabinsk,1922 RUSSIA Soviet Union RSFSR VINTAGE Hammer Sickle 50 Kopek Silver Coin I90201,150.8,2022-03-01,,,WorthPoint
chelyabinsk,1845 CNB RUSSIA Emperor NICHOLAS I Antique EAGLE Silver Rouble NGC Coin I91591,1718.8,2022-02-27,,,WorthPoint
chelyabinsk,Chelyabinsk LL5 Chondrite Meteorite Oriented Individual Russia 0.25 Grams,9.75,2022-02-27,0.25,39,WorthPoint
chelyabinsk,2.93 Grams Chelyabinsk Meteorite ( LL5 ) Crusted Individual Russia 2013 + COA,55.99,2022-02-27,2.93,19.11,WorthPoint
chelyabinsk,Nice Vostok - 1 Yuri Gagarin Russian / Soviet / CCCP Space Pin.,14.17,2022-02-26,,,WorthPoint
chelyabinsk,4.36 Gram - Chelyabinsk Meteorite - Witnessed Fall In Russia - Fresh Specimen,89,2022-02-26,4.36,20.41,WorthPoint
chelyabinsk,2.62 Gram - Chelyabinsk Meteorite - Witnessed Fall In Russia - Fresh Specimens,20,2022-02-25,2.62,7.63,WorthPoint
chelyabinsk,Dmitri Tertyshny Traktor Chelyabinsk Game Worn/issued KHL Jersey! 9186,199,2022-02-24,,,WorthPoint
chelyabinsk,Meteorite**Chelyabinsk; LL5**3.035 Gram Flight Oriented Witnessed Fall 02/15/13,36,2022-02-22,3.035,11.86,WorthPoint
chelyabinsk,.098 Grams Chelyabinsk Meteorite ( LL5 ) Fully Crusted Individual Russia 2013,6,2022-02-16,98,0.06,WorthPoint
chelyabinsk,"Russian Federation 10-Piece Lot Of Certified Proof 3 Roubles Ultra Cameo,",552,2022-02-13,,,WorthPoint
chelyabinsk,16.6g Chelyabinsk LL5 Ordinary Chondrite... Classic Witnessed Fall!!!,170,2022-02-10,16.6,10.24,WorthPoint
chelyabinsk,Traktor Chelyabinsk Russian Hockey Jersey,39.99,2022-02-01,,,WorthPoint
chelyabinsk,.440 Grams 8mm 100% Crusted Individual Chelyabinsk Meteorite (LL5) Russia 2014,8.49,2022-02-01,440,0.02,WorthPoint
chelyabinsk,.126 Grams 6mm 100% Crusted Individual Chelyabinsk Meteorite (LL5) Russia 2014,5.99,2022-02-01,126,0.05,WorthPoint
chelyabinsk,Chelyabinsk LL5 Chondrite Meteorite Lot Oriented Individuals Russia 2.67 Grams,59.75,2022-01-30,2.67,22.38,WorthPoint
chelyabinsk,.366 Grams 8mm 100% Crusted Individual Chelyabinsk Meteorite (LL5) Russia 2014,7.99,2022-01-29,366,0.02,WorthPoint
chelyabinsk,.351 Grams 7mm 100% Crusted Individual Chelyabinsk Meteorite (LL5) Russia 2014,7.99,2022-01-27,351,0.02,WorthPoint
chelyabinsk,.218 Grams 6mm 100% Crusted Individual Chelyabinsk Meteorite (LL5) Russia 2014,7.5,2022-01-27,218,0.03,WorthPoint
chelyabinsk,.263 Grams Chelyabinsk Meteorite ( LL5 ) Fully Crusted Individual Russia 2013,7,2022-01-23,263,0.03,WorthPoint
chelyabinsk,Super Nice Chelyabinsk Meteorite 95% Crusted Individual (LL5) - 8.31 G - FRESH,99,2022-01-22,8.31,11.91,WorthPoint
chelyabinsk,1924 RUSSIA USSR Communist Russian SILVER 1 Rouble Coin WORKER NGC MS 63 I81243,758.8,2022-01-21,,,WorthPoint
chelyabinsk,Impact Melt Chelyabinsk Meteorite Individual (LL5) - 4.0 G NICE !,35,2022-01-21,4,8.75,WorthPoint
chelyabinsk,.0675 Grams 6mm 100% Crusted Individual Chelyabinsk Meteorite (LL5) Russia 2014,5,2022-01-19,675,0.01,WorthPoint
chelyabinsk,.267 Grams 7mm 100% Crusted Individual Chelyabinsk Meteorite (LL5) Russia 2014,7,2022-01-19,267,0.03,WorthPoint
chelyabinsk,1925 RUSSIA Soviet Union VINTAGE POLTINNIK Worker 50 Kopek Silver Coin I93831,102.15,2022-01-17,,,WorthPoint
chelyabinsk,NHL Vegas Golden Knights VS Calgary Flames POSTER 12/5//21 Dadonov Evgenii MINT,10.63,2022-01-16,,,WorthPoint
chelyabinsk,"PYROCHLORE Crystals * Vishnevye Mountains, Chelyabinsk Oblast, Russia",41,2022-01-13,,,WorthPoint
chelyabinsk,.417 Grams Chelyabinsk Meteorite ( LL5 ) Fully Crusted Individual Russia 2013,9,2022-01-12,417,0.02,WorthPoint
chelyabinsk,".313 Grams 9mm 100% ""Smokey"" Crusted Individual Chelyabinsk Meteorite (LL5) +COA",7.5,2022-01-12,313,0.02,WorthPoint
chelyabinsk,Chelyabinsk Polar Bears Traktor UCKA GRR Bear IHL Hockey Puck Russia Twin Eagles,6,2022-01-11,,,WorthPoint
chelyabinsk,Topherspin Meteorites CHELYABINSK 2.39g WITNESSED FALL Crusted Individual Stone,29,2022-01-08,2.39,12.13,WorthPoint
chelyabinsk,Topherspin Meteorites CHELYABINSK 2.34g WITNESSED FALL Crusted Individual Stone,28,2022-01-08,2.34,11.97,WorthPoint
chelyabinsk,RARE RUSSIAN FEDERATION LICENSE PLATE RUSSIA #H609TX174 Chelyabinsk Oblast,30.99,2022-01-06,,,WorthPoint
chelyabinsk,2021 Tom Wilson Bobblehead *** EMPTY BOX *** Capitals SGA Stadium Giveaway 10/27,6,2022-01-06,,,WorthPoint
chelyabinsk,.257 Grams 11m 98% Crusted Individual Chelyabinsk Meteorite (LL5) Russia 2014,5.9,2022-01-04,257,0.02,WorthPoint
chelyabinsk,.176 Grams 6mm 100% Crusted Individual Chelyabinsk Meteorite (LL5) Russia 2014,6.5,2022-01-04,176,0.04,WorthPoint
chelyabinsk,.118 Grams 5mm 100% Crusted Individual Chelyabinsk Meteorite (LL5) Russia 2014,5.5,2022-01-04,118,0.05,WorthPoint
chelyabinsk,.133 Grams 6mm 100% Crusted Individual Chelyabinsk Meteorite (LL5) Russia 2014,5.5,2022-01-04,133,0.04,WorthPoint
chelyabinsk,"Metallurg Magnitogorsk KHL Russian Hockey Mens Embroidered Polo XS-6XL, LT-4XLT",30.99,2021-12-29,,,WorthPoint
chelyabinsk,.231 Grams Chelyabinsk Meteorite ( LL5 ) Fully Crusted Individual Russia 2013,6.5,2021-12-26,231,0.03,WorthPoint
chelyabinsk,.274 Grams Chelyabinsk Meteorite ( LL5 ) Fully Crusted Individual Russia 2013,6.5,2021-12-26,274,0.02,WorthPoint
chelyabinsk,".340 Grams 8mm ""Smokey"" Crusted Fragment Chelyabinsk Meteorite (LL5) COA",5,2021-12-24,340,0.01,WorthPoint
chelyabinsk,".459 Grams 8mm ""Smokey"" Crusted Fragment Chelyabinsk Meteorite (LL5) COA",6.5,2021-12-24,459,0.01,WorthPoint
chelyabinsk,".689 Grams 10mm 100% ""Smokey"" Crusted Individual Chelyabinsk Meteorite (LL5) COA",10,2021-12-24,689,0.01,WorthPoint
chelyabinsk,Nice Natural Amazon Amazonite BULE BEADS Rosary Cross Necklace CATHOLIC Crucifix,15.99,2021-12-22,,,WorthPoint
chelyabinsk,2.6 Gram Kunashak Meteorite Slice - L6 Chondrite - Observed Fall 1949 In Russia,44.99,2021-12-20,2.6,17.3,WorthPoint
chelyabinsk,.578 Grams Chelyabinsk Meteorite ( LL5 ) Crusted Individual Fell In Russia 2013,8.65,2021-12-20,578,0.01,WorthPoint
chelyabinsk,1861 CPB RUSSIA Emperor ALEXANDER II ANTIQUE OLD Silver 20 Kopek Coin I96011,223.65,2021-12-20,,,WorthPoint
chelyabinsk,CHELYABINSK 10.25g Meteorite Witnessed Fall IIMPACT MELT INDIVIDUAL IMCA #6236,98,2021-12-18,10.25,9.56,WorthPoint
chelyabinsk,Super Nice Chelyabinsk Meteorite 98% Crusted Individual (LL5) - 8.5 G ‚òÑ,100,2021-12-16,8.5,11.76,WorthPoint
chelyabinsk,CHELYABINSK Meteorite Chondrite 2013 Russian Fall 4.5 Gram W/COA SDB E172,99.99,2021-12-16,4.5,22.22,WorthPoint
chelyabinsk,"1949 June 11, Kunashak L6 Meteorite, Chelyabinsk, Russia 2.89 Grams Hammer Stone",32,2021-12-12,2.89,11.07,WorthPoint
chelyabinsk,2021 ALL CAPS Holiday T-Shirt Washington Capitals SGA Stadium Giveaway 12/6,15,2021-12-05,,,WorthPoint
chelyabinsk,3500+ New INTERNATIONAL Postcards From 138 Countries Personally Collected,265,2021-12-04,,,WorthPoint
chelyabinsk,.331 Grams 8mm 100% Crusted Individual Chelyabinsk Meteorite (LL5) Russia 2014,6.5,2021-12-02,331,0.02,WorthPoint
chelyabinsk,.244 Grams 6m 100% Crusted Individual Chelyabinsk Meteorite (LL5) Russia 2014,6.2,2021-11-24,244,0.03,WorthPoint
chelyabinsk,Meteorite Chelyabinsk .63 Grams Of The Meteorite That Rocked Russia,9.45,2021-11-24,63,0.15,WorthPoint
chelyabinsk,.517 Grams Chelyabinsk Meteorite ( LL5 ) Crusted Individual Fell In Russia 2013,7.75,2021-11-23,517,0.01,WorthPoint
chelyabinsk,.425 Grams Chelyabinsk Meteorite ( LL5 ) Crusted Individual Fell In Russia 2013,6.35,2021-11-23,425,0.01,WorthPoint
chelyabinsk,Traktor Chelyabinsk Evgeny Kuznetsov KHL PRO Lutch Hockey Jersey Size 56,150,2021-11-19,,,WorthPoint
chelyabinsk,"CHELYABINSK 3.03g Meteorite, Witnessed Fall, Crusted Individual, IMCA #6236",37,2021-11-19,3.03,12.21,WorthPoint
chelyabinsk,1901 6 Dec. Akhunovo –ê—Ö—É–Ω–æ–≤–æ Money Letter SPB Received 21 Troitsk –¢—Ä–æ–∏—Ü–∫ Russia,9.99,2021-11-14,,,WorthPoint
chelyabinsk,"Chelyabinsk Melt 13g, Full Polished Slice. 2013 Witnessed Meteorite Fall!",130,2021-11-12,13,10,WorthPoint
chelyabinsk,AWESOME Oriented Chelyabinsk Meteorite 100% Crusted Individual (LL5) - 7.91 G,99,2021-11-10,7.91,12.52,WorthPoint
chelyabinsk,Chad - 2020 Chelyabinsk Meteorites - Stamp Souvenir Sheet - TCH200313b,11.8,2021-11-08,,,WorthPoint
chelyabinsk,1991 RUSSIA Red Book OWL Russian Vintage WILDLIFE OLD 5 Rubles Coin I96348,34.65,2021-11-08,,,WorthPoint
chelyabinsk,Fanta Green Apple Limited Edition USA 2020 NEW FULL 12oz 355ml Can Coca-Cola's,11.49,2021-11-07,340.2,0.03,WorthPoint
chelyabinsk,1841 EM Emperor NICHOLAS I Antique Russian Kopek Coin Imperial Monogram I90464,268.65,2021-11-06,,,WorthPoint
chelyabinsk,"Chelyabinsk Meteorite LL5, Recent Fall, Russia, Lot Excellent Individuals 20.8 G",249.99,2021-11-06,20.8,12.02,WorthPoint
chelyabinsk,"Chelyabinsk Melt 16.4g, Full Polished Slice. 2013 Witnessed Meteorite Fall!",195,2021-11-04,16.4,11.89,WorthPoint
chelyabinsk,1992 RUSSIA Siberian TIGER Russian Vintage Red Book OLD 10 Rubles Coin I96351,34.65,2021-11-04,,,WorthPoint
chelyabinsk,"Meteorite**Chelyabinsk; LL5**2.429 Gram Oriented Witnessed Fall!! Feb,15 2013",30.31,2021-11-03,2.429,12.48,WorthPoint
chelyabinsk,0.554 G Chelyabinsk Lot W/COA - LL5 Chondrite Witnessed Fall! Russian Meteorites,10,2021-10-31,0.554,18.05,WorthPoint
chelyabinsk,2021 Tom Wilson Bobblehead Washington Capitals SGA Stadium Giveaway 10/27 NHL,70,2021-10-28,,,WorthPoint
chelyabinsk,.143 Grams 6mm 100% Crusted Individual Chelyabinsk Meteorite (LL5) Russia 2014,5.9,2021-10-25,143,0.04,WorthPoint
chelyabinsk,Nice ! IMPACT MELT Chelyabinsk Meteorite 1.62 G Slice (LL5),32,2021-10-25,1.62,19.75,WorthPoint
chelyabinsk,"Azurite Geode, Russia- Mineral Specimen For Sale",40,2021-10-24,,,WorthPoint
chelyabinsk,02/03 Igor Valeev GAME WORN Worcester IceCats WHITE Jersey AHL,399.99,2021-10-23,,,WorthPoint
chelyabinsk,Nice ! IMPACT MELT Chelyabinsk Meteorite 2.38 G End Cut (LL5),27,2021-10-21,2.38,11.34,WorthPoint
chelyabinsk,"Zvezda Model Kit 3689 Soviet Medium Tank Mod.1943 URALMASH T-34/76, Scale 1/35",27.86,2021-10-19,,,WorthPoint
chelyabinsk,"Chelyabinsk LL5 Chondrite Meteorite Lot Chelyabinskaya, Russia 5.38 Grams",74.75,2021-10-17,5.38,13.89,WorthPoint
chelyabinsk,"CHELYABINSK Meteorite Chondrite LL5, Russia 2013, 97g",1122,2021-10-12,97,11.57,WorthPoint
chelyabinsk,.063 Grams 4mm 100% Crusted Individual Chelyabinsk Meteorite (LL5) Russia 2014,5,2021-10-11,63,0.08,WorthPoint
chelyabinsk,.049 Grams 5mm 100% Crusted Individual Chelyabinsk Meteorite (LL5) Russia 2014,5,2021-10-11,49,0.1,WorthPoint
chelyabinsk,"CHELYABINSK 7.14g Meteorite, Witnessed Fall, Crusted Individual With Flow Lines",90,2021-10-03,7.14,12.61,WorthPoint
chelyabinsk,Oriented Chelyabinsk Meteorite 70% Crusted Individual (LL5) - 2.49 G - FRESH,32,2021-10-01,2.49,12.85,WorthPoint
chelyabinsk,"Meteorite Chelyabinsk, Russia Fall 2013 Chondrite Ll5, 35g, Provenance",299.99,2021-09-27,35,8.57,WorthPoint
chelyabinsk,"5g Lot, Chelyabinsk Meteorite Peas, CRUSTED INDIVIDUALS, Fell Feb 15th 2013!",26.93,2021-09-19,5,5.39,WorthPoint
chelyabinsk,.526 Grams Chelyabinsk Meteorite ( LL5 ) Crusted Individual Fell In Russia 2013,7.89,2021-09-18,526,0.02,WorthPoint
chelyabinsk,Tamiya USA TAM35149 1/35 Russian T34/76 ChTZ Kit,31.99,2021-09-18,,,WorthPoint
chelyabinsk,"KHL Traktor Chelyabinsk Alternative Jersey ""Kids Night"" Hockey Jersey.",115,2021-09-13,,,WorthPoint
chelyabinsk,"Russia 2019, Postcard, Kleiner Planet Chelyabinsk (Asteroid Nr. 21088), VF-XF !",5.75,2021-09-07,,,WorthPoint
chelyabinsk,2.14 Gram - CHEYABINSK METEORITE - LL5 Chondrite - 2013 Witnessed Fall Russia,50,2021-09-02,2.14,23.36,WorthPoint
chelyabinsk,"Meteorite**Chelyabinsk; LL5**0.798 Gram Oriented Witnessed Fall!! Feb,15 2013",5.99,2021-08-30,0.798,7.51,WorthPoint
chelyabinsk,"Meteorite**Chelyabinsk; LL5**1.398 Gram, Oriented Witnessed Fall!!! Feb,15 2013",26,2021-08-30,1.398,18.6,WorthPoint
chelyabinsk,"Meteorite**Chelyabinsk; LL5**0.857 Gram Oriented Witnessed Fall!! Feb,15 2013",8.5,2021-08-30,0.857,9.92,WorthPoint
chelyabinsk,Mini Museum 1st Edition - Large 33 Rare Specimens Hans Fex Limited Kickstarter,1100,2021-08-27,,,WorthPoint
chelyabinsk,Chelyabinsk Meteorite 2013 FALL 15 Feb 8.06 G Whole Fresh 90% Crusted Gem,80,2021-08-24,8.06,9.93,WorthPoint
chelyabinsk,"Meteorite**Chelyabinsk; LL5**0.658 Gram Oriented Witnessed Fall!! Feb,15 2013",5.99,2021-08-23,0.658,9.1,WorthPoint
chelyabinsk,"Meteorite**Chelyabinsk; LL5**0.716 Gram Oriented Witnessed Fall!! Feb,15 2013",6.99,2021-08-23,0.716,9.76,WorthPoint
chelyabinsk,1993 RUSSIA Voyage Around World Ships Genuine Silver Proof 3 Roubles Coin I76601,223.65,2021-08-22,,,WorthPoint
chelyabinsk,Vintage Old Pinback Airplane Antonov An-2 .CHELYABINSK AIRPORT.LOGO AEROFLOT.,6.99,2021-08-22,,,WorthPoint
chelyabinsk,Hans Fex Mini Museum 1st Ed Large 33 Specimens Book #4132 New Never Displayed,1550,2021-08-18,,,WorthPoint
chelyabinsk,1.74 G Chelyabinsk W/COA - LL5 Chondrite Slice Russia Witnessed Fall Meteorite,37,2021-08-18,1.74,21.26,WorthPoint
chelyabinsk,RUSSIA: 1908 Postcard; Omsk - Chelyabinsk Railroad Station Cancel To England,13,2021-08-18,,,WorthPoint
chelyabinsk,RUSSIA: 1909 Postcard From Omsk W/Chelyabinsk Railroad Station Cancel To EGYPT,8.27,2021-08-18,,,WorthPoint
chelyabinsk,.304 Grams 10mm 100% Crusted Individual Chelyabinsk Meteorite (LL5) Russia 2014,7.5,2021-08-17,304,0.02,WorthPoint
chelyabinsk,Unique Fragment Of IMPACT MELT Chelyabinsk Meteorite 3.68 G (LL5),39,2021-08-14,3.68,10.6,WorthPoint
chelyabinsk,"Meteorite**Chelyabinsk; LL5**0.918 Gram Oriented Witnessed Fall!! Feb,15 2013",10.51,2021-08-09,0.918,11.45,WorthPoint
chelyabinsk,Chelyabinsk Meteorite Pressure Wave Shattered Glass!! -- Full Color 8.5x11 COA,15,2021-08-08,,,WorthPoint
chelyabinsk,.243 Grams 7mm 100% Crusted Individual Chelyabinsk Meteorite (LL5) Russia 2014,6.8,2021-08-07,243,0.03,WorthPoint
chelyabinsk,"""MDMA"" Alexander Shulgin Hand Signed Magazine Photo Todd Mueller COA",99.99,2021-08-02,,,WorthPoint
chelyabinsk,"Meteorite**Chelyabinsk; LL5**1.444 Gram Oriented Witnessed Fall!! Feb,15 2013",33,2021-08-02,1.444,22.85,WorthPoint
chelyabinsk,.474 Grams Chelyabinsk Meteorite ( LL5 ) Crusted Individual Fell In Russia 2013,7,2021-07-28,474,0.01,WorthPoint
chelyabinsk,Mini Museum 1st Edition Medium 22 Specimens - Kickstarter Hans Fex,900,2021-07-27,,,WorthPoint
chelyabinsk,Framed Display Of A Chelyabinsk Meteorite ‚òÑÔ∏èü™êPerfect GIFT ü™ê‚òÑÔ∏è,19.99,2021-07-19,,,WorthPoint
chelyabinsk,.537 Grams 8mm Crusted Individual Chelyabinsk Meteorite (LL5) Russia 2014,6.99,2021-07-18,537,0.01,WorthPoint
chelyabinsk,.439 Grams 7mm 100% Crusted Individual Chelyabinsk Meteorite (LL5) Russia 2014,8.5,2021-07-18,439,0.02,WorthPoint
chelyabinsk,.288 Grams 8mm 100% Crusted Individual Chelyabinsk Meteorite (LL5) Russia 2014,7.5,2021-07-18,288,0.03,WorthPoint
chelyabinsk,.481 Grams 9mm 100% Crusted Individual Chelyabinsk Meteorite (LL5) Russia 2014,8.8,2021-07-18,481,0.02,WorthPoint
chelyabinsk,Chelyabinsk - Partially Crusted Part Slice (LL5) - 2.39 G,26,2021-07-15,2.39,10.88,WorthPoint
chelyabinsk,2.33 Gram - CHELYABINSK METEORITE (LL5 Chondrite) Fell In 2013 In Russia,29.99,2021-07-15,2.33,12.87,WorthPoint
chelyabinsk,"Bolona Collection Chevkinite-(Ce) Vishnevye Mtns, Chelyabinsk, Russia 212",12.15,2021-07-13,,,WorthPoint
chelyabinsk,.161 Grams 7mm 100% Crusted Individual Chelyabinsk Meteorite (LL5) Russia 2014,5.9,2021-07-07,161,0.04,WorthPoint
chelyabinsk,IMPACT MELT Chelyabinsk Meteorite 1.85 G Slice (LL5),22,2021-07-05,1.85,11.89,WorthPoint
chelyabinsk,Crusted-brecciated Chelyabinsk Meteorite Cut Fragment (LL5) - 0.80 G,18,2021-07-05,0.8,22.5,WorthPoint
chelyabinsk,Chelyabinsk - Nicely Crusted Small End Cut (LL5) - 0.37 G,12,2021-07-05,0.37,32.43,WorthPoint
chelyabinsk,IMPACT MELT Chelyabinsk Meteorite 4.72 G End Cut (LL5),49,2021-07-05,4.72,10.38,WorthPoint
chelyabinsk,1999 RUSSIA Monuments Marcani Mosque Genuine Silver 3 Roubles Coin I75213,268.65,2021-07-04,,,WorthPoint
chelyabinsk,"1938 Press Photo Worker Drives Gas Tractor Built In Chelyabinsk, Russia",22.88,2021-07-04,,,WorthPoint
chelyabinsk,Authentic Vintage Russian Hockey Jersey Sergei Gonchar Traktor Polar Bear 2XL,21.5,2021-06-30,,,WorthPoint
chelyabinsk,"Meteorite**Chelyabinsk; IMB**1.587 Gram, Oriented Witnessed Fall!!! Feb,15 2013",10.5,2021-06-28,1.587,6.62,WorthPoint
chelyabinsk,"Meteorite**Chelyabinsk; LL5**1.849 Gram, Oriented Witnessed Fall!!! Feb,15 2013",10.5,2021-06-28,1.849,5.68,WorthPoint
chelyabinsk,.633 Grams Chelyabinsk Meteorite ( LL5 ) Crusted Individual Fell In Russia 2013,9.5,2021-06-26,633,0.02,WorthPoint
chelyabinsk,.105 Grams Chelyabinsk Meteorite ( LL5 ) Fully Crusted Individual Russia 2013,6,2021-06-24,105,0.06,WorthPoint
chelyabinsk,.121 Grams Chelyabinsk Meteorite ( LL5 ) Fully Crusted Individual Russia 2013,6.5,2021-06-24,121,0.05,WorthPoint
chelyabinsk,REALLY Nice Chelyabinsk Meteorite Crusted Individual (LL5) - 9.00 G - FRESH,89,2021-06-16,9,9.89,WorthPoint
chelyabinsk,Chelyabinsk Meteorite Chondrite LL5 Fall 2013 Russia 7.2g Full Specimen,41,2021-06-15,7.2,5.69,WorthPoint
chelyabinsk,"Meteorite**Chelyabinsk; LL5**6.577 Gram, Oriented Witnessed Fall!!! Feb,15 2013",63.87,2021-06-14,6.577,9.71,WorthPoint
chelyabinsk,CHELYABINSK 6.9g Fusion Crusted Stone Fell 2013 In Russia,42,2021-06-12,6.9,6.09,WorthPoint
chelyabinsk,"Meteorite**Chelyabinsk; LL5**2.897 Gram,W/Blue Crust,Witnessed Fall! Feb,15 2013",39.99,2021-06-11,2.897,13.8,WorthPoint
chelyabinsk,1.56 Gram - CHELYABINSK METEORITE (LL5 Chondrite) Fell In 2013 In Russia,19.99,2021-06-10,1.56,12.81,WorthPoint
chelyabinsk,"Meteorite Lot Of 6 W/COAs Chelyabinsk, Tamdakht, NWA 6859, 7977, 11263 & Tahoka",89,2021-06-09,,,WorthPoint
chelyabinsk,.652 Grams Chelyabinsk Meteorite ( LL5 ) Crusted Individual Fell In Russia 2013,9.75,2021-06-09,652,0.01,WorthPoint
chelyabinsk,2.49 Gram - CHELYABINSK METEORITE (LL5 Chondrite) Fell In 2013 In Russia,29.99,2021-06-08,2.49,12.04,WorthPoint
chelyabinsk,Chelyabinsk - Partially Crusted Shocked Slice (LL5) - 1.44 G,21,2021-06-05,1.44,14.58,WorthPoint
chelyabinsk,Large Chelyabinsk Meteorite,575,2021-06-04,,,WorthPoint
chelyabinsk,Nicely Crusted Chelyabinsk Meteorite Fragment (LL5) - 0.77 G - FRESH,20,2021-06-02,0.77,25.97,WorthPoint
chelyabinsk,4.62 Gram - CHELYABINSK METEORITE (LL5 Chondrite) Fell In 2013 In Russia,49.99,2021-06-02,4.62,10.82,WorthPoint
chelyabinsk,"Meteorite Lot Of 6 W/COAs -Chelyabinsk, Patagonia, Travis County, NWA 4502, 7977",57,2021-06-01,,,WorthPoint
chelyabinsk,2.44 Gram - CHELYABINSK METEORITE (LL5 Chondrite) Fell In 2013 In Russia,29.99,2021-05-25,2.44,12.29,WorthPoint
chelyabinsk,2.61 Gram - CHELYABINSK METEORITE (LL5 Chondrite) Fell In 2013 In Russia,29.99,2021-05-22,2.61,11.49,WorthPoint
chelyabinsk,Chelyabinsk Stone Meteorite - 1.07g Lot - Witnessed Fall From Russia In 2013,14.99,2021-05-22,1.07,14.01,WorthPoint
chelyabinsk,Chelyabinsk Stone Meteorite - 1.06g Lot - Witnessed Fall From Russia In 2013,14.99,2021-05-22,1.06,14.14,WorthPoint
chelyabinsk,Chelyabinsk Stone Meteorite - 1.03g Lot - Witnessed Fall From Russia In 2013,14.99,2021-05-22,1.03,14.55,WorthPoint
chelyabinsk,Chelyabinsk Stone Meteorite - 1.05g Lot - Witnessed Fall From Russia In 2013,14.99,2021-05-22,1.05,14.28,WorthPoint
chelyabinsk,Chelyabinsk Stone Meteorite - 1.08g Lot - Witnessed Fall From Russia In 2013,14.99,2021-05-22,1.08,13.88,WorthPoint
chelyabinsk,Traktor Chelyabinsk KHL Russian Jersey Hockey Tee T-Shirt Men's Handmade NHL,21.99,2021-05-21,,,WorthPoint
chelyabinsk,Traktor Chelyabinsk KHL Russian Jersey Hockey Blue T-Shirt NEW Russia S-4xl,18.99,2021-05-21,,,WorthPoint
chelyabinsk,1.97 Gram - CHELYABINSK METEORITE (LL5 Chondrite) Fell In 2013 In Russia,20,2021-05-20,1.97,10.15,WorthPoint
chelyabinsk,3.279g Chelyabinsk Crusted Meteorite Chondrite LL5 From Russia W/COA,41,2021-05-20,3.279,12.5,WorthPoint
chelyabinsk,3.35 Gram - CHELYABINSK METEORITE (LL5 Chondrite) Fell In 2013 In Russia,39.99,2021-05-20,3.35,11.94,WorthPoint
chelyabinsk,1.77 Gram - CHELYABINSK METEORITE (LL5 Chondrite) Fell In 2013 In Russia,19,2021-05-20,1.77,10.73,WorthPoint
chelyabinsk,1.90 Gram - CHELYABINSK METEORITE (LL5 Chondrite) Fell In 2013 In Russia,19.99,2021-05-20,1.9,10.52,WorthPoint
chelyabinsk,Flight-shaped Chelyabinsk Meteorite 100% Crusted Individual (LL5) - 14.3 G,179,2021-05-18,14.3,12.52,WorthPoint
chelyabinsk,Vitali Kravtsov Rangers Traktor KHL 2020-21 Russian Hockey Jersey DK 56,99.99,2021-05-17,,,WorthPoint
chelyabinsk,Hans Fex Mini Museum 1st Edition - Large 33 Specimens & Book 4972/5550,1800,2021-05-14,,,WorthPoint
chelyabinsk,3.54 Gram - CHELYABINSK METEORITE (LL5 Chondrite) Fell In 2013 In Russia,39,2021-05-12,3.54,11.02,WorthPoint
chelyabinsk,13.5 Gram - CHELYABINSK METEORITE (LL5 Chondrite) Fell In 2013 In Russia,99.99,2021-05-07,13.5,7.41,WorthPoint
chelyabinsk,Panzerstahl Exclusive 1/72 Object 704 Russian Prototype Chelyabinsk 1945 (89008),40,2021-05-07,,,WorthPoint
chelyabinsk,2.0 Gram - CHELYABINSK METEORITE (LL5 Chondrite) Fell In 2013 In Russia,19.99,2021-05-02,2,9.99,WorthPoint
chelyabinsk,Superbolide Meteorite Chelyabinsk With Coa,99,2021-05-01,,,WorthPoint
chelyabinsk,.066 Grams 4mm 100% Crusted Individual Chelyabinsk Meteorite (LL5) Russia 2014,5,2021-04-30,66,0.08,WorthPoint
chelyabinsk,1851 TALLIS Engraving Map ~ RUSSIA NEVSKY PROSPECT ST PETERSBURG NAPOLEON MOSCOW,42.99,2021-04-29,,,WorthPoint
chelyabinsk,Oriented-marked Chelyabinsk Meteorite 100% Crusted Fragment (LL5) - 10.4 G,109,2021-04-28,10.4,10.48,WorthPoint
chelyabinsk,Super Nice Oriented Chelyabinsk Meteorite 100% Crusted Individual (LL5)- 5.12 G,75,2021-04-28,5.12,14.65,WorthPoint
chelyabinsk,Bullet-like Oriented Chelyabinsk Meteorite 100% Crusted Individual LL5 - 6.80 G,99,2021-04-28,6.8,14.56,WorthPoint
chelyabinsk,Nicely Crusted Chelyabinsk Meteorite Individual (LL5) - 0.33 G - FRESH,12,2021-04-27,0.33,36.36,WorthPoint
chelyabinsk,Crusted IMB Chelyabinsk Meteorite 1.21 G End Cut (LL5),18,2021-04-27,1.21,14.88,WorthPoint
chelyabinsk,Martiros Saryan (armenian 1880-1972),31250,2021-04-24,,,WorthPoint
chelyabinsk,.103 Grams 5mm 100% Crusted Individual Chelyabinsk Meteorite (LL5) Russia 2014,5.5,2021-04-23,103,0.05,WorthPoint
chelyabinsk,.490 Grams 8mm Crusted Melt Individual Chelyabinsk Meteorite (LL5) Russia 2014,6,2021-04-23,490,0.01,WorthPoint
chelyabinsk,.083 Grams 5mm 100% Crusted Individual Chelyabinsk Meteorite (LL5) Russia 2014,5,2021-04-23,83,0.06,WorthPoint
chelyabinsk,.286 Grams 7mm 100% Crusted Individual Chelyabinsk Meteorite (LL5) Russia 2014,6.5,2021-04-23,286,0.02,WorthPoint
chelyabinsk,Soviet Star Red Banner Medal Order Personal File For Hero Of USSR Japan ( 2290),180,2021-04-20,,,WorthPoint
chelyabinsk,Minerals/Crystals - Zircon Miniature Crystal - Russia,24.5,2021-04-14,,,WorthPoint
chelyabinsk,.069 Grams 4mm Crusted Individual Chelyabinsk Meteorite (LL5) Russia 2014,5,2021-04-13,69,0.07,WorthPoint
chelyabinsk,1.12 Gram 14mm Smokey 100% Crusted Individual Chelyabinsk Meteorite (LL5) Russia,16,2021-04-12,1.12,14.29,WorthPoint
chelyabinsk,.537 Grams 8mm 100% Crusted Individual Chelyabinsk Meteorite (LL5) Russia 2014,8.7,2021-04-12,537,0.02,WorthPoint
chelyabinsk,"Traktor Chelyabinsk, KHL Russian Hockey Club 34"" X 50"" Flag/Banner NEW",35,2021-04-12,,,WorthPoint
chelyabinsk,"Kunashak L6 Fell June 11, 1949 Chelyabinsk, Russia 0.514 Grams",26,2021-04-08,0.514,50.58,WorthPoint
chelyabinsk,Crusted Chelyabinsk Meteorite Individual (LL5) - 0.39 G FRESH!,12,2021-04-03,0.39,30.77,WorthPoint
chelyabinsk,Vesicular IMB Chelyabinsk Meteorite 3.26 G Slice (LL5) - Super Nice!!,45,2021-04-03,3.26,13.8,WorthPoint
chelyabinsk,LOT Of 18 Chelyabinsk Meteorite 100% Crusted Individuals (LL5) - 6.0 G Total,90,2021-04-02,6,15,WorthPoint
chelyabinsk,Chelyabinsk - Nicely Shocked/crusted End Cut (LL5) - 1.94 G,25,2021-03-25,1.94,12.89,WorthPoint
chelyabinsk,Russian USSR City Vintage Badges Select One Pin*Collected Mostly 1950-1973 * R 5,9.02,2021-03-24,,,WorthPoint
chelyabinsk,Panzerstahl Exclusive 1/72 Russian Object 704 - Chelyabinsk 1945(#89008),40,2021-03-23,,,WorthPoint
chelyabinsk,Tamiya 35149 Russian T34-76 ChTZ Kit CA249 4950344351497,29.13,2021-03-18,,,WorthPoint
chelyabinsk,Medal For Victory Over Germany In The Great Patriotic War 1941-1945 With Docum.,18,2021-03-18,,,WorthPoint
chelyabinsk,RARE! Complete Set Of Mini Museums 1-4 + Dino With Stands + 14 Samples & Scope,6000,2021-03-15,,,WorthPoint
chelyabinsk,.281 Grams Chelyabinsk Meteorite ( LL5 ) Fully Crusted Individual Russia 2013,7.25,2021-03-07,281,0.03,WorthPoint
chelyabinsk,.414 Grams Chelyabinsk Meteorite ( LL5 ) Crusted Individual Fell In Russia 2013,7,2021-03-06,414,0.02,WorthPoint
chelyabinsk,.078 Grams Chelyabinsk Meteorite ( LL5 ) Fully Crusted Individual Russia 2013,5.5,2021-03-06,78,0.07,WorthPoint
chelyabinsk,Chelyabinsk Meteorite Part Slice (LL5) - 0.45 G Impact Melt,8,2021-03-03,0.45,17.78,WorthPoint
chelyabinsk,Chelyabinsk Meteorite Crusted Individual (LL5) - 6.2 G,49,2021-03-03,6.2,7.9,WorthPoint
chelyabinsk,Andalusite Ring Medieval Evil Spirits Amulet Multi-Color Siberian Antique Gem,329.99,2021-03-03,,,WorthPoint
chelyabinsk,Traktor Chelyabinsk KHL Russian Jersey Hockey Black T-Shirt NEW Russia S-4xl,18.99,2021-03-02,,,WorthPoint
chelyabinsk,.284 Gram 10mm Smokey Crusted Individual Chelyabinsk Meteorite (LL5) Russia,6,2021-02-28,284,0.02,WorthPoint
chelyabinsk,.070 Grams 4mm 100% Crusted Individual Chelyabinsk Meteorite (LL5) Russia 2014,5.5,2021-02-28,70,0.08,WorthPoint
chelyabinsk,100% Crusted FRESH Chelyabinsk Meteorite Individual (LL5) - 7.4 G,60,2021-02-28,7.4,8.11,WorthPoint
chelyabinsk,.563 Grams Chelyabinsk Meteorite ( LL5 ) Crusted Individual Fell In Russia 2013,8.3,2021-02-26,563,0.01,WorthPoint
chelyabinsk,Nicely Crusted Chelyabinsk Meteorite Individual (LL5) - 5.5 G,50,2021-02-22,5.5,9.09,WorthPoint
chelyabinsk,"Meteorite**Chelyabinsk; LL5**2.306 Gram; Witnessed Fall!!! Feb,15 2013",23.5,2021-02-22,2.306,10.19,WorthPoint
chelyabinsk,Russian KYSHTYM DISASTER MEDAL 50 Yrs. MAYAK NUCLEAR Catastrophe Chelyabinsk 65,45.99,2021-02-21,,,WorthPoint
chelyabinsk,Vesicular IMB Chelyabinsk Meteorite 4.44 G Slice (LL5) - Super Nice!!,55,2021-02-20,4.44,12.39,WorthPoint
chelyabinsk,.702 Grams Chelyabinsk Meteorite ( LL5 ) Crusted Individual Fell In Russia 2013,10.5,2021-02-16,702,0.01,WorthPoint
chelyabinsk,.705 Grams Chelyabinsk Meteorite ( LL5 ) Crusted Individual Fell In Russia 2013,10.5,2021-02-16,705,0.01,WorthPoint
chelyabinsk,.692 Grams Chelyabinsk Meteorite ( LL5 ) Crusted Individual Fell In Russia 2013,10,2021-02-16,692,0.01,WorthPoint
chelyabinsk,.129 Grams Chelyabinsk Meteorite ( LL5 ) Fully Crusted Individual Russia 2013,5,2021-02-15,129,0.04,WorthPoint
chelyabinsk,Evgeny Kuznetsov Traktor Chelyabinsk KHL Pro Lutch Stitched Jersey Size 56,149.99,2021-02-15,,,WorthPoint
chelyabinsk,Crusted-shocked Chelyabinsk Meteorite Slice (LL5) -1.76 G,6.29,2021-02-13,1.76,3.57,WorthPoint
chelyabinsk,Super COOL!! IMPACT MELT - 5.7 Gram Chelyabinsk Meteorite End Cut (LL5) W/crust!,45,2021-02-10,5.7,7.89,WorthPoint
chelyabinsk,"Chelyabinsk Meteorite Sample: Info-Photo 4""x 6"" Glossy Hi-Res (signed COA)",6,2021-02-09,,,WorthPoint
chelyabinsk,Crusted Chelyabinsk Meteorite 1/2 Individual (LL5) - 7.75 G,55,2021-02-09,7.75,7.1,WorthPoint
chelyabinsk,Old Russia Open Letter St Peterburg Year 1909 –û–º—Å–∫-–ß–µ–ª—è–±–∏–Ω—Å–∫ –í –°–∞–Ω–∫—Ç –ü–µ—Ç–µ—Ä–±—É—Ä–≥,20,2021-02-08,,,WorthPoint
chelyabinsk,"Meteorite**Chelyabinsk; LL5**1.699 Gram, Oriented Witnessed Fall!!! Feb,15 2013",15.99,2021-02-08,1.699,9.41,WorthPoint
chelyabinsk,"1949 June 11, Kunashak L6 Meteorite, Chelyabinsk, Russia 2.4 Grams Hammer Stone",40,2021-02-07,2.4,16.67,WorthPoint
chelyabinsk,Super NICE!! IMPACT MELT - 9.5 Gram Chelyabinsk Meteorite Slice (LL5),95,2021-02-07,9.5,10,WorthPoint
chelyabinsk,"18thC Antique 4""ct Iolite Ancient Medieval Viking Norse Solar Navigational Aid",199.99,2021-02-03,,,WorthPoint
chelyabinsk,.467 Grams Chelyabinsk Meteorite ( LL5 ) Crusted Individual Fell In Russia 2013,7,2021-01-25,467,0.01,WorthPoint
chelyabinsk,"Meteorite**Chelyabinsk; LL5**1.965 Gram Lot; Witnessed Fall!!! Feb,15 2013",31,2021-01-25,1.965,15.78,WorthPoint
chelyabinsk,"Meteorite**Chelyabinsk; LL5**2.369 Gram Lot; Witnessed Fall!!! Feb,15 2013",18.99,2021-01-25,2.369,8.02,WorthPoint
chelyabinsk,Oriented Chelyabinsk - Nicely Crusted Individual (LL5) - 4.6 G,40,2021-01-18,4.6,8.7,WorthPoint
chelyabinsk,Oriented Crusted Chelyabinsk Meteorite Individual (LL5) - 9.1 G,75,2021-01-18,9.1,8.24,WorthPoint
chelyabinsk,FULL New 12oz 355ml American Can Seven Up 7 Up Antioxidant Diet Cherry USA 2011,9.99,2021-01-14,340.2,0.03,WorthPoint
chelyabinsk,Huge Fireball! Fantastic Fall! Oriented Stone! Chelyabinsk Meteorite 11.3 Gms,276.5,2021-01-14,11.3,24.47,WorthPoint
chelyabinsk,"Beautiful Libyan Desert Glass High Quality Impact Tektite. 41.6 Gm, 208 Carats",200,2021-01-13,41.6,4.81,WorthPoint
chelyabinsk,.085 Grams 5mm 100% Crusted Individual Chelyabinsk Meteorite (LL5) Russia 2014,5,2021-01-12,85,0.06,WorthPoint
chelyabinsk,.079 Grams 4mm 100% Crusted Individual Chelyabinsk Meteorite (LL5) Russia 2014,5,2021-01-12,79,0.06,WorthPoint
chelyabinsk,.082 Grams 5mm 100% Crusted Individual Chelyabinsk Meteorite (LL5) Russia 2014,5.5,2021-01-12,82,0.07,WorthPoint
chelyabinsk,"Meteorite**Chelyabinsk; LL5**1.369 Gram Pea; Witnessed Fall!!! Feb,15 2013",5.5,2021-01-11,1.369,4.02,WorthPoint
chelyabinsk,"Meteorite**Chelyabinsk; LL5**2.141 Gram Pea; Witnessed Fall!!! Feb,15 2013",24.99,2021-01-11,2.141,11.67,WorthPoint
chelyabinsk,"Meteorite**Chelyabinsk; LL5**2.000 Gram Lot; Witnessed Fall!!! Feb,15 2013",20.5,2021-01-11,2,10.25,WorthPoint
chelyabinsk,"1919, FEF Siberia, Chelyabinsk Rail Station See Remark (M4922)",399.95,2021-01-10,,,WorthPoint
chelyabinsk,.131 Grams 5mm 100% Crusted Individual Chelyabinsk Meteorite (LL5) Russia 2014,6,2021-01-10,131,0.05,WorthPoint
chelyabinsk,SIBERIA Airlines Ilyushin IL-86 Widebody SAFETY CARD Airways,123.5,2021-01-09,,,WorthPoint
chelyabinsk,UZBEKISTAN Airways 1990s (?) Ilyushin IL-62 IL-62M SAFETY CARD Airlines,281,2021-01-09,,,WorthPoint
chelyabinsk,.947 Gram 13mm Smokey 100% Crusted Individual Chelyabinsk Meteorite (LL5) Russia,8.99,2021-01-09,947,0.01,WorthPoint
chelyabinsk,Oriented Chelyabinsk Meteorite 100% Crusted Individual (LL5) - 0.63 G - FRESH,15,2021-01-08,0.63,23.81,WorthPoint
chelyabinsk,Traktor Chelyabinsk RUSSIAN ICE HOCKEY JERSEY #10 WHITE ADULT SIZE 52 **EUC**,29.99,2021-01-06,,,WorthPoint
chelyabinsk,.482 Grams 9x6x4mm 100% Crusted Individual Chelyabinsk Meteorite LL5 Russia 2014,7.5,2021-01-05,482,0.02,WorthPoint
chelyabinsk,.510 Grams 9mm 100% Crusted Individual Chelyabinsk Meteorite (LL5) Russia 2014,8.5,2021-01-05,510,0.02,WorthPoint
chelyabinsk,Evgeny Kuznetsov Autographed Signed Washington Capitals Hockey Puck Nhl Coa,28,2020-12-29,,,WorthPoint
chelyabinsk,Hockey Pins Cska Dynamo Spartak Krylya Torpedo Riga Kristall Khimik Traktor Ska,75,2020-12-27,,,WorthPoint
chelyabinsk,"Meteorite**Chelyabinsk; LL5**3.228 Gram Lot; Witnessed Fall!!! Feb,15 2013",39.99,2020-12-23,3.228,12.39,WorthPoint
chelyabinsk,"Meteorite CHELYABINSK, Russia, TWO FRAGMENTS! 3.13g & 1.24 Gram Individual Piece",14.99,2020-12-21,3.13,4.79,WorthPoint
chelyabinsk,Meteorite Chelyabinsk (LL5) Famous Russian Fall!,19.5,2020-12-21,,,WorthPoint
chelyabinsk,"Chelyabinsk LL5 Russia Fell Feb. 15, 2013 Whole Stone 11.06 Grams",33,2020-12-17,11.06,2.98,WorthPoint
chelyabinsk,.407 Grams 7mm Smokey 100% Crusted Individual Chelyabinsk Meteorite (LL5) Russia,6.99,2020-12-16,407,0.02,WorthPoint
chelyabinsk,Meteorite Chelyabinsk Famous Russian Fall 2.48 Grams (LL5),12.99,2020-12-13,2.48,5.24,WorthPoint
chelyabinsk,1/35 Miniart Soviet Tram X-series. Early Type #38020,61.99,2020-12-10,,,WorthPoint
chelyabinsk,.506 Grams 7x6x5mm 100% Crusted Individual Chelyabinsk Meteorite LL5 Russia 2014,7.5,2020-12-10,506,0.01,WorthPoint
chelyabinsk,.597 Grams 9x6x6mm 100% Crusted Individual Chelyabinsk Meteorite LL5 Russia 2014,8,2020-12-10,597,0.01,WorthPoint
chelyabinsk,Traktor Chelyabinsk RUSSIAN ICE HOCKEY JERSEY # 18 WHITE ADULT SIZE 52 **EUC**,35,2020-12-10,,,WorthPoint
chelyabinsk,.152 Grams Chelyabinsk Meteorite ( LL5 ) Crusted Individual Fell In Russia 2013,5,2020-12-09,152,0.03,WorthPoint
chelyabinsk,IMPACT MELT W/Hole Or Cavity - 7.4 Gram Chelyabinsk Meteorite Slice (LL5),74,2020-12-07,7.4,10,WorthPoint
chelyabinsk,.481 Grams Chelyabinsk Meteorite ( LL5 ) Crusted Individual Fell In Russia 2013,7.2,2020-12-03,481,0.01,WorthPoint
chelyabinsk,1.24 Grams 16x10x5mm 100% Crusted Individual Chelyabinsk Meteorite LL5 Russia,13,2020-12-03,1.24,10.48,WorthPoint
chelyabinsk,"AAA Libyan Desert Glass Amazing Quality Impact Tektite. 38 Gm, 190 Carats Gem",220,2020-12-02,38,5.79,WorthPoint
chelyabinsk,.491 Grams 12mm Crusted Fragment Chelyabinsk Meteorite LL5 Russia 2014,5.76,2020-12-02,491,0.01,WorthPoint
chelyabinsk,Meteorite Chelyabinsk LL5 Complete Stones 3.25 Grams In Glass Vial Russia,19.99,2020-11-30,3.25,6.15,WorthPoint
chelyabinsk,Chelyabinsk Meteorite Slice (LL5) - 0.70 G Impact Melt Breccia,15,2020-11-27,0.7,21.43,WorthPoint
chelyabinsk,Shocked Crusted FRESH Chelyabinsk Meteorite Individual (LL5) - 8.6 G,86,2020-11-27,8.6,10,WorthPoint
chelyabinsk,Traktor Chelyabinsk Sergei Gonchar Russian Hockey Jersey KHL White 52 XXL 2XL,59.99,2020-11-24,,,WorthPoint
chelyabinsk,.435 Grams Chelyabinsk Meteorite ( LL5 ) Crusted Individual Fell In Russia 2013,5.99,2020-11-22,435,0.01,WorthPoint
chelyabinsk,TRAKTOR Chelyabinsk Hockey Jersey #19 Mens Size 48 Russia,64.95,2020-11-19,,,WorthPoint
chelyabinsk,"UNOPENED (EMPTIED) 12oz 355ml Can American ""Standard"" Dr. Pepper USA 2009",5.99,2020-11-18,340.2,0.02,WorthPoint
chelyabinsk,"UNOPENED EMPTIED 12oz 355ml Can Of ""Standard"" American Diet Dr. Pepper USA 2009",5.99,2020-11-18,340.2,0.02,WorthPoint
chelyabinsk,EMPTY UNOPEN 12oz 355ml Vintage Can American Diet Dr. Pepper USA 2006,5.99,2020-11-18,340.2,0.02,WorthPoint
chelyabinsk,19thC Antique Iolite Ancient Greenland Medieval Viking Norse Solar Navigate Aid,39.99,2020-11-14,,,WorthPoint
chelyabinsk,Soviet Russian Chelyabinsk RFNC-VNIITF ICBM Nuclear Warhead Fiber Optic Module,124.95,2020-11-12,,,WorthPoint
chelyabinsk,"Chelyabinsk LL5 Russia Fell Feb. 15, 2013 Whole Stone 7.26 Grams Melt",15,2020-11-12,7.26,2.07,WorthPoint
chelyabinsk,Vesicular IMB Chelyabinsk Meteorite 3.70 G Slice (LL5) - Super Nice!!,56,2020-11-11,3.7,15.14,WorthPoint
chelyabinsk,100% Crusted FRESH Chelyabinsk Meteorite LOT Of 5 (LL5) - 1.5 G WOW!,29,2020-11-11,1.5,19.33,WorthPoint
chelyabinsk,Chelyabinsk Meteorite Slice (LL5) - 0.83 G Impact Melt Breccia,17,2020-11-11,0.83,20.48,WorthPoint
chelyabinsk,Genuine Chelyabinsk Meteorite In Glass Display Box,69,2020-11-10,,,WorthPoint
chelyabinsk,* AZURITE GEODE Crystal Cluster Mineral Specimen Split Half Gem Gemstone RUSSIA,22.5,2020-11-09,,,WorthPoint
chelyabinsk,"Chelyabinsk LL5 Russia Fell Feb. 15, 2013 Whole Stone 8.2 Grams",36,2020-11-05,8.2,4.39,WorthPoint
chelyabinsk,Vintage Russia Soviet Union Chelyabinsk Traktor Hockey Puck Check My Other Pucks,5,2020-11-05,,,WorthPoint
chelyabinsk,Vintage Russian Soviet Mechanical Table Clock. Circa 1950. Military.,50,2020-11-03,,,WorthPoint
chelyabinsk,1/35 ADV / Azimut KV-1 1942 Soviet WWII Heavy Tank Resin Conversion HTF,24.99,2020-11-01,,,WorthPoint
chelyabinsk,Thick Crusted IMB Chelyabinsk Individual Meteorite - 2.21 G (LL5),30,2020-10-27,2.21,13.57,WorthPoint
chelyabinsk,.610 Grams Chelyabinsk Meteorite ( LL5 ) Crusted Individual Fell In Russia 2013,9.15,2020-10-26,610,0.02,WorthPoint
chelyabinsk,.725 Grams Chelyabinsk Meteorite ( LL5 ) Crusted Individual Fell In Russia 2013,10.85,2020-10-26,725,0.01,WorthPoint
chelyabinsk,.731 Grams Chelyabinsk Meteorite ( LL5 ) Crusted Individual Fell In Russia 2013,10.95,2020-10-26,731,0.01,WorthPoint
chelyabinsk,Impact Melt Chelyabinsk Meteorite End Cut (LL5) - 3.4 G W/Diamond Lapping,29,2020-10-26,3.4,8.53,WorthPoint
chelyabinsk,Vitali Kravtsov Traktor KHL 2019-20 Russian Hockey Jersey Rangers DK 46,99.99,2020-10-20,,,WorthPoint
chelyabinsk,AUTHENTIC SIKHOTE ALIN METEORITE IN 6x8'' DISPLAY FRAME WITH INFORMATION CARD,15,2020-10-19,,,WorthPoint
chelyabinsk,Chelyabinsk Meteorite 100% Crusted Individual (LL5) - 0.50 G - FRESH,11,2020-10-16,0.5,22,WorthPoint
chelyabinsk,Chelyabinsk Meteor Shockwave Window,1143.75,2020-10-15,,,WorthPoint
chelyabinsk,"FRESH 100 Grams Chelyabinsk Meteorite ""Peas"" - FANTASTIC 100% Crusted SPECIMENS",1000,2020-10-13,100,10,WorthPoint
chelyabinsk,Crusted-brecciated Chelyabinsk Meteorite Individual (LL5) - 0.96 G - FRESH,15,2020-10-10,0.96,15.63,WorthPoint
chelyabinsk,"Chelyabinsk LL5 Russia Fell Feb. 15, 2013 Whole Stone 10.2 Grams",11.5,2020-10-08,10.2,1.13,WorthPoint
chelyabinsk,Chelyabinsk - VERY Nicely Shocked/crusted End Cut (LL5) - 5.20 G,56,2020-10-03,5.2,10.77,WorthPoint
chelyabinsk,"Chelyabinsk LL5 Russia Fell Feb. 15, 2013 Whole Stone 5.0 Grams",5.51,2020-10-01,5,1.1,WorthPoint
chelyabinsk,HC Traktor Chelyabinsk KHL Hockey Knit Cuffed Hat With Pom,25,2020-09-28,,,WorthPoint
chelyabinsk,Dew S A Mountain Dew Code Red-White Out-Voltage FULL NEW 12oz Can Pepsi USA 2017,13.99,2020-09-27,340.2,0.04,WorthPoint
chelyabinsk,"Chelyabinsk LL5 Russia Fell Feb. 15, 2013 Whole Stone 7.3 Grams",35,2020-09-24,7.3,4.79,WorthPoint
chelyabinsk,RARE 9 Piece Meteorite / Meteor Display Collection - 9 Rare Pieces,143,2020-09-23,,,WorthPoint
chelyabinsk,.547 Grams Chelyabinsk Meteorite ( LL5 ) Crusted Individual Fell In Russia 2013,8,2020-09-22,547,0.01,WorthPoint
chelyabinsk,"Large Kobyashevite On Calcite Selenite Crystals, Ojuela Mine, Mexico. 2 Lb 8 Oz",450,2020-09-19,226.8,1.98,WorthPoint
chelyabinsk,Meteorite Chelyabinsk Russian Meteorite 10.51 Grams Witnessed Fall,99.99,2020-09-19,10.51,9.51,WorthPoint
chelyabinsk,.263 Grams 9mm 100% Crusted Individual Chelyabinsk Meteorite (LL5) Russia 2014,7.8,2020-09-19,263,0.03,WorthPoint
chelyabinsk,"Chelyabinsk LL5 Russia Fell Feb. 15, 2013 Whole Stone 8.6 Grams",16.5,2020-09-17,8.6,1.92,WorthPoint
chelyabinsk,Large 1st Edition Mini Museum - 33 Specimens - Kickstarter - Hans Fex First,1600,2020-09-16,,,WorthPoint
chelyabinsk,"Memorabilia Pieces Of History 22 Cards & Statue Of Liberty, Capitol, Dealer Lot",19.99,2020-09-12,,,WorthPoint
chelyabinsk,1 Ruble 1918 Ekaterinburg Ural Siberia Russian Civil War S921b [AH554],35,2020-09-12,,,WorthPoint
chelyabinsk,"NEW FLAVOR FULL Pepsi Mountain Dew Lemon-Lime Ice ""With A Splash Of Real Juice""",9.99,2020-09-10,,,WorthPoint
chelyabinsk,Fully Crusted Chelyabinsk Meteorite Individual (LL5) - 0.32 G - FRESH,9,2020-09-08,0.32,28.13,WorthPoint
chelyabinsk,Chelyabinsk Meteorite 100% Crusted Individual (LL5) - 0.60 G - FRESH,13,2020-09-08,0.6,21.67,WorthPoint
chelyabinsk,Chelyabinsk - Nicely Crusted End Cut (LL5) - 4.4 G,38,2020-09-08,4.4,8.64,WorthPoint
chelyabinsk,MINI MUSEUM - 1ST EDITION (SMALL - 11 SPECIMENS) - Extremely Rare - 683/750,600,2020-09-08,,,WorthPoint
chelyabinsk,.475 Grams 9mm 100% Crusted Individual Chelyabinsk Meteorite (LL5) Russia 2014,7.99,2020-09-07,475,0.02,WorthPoint
chelyabinsk,.233 Grams 6mm 100% Crusted Individual Chelyabinsk Meteorite (LL5) Russia 2014,7.9,2020-09-07,233,0.03,WorthPoint
chelyabinsk,.111 Grams 6mm 100% Crusted Individual Chelyabinsk Meteorite (LL5) Russia 2014,5,2020-09-07,111,0.05,WorthPoint
chelyabinsk,.126 Grams 8mm 98% Crusted Individual Chelyabinsk Meteorite (LL5) Russia 2014,6.5,2020-09-07,126,0.05,WorthPoint
chelyabinsk,.089 Grams 5mm 100% Crusted Individual Chelyabinsk Meteorite (LL5) Russia 2014,5,2020-09-07,89,0.06,WorthPoint
chelyabinsk,.758 Gram 12mm Nice Smokey Crusted Individual Chelyabinsk Meteorite (LL5) Russia,8.99,2020-09-07,758,0.01,WorthPoint
chelyabinsk,.503 Grams Chelyabinsk Meteorite ( LL5 ) Crusted Individual Fell In Russia 2013,7.55,2020-09-06,503,0.02,WorthPoint
chelyabinsk,.188 Grams 7mm 100% Crusted Individual Chelyabinsk Meteorite (LL5) Russia 2014,6.9,2020-09-04,188,0.04,WorthPoint
chelyabinsk,.422 Grams Chelyabinsk Meteorite ( LL5 ) Crusted Individual Fell In Russia 2013,6.3,2020-09-04,422,0.01,WorthPoint
chelyabinsk,Chelyabinsk Meteorite 100% Crusted Individual (LL5) - 0.57 G - FRESH,12,2020-09-04,0.57,21.05,WorthPoint
chelyabinsk,Rossiya 203-1 –†–æ—Å—Å–∏—è –†–ü-203-1 Russian Portable Radio Receiver USSR MW AM LW SW,99,2020-09-03,,,WorthPoint
chelyabinsk,"Chelyabinsk LL5 Russia Fell Feb. 15, 2013 Whole Stone 73.2 Grams",82,2020-09-03,73.2,1.12,WorthPoint
chelyabinsk,.642 Grams Chelyabinsk Meteorite ( LL5 ) Crusted Individual Fell In Russia 2013,9.6,2020-09-01,642,0.01,WorthPoint
chelyabinsk,.776 Grams Chelyabinsk Meteorite ( LL5 ) Crusted Individual Fell In Russia 2013,8.99,2020-08-29,776,0.01,WorthPoint
chelyabinsk,"Meteorite**Chelyabinsk, Russia**14.74 Grams; Fluted W/Regmaglypts!!!",299.99,2020-08-25,14.74,20.35,WorthPoint
chelyabinsk,"Fell 2013 Feb. 15, Chelyabinsk LL5 Meteorite 100% FUSION CRUST Russia .78 Grams",20,2020-08-22,78,0.26,WorthPoint
chelyabinsk,Nicely Crusted Chelyabinsk Meteorite Individual (LL5) - 0.83 G - FRESH,15,2020-08-21,0.83,18.07,WorthPoint
chelyabinsk,ACHS-1 Soviet Military Aircraft Cockpit Panel Clock Mig W/Stand (Free Shipping),128,2020-08-20,,,WorthPoint
chelyabinsk,1999-00 New York Islanders,175,2020-08-18,,,WorthPoint
chelyabinsk,.540 Grams Chelyabinsk Meteorite ( LL5 ) Crusted Individual Fell In Russia 2013,8.1,2020-08-18,540,0.02,WorthPoint
chelyabinsk,.737 Grams Chelyabinsk Meteorite ( LL5 ) Crusted Individual Fell In Russia 2013,11,2020-08-18,737,0.01,WorthPoint
chelyabinsk,"* TAMIYA 1/35 T34/76 Soviet Tank ""ChTZ"" 1943 Version, Free Shipping To US",28,2020-08-17,,,WorthPoint
chelyabinsk,.485 Grams Chelyabinsk Meteorite ( LL5 ) Crusted Individual Fell In Russia 2013,7,2020-08-16,485,0.01,WorthPoint
chelyabinsk,.126 Grams 5mm 100% Crusted Individual Chelyabinsk Meteorite (LL5) Russia 2014,5,2020-08-14,126,0.04,WorthPoint
chelyabinsk,NEW FULL 12oz (355ml) Can Genuine American Diet Cherry Coca-Cola Coke USA 2004,9.99,2020-08-11,340.2,0.03,WorthPoint
chelyabinsk,Mineral Observer Vol 18 Issue 3 2013 Chelyabinsk Meteorite Issue,34.95,2020-08-10,,,WorthPoint
chelyabinsk,.327 Grams Chelyabinsk Meteorite ( LL5 ) Crusted Individual Fell In Russia 2013,5,2020-08-05,327,0.02,WorthPoint
chelyabinsk,Really NICE! Chelyabinsk Meteorite Slice (LL5) - 5.63 G Impact Melt Breccia,75,2020-08-01,5.63,13.32,WorthPoint
chelyabinsk,Unique Impact Melt Chelyabinsk Meteorite End Cut (LL5) - 1.46 G,22,2020-08-01,1.46,15.07,WorthPoint
chelyabinsk,Crusted Chelyabinsk Meteorite Individual (LL5) - 6.8 G - FRESH,50,2020-08-01,6.8,7.35,WorthPoint
chelyabinsk,Chelyabinsk Meteorite Fragment (LL5) - 12.6 G Very Nice !!,85,2020-07-31,12.6,6.75,WorthPoint
chelyabinsk,.728 Grams 8mm 100% Smokey Crusted Individual Chelyabinsk Meteorite (LL5) Russia,10,2020-07-26,728,0.01,WorthPoint
chelyabinsk,Tamiya 1/35 Russian TANK T34/76 ChTZ Plastic Model Kit TAM35149,34.25,2020-07-21,,,WorthPoint
chelyabinsk,Chelyabinsk - Nicely Crusted Slice (LL5) - 1.36 G,16,2020-07-21,1.36,11.76,WorthPoint
chelyabinsk,Cook Islands 2013 Silver Proof $5 Chelyabinsk Meteorite - W/ Metal Tin (no Coa),91,2020-07-16,,,WorthPoint
chelyabinsk,Tamiya 1/35 Russian T34/76 ChTZ Plastic Model Kit 35149 TAM35149,24,2020-07-15,,,WorthPoint
chelyabinsk,Tamiya 1/35 Russian T34/76 ChTZ Kit 35149,24,2020-07-14,,,WorthPoint
chelyabinsk,Special Impact Melt Brecciated Chelyabinsk Meteorite End Cut (LL5) - 2.00 G,40,2020-07-11,2,20,WorthPoint
chelyabinsk,Crusted FRESH Chelyabinsk Meteorite Individual (LL5) - 3.9 G,33,2020-07-09,3.9,8.46,WorthPoint
chelyabinsk,Chelyabinsk Meteorite End Cut (LL5) - 3.7 G W/crust,33,2020-07-08,3.7,8.92,WorthPoint
chelyabinsk,.902 Grams Chelyabinsk Meteorite ( LL5 ) Crusted Individual Fell In Russia 2013,13.5,2020-07-08,902,0.01,WorthPoint
chelyabinsk,Chelyabinsk Meteorite End Cut (LL5) - 0.85 G W/crust - Shocked & Chondrules,10,2020-06-23,0.85,11.76,WorthPoint
chelyabinsk,Chelyabinsk - UFO Metal,17,2020-06-22,,,WorthPoint
chelyabinsk,Super COOL!! IMPACT MELT - 6.4 Gram Chelyabinsk Meteorite Slice (LL5),60,2020-06-18,6.4,9.38,WorthPoint
chelyabinsk,"1949 June 11, Kunashak L6 Meteorite, Chelyabinsk, Russia 5.4 Grams, Great Gift",48,2020-06-18,5.4,8.89,WorthPoint
chelyabinsk,Chelyabinsk LL5 Meteorite - 0.56g In Display - Great Gift!,12.95,2020-06-17,0.56,23.12,WorthPoint
chelyabinsk,Chelyabinsk Meteorite 72.15g Oriented / Glossy Black Fusion Crust *IMCA #6236*,995,2020-06-16,72.15,13.79,WorthPoint
chelyabinsk,1533 IVAN IV Terrible Grand Duke Moscow HORSE Antique Silver Denga Coin I74720,198.8,2020-06-15,,,WorthPoint
chelyabinsk,Chelyabinsk Meteorite 100% Crusted Individual (LL5) - 4.56 G - FRESH,60,2020-06-14,4.56,13.16,WorthPoint
chelyabinsk,FULL Can Coke Diet Coca-Cola Plus W/Vitamins + Minerals 2009 USA Limited Edition,15.99,2020-06-12,,,WorthPoint
chelyabinsk,Chelyabinsk - Nicely Crusted Individual (LL5) - 4.4 G,36,2020-06-09,4.4,8.18,WorthPoint
chelyabinsk,"Meteorite**Chelyabinsk, Russia**1.621 Grams; Perfect Oriented Pea Lot!!",26,2020-06-08,1.621,16.04,WorthPoint
chelyabinsk,18thC Antique 1 2/3c Iolite Sacred Medieval Mother Goddess Shaman Visions Amulet,89.99,2020-06-07,,,WorthPoint
chelyabinsk,Chelyabinsk Meteorite Individual 5.6 Grams!,62,2020-06-05,5.6,11.07,WorthPoint
chelyabinsk,Chelyabinsk - Partially Crusted Slice (LL5) - 2.56 G,26,2020-06-04,2.56,10.16,WorthPoint
chelyabinsk,3.05 Grams 14x12x9mm 98% Crusted Individual Chelyabinsk Meteorite (LL5) Russia,21.59,2020-06-02,3.05,7.08,WorthPoint
chelyabinsk,2.02 Grams 15x9x8mm 98% Crusted Individual Chelyabinsk Meteorite (LL5) Russia,14.99,2020-05-31,2.02,7.42,WorthPoint
chelyabinsk,Superb Thin Chelyabinsk Meteorite Slice (LL5) - 1.90 VERY FRESH,33,2020-05-30,,,WorthPoint
chelyabinsk,FULL NEW 12oz 355ml American Can Pepsi Throwback Limited Edition USA 2009,12.99,2020-05-27,340.2,0.04,WorthPoint
chelyabinsk,1.063 Grams Chelyabinsk Meteorite ( LL5 ) Crusted Individual Fell In Russia 2013,17,2020-05-25,1.063,15.99,WorthPoint
chelyabinsk,"Chelyabinsk LL5 Meteorite 7.2g. Beautiful Impact Melt End Cut ""Witnessed Fall""",29.99,2020-05-24,7.2,4.17,WorthPoint
chelyabinsk,Sergei Gonchar Game Used Autographed Bauer One90 Hockey Stick,70,2020-05-23,,,WorthPoint
chelyabinsk,Nicely Crusted Oriented Chelyabinsk Meteorite Individual (LL5) - 5.08 G,55,2020-05-23,5.08,10.83,WorthPoint
chelyabinsk,"19thC Antique 1ct+ Spinel Medieval ""Balas Ruby"" Badakhshan Tajikistan Marco Polo",159.99,2020-05-20,0.2,799.95,WorthPoint
chelyabinsk,2013 Cook Islands $5 Chelyabinsk Meteorite 1ozt .999 Silver Coin,99.99,2020-05-20,28.35,3.53,WorthPoint
chelyabinsk,1.06 Gram 14mm 100% Smokey Crusted Individual Chelyabinsk Meteorite (LL5) Russia,14,2020-05-18,1.06,13.21,WorthPoint
chelyabinsk,RUSSIA 2014 GOLD COIN ONE OUNCE JUDO 1 Oz .999 Au PROOF PR PF RUSSIAN SPORT !!!,2250,2020-05-18,2014,1.12,WorthPoint
chelyabinsk,"Meteorite**Chelyabinsk, Russia**0.550 Grams; Perfect Oriented Pea!!",21.5,2020-05-18,0.55,39.09,WorthPoint
chelyabinsk,Quality Chelyabinsk Meteorite Slice (LL5) - 7.0 G W/85% Edge Crust - VERY FRESH!,60,2020-05-16,7,8.57,WorthPoint
chelyabinsk,"Chelyabinsk Meteorite, 3.0g Slice, WITNESSED FALL! 02/15/2013",10,2020-05-04,3,3.33,WorthPoint
chelyabinsk,"0.8 Gram Chelyabinsk Meteorite - Fell Feb 15, 2013 - LL Chondrite (ex-schooler)",18,2020-05-03,0.8,22.5,WorthPoint
chelyabinsk,"0.7 Gram Chelyabinsk Meteorite - Fell Feb 15, 2013 - LL Chondrite (ex-schooler)",18.75,2020-05-03,0.7,26.79,WorthPoint
chelyabinsk,"1.0 Gram Chelyabinsk Meteorite - Fell Feb 15, 2013 - LL Chondrite (ex-schooler)",21.75,2020-05-01,1,21.75,WorthPoint
chelyabinsk,Sweet!! Crusted Chelyabinsk Meteorite Individual (LL5) - 1.93 G - FRESH,18,2020-04-28,1.93,9.33,WorthPoint
chelyabinsk,"Meteorite**Chelyabinsk, Russia**82.51 Grams; Fresh Oriented, IMB Melt!!!",207.5,2020-04-27,82.51,2.51,WorthPoint
chelyabinsk,1.238 Grams Chelyabinsk Meteorite ( LL5 ) Crusted Individual Fell In Russia 2013,12,2020-04-26,1.238,9.69,WorthPoint
chelyabinsk,Chelyabinsk Meteorite 100% Crusted Individual (LL5) - 1.27 G - FRESH,18,2020-04-24,1.27,14.17,WorthPoint
chelyabinsk,Quality Chelyabinsk Meteorite Slice (LL5) - 2.4 G W/75% Edge Crust,20,2020-04-20,2.4,8.33,WorthPoint
chelyabinsk,Chelyabinsk - Nicely Crusted Slice (LL5) - 1.58 G,16,2020-04-20,1.58,10.13,WorthPoint
chelyabinsk,NEW FULL 12oz USA Premium Diet Coke Coca-Cola Light Ginger Lime (2018),12.99,2020-04-19,340.2,0.04,WorthPoint
chelyabinsk,Amazonite Beads & Real Pearl Rosary Cross Crucifix BOX CATHOLIC GOLD Necklace,22.99,2020-04-19,,,WorthPoint
chelyabinsk,Crusted Impact Melt Breccia Chelyabinsk Meteorite End Cut (LL5) - 3.75g,52,2020-04-06,3.75,13.87,WorthPoint
chelyabinsk,"FULL 16oz Mountain Dew ""Kickstart Energizing Orange Citrus"" Caffeine USA 2016",16.99,2020-04-06,453.6,0.04,WorthPoint
chelyabinsk,Superbly FRESH Chelyabinsk Meteorite Lap-faced Individual (LL5) - 15.1 G,140,2020-04-02,15.1,9.27,WorthPoint
chelyabinsk,Mountain Dew White Out FULL NEW 12oz 355ml Can Limited Edition Pepsi USA (2009),15.99,2020-04-02,340.2,0.05,WorthPoint
chelyabinsk,Traktor Chelyabinsk Lutch Hockey Jersey #55 Mens Size 52 Russia KHL,50,2020-04-01,,,WorthPoint
chelyabinsk,Chelyabinsk 39.6 Gram Meteorite From The Largest Meteorite Fall Since 1907.,375,2020-03-21,39.6,9.47,WorthPoint
chelyabinsk,Unique Impact Melt Chelyabinsk Meteorite Slice (LL5) - 1.42g,35,2020-03-20,1.42,24.65,WorthPoint
chelyabinsk,1.270 Grams Chelyabinsk Meteorite ( LL5 ) Crusted Individual Fell In Russia 2013,19.05,2020-03-18,1.27,15,WorthPoint
chelyabinsk,.868 Grams Chelyabinsk Meteorite ( LL5 ) Crusted Individual Fell In Russia 2013,13,2020-03-18,868,0.01,WorthPoint
chelyabinsk,Quality Chelyabinsk Meteorite Slice (LL5) - 1.64 G W/Shock Lines And Chondrules,20,2020-03-17,1.64,12.2,WorthPoint
chelyabinsk,"Meteorite**Chelyabinsk, Russia**0.775 Grams; Perfect Oriented Pea!!!",10.99,2020-03-16,0.775,14.18,WorthPoint
chelyabinsk,"7.30 Grams 44x40x2mm ""melt Mixed"" Slice Of Chelyabinsk Meteorite (LL5)",72,2020-03-13,7.3,9.86,WorthPoint
chelyabinsk,Super COOL!! IMPACT MELT - 4.56 Gram Chelyabinsk Meteorite Slice (LL5),50,2020-03-13,4.56,10.96,WorthPoint
chelyabinsk,5.13 Grams 20x11x11mm 99% Crusted Individual Chelyabinsk Meteorite (LL5) Russia,34,2020-03-12,5.13,6.63,WorthPoint
chelyabinsk,"FULL NEW 16oz Mountain Dew ""Dark Berry Black Label"" USA 2016 With Herbal Bitters",16.99,2020-03-11,453.6,0.04,WorthPoint
chelyabinsk,5.44 Grams 20x17x12mm Crusted Melt Individual Chelyabinsk Meteorite (LL5),30,2020-03-10,5.44,5.51,WorthPoint
chelyabinsk,Chelyabinsk - VERY Nicely Shocked/crusted Slice (LL5) - 2.60 G,35,2020-03-09,2.6,13.46,WorthPoint
chelyabinsk,Vintage Pocket Watch Commenorating Apollo-Soyuz Mission In July 1975,29,2020-03-09,,,WorthPoint
chelyabinsk,"Saints John Maximovich And Brother Jose Munoz Cortes, Orthodox Icon, 11.5x18 Cm",30,2020-03-08,,,WorthPoint
chelyabinsk,6.26 Grams 19x17x11mm 99% Crusted Individual Chelyabinsk Meteorite (LL5) Russia,39,2020-03-07,6.26,6.23,WorthPoint
chelyabinsk,Super COOL!! IMPACT MELT - 8.4 Gram Chelyabinsk Meteorite Slice (LL5),75,2020-03-06,8.4,8.93,WorthPoint
chelyabinsk,8.88 Grams 18x18x18mm Crusted Individual Chelyabinsk Meteorite (LL5) Russia,99,2020-03-03,8.88,11.15,WorthPoint
chelyabinsk,2.10 Grams 20mm 100% Crusted Individual Chelyabinsk Meteorite (LL5) Russia 2014,18,2020-03-03,2.1,8.57,WorthPoint
chelyabinsk,"6.71 Grams 40x37x2mm Part ""melt Mixed"" Slice Of Chelyabinsk Meteorite (LL5)",28,2020-03-03,6.71,4.17,WorthPoint
chelyabinsk,"Meteorite**Chelyabinsk, Russia**0.540 Grams; Perfect Oriented Pea!!!",10.99,2020-03-02,0.54,20.35,WorthPoint
chelyabinsk,Oriented FRESH Chelyabinsk Meteorite Individual (LL5) - 22.4 G,200,2020-03-01,22.4,8.93,WorthPoint
chelyabinsk,1987 National Hockey League NHL Vs. USSR Rendez-Vous '87 All-Star Game Program,12.53,2020-02-27,,,WorthPoint
chelyabinsk,Chelyabinsk Meteorite 100% Crusted Individual (LL5) - 2.58 G - FRESH,40,2020-02-27,2.58,15.5,WorthPoint
chelyabinsk,Cranberry Sprite Zero FULL NEW 12oz Can American Coca-Cola's USA 2015 Limited Ed,12.99,2020-02-27,340.2,0.04,WorthPoint
chelyabinsk,"FULL 16oz Mountain Dew ""Kickstart Energizing Midnight Grape"" Caffeine USA 2016",16.99,2020-02-26,453.6,0.04,WorthPoint
chelyabinsk,Awesome Crusted Chelyabinsk Meteorite Individual (LL5) - 9.0 G,90,2020-02-19,9,10,WorthPoint
chelyabinsk,Oriented Chelyabinsk Meteorite Individual (LL5) - 1.36 G W/NICE Crust,22,2020-02-18,1.36,16.18,WorthPoint
chelyabinsk,Vintage Antique Small 2 Lb ANVIL & ATHA Ball Peen Hammer JEWELER BLACKSMITH Tool,47.5,2020-02-17,,,WorthPoint
chelyabinsk,Fully Crusted Chelyabinsk Meteorite Individual (LL5) - 0.98 G - FRESH,13,2020-02-16,0.98,13.27,WorthPoint
chelyabinsk,"MIG 29 Cockpit Clock With Stand, Soviet Air Force ACS-1",95,2020-02-15,,,WorthPoint
chelyabinsk,Meteorite Chelyabinsk LL5 - 2013 Witnessed Fall - CHY-0016 - 6.43g Fusion Crust,63.95,2020-02-15,6.43,9.95,WorthPoint
chelyabinsk,Chelyabinsk Meteorite Crusted Slice (LL5) ~ 1.1 Gram ~ UNUSUAL FEATURE,20,2020-02-05,1.1,18.18,WorthPoint
chelyabinsk,FULL Mountain Dew Energizing Hydrating Blueberry Pomegranate Kickstart Caffeine,16.99,2020-02-03,,,WorthPoint
chelyabinsk,Unique Impact Melt Chelyabinsk Meteorite Slice (LL5) - 0.88 G,20,2020-01-30,0.88,22.73,WorthPoint
chelyabinsk,Advanced Modeling 1/48 Decals Su-24M Russian AF Syrian Warriors Pt1 AMD148022,12.99,2020-01-30,,,WorthPoint
chelyabinsk,1.70 Grams Chelyabinsk Meteorite (LL5) CRUSTED Fragment Fell In Russia 2014,11,2020-01-29,1.7,6.47,WorthPoint
chelyabinsk,"Memorial ""Orlenok"". Cast Iron Figurine. Collectible Statuette. The USSR",48.5,2020-01-26,,,WorthPoint
chelyabinsk,NICE Crusted Chelyabinsk Meteorite Slice (LL5) - 0.36 G W/Shock & Chondrules,10,2020-01-22,0.36,27.78,WorthPoint
chelyabinsk,"Shocked Crusted FRESH Chelyabinsk Meteorite ""split"" Individual (LL5) - 7.4 G",65,2020-01-22,7.4,8.78,WorthPoint
chelyabinsk,Nice Chelyabinsk Meteorite End Cut (LL5) - 4.5 G With 80% Crust Rim VERY FRESH,38,2020-01-22,4.5,8.44,WorthPoint
chelyabinsk,Chelyabinsk Meteorite Crusted End Cut (LL5) - 2.1 G,20,2020-01-18,2.1,9.52,WorthPoint
chelyabinsk,Superb!! Nicely Shaped 7.9 G Chelyabinsk Meteorite Individual (LL5),66,2020-01-17,7.9,8.35,WorthPoint
chelyabinsk,FULL 355ml 12oz Canadian Fanta Cream Soda Canada Bilingual French English 2011,12.99,2020-01-16,340.2,0.04,WorthPoint
chelyabinsk,2.56 Grams Chelyabinsk Meteorite (LL5) CRUSTED Fragment Fell In Russia 2014,17,2020-01-15,2.56,6.64,WorthPoint
chelyabinsk,"Libyan Desert Glass. High Quality, Beautiful Piece. Nice Regmalypts 38.6 Gm",155,2020-01-14,38.6,4.02,WorthPoint
chelyabinsk,"AAA Libyan Desert Glass Museum Quality Tektite. 51 Gm, 255 Carats Gem",280,2020-01-13,51,5.49,WorthPoint
chelyabinsk,"Meteorite**Chelyabinsk, Russia**61.22 Grams; W/Regmaglypts, IMB Melt!!!",293,2020-01-13,61.22,4.79,WorthPoint
chelyabinsk,"Meteorite**Chelyabinsk, Russia**7.861 Grams IMB Melt W/ Beautiful Shape!!!",29.99,2020-01-13,7.861,3.82,WorthPoint
chelyabinsk,"Highest Quality Chelyabinsk Meteorite ""shiny"" Crusted Individual (LL5) - 10.2 G",85,2020-01-10,10.2,8.33,WorthPoint
chelyabinsk,"Authentic Russian License Plate NEW! 174 Stands For Chelyabinsk Oblast, Ural",29.95,2020-01-08,,,WorthPoint
chelyabinsk,Chelyabinsk Meteorite Crusted Slice (LL5) - 1.1 G W/Unique Chondrules,12,2020-01-08,1.1,10.91,WorthPoint
chelyabinsk,"Chelyabinsk LL5 Chondrite Meteorite Chelyabinskaya Oblast√¢¬Ä¬ô, Russia .702 Grams",18.75,2020-01-05,702,0.03,WorthPoint
chelyabinsk,Cranberry Sprite USA 2014 FULL NEW 12oz Can American Coca-Cola's Limited Edition,16.99,2020-01-02,340.2,0.05,WorthPoint
chelyabinsk,"√ê¬ü¬î¬•2013 CHELYABINSK METEOR AIR BURST, TINY PIECE, MATTED PHOTO WITH COA RUSSIA√∞¬ü¬î¬•",20,2020-01-01,,,WorthPoint
chelyabinsk,"0.96 Gr. COMPLETE CHELYABINSK LL5 METEORITE, FAMOUS RUSSIAN FALL FEBRUARY, 2013",18,2019-12-31,0.96,18.75,WorthPoint
chelyabinsk,"1.0 Gr. COMPLETE CHELYABINSK LL5 METEORITE, FAMOUS RUSSIAN FALL FEBRUARY, 2013",25,2019-12-31,1,25,WorthPoint
chelyabinsk,++IMPACT Breccia Thin Slice Of Chelyabinsk Meteorite (LL5) - 1.87 G NICE!!++,31,2019-12-29,1.87,16.58,WorthPoint
chelyabinsk,FULL Mountain Dew Energizing Hydrating Pineapple Orange Mango Kickstart Caffeine,16.99,2019-12-26,,,WorthPoint
chelyabinsk,"Fell 2013 Feb. 15, Chelyabinsk LL5 Meteorite, South Urals, Russia 1.31 Grams",28,2019-12-25,1.31,21.37,WorthPoint
chelyabinsk,.834 Grams Chelyabinsk Meteorite ( LL5 ) Crusted Individual Fell In Russia 2013,10,2019-12-24,834,0.01,WorthPoint
chelyabinsk,Absolutely Amazing Libyan Desert Glass. Guaranteed Auth.. No Chips Or Scratches,675,2019-12-24,,,WorthPoint
chelyabinsk,"0.9 Gram Chelyabinsk Meteorite - Fell Feb 15, 2013 - LL Chondrite (ex-schooler)",19.2,2019-12-18,0.9,21.33,WorthPoint
chelyabinsk,Original Evgeny Alesandrovich Lansere Russian Kasli Cast Iron Sculpture.,250,2019-12-13,,,WorthPoint
chelyabinsk,"Mini Museum First Edition, Large (33 Specimens) With Companion Guide",1875,2019-12-12,,,WorthPoint
chelyabinsk,Valeri Nichushkin Traktor KHL Authentic W/ Fghtstrp JERSEY Lutch 48 Dal. Stars,90,2019-12-08,,,WorthPoint
chelyabinsk,2g+ Chelyabinsk Meteorite With Sonic Boom Glass (Provenance Pack) IMCA 6236,35,2019-12-07,2,17.5,WorthPoint
chelyabinsk,Chelyabinsk Meteorite Fully Crusted Slice (LL5) - 1.3 G W/Shock & Chondrules,11,2019-12-05,1.3,8.46,WorthPoint
chelyabinsk,"Meteorite**Chelyabinsk, Russia**10.90 Grams Extremely Fresh Individual! 02/15/13",35,2019-12-02,10.9,3.21,WorthPoint
chelyabinsk,1st Edition Mini Museum Large Hans Fex (Authentic And Iconic) MM1 33 Specimens,2025,2019-12-02,,,WorthPoint
chelyabinsk,Chelyabinsk LL5 Meteorite 3.3g Oriented Shield Rollover Lip Sonic Boom Glass,54.99,2019-12-01,3.3,16.66,WorthPoint
chelyabinsk,Advanced Modeling 1/72 Decals Su-24M Russian AF Syrian Warriors Pt2 172022-1,11.99,2019-11-30,,,WorthPoint
chelyabinsk,7 Ussr Soviet Ice Hockey Pins Spartak Khimik Torpedo Dynamo Ska Sokol Traktor,31.49,2019-11-29,,,WorthPoint
chelyabinsk,5 Ussr Soviet Russian Ice Hockey Pins Torpedo Khimik Sibir Ska Traktor,25.19,2019-11-29,,,WorthPoint
chelyabinsk,Ussr Hockey Pin Cska Dynamo Spartak Krylya Sokol Khimik Ska Riga Traktor Torpedo,35.99,2019-11-29,,,WorthPoint
chelyabinsk,Quality Chelyabinsk Meteorite Slice (LL5) - 4.1g W/70% Edge Crust VERY FRESH,35,2019-11-24,4.1,8.54,WorthPoint
chelyabinsk,Authentic Russian License Plate NEW! 74 Stands For Chelyabinsk Oblast Chelyabins,29.95,2019-11-22,,,WorthPoint
chelyabinsk,Russian Traktor Hockey Jersey -- KHL -- Number 21 -- Size 52 -- New,50,2019-11-20,,,WorthPoint
chelyabinsk,Very Nice Chelyabinsk Meteorite End Cut (LL5) - 2.68 G,29,2019-11-19,2.68,10.82,WorthPoint
chelyabinsk,Chelyabinsk Meteorite Part Slice (LL5) - 0.91 G W/Shock & Chondrules,11,2019-11-17,0.91,12.09,WorthPoint
chelyabinsk,Chelyabinsk Meteorite End Cut (LL5) - 2.9 G W/crust - Shocked & Chondrules,23,2019-11-15,2.9,7.93,WorthPoint
chelyabinsk,Chelyabinsk Meteorite End Cut (LL5) - 5.26 G W/NICE Crust,45,2019-11-10,5.26,8.56,WorthPoint
chelyabinsk,Oriented Crusted Impact Melt Chelyabinsk Meteorite Individual (LL5) - 10.6 G,85,2019-11-10,10.6,8.02,WorthPoint
chelyabinsk,Quality Chelyabinsk Meteorite Slice (LL5) - 2.0g W/80% Edge Crust VERY FRESH,16,2019-11-09,2,8,WorthPoint
chelyabinsk,1.36 Grams Chelyabinsk Meteorite (LL5) CRUSTED Fragment Fell In Russia 2014,11,2019-11-09,1.36,8.09,WorthPoint
chelyabinsk,"0.6 Gram Chelyabinsk Meteorite - Fell Feb 15, 2013 - LL Chondrite (ex-schooler)",16,2019-11-07,0.6,26.67,WorthPoint
chelyabinsk,2.50 Grams Chelyabinsk Meteorite (LL5) CRUSTED Fragment Fell In Russia 2014,18,2019-11-05,2.5,7.2,WorthPoint
chelyabinsk,SHOCK VEINED!! Chelyabinsk Meteorite Crusted End Cut (LL5) - 8.0 G,68,2019-11-05,8,8.5,WorthPoint
chelyabinsk,Very Nice Chelyabinsk Meteorite End Cut (LL5) - 5.8 G,53,2019-11-04,5.8,9.14,WorthPoint
chelyabinsk,18thC Antique 3ct Iolite Ancient Medieval Viking Norse Solar Navigational Aid,189.99,2019-11-03,0.6,316.65,WorthPoint
chelyabinsk,1.353 Grams Chelyabinsk Meteorite ( LL5 ) Crusted Individual Fell In Russia 2013,20,2019-11-03,1.353,14.78,WorthPoint
chelyabinsk,Chelyabinsk Meteorite Fragment - 2.8 G Impact Melt,20,2019-11-03,2.8,7.14,WorthPoint
chelyabinsk,Chelyabinsk Meteorite Individual (LL5) - 4.0 G W/crust - FRESH,30,2019-11-02,4,7.5,WorthPoint
chelyabinsk,"UNIQUE X-Twin Kyanite Crystal BORISOVSKIE SOPKI, RUSSIA",91,2019-11-01,,,WorthPoint
chelyabinsk,Russian Lemurian Sacred Scribe Quartz Crystal Cluster Old Stock Record Keeper F4,33.33,2019-10-31,,,WorthPoint
chelyabinsk,"1.23 Gram Chelyabinsk Meteorite - Fell Feb 15, 2013 - LL Chondrite (ex-schooler)",29,2019-10-28,1.23,23.58,WorthPoint
chelyabinsk,Chelyabinsk Meteorite End Cut (LL5) - 1.21 G W/crust - Shocked & Chondrules,10,2019-10-26,1.21,8.26,WorthPoint
chelyabinsk,"1.3 Gram Chelyabinsk Meteorite - Fell Feb 15, 2013 - LL Chondrite (ex-schooler)",23.2,2019-10-25,1.3,17.85,WorthPoint
chelyabinsk,1.131 Grams Chelyabinsk Meteorite ( LL5 ) Crusted Individual Fell In Russia 2013,16.95,2019-10-21,1.131,14.99,WorthPoint
chelyabinsk,2014 Sochi Winter Olympics Meteorite-Embedded Gold Medal,3000,2019-10-20,,,WorthPoint
chelyabinsk,Chelyabinsk Meteorite Part Slice (LL5) - 2.2 G Impact Melt,15,2019-10-19,2.2,6.82,WorthPoint
chelyabinsk,2.94 Grams Chelyabinsk Meteorite (LL5) CRUSTED Fragment Fell In Russia 2014,19,2019-10-19,2.94,6.46,WorthPoint
chelyabinsk,100% Fully Crusted Chelyabinsk Meteorite Individual (LL5) - 0.54 G FRESH!,11,2019-10-16,0.54,20.37,WorthPoint
chelyabinsk,Chelyabinsk Meteorite Individual (LL5) - 6.7 G HAMMER STONE Fell 2/15/13,20.5,2019-10-14,6.7,3.06,WorthPoint
chelyabinsk,Lot Of 7 Flames Of War WWII Die Cast Models And Accessories,40,2019-10-11,,,WorthPoint
chelyabinsk,"Meteorite**Chelyabinsk, Russia**1.19 Gram Oriented Pea W/Flow Lines!!!",12.99,2019-09-30,1.19,10.92,WorthPoint
chelyabinsk,NICE Chelyabinsk Meteorite End Cut (LL5) - 1.55 G W/crust - Shocked & Chondrules,22,2019-09-25,1.55,14.19,WorthPoint
chelyabinsk,Highest Quality Chelyabinsk Meteorite 100% Crusted Individual (LL5) - 8.9 G,98,2019-09-24,8.9,11.01,WorthPoint
chelyabinsk,Super COOL!! IMPACT MELT - 10 Gram Chelyabinsk Meteorite Slice (LL5),99,2019-09-23,10,9.9,WorthPoint
chelyabinsk,NICE Chelyabinsk Meteorite End Cut (LL5) - 12.3 G W/crust - Shocked & Chondrules,110,2019-09-23,12.3,8.94,WorthPoint
chelyabinsk,Chelyabinsk Meteorite Crusted End Cut (LL5) - 8.5 G W/Diamond Lapping,48,2019-09-22,8.5,5.65,WorthPoint
chelyabinsk,Oriented Chelyabinsk Meteorite 95% Crusted Individual (LL5) - 0.73 G - FRESH,12,2019-09-22,0.73,16.44,WorthPoint
chelyabinsk,"FULL Can Pepsi Mountain Dew Code Red ""Rush Of Cherry"" USA (2009 Packaging Art)",19.99,2019-09-18,,,WorthPoint
chelyabinsk,FULL NEW Mountain Dew Energizing Hydrating Watermelon Coconut Kickstart Caffeine,16.99,2019-09-18,,,WorthPoint
chelyabinsk,Oriented Quality Chelyabinsk Meteorite 95% Crusted Individual (LL5) - 7.0 G,56,2019-09-16,7,8,WorthPoint
chelyabinsk,"Hans Fex 1st Edition Mini Museum Size Large, Super Rare! With Companion Book.",2750,2019-09-16,,,WorthPoint
chelyabinsk,NICE! Chelyabinsk Meteorite End Cut (LL5) - 2.7 G W/all Crust Backside,22,2019-09-15,2.7,8.15,WorthPoint
chelyabinsk,Sweet Chelyabinsk Meteorite Individual (LL5) - 1.30 G W/NICE Crust,16,2019-09-13,1.3,12.31,WorthPoint
chelyabinsk,"UNIQUE Perovskite & Magnetite Crystal AKHMATOVSKAYA KOP', RUSSIA",338,2019-09-13,,,WorthPoint
chelyabinsk,Chelyabinsk Meteorite End Cut (LL5) - 4.7 G W/crust - FRESH,33,2019-09-12,4.7,7.02,WorthPoint
chelyabinsk,"FULL NEW 12oz 355ml American Can Pepsi ""Cherry Crush"" Limited Edition USA 2011",12.99,2019-09-11,340.2,0.04,WorthPoint
chelyabinsk,Evgeny Kuznetsov Autographed Washington Capitals Puck (DACW COA),48.95,2019-09-10,,,WorthPoint
chelyabinsk,Shocked!! Chelyabinsk Meteorite Part Slice (LL5) - 2.14 G W/Crust,18,2019-09-08,2.14,8.41,WorthPoint
chelyabinsk,"VERY RARE Saddlebackite KOCHKAR' AU DEPOSIT, RUSSIA -Ex. Pinch",76,2019-09-06,,,WorthPoint
chelyabinsk,Nice 20 Gram CHELYABINSK Meteorite Found 2013 Russia,129.99,2019-09-05,20,6.5,WorthPoint
chelyabinsk,"Meteorite**Chelyabinsk, Russia**0.82 Gram Oriented Pea, IMB Melt!!!",14.99,2019-09-03,0.82,18.28,WorthPoint
chelyabinsk,Bullet Oriented Chelyabinsk Meteorite 100% Crusted Individual (LL5) - 5.0 G,42.5,2019-09-02,5,8.5,WorthPoint
chelyabinsk,Highest Quality Chelyabinsk Meteorite 90% Crusted Individual (LL5) - 15.8 G,130,2019-09-02,15.8,8.23,WorthPoint
chelyabinsk,Beautiful Chelyabinsk Meteorite Individual (LL5) - 1.06 G W/100% Crust - FRESH,15,2019-09-02,1.06,14.15,WorthPoint
chelyabinsk,"1st Edition Mini Museum Size Large, Very Rare! Great Condition! Hans Fex",1836.99,2019-08-29,,,WorthPoint
chelyabinsk,"1st Edition Mini Museum! Large, Gently Used Condition. RARE!",1800,2019-08-22,,,WorthPoint
chelyabinsk,Vintage Chelyabinsk Tractor Plant 1/43 Scale Die Cast And Plastic Bulldozer,20,2019-08-20,,,WorthPoint
chelyabinsk,Crusted Chelyabinsk Meteorite Part Slice (LL5) - 2.75 G W/Shock & Chondrules,22,2019-08-20,2.75,8,WorthPoint
chelyabinsk,Nice Chelyabinsk Meteorite Individual (LL5) - 9.5 G W/crust - VERY FRESH!,75,2019-08-20,9.5,7.89,WorthPoint
chelyabinsk,Chelyabinsk Meteorite Fragment Necklace,20,2019-08-19,,,WorthPoint
chelyabinsk,Chelyabinsk Meteorite Crusted Fragment (LL5) - 3.27 G - FRESH,26,2019-08-18,3.27,7.95,WorthPoint
chelyabinsk,Special Flower Mate Real Pearl & Amazonite Beads Rosary Necklace Italy Cross Box,69.99,2019-08-16,,,WorthPoint
chelyabinsk,Chelyabinsk Meteorite Individual (LL5) - 6.2 G W/NICE Crust,42,2019-08-15,6.2,6.77,WorthPoint
chelyabinsk,SALAMMONIAC Crystals On Matrix * Chelyabinsk Oblast * Russia,10,2019-08-15,,,WorthPoint
chelyabinsk,1921 RUSSIA USSR RSFSR Authentic 1 Rouble Silver Russian Communist Coin I69401,238.8,2019-08-11,,,WorthPoint
chelyabinsk,Nicely Crusted Chelyabinsk Meteorite Individual (LL5) - 2.80 G,25,2019-08-09,2.8,8.93,WorthPoint
chelyabinsk,Fun Lot Of 54 Different Vintage QSL / Ham Radio Cards 1940s-60s - Worldwide Mix,44.99,2019-08-08,,,WorthPoint
chelyabinsk,Nose Cone-Oriented CHELYABINSK Meteorite Individual (LL5) - 7.9 G W/crust,69,2019-08-07,7.9,8.73,WorthPoint
chelyabinsk,Chelyabinsk Meteorite Individual (LL5) - 1.56 G W/100% Crust - FRESH,15,2019-08-03,1.56,9.62,WorthPoint
chelyabinsk,"3.95 Grams ORIENTED CHELYABINSK LL5 METEORITE - RUSSIAN FALL FEBRUARY, 2013",240,2019-08-02,3.95,60.76,WorthPoint
chelyabinsk,"2014 Chelyabinsk Meteorite Russian Coin, Contains Meteorite, #78 Of 2,000 Made!",69,2019-08-01,,,WorthPoint
chelyabinsk,.728 Grams Chelyabinsk Meteorite ( LL5 ) Crusted Individual Fell In Russia 2013,10.99,2019-07-23,728,0.02,WorthPoint
chelyabinsk,1.074 Grams Chelyabinsk Meteorite ( LL5 ) Crusted Individual Fell In Russia 2013,13,2019-07-23,1.074,12.1,WorthPoint
chelyabinsk,.422 Grams 8mm 100% Crusted Individual Chelyabinsk Meteorite (LL5) Russia 2014,11.4,2019-07-23,422,0.03,WorthPoint
chelyabinsk,.372 Grams 10mm 100% Crusted Individual Chelyabinsk Meteorite (LL5) Russia 2014,11.4,2019-07-23,372,0.03,WorthPoint
chelyabinsk,Chelyabinsk Meteorite Crusted End Cut (LL5) - 2.34g W/crust - Shocked/Chondrules,19,2019-07-22,2.34,8.12,WorthPoint
chelyabinsk,Oriented Chelyabinsk Meteorite Individual (LL5) - 7.8 G NICE!,78,2019-07-22,7.8,10,WorthPoint
chelyabinsk,RARE FULL NEW 12oz Coca-Cola Vault Zero Citrus Energy USA 2008 Limited Edition,29.99,2019-07-20,340.2,0.09,WorthPoint
chelyabinsk,Quality Chelyabinsk Meteorite End Cut(LL5) - 4.6 G W/100% Edge Crust VERY FRESH,39,2019-07-17,4.6,8.48,WorthPoint
chelyabinsk,NEW FULL 12oz Can Mountain Dew ‚ÄúCall Of Duty Game Fuel‚Äù Tropical Flavor USA 2011,12.99,2019-07-13,340.2,0.04,WorthPoint
chelyabinsk,"Russian Cockpit Clock With Stand, 60-—á–ø From USSR Era Runs Great US SELLER!",75,2019-07-13,,,WorthPoint
chelyabinsk,.841 Grams Chelyabinsk Meteorite ( LL5 ) Crusted Individual Fell In Russia 2013,12.6,2019-07-12,841,0.01,WorthPoint
chelyabinsk,Oriented Chelyabinsk Meteorite Crusted Fragment (LL5) - 2.8 G - FRESH,22,2019-07-12,2.8,7.86,WorthPoint
chelyabinsk,"1st Edition Mini Museum Size Large, Like New, Impossible To Find!",2100,2019-07-11,,,WorthPoint
chelyabinsk,Oriented Chelyabinsk Meteorite Crusted Fragment (LL5) - 5.0 G - FRESH,42,2019-07-10,5,8.4,WorthPoint
chelyabinsk,Chelyabinsk Meteorite Individual (LL5) - 3.7 G W/95%+ Crust - FRESH,29,2019-07-08,3.7,7.84,WorthPoint
chelyabinsk,Chelyabinsk Meteorite Crusted End Cut (LL5) - 3.0 G W/Melt Vein,21,2019-07-05,3,7,WorthPoint
chelyabinsk,Oriented Fully Crusted W/spikes Chelyabinsk Meteorite Individual (LL5) - 0.77 G,12.5,2019-07-04,0.77,16.23,WorthPoint
chelyabinsk,Chelyabinsk Meteorite Individual (LL5) - 2.12 G W/crust - FRESH,12,2019-07-03,2.12,5.66,WorthPoint
chelyabinsk,Meteorite Chelyabinsk LL5 - 2013 Witnessed Fall - CHY-0010 - 6.85g Fusion Crust,50,2019-07-03,6.85,7.3,WorthPoint
chelyabinsk,"Chelyabinsk Meteorite LL5, Recent Fall, Russia, Excellent Individual 41.1 Gr",224.99,2019-07-02,41.1,5.47,WorthPoint
chelyabinsk,98% Crusted Chelyabinsk Meteorite Individual (LL5) - 4.7 G - FRESH,38,2019-06-29,4.7,8.09,WorthPoint
chelyabinsk,"FULL 16oz Mountain Dew ""Kickstart Energizing Fruit Punch"" Caffeine USA 2016",16.99,2019-06-28,453.6,0.04,WorthPoint
chelyabinsk,Chelyabinsk Meteorite Crusted End Cut (LL5) - 4.8 G NICE!!,35,2019-06-28,4.8,7.29,WorthPoint
chelyabinsk,Chelyabinsk Meteorite Crusted End Cut (LL5) - 3.47 G SHOCKING !!!,28,2019-06-28,3.47,8.07,WorthPoint
chelyabinsk,Chelyabinsk Meteorite 38.3g - 65% Fusion Crusted W/Exposed Matrix - IMCA #6236,399,2019-06-26,38.3,10.42,WorthPoint
chelyabinsk,A 1954 USSR Kasli Cast Iron Mantel Clock /sculpture. Soviet Union Famous Foundry,350,2019-06-22,,,WorthPoint
chelyabinsk,Awesome Chelyabinsk Meteorite Crusted Individual (LL5) - 2.5 G - FRESH,16,2019-06-20,2.5,6.4,WorthPoint
chelyabinsk,Chelyabinsk Meteorite Slice (LL5) - 1.66 G W/crust,12,2019-06-19,1.66,7.23,WorthPoint
chelyabinsk,THIN Cut Chelyabinsk Meteorite Slice (LL5) - 3.0 G W/crust - FRESH,27,2019-06-19,3,9,WorthPoint
chelyabinsk,Crusted Bullet-Oriented Chelyabinsk Meteorite Individual (LL5) - 2.17 G NICE!,25,2019-06-19,2.17,11.52,WorthPoint
chelyabinsk,2.47g Chelyabinsk Meteorite With Sonic Boom Glass (Provenance Pack) IMCA 6236,35,2019-06-16,2.47,14.17,WorthPoint
chelyabinsk,.299 Grams 8mm 100% Crusted Individual Chelyabinsk Meteorite (LL5) Russia 2014,11,2019-06-13,299,0.04,WorthPoint
chelyabinsk,Russian Uzbek Chinese Tajik Kazakh Kyrgyz ANTI-TERRORISM Badge Chelyabinsk MEDAL,39.99,2019-06-12,,,WorthPoint
chelyabinsk,Traktor Chelyabinsk #74 Vitali Kravtsov KHL Replica Jersey Mens Size 52,86.69,2019-06-11,,,WorthPoint
chelyabinsk,"VISHNEVITE In NEPHELINE With ANNITE--Kurochkin Log, Chelyabinsk Oblast, Russia!",15,2019-06-09,,,WorthPoint
chelyabinsk,"Russian Lemurian Sacred Scribe Quartz Crystal, Old Stock, Record Keeper #9",75,2019-06-08,,,WorthPoint
chelyabinsk,"Vintage 1980s Caliper (0.05 Mm) 14.5"" Made In USSR (CCCP) 0 - 250 Mm Chelyabinsk",36,2019-06-07,,,WorthPoint
chelyabinsk,Chelyabinsk Meteorite Slice W/crust (LL5) - 1.65 G W/chondrules And Shock Veins,15,2019-06-07,1.65,9.09,WorthPoint
chelyabinsk,Nice Chelyabinsk Meteorite Individual (LL5) - 1.41 G W/crust,12,2019-06-07,1.41,8.51,WorthPoint
chelyabinsk,"FULL 16oz Mountain Dew ""Kickstart Energizing Black Cherry"" Caffeine USA 2016",16.99,2019-06-06,453.6,0.04,WorthPoint
chelyabinsk,Fully Crusted Oriented Chelyabinsk Meteorite Individual (LL5) - 7.9 G Very Nice!,89,2019-06-03,7.9,11.27,WorthPoint
chelyabinsk,"NEW! Chelyabinsk Meteorite LL5, Recent Fall, Russia, Individual 12.2 Grams",91.49,2019-06-02,12.2,7.5,WorthPoint
chelyabinsk,Traktor Chelyabinsk #88 KHL Replica Russian Hockey Jersey Mens Size 50,55.99,2019-05-25,,,WorthPoint
chelyabinsk,Meteorite Chelyabinsk LL5 - 2013 Witnessed Fall - CHY-0014 - 5.65g Fusion Crust,12.95,2019-05-22,5.65,2.29,WorthPoint
chelyabinsk,Mini Museum 1 Limited 1st Edition TOUCH - Large 35 Rare Specimens Hans Fex,1599.99,2019-05-22,,,WorthPoint
chelyabinsk,CHRISTIE‚ÄôS Meteorites ‚Äì Martian Meteorite Zagami,19.95,2019-05-21,,,WorthPoint
chelyabinsk,CHELYABINSK METEORITE RUSSIAN STONY 4.2 G Endcut CHONDRITE PROFESSIONAL SLICE,66.89,2019-05-20,4.2,15.93,WorthPoint
chelyabinsk,5.87 Grams Chelyabinsk Crusted Meteorite ( LL5 ) End Cut - Fell In Russia 2013,29,2019-05-19,5.87,4.94,WorthPoint
chelyabinsk,12.2 Grams Chelyabinsk Sliced Meteorite ( LL5 ) Slice - Fell In Russia 2013,29.99,2019-05-19,12.2,2.46,WorthPoint
chelyabinsk,"Auricupride Zolotaya Gora Au Deposit, Karabash, Russia",15,2019-05-14,,,WorthPoint
chelyabinsk,Azurite DEEP BLUE Crystal Cluster Mineral Specimen Geode Gem Druzy RUSSIA,21.71,2019-05-14,,,WorthPoint
chelyabinsk,5.45 Grams Chelyabinsk Crusted Meteorite ( LL5 ) Cut Chunk - Fell In Russia 2013,19.99,2019-05-13,5.45,3.67,WorthPoint
chelyabinsk,THIN Cut Chelyabinsk Meteorite Slice (LL5) - 2.15 G W/crust - FRESH,29,2019-05-12,2.15,13.49,WorthPoint
chelyabinsk,2014 Sochi Winter Olympics Meteorite-Embedded Gold Medal With Original Presentation Case,3600,2019-05-12,,,WorthPoint
chelyabinsk,"Meteorite**Chelyabinsk, Russia**33.12 Gram Impact Melt!!!",150,2019-05-10,33.12,4.53,WorthPoint
chelyabinsk,20.2 Grams Chelyabinsk Crusted Meteorite ( LL5 ) End Cut - Fell In Russia 2013,70,2019-05-09,20.2,3.47,WorthPoint
chelyabinsk,19thC Antique Iolite Sacred 2 Medieval Mother Goddess Shaman Visions Amulet .925,59.99,2019-05-09,,,WorthPoint
chelyabinsk,Chelyabinsk Meteorite Individual (LL5) - 11.5 G W/crust - FRESH,89,2019-05-08,11.5,7.74,WorthPoint
chelyabinsk,Chelyabinsk Meteorite Individual (LL5) - 3.6 G W/crust - FRESH,33,2019-05-05,3.6,9.17,WorthPoint
chelyabinsk,Chelyabinsk Meteorite Fragment W/crust - 4.0 G Impact Melt NICE!,27.99,2019-05-02,4,7,WorthPoint
chelyabinsk,1.249 Grams Chelyabinsk Meteorite ( LL5 ) Crusted Individual Fell In Russia 2013,14,2019-05-01,1.249,11.21,WorthPoint
chelyabinsk,Evgeny Kuznetsov Traktor Chelyabinsk Russian Jersey Washington Capitals Sz 48,51,2019-04-28,,,WorthPoint
chelyabinsk,Chelyabinsk - 2013 Russian 10 Ruble Coin,20,2019-04-28,,,WorthPoint
chelyabinsk,HC Traktor Chelyabinsk Trucker KHL Cap Hat,30,2019-04-25,,,WorthPoint
chelyabinsk,.734 Grams Chelyabinsk Meteorite ( LL5 ) Crusted Individual Fell In Russia 2013,11,2019-04-19,734,0.01,WorthPoint
chelyabinsk,Chelyabinsk Meteorite 2013 FALL 15 Feb 4.31 G Whole Fresh 95% Crusted Gem,45,2019-04-17,4.31,10.44,WorthPoint
chelyabinsk,100% Crusted Individual Chelyabinsk Meteorites (LL5 Chondrite) 1.757g Pea Lot,24.99,2019-04-17,1.757,14.22,WorthPoint
chelyabinsk,21.8 Grams Chelyabinsk Crusted Meteorite ( LL5 ) End Cut - Fell In Russia 2013,69,2019-04-16,21.8,3.17,WorthPoint
chelyabinsk,FULL NEW 12oz Mountain Dew Energizing Hydrating Blood Orange Kickstart Caffeine,16.99,2019-04-15,340.2,0.05,WorthPoint
chelyabinsk,Chelyabinsk Meteorite Crusted End Cut (LL5) - 2.6 G,21,2019-04-15,2.6,8.08,WorthPoint
chelyabinsk,Chelyabinsk Meteorite Slice (LL5) - 2.16 G W/crust - Shocked & Chondrules,43,2019-04-15,2.16,19.91,WorthPoint
chelyabinsk,Chelyabinsk Meteorite Fragment W/crust - 1.78 G Impact Melt NICE!,18,2019-04-13,1.78,10.11,WorthPoint
chelyabinsk,Mini Museum 1st Edition - Rare - Brand New Unopened - Mt. Everest Ladder Sample!,795,2019-04-12,,,WorthPoint
chelyabinsk,Chelyabinsk Meteorite Slice (LL5) - 3.74 G W/crust - FRESH,55.99,2019-04-09,3.74,14.97,WorthPoint
chelyabinsk,"19thC Antique 1""ct Iolite Sacred To Roman King Of Gods Jupiter Zeus Middle Ages",169.99,2019-04-08,,,WorthPoint
chelyabinsk,.994 Grams Chelyabinsk Meteorite ( LL5 ) Crusted Individual Fell In Russia 2013,11.5,2019-04-08,994,0.01,WorthPoint
chelyabinsk,Oriented Chelyabinsk Meteorite Individual (LL5) - 5.1 G W/crust - FRESH,64,2019-04-07,5.1,12.55,WorthPoint
chelyabinsk,Oriented Chelyabinsk Meteorite Individual (LL5) - 1.36 G W/crust - FRESH,15,2019-04-07,1.36,11.03,WorthPoint
chelyabinsk,Traktor Chelyabinsk Hockey Jersey KHL Large 50 Evgeny Kuznetsov Russia,50,2019-04-06,,,WorthPoint
chelyabinsk,Traktor Chelyabinsk (Russia) Sergei GONCHAR- LUTCH Replica Hockey Jersey Size 54,17,2019-04-02,,,WorthPoint
chelyabinsk,Game Worn Used Russia Russian National Team Hockey Jersey Jersey Ex AHL NHL,100,2019-04-01,,,WorthPoint
chelyabinsk,"Meteorite**Chelyabinsk, Russia**37.7 Gram Individual W/Fusion Crust!!",200,2019-04-01,37.7,5.31,WorthPoint
chelyabinsk,Vintage Russian Soviet Oil Painting Stillife Mishin 1970 Non Conformist Siberia,400,2019-03-31,,,WorthPoint
chelyabinsk,Chelyabinsk Meteorite Fragment (LL5) - 19.0g W/crust - FRESH,219,2019-03-31,19,11.53,WorthPoint
chelyabinsk,Chelyabinsk Meteorite End Cut (LL5) - 1.6 G - Impact Melt,16.42,2019-03-31,1.6,10.26,WorthPoint
chelyabinsk,"1 Lb Polar Sapphire Corundum Crystal Ilmen Mts Russia DT Saturated Blue Rare 3""",450,2019-03-29,,,WorthPoint
chelyabinsk,Chelyabinsk Meteorite Slice (LL5) - 2.9g W/crust - FRESH,19,2019-03-29,2.9,6.55,WorthPoint
chelyabinsk,Chelyabinsk Meteorite Slice (LL5) - 3.2g W/crust - FRESH,51.99,2019-03-29,3.2,16.25,WorthPoint
chelyabinsk,1.172 Grams Chelyabinsk Meteorite ( LL5 ) Crusted Individual Fell In Russia 2013,15,2019-03-27,1.172,12.8,WorthPoint
chelyabinsk,2019 Washington Capitals SGA Evgeny Kuznetsov Bobblehead BOX ONLY 3/26 March 26,20,2019-03-27,,,WorthPoint
chelyabinsk,2019 Washington Capitals SGA Evgeny Kuznetsov Bobblehead 3/26 NHL March 26 2019,60,2019-03-27,,,WorthPoint
chelyabinsk,CHELYABINSK 2.26g - Historic Witnessed Meteorite Fall Russia 2013 I LL5 C - TOP,34,2019-03-19,2.26,15.04,WorthPoint
chelyabinsk,1.112 Grams Chelyabinsk Meteorite ( LL5 ) Crusted Individual Fell In Russia 2013,11.15,2019-03-18,1.112,10.03,WorthPoint
chelyabinsk,Chelyabinsk 33 Gram Fresh Crusted Individual,280,2019-03-15,33,8.48,WorthPoint
chelyabinsk,"RARE Perovskite Crystal AKHMATOVSKAYA KOP, RUSSIA",665,2019-03-15,,,WorthPoint
chelyabinsk,"4.66 Grams ORIENTED CHELYABINSK LL5 METEORITE - RUSSIAN FALL FEBRUARY, 2013",245,2019-03-13,4.66,52.58,WorthPoint
chelyabinsk,Chelyabinsk Meteorite In Gift Box,19.99,2019-03-13,,,WorthPoint
chelyabinsk,.644 Grams Chelyabinsk Meteorite ( LL5 ) Crusted Individual Fell In Russia 2013,12,2019-03-11,644,0.02,WorthPoint
chelyabinsk,1.129 Grams Chelyabinsk Meteorite ( LL5 ) Crusted Individual Fell In Russia 2013,11.3,2019-03-08,1.129,10.01,WorthPoint
chelyabinsk,"Saint John Maximovitch, Archbishop Of Shanghai And San Francisco, Orthodox Icon",15,2019-03-04,,,WorthPoint
chelyabinsk,"CUBAN METEORITE 243 G Stone - Vinales Valley, Vi√±ales Cuba - Nice Crust! FRESH!",1775,2019-03-04,243,7.3,WorthPoint
chelyabinsk,Kuznetsov Traktor Chelyabinsk KHL Russian Hockey Jersey Size 54 Capitals Sweater,41,2019-02-28,,,WorthPoint
chelyabinsk,"Meteorite**Chelyabinsk, Russia**7.98 Gram Individual W/Fusion Crust!!",60,2019-02-28,7.98,7.52,WorthPoint
chelyabinsk,Large 1st Edition Mini Museum - 33 Specimens - Kickstarter Hans Fex,1300,2019-02-26,,,WorthPoint
chelyabinsk,51 Gram - Chelyabinsk Meteorite - Part Impact Melt/ Part Chondrite - End Cut,190,2019-02-22,51,3.73,WorthPoint
chelyabinsk,"22.5Fell 2013 Feb. 15,Chelyabinsk LL5 Meteorite, South Urals, Russia 1.14 Grams",20,2019-02-18,1.14,17.54,WorthPoint
chelyabinsk,EVGENY KUZNETSOV Cap Official Autograph Tractor NHL Washington Capitals,45.99,2019-02-17,,,WorthPoint
chelyabinsk,"18thC Antique 3""ct+ Iolite Ancient Medieval Viking Norse Solar Navigational Aid",169.99,2019-02-16,,,WorthPoint
chelyabinsk,"Meteorite**Chelyabinsk, Russia**1.42 Grams Breccia W/Flow Lines!",29.99,2019-02-14,1.42,21.12,WorthPoint
chelyabinsk,"NEW FULL 8""oz Bottle-Shaped Can Limited Souvenir Ed. Coca-Cola's Sprite USA 2011",12.99,2019-02-14,,,WorthPoint
chelyabinsk,Chelyabinsk Meteorite 47.5 G. ORIENTED Flowlines FLOW BULLET Regmaglypts Spikes,550,2019-02-12,47.5,11.58,WorthPoint
chelyabinsk,"1.23 Gr. COMPLETE CHELYABINSK LL5 METEORITE, FAMOUS RUSSIAN FALL FEBRUARY, 2013",28,2019-02-10,1.23,22.76,WorthPoint
chelyabinsk,6 Ussr Soviet Russian Ice Hockey Pins Traktor Ska Riga Cska Dynamo Spartak,24.99,2019-02-07,,,WorthPoint
chelyabinsk,Chelyabinsk Meteorite .925 Silver Proof-Cook Islands 2013,191.95,2019-02-05,,,WorthPoint
chelyabinsk,Mini Museum 1st Edition Medium 22 Specimens Hans Fex. Includes Companion Book,1565,2019-01-30,,,WorthPoint
chelyabinsk,Elena Katsyura Yellow Pansies Framed Oil On Gesso Board Painting Russian Artist,50,2019-01-30,,,WorthPoint
chelyabinsk,E. Kuznetsov Capitals Traktor Chelyabinsk 2012-13 Russian Hockey Jersey DK 46,99.99,2019-01-19,,,WorthPoint
chelyabinsk,2019 Washington Capitals SGA Winter Glove Giveaway 1/14 NHL Gloves January 14,40,2019-01-19,,,WorthPoint
chelyabinsk,Collection Of 2 Meteorites Chelabinsk Russia 0.9716 & 1.144 Grams With Pictures!,37,2019-01-16,1.144,32.34,WorthPoint
chelyabinsk,"Meteorite**Chelyabinsk, Russia**0.58 Grams, Mini‚Äôs W/Fusion Crust!!",10.99,2019-01-16,0.58,18.95,WorthPoint
chelyabinsk,Hamburg Michigan Witnessed Fall Chondrite Meteorite Micro With ID Card Low TKW,24,2019-01-15,,,WorthPoint
chelyabinsk,"FULL 8""oz Bottle-Shape Can Special Limited Souvenir Coke Coca-Cola Zero USA 2011",12.99,2019-01-14,,,WorthPoint
chelyabinsk,"FULL 8""oz Bottle-Shape Can Special Limited Souvenir Diet Coke Coca-Cola USA 2011",12.99,2019-01-14,,,WorthPoint
chelyabinsk,"Ural Russian Lemurian Sacred Scribe Quartz Crystal, Old Stock, Baby #8",56.25,2019-01-13,,,WorthPoint
chelyabinsk,Brayden Point Authentic Signed NHL Puck (COA) TAMPA BAY LIGHTNING,34.99,2019-01-04,,,WorthPoint
chelyabinsk,Chelyabinsk Meteorite 8g Fragment 2013 Russian Fireball!,40,2019-01-03,8,5,WorthPoint
chelyabinsk,2018 Washington Capitals Playoff SGA Souvenir Beverage Cup Orlov Kuznetsov Oshie,10,2019-01-03,,,WorthPoint
chelyabinsk,Mini Museum 1st Edition 33 Specimens Hans Fex + Companion Book,2000,2018-12-24,,,WorthPoint
chelyabinsk,"Saint John Maximovich Of San Francisco, Orthodox Icon, Size 7 X 10, 10/16 Inches",15,2018-12-22,,,WorthPoint
chelyabinsk,2017-18 Washington Capitals SGA Commemorative Trading Card Giveaway 12/11 NHL,14,2018-12-20,,,WorthPoint
chelyabinsk,"FULL 8""oz Bottle-Shaped Can Special Limited Edition Souvenir Coke Coca-Cola USA",12.99,2018-12-10,,,WorthPoint
chelyabinsk,ZIRCON Crystal In Matrix * Vishnevye Mts * Chelyabinsk Oblast* Russia,95,2018-12-09,,,WorthPoint
chelyabinsk,"19thC Antique ""ct Multi-Color Siberian Andalusite Orthodox Russian Monk Rosary",99.99,2018-12-08,,,WorthPoint
chelyabinsk,Flames Of War - Soviet: T-34 Obr 1942 (Chelyabinsk Version) SU060,11.69,2018-12-08,,,WorthPoint
chelyabinsk,Kuznetsov #84 Traktor Chelyabinsk 13/14 KHL Lutch Replica Russian Hockey Jersey,31.5,2018-12-03,,,WorthPoint
chelyabinsk,1924 Communist USSR Russia Authentic Silver 50 Kopeks Russian Coin I66984,158.8,2018-12-01,,,WorthPoint
chelyabinsk,2013 Russian Meteorite,31.88,2018-11-30,,,WorthPoint
chelyabinsk,Amazonite Beads & Cross Crucifix BOX CATHOLIC GOLD Real Pearl Rosary Necklace,22.99,2018-11-23,,,WorthPoint
chelyabinsk,Beautiful Chelyabinsk Meteorites - Nice Variety Of Geometric Shapes,39.99,2018-11-20,,,WorthPoint
chelyabinsk,HC Traktor Chelyabinsk KHL Russian Hockey Cap Hat,29,2018-11-19,,,WorthPoint
chelyabinsk,"HC Traktor Chelyabinsk KHL Hockey Knit Cuffed Hat With Pom, Red/black",29,2018-11-19,,,WorthPoint
chelyabinsk,Chelyabinsk (Ordinary Chondrite) Fully Crusted Whole Individual Meteorite - 4.5g,46.99,2018-11-12,4.5,10.44,WorthPoint
chelyabinsk,2017-18 Washington Capitals SGA Season Commemorative Mini-Book Giveaway 11/5 NHL,18,2018-11-12,,,WorthPoint
chelyabinsk,Chelyabinsk Meteorite Split 19 Grams 33mm Long Russia,75,2018-11-10,19,3.95,WorthPoint
chelyabinsk,Chelyabinsk Meteorite 3.0 Grams Endcut 1&1/4 In.,15.37,2018-11-10,3,5.12,WorthPoint
chelyabinsk,Information Meteorite Display With Real Chelyabinsk Meteorite #3,38.5,2018-11-05,,,WorthPoint
chelyabinsk,"Meteorite**Chelyabinsk, Russia**2.71 Grams, Super Fresh Oriented Bullet!!!",29.99,2018-11-04,2.71,11.07,WorthPoint
chelyabinsk,Beautiful Chelyabinsk Meteorite With Remaglyphs - 5.63g,56.99,2018-11-02,5.63,10.12,WorthPoint
chelyabinsk,"Fell 2013 Feb. 15,Chelyabinsk LL5 Meteorite, South Urals, Russia 3.0 Grams",23,2018-11-01,3,7.67,WorthPoint
chelyabinsk,6.81 Grams Chelyabinsk Meteorite Class (LL5) Crusted Fragment Fell Russia 2013,24.99,2018-10-29,6.81,3.67,WorthPoint
chelyabinsk,"Meteorite**Chelyabinsk, Russia**2.24 Grams, Oriented W/Fusion Crust!!",12.99,2018-10-29,2.24,5.8,WorthPoint
chelyabinsk,"Meteorite**Chelyabinsk, Russia**4.67 Grams, Oriented Pea Lot!!!",24.99,2018-10-27,4.67,5.35,WorthPoint
chelyabinsk,"Meteorite**Chelyabinsk, Russia**5.28 Grams, Super Oriented Shield!!",49.99,2018-10-22,5.28,9.47,WorthPoint
chelyabinsk,Archbishop John Maximovitch Orthodox Canonization Medallion 1994 - Large Bronze,15,2018-10-21,,,WorthPoint
chelyabinsk,KHL Scarf Traktor Chelyabinsk 3rd 2011-12,15,2018-10-17,,,WorthPoint
chelyabinsk,"Meteorite**Chelyabinsk, Russia**3.45 Grams, Oriented Pea Lot!!!",12.84,2018-10-15,3.45,3.72,WorthPoint
chelyabinsk,"Mini Museum 1st Edition (#85) W/ Box, Certificate And Companion Book",1850,2018-10-13,,,WorthPoint
chelyabinsk,6 Grams Chelyabinsk Meteorite Class (LL5) Crusted Fragment Fell Russia 2014,19.99,2018-10-12,6,3.33,WorthPoint
chelyabinsk,Mini Museum 1st Edition W/ Certificate And Companion Book - #85,1700,2018-10-12,,,WorthPoint
chelyabinsk,1924 Communist USSR Russia NGC Certified Silver 50 Kopeks Russian Coin I65066,775,2018-10-12,,,WorthPoint
chelyabinsk,Russian Soviet Oil Painting Portrait Kolkhoz Mishin 1977 Non Conformist Siberia,649.5,2018-10-05,,,WorthPoint
chelyabinsk,"SUPERB Zircon Crystal VISHNEVYE MTS., RUSSIA -Ex. Pinch",122.5,2018-10-05,,,WorthPoint
chelyabinsk,Soviet Union Russian CCCP ACHS-1 MIG Aircraft Cockpit Clock –ê–ß–°-1 And Stand NR,185,2018-09-27,,,WorthPoint
chelyabinsk,"NEW! Chelyabinsk Meteorite LL5, Recent Fall, Russia, Lot Of Individuals 7 Grams",59.99,2018-09-25,7,8.57,WorthPoint
chelyabinsk,"Mini Museum 1st Edition Large By Hans Fex, #4099 Of 5550",1849,2018-09-24,,,WorthPoint
chelyabinsk,"Russia, PC –°–∏–±–∏—Ä—Å–∫–∞—è –ñ–µ–ª–µ–∑–Ω–∞—è –î–æ—Ä–æ–≥–∞ , "" –†–∞–±–æ—á–∏–π"" Sign. –ú.–©–µ–≥–ª–æ–≤—ä 1912",20,2018-09-22,,,WorthPoint
chelyabinsk,FULL NEW American Can Limited Edition Diet Dr. Pepper Cherry Vanilla USA 2006,13.99,2018-09-16,,,WorthPoint
chelyabinsk,CHELYABINSK METEORITE RUSSIAN STONY 3.6 G Endcut CHONDRITE PROFESSIONAL SLICE,68.89,2018-09-03,3.6,19.14,WorthPoint
chelyabinsk,"Meteorite**Chelyabinsk, Russia**1.63 Grams, Oriented Pea Lot!!!",10.51,2018-09-03,1.63,6.45,WorthPoint
chelyabinsk,Cook Islands $5 Chelyabinsk Meteorite Space Cosmos Silver 2013 Pcgs Pr69dc,139,2018-09-01,,,WorthPoint
chelyabinsk,EPIDOTE & ANDRADITE Rare Locality -- RUSSIA Urals Mts. Malyi Kuibas /kv083,19.99,2018-08-29,,,WorthPoint
chelyabinsk,"Meteorites Russia, Chelyabinsk Meteorite 5.28 Grams.",31.8,2018-08-29,5.28,6.02,WorthPoint
chelyabinsk,"Meteorites Russia, Chelyabinsk Meteorite 3.45 Grams.",22.5,2018-08-29,3.45,6.52,WorthPoint
chelyabinsk,"Meteorites Russia, Chelyabinsk Meteorite 3.17 Grams.",11,2018-08-29,3.17,3.47,WorthPoint
chelyabinsk,"Meteorites Russia, Chelyabinsk Meteorite 5.41 Grams.",19,2018-08-29,5.41,3.51,WorthPoint
chelyabinsk,"Meteorites Russia, Chelyabinsk Meteorite 12.76 Grams.",43,2018-08-29,12.76,3.37,WorthPoint
chelyabinsk,"Meteorites Russia, Chelyabinsk Meteorite 6.44 Grams.",16.5,2018-08-29,6.44,2.56,WorthPoint
chelyabinsk,"Meteorites Russia, Chelyabinsk Meteorite 5.04 Grams.",18.5,2018-08-29,5.04,3.67,WorthPoint
chelyabinsk,"Meteorites Russia, Chelyabinsk Meteorite 11.71 Grams.",29,2018-08-29,11.71,2.48,WorthPoint
chelyabinsk,"Meteorites Russia, Chelyabinsk Meteorite 7.87 Grams.",16,2018-08-29,7.87,2.03,WorthPoint
chelyabinsk,"Meteorite**Chelyabinsk, Russia**2.00 Grams, Super Oriented Shield!",17.5,2018-08-26,2,8.75,WorthPoint
chelyabinsk,"Meteorites Russia, Chelyabinsk Meteorite.oriented 1.37 Grams.",30,2018-08-26,1.37,21.9,WorthPoint
chelyabinsk,"Meteorites Russia, Chelyabinsk Meteorite.oriented 2.25 Grams.",18.5,2018-08-26,2.25,8.22,WorthPoint
chelyabinsk,"Meteorites Russia, Chelyabinsk Meteorite.oriented 6.34 Grams.",46,2018-08-26,6.34,7.26,WorthPoint
chelyabinsk,"Meteorites Russia, Chelyabinsk Meteorite.oriented 0.73 Grams.",11.53,2018-08-26,0.73,15.79,WorthPoint
chelyabinsk,"Meteorites Russia, Chelyabinsk Meteorite.oriented 11.71 Grams.",50,2018-08-26,11.71,4.27,WorthPoint
chelyabinsk,"Meteorites Russia, Chelyabinsk Meteorite.oriented 1.93 Grams.",22.5,2018-08-26,1.93,11.66,WorthPoint
chelyabinsk,"Meteorites Russia, Chelyabinsk Meteorite.oriented 0.36 Grams.",49,2018-08-26,0.36,136.11,WorthPoint
chelyabinsk,"Meteorites Russia, Chelyabinsk Meteorite.oriented 3.74 Grams.",34,2018-08-26,3.74,9.09,WorthPoint
chelyabinsk,"Meteorites Of Russia, Chelyabinsk Meteorite.oriented Meteorite. 6.19 Grams.",29.91,2018-08-26,6.19,4.83,WorthPoint
chelyabinsk,"Air Force Cockpit Clock AChS-1 (ACS-1, A4S-1) For The Retro Car.",150,2018-08-26,,,WorthPoint
chelyabinsk,"Meteorites Russia, Chelyabinsk Meteorite 10.47 Grams.",51,2018-08-22,10.47,4.87,WorthPoint
chelyabinsk,"Meteorites Russia, Chelyabinsk Meteorite 1.37 Grams.oriented",13,2018-08-22,1.37,9.49,WorthPoint
chelyabinsk,"Meteorites Russia, Chelyabinsk Meteorite 6.4 Grams.",51,2018-08-22,6.4,7.97,WorthPoint
chelyabinsk,"Meteorites Russia, Chelyabinsk Meteorite 3.71 Grams.",44.63,2018-08-22,3.71,12.03,WorthPoint
chelyabinsk,"Meteorites Russia, Chelyabinsk Meteorite 4.6 Grams.",17,2018-08-22,4.6,3.7,WorthPoint
chelyabinsk,"Meteorite CHELYABINSK, Russia, A Nice Well Shaped 1.61 Gr Individual",10,2018-08-22,1.61,6.21,WorthPoint
chelyabinsk,Mini Museum 1st Edition Large By Hans Fex,1999,2018-08-21,,,WorthPoint
chelyabinsk,Chelyabinsk Meteorite: 8.0 Gram Lot Of Polished Cuts,11.5,2018-08-21,8,1.44,WorthPoint
chelyabinsk,T-100 USSR Caterpillar Tractor 1964 1:43 Hachette #32,28.9,2018-08-21,,,WorthPoint
chelyabinsk,"Meteorite CHELYABINSK, Russia, A Nice Well Shaped 8.36 Gr Individual",41,2018-08-21,8.36,4.9,WorthPoint
chelyabinsk,"Meteorite Chelyabinsk, Chondrite LL5, Complete Stone 1,35 G, Recent Fall, Russia",11,2018-08-21,35,0.31,WorthPoint
chelyabinsk,1.09 Grams Chelyabinsk Meteorite Class (LL5) Crusted Fragment Fell Russia 2014,12.5,2018-08-20,1.09,11.47,WorthPoint
chelyabinsk,"Meteorite Transparent Polished Thin Section Chelyabinsk (LL5,S4,W0) Fall, Russia",38,2018-08-20,,,WorthPoint
chelyabinsk,"Meteorite**Chelyabinsk, Russia**0.63 Grams, Perfectly Oriented Lot!",16.5,2018-08-19,0.63,26.19,WorthPoint
chelyabinsk,"Meteorite**Chelyabinsk, Russia**0.61 Grams, Perfectly Oriented Lot!",18.99,2018-08-19,0.61,31.13,WorthPoint
chelyabinsk,"Meteorite Chelyabinsk, Chondrite LL5, Complete Stone 5,2 G, Recent Fall, Russia",39,2018-08-18,2,19.5,WorthPoint
chelyabinsk,09-10 Chicago Wolves Ivan Vishnevskiy Game Worn Used Jersey KHL AHL Traktor Auto,190.5,2018-08-18,,,WorthPoint
chelyabinsk,KHL Official Hockey Puck. Traktor Chelyabinsk,12.99,2018-08-18,,,WorthPoint
chelyabinsk,"Meteorite Chelyabinsk, Chondrite LL5, Complete Stone 2,4 G, Recent Fall, Russia",19,2018-08-14,4,4.75,WorthPoint
chelyabinsk,Tractor Stalinets-65 1937 Year Soviet Russia Scale 1/43 Hachette Diecast Model,18.9,2018-08-14,,,WorthPoint
chelyabinsk,"Meteorite CHELYABINSK, Russia, A Nice Well Shaped 2.91 Gr Individual",15,2018-08-12,2.91,5.15,WorthPoint
chelyabinsk,Meteorite Chelyabinsk Russian Beautiful Individual 82.61 Gramss,665,2018-08-12,82.61,8.05,WorthPoint
chelyabinsk,"Meteorite CHELYABINSK, Russia, A Nice Well Shaped 2.87 Gr Individual",10,2018-08-11,2.87,3.48,WorthPoint
chelyabinsk,KHL Official Hockey Puck With Holder.Traktor Chelyabinsk,16.99,2018-08-08,,,WorthPoint
chelyabinsk,1942 WWII SU Hero Fighter Pilot Novikov Censor Mark Russian Postcard,29,2018-08-08,,,WorthPoint
chelyabinsk,Air Force Cockpit Clock 60–°hP Clock For Car (AChS-1) Molnija,80,2018-08-07,,,WorthPoint
chelyabinsk,10 Rubles 2011-2018 Set 23 Coins,11.55,2018-08-06,,,WorthPoint
chelyabinsk,"CHELYABINSK LL5 METEORITE,0.788 Gr WITNESSED FALL 2013 RUSSIA, CRUSTED",25,2018-08-06,0.788,31.73,WorthPoint
chelyabinsk,Chelyabinsk Meteorite 6.9 Gram Individual,154,2018-08-06,6.9,22.32,WorthPoint
chelyabinsk,Meteorite Chelyabinsk LL5 - 2013 Witnessed Fall - CHY-0003 - 20.61g Fusion Crust,113.61,2018-08-05,20.61,5.51,WorthPoint
chelyabinsk,Large 1st Edition Mini Museum AND Large 2nd Edition With Guides,2999.99,2018-08-03,,,WorthPoint
chelyabinsk,Russia Chelyabinsk Meteorite Coin Embedded Fragment Individually Numbered,69.99,2018-08-03,,,WorthPoint
chelyabinsk,"Meteorite CHELYABINSK, Russia, A Nice Well Shaped 15.11 Gr Individual",74,2018-08-02,15.11,4.9,WorthPoint
chelyabinsk,"Meteorites Russia CHELYABINSK Chebarkul –ú–µ—Ç–µ–æ—Ä–∏—Ç 1,79 –ì—Ä–∞–º–º Oriented",10.2,2018-08-02,,,WorthPoint
chelyabinsk,"Meteorite Chelyabinsk Oriented. 2,14 Gram .",13,2018-08-02,14,0.93,WorthPoint
chelyabinsk,"Meteorite Chelyabinsk 4,01 –ì—Ä–∞–º–º, Oriented Meteorite",13.2,2018-08-02,,,WorthPoint
chelyabinsk,"Meteorite Chelyabinsk 2,55 –ì—Ä–∞–º–º, Oriented Meteorite",17.77,2018-08-02,,,WorthPoint
chelyabinsk,"Meteorite Chelyabinsk Oriented. 1,16 Gram .",13,2018-08-02,16,0.81,WorthPoint
chelyabinsk,"Meteorite Chelyabinsk 2,03 –ì—Ä–∞–º–º, Oriented Meteorite",10.8,2018-08-02,,,WorthPoint
chelyabinsk,"Meteorites Of Russia, Chelyabinsk Meteorite 10.81 Grams.",36,2018-08-02,10.81,3.33,WorthPoint
chelyabinsk,"Meteorite Chelyabinsk . 2,35 Gram .",12.6,2018-08-02,35,0.36,WorthPoint
chelyabinsk,"Meteorite Chelyabinsk, Chondrite LL5, Complete Stone 6,4 G, Recent Fall, Russia",49,2018-08-01,4,12.25,WorthPoint
chelyabinsk,2000 KHL Russia Traktor Chelyabinsk HC Polar Bears Hockey Jersey 54,100,2018-07-31,,,WorthPoint
chelyabinsk,Chelyabinsk Meteorite: 9.3 Gram Lot,15.8,2018-07-31,9.3,1.7,WorthPoint
chelyabinsk,Meteorite Chelyabinsk LL5 - 2013 Witnessed Fall - CHY-0012 - 6.63g Fusion Crust,66.95,2018-07-31,6.63,10.1,WorthPoint
chelyabinsk,"Meteorite CHELYABINSK, Russia, A Nice Well Shaped 7.43 Gr Individual",36,2018-07-30,7.43,4.85,WorthPoint
chelyabinsk,"Meteorite CHELYABINSK, Russia, A Nice Well Shaped 5.78 Gr Individual",26,2018-07-30,5.78,4.5,WorthPoint
chelyabinsk,Meteorites Of Russia. Chelyabinsk Meteorite. 50.21 Grams.,179.26,2018-07-30,50.21,3.57,WorthPoint
chelyabinsk,Meteorites Of Russia. Chelyabinsk Meteorite. 30.98 Grams.,108,2018-07-30,30.98,3.49,WorthPoint
chelyabinsk,Meteorites Of Russia. Chelyabinsk Meteorite. 3.05 Grams.,11.5,2018-07-30,3.05,3.77,WorthPoint
chelyabinsk,Meteorites Of Russia. Chelyabinsk Meteorite. 5.66 Grams.,27,2018-07-30,5.66,4.77,WorthPoint
chelyabinsk,Meteorites Of Russia. Chelyabinsk Meteorite. 4.92 Grams.,17,2018-07-30,4.92,3.46,WorthPoint
chelyabinsk,Meteorites Of Russia. Chelyabinsk Meteorite. 14.52 Grams.,40,2018-07-30,14.52,2.75,WorthPoint
chelyabinsk,Meteorites Of Russia. Chelyabinsk Meteorite. 8.3 Grams.,24.04,2018-07-30,8.3,2.9,WorthPoint
chelyabinsk,"Meteorites Of Russia, Chelyabinsk Meteorite 5.01 Grams.",13,2018-07-28,5.01,2.59,WorthPoint
chelyabinsk,"Meteorites Of Russia, Chelyabinsk Meteorite 3.94 Grams.",11,2018-07-28,3.94,2.79,WorthPoint
chelyabinsk,Soviet MILITARY Clock Panel TANK OR AIRCRAFT COCKPIT Russian USSR BAKELITE ZChZ,59.99,2018-07-28,,,WorthPoint
chelyabinsk,Vintage Postcard Set Russia USSR –ß–µ–ª—è–±–∏–Ω—Å–∫ Chelyabinsk 14 Cards 1974,29.99,2018-07-26,,,WorthPoint
chelyabinsk,"Meteorite Chelyabinsk, Chondrite LL5, 100% Complete Stones 5,0 G In Glass Vial",49,2018-07-26,,,WorthPoint
chelyabinsk,Meteorites Of Russia. Chelyabinsk Meteorite. 3.31 Grams.,12,2018-07-26,3.31,3.63,WorthPoint
chelyabinsk,Meteorites Of Russia. Chelyabinsk Meteorite. 3.45 Grams.,12,2018-07-26,3.45,3.48,WorthPoint
chelyabinsk,AVR-M AVRM 5 Days Vintage 1970's USSR Clock For Soviet Tank & Aircraft MIG Mi-8,49.99,2018-07-26,,,WorthPoint
chelyabinsk,Large 1st Edition Mini Museum - 33 Specimens - Kickstarter- Hans Fex First #2162,1899.99,2018-07-25,,,WorthPoint
chelyabinsk,127-ChS Vintage Post-WWII USSR Clock For Soviet Tanks & Aircraft MIG - SERVICED,49.99,2018-07-25,,,WorthPoint
chelyabinsk,"Chelyabinsk Meteorite Fall From Feb. 15th, 2013 In Russia - 5.971 Grams",60,2018-07-25,5.971,10.05,WorthPoint
chelyabinsk,"Russian Lemurian Sacred Scribe Quartz Crystal, Key,Old Stock, Record Keeper #44",55,2018-07-25,,,WorthPoint
chelyabinsk,"Meteorites Of Russia, Chelyabinsk Meteorite 3.53 Grams.",12.3,2018-07-24,3.53,3.48,WorthPoint
chelyabinsk,"Meteorites Of Russia, Chelyabinsk Meteorite 7 Grams.",24,2018-07-24,7,3.43,WorthPoint
chelyabinsk,"Meteorites Of Russia, Chelyabinsk Meteorite 6.34 Grams.",24.8,2018-07-24,6.34,3.91,WorthPoint
chelyabinsk,"Meteorites Of Russia, Chelyabinsk Meteorite 17.32 Grams.",73,2018-07-24,17.32,4.21,WorthPoint
chelyabinsk,"Meteorites Of Russia, Chelyabinsk Meteorite 4.89 Grams.",17,2018-07-24,4.89,3.48,WorthPoint
chelyabinsk,Meteorites Of Russia. Chelyabinsk Meteorite.21.81 Grams. Micro Small,109,2018-07-24,21.81,5,WorthPoint
chelyabinsk,Meteorites Of Russia. Chelyabinsk Meteorite.46.35 Grams. Small,162,2018-07-24,46.35,3.5,WorthPoint
chelyabinsk,"Meteorite Chelyabinsk, Chondrite LL5, Complete Stone 1,65 G, Recent Fall, Russia",14,2018-07-22,65,0.22,WorthPoint
chelyabinsk,"19thC Antique 2¬Ωct Multi-Color Andalusite Medieval Catholic ""Evil Eye"" Talisman",499.99,2018-07-21,,,WorthPoint
chelyabinsk,Meteorites Of Russia. Chelyabinsk Meteorite 8.01 Grams. Micro Small,80,2018-07-21,8.01,9.99,WorthPoint
chelyabinsk,"Meteorites Of Russia, Chelyabinsk Meteorite 4.19 Grams.",11.5,2018-07-20,4.19,2.74,WorthPoint
chelyabinsk,"Meteorites Of Russia, Chelyabinsk Meteorite 11.13 Grams.",27,2018-07-20,11.13,2.43,WorthPoint
chelyabinsk,"Meteorites Of Russia, Chelyabinsk Meteorite 5.87 Grams.",20,2018-07-20,5.87,3.41,WorthPoint
chelyabinsk,"Meteorites Of Russia, Chelyabinsk Meteorite 8 Grams.",22,2018-07-20,8,2.75,WorthPoint
chelyabinsk,"Meteorites Of Russia, Chelyabinsk Meteorite 11.65 Grams.",31,2018-07-20,11.65,2.66,WorthPoint
chelyabinsk,"Meteorites Of Russia, Chelyabinsk Meteorite 11.77 Grams.",40,2018-07-20,11.77,3.4,WorthPoint
chelyabinsk,"Meteorite CHELYABINSK, Russia, A Nice Well Shaped 13.54 Gr Individual",79,2018-07-20,13.54,5.83,WorthPoint
chelyabinsk,Meteorites Of Russia. Chelyabinsk Meteorite. 4.33 Grams.,17,2018-07-19,4.33,3.93,WorthPoint
chelyabinsk,Meteorites Of Russia. Chelyabinsk Meteorite. 22.6 Grams.,105.8,2018-07-19,22.6,4.68,WorthPoint
chelyabinsk,Meteorites Of Russia. Chelyabinsk Meteorite. 11.2 Grams.,36.8,2018-07-19,11.2,3.29,WorthPoint
chelyabinsk,Meteorites Of Russia. Chelyabinsk Meteorite. 6.93 Grams.,27.7,2018-07-19,6.93,4,WorthPoint
chelyabinsk,Meteorites Of Russia. Chelyabinsk Meteorite. 16.36 Grams.,69,2018-07-19,16.36,4.22,WorthPoint
chelyabinsk,Meteorites Of Russia. Chelyabinsk Meteorite. 3.44 Grams.,13.2,2018-07-19,3.44,3.84,WorthPoint
chelyabinsk,Meteorites Of Russia. Chelyabinsk Meteorite.22.37 Grams. Small,146.94,2018-07-19,22.37,6.57,WorthPoint
chelyabinsk,Meteorites Of Russia. Chelyabinsk Meteorite.3.64 Grams. Micro Small,32.89,2018-07-19,3.64,9.04,WorthPoint
chelyabinsk,Meteorite CHELYABINSK Russia 13.50 Grams (41X22X7 Mm) –ú–µ—Ç–µ–æ—Ä–∏—Ç –ß–µ–ª—è–±–∏–Ω—Å–∫–æ–≥–æ,25,2018-07-19,13.5,1.85,WorthPoint
chelyabinsk,"Meteorite Chelyabinsk, Chondrite LL5, Excellent Oriented Stone 9,4 G, Russia",99,2018-07-19,4,24.75,WorthPoint
chelyabinsk,Meteorite Chelyabinsk Russian Beautiful Individual Set 15.60 Gramss,80,2018-07-19,15.6,5.13,WorthPoint
chelyabinsk,"Meteorites Of Russia, Chelyabinsk Meteorite 8.34 Grams.",43.26,2018-07-18,8.34,5.19,WorthPoint
chelyabinsk,"Meteorites Of Russia, Chelyabinsk Meteorite 9.57 Grams.",44.1,2018-07-18,9.57,4.61,WorthPoint
chelyabinsk,"Meteorites Of Russia, Chelyabinsk Meteorite 9.69 Grams.",41.3,2018-07-18,9.69,4.26,WorthPoint
chelyabinsk,"Meteorites Of Russia, Chelyabinsk Meteorite 10.41 Grams.",29,2018-07-18,10.41,2.79,WorthPoint
chelyabinsk,"Meteorites Of Russia, Chelyabinsk Meteorite 17.37 Grams.",86.85,2018-07-18,17.37,5,WorthPoint
chelyabinsk,"Meteorites Of Russia, Chelyabinsk Meteorite 4.49 Grams.",19.01,2018-07-18,4.49,4.23,WorthPoint
chelyabinsk,"Meteorites Of Russia, Chelyabinsk Meteorite 4.29 Grams.",11,2018-07-18,4.29,2.56,WorthPoint
chelyabinsk,"Meteorites Of Russia, Chelyabinsk Meteorite 3.87 Grams.",19,2018-07-18,3.87,4.91,WorthPoint
chelyabinsk,Russian Chotki Rosary Beads Stone Turquoise NEW Handmade,22.99,2018-07-17,,,WorthPoint
chelyabinsk,"Meteorites Of Russia, Chelyabinsk Meteorite 20.86 Grams.",83,2018-07-15,20.86,3.98,WorthPoint
chelyabinsk,"Meteorites Of Russia, Chelyabinsk Meteorite 21.14 Grams.",73,2018-07-15,21.14,3.45,WorthPoint
chelyabinsk,"Meteorites Of Russia, Chelyabinsk Meteorite 102 Grams.small",350,2018-07-15,102,3.43,WorthPoint
chelyabinsk,"Meteorites Of Russia, Chelyabinsk Meteorite 6.76 Grams.",20.5,2018-07-13,6.76,3.03,WorthPoint
chelyabinsk,"Meteorites Of Russia, Chelyabinsk Meteorite 7.48 Grams.",26,2018-07-13,7.48,3.48,WorthPoint
chelyabinsk,"Meteorites Of Russia, Chelyabinsk Meteorite 5.28 Grams.",15.5,2018-07-13,5.28,2.94,WorthPoint
chelyabinsk,"Meteorites Of Russia, Chelyabinsk Meteorite 7.33 Grams.",28,2018-07-13,7.33,3.82,WorthPoint
chelyabinsk,"Meteorites Of Russia, Chelyabinsk Meteorite Oriented 0,83 Grams.",10,2018-07-13,83,0.12,WorthPoint
chelyabinsk,"Meteorites Of Russia, Chelyabinsk Meteorite 13.6 Grams.",44,2018-07-12,13.6,3.24,WorthPoint
chelyabinsk,"Meteorites Of Russia, Chelyabinsk Meteorite. 3.49 Grams.",13,2018-07-12,3.49,3.72,WorthPoint
chelyabinsk,"Meteorites Of Russia, Chelyabinsk Meteorite. 3.62 Grams.",20.5,2018-07-12,3.62,5.66,WorthPoint
chelyabinsk,"Meteorites Of Russia, Chelyabinsk Meteorite 6.41 Grams.",23,2018-07-12,6.41,3.59,WorthPoint
chelyabinsk,"Meteorites Of Russia, Chelyabinsk Meteorite 7.62 Grams.",31,2018-07-12,7.62,4.07,WorthPoint
chelyabinsk,"Meteorites Of Russia, Chelyabinsk Meteorite 5.55 Grams.",25,2018-07-12,5.55,4.5,WorthPoint
chelyabinsk,"Meteorite CHELYABINSK, Russia, A Nice Well Shaped 14.68 Gr Individual",70,2018-07-12,14.68,4.77,WorthPoint
chelyabinsk,"Meteorite Chelyabinsk, Chondrite LL5, Complete Stone 4,3 G, Recent Fall, Russia",39,2018-07-11,3,13,WorthPoint
chelyabinsk,"Meteorites Russia CHELYABINSK –ú–µ—Ç–µ–æ—Ä–∏—Ç 1,79 Gm.Weakly Oriented Meteorite",18,2018-07-11,79,0.23,WorthPoint
chelyabinsk,"Meteorites Of Russia, Chelyabinsk Meteorite 9.08 Grams.",36,2018-07-08,9.08,3.96,WorthPoint
chelyabinsk,"Meteorites Of Russia, Chelyabinsk Meteorite 8.75 Grams.",39.8,2018-07-08,8.75,4.55,WorthPoint
chelyabinsk,"Meteorites Of Russia, Chelyabinsk Meteorite 15.02 Grams.",51,2018-07-08,15.02,3.4,WorthPoint
chelyabinsk,Rare Commemorative Chelyabinsk Meteorite 2013 Souvenir Stele On Stand Exclusive,300,2018-07-08,,,WorthPoint
chelyabinsk,Russian Chotki Rosary Beads Natural Stone Serpentinite NEW Handmade,22.99,2018-07-08,,,WorthPoint
chelyabinsk,Meteorites Of Russia. Chelyabinsk Meteorite. 58 Grams. Micro Small,580,2018-07-07,58,10,WorthPoint
chelyabinsk,"Meteorites Of Russia, Chelyabinsk Meteorite 8.49 Grams.",29,2018-07-05,8.49,3.42,WorthPoint
chelyabinsk,"Meteorites Of Russia, Chelyabinsk Meteorite 21.91 Grams.",83,2018-07-05,21.91,3.79,WorthPoint
chelyabinsk,"Meteorites Of Russia, Chelyabinsk Meteorite 7.98 Grams.",43,2018-07-05,7.98,5.39,WorthPoint
chelyabinsk,"Meteorites Of Russia, Chelyabinsk Meteorite 5.22 Grams.",17,2018-07-05,5.22,3.26,WorthPoint
chelyabinsk,"Meteorite Chelyabinsk 2,6 –ì—Ä–∞–º–º, Oriented Meteorite",26,2018-07-05,,,WorthPoint
chelyabinsk,"Meteorite Chelyabinsk Oriented. 0,86 Gram",10,2018-07-05,86,0.12,WorthPoint
chelyabinsk,Vintage MILITARY AIRCRAFT AChS 1 CLOCK MIG SU COCKPIT PANEL USSR Soviet Russian,80,2018-07-05,,,WorthPoint
chelyabinsk,Meteorite Chelyabinsk Russian Rare Beautiful Individual 3.63 Gramss,17,2018-07-05,3.63,4.68,WorthPoint
chelyabinsk,"Meteorite CHELYABINSK, Russia, A Nice Well Shaped 9.49 Gr Set",44,2018-07-04,9.49,4.64,WorthPoint
chelyabinsk,Meteorite Chelyabinsk Russian Beautiful Rare Oriented Set 3.52 Gramss,22,2018-07-04,3.52,6.25,WorthPoint
chelyabinsk,Putin Russian President Bronze Trophy Judo World Championships Award Exclusive,379,2018-07-03,,,WorthPoint
chelyabinsk,"Meteorite CHELYABINSK, Russia, A Nice Well Shaped 15.68 Gr Individual",75,2018-07-02,15.68,4.78,WorthPoint
chelyabinsk,Chelyabinsk Mechanical Plant Catalog Cranes 2016,21,2018-07-02,,,WorthPoint
chelyabinsk,"Russia - SIBERIA - Work On The Railway Line, 1105 Versts From Chelyabinsk - Publ",14.99,2018-07-01,,,WorthPoint
chelyabinsk,Meteorite Chelyabinsk Russian Beautiful Individual Set 1.28 Gramss,14,2018-06-30,1.28,10.94,WorthPoint
chelyabinsk,Russian Soviet Ussr Tank Chelyabinsk Clock Cockpit Panel Wind Up Working Ussr,29.95,2018-06-29,,,WorthPoint
chelyabinsk,Meteorite Chelyabinsk Russian Rare Shape Micro Oriented Set 1.00 Gramss,15,2018-06-29,1,15,WorthPoint
chelyabinsk,WWII Field Post Censor Soviet Propaganda Turgoyak Miass Chelyabinsk 1943,29.99,2018-06-28,,,WorthPoint
chelyabinsk,Tamiya America [TAM] 1:35 Russian T34/76 ChTZ Plastic Model Kit 35149 TAM35149,23.99,2018-06-24,,,WorthPoint
chelyabinsk,"Meteorite Chelyabinsk, Chondrite LL5, Complete Stone 2,5 G, Recent Fall, Russia",19,2018-06-24,5,3.8,WorthPoint
chelyabinsk,"Meteorite Chelyabinsk, Chondrite LL5, Complete Stone 4,8 G, Recent Fall, Russia",39,2018-06-23,8,4.88,WorthPoint
chelyabinsk,Meteorite Chelyabinsk Oriented.3.75 Gram .,18,2018-06-22,3.75,4.8,WorthPoint
chelyabinsk,"Meteorites Of Russia, Chelyabinsk Meteorite 8.8 Grams.",27,2018-06-22,8.8,3.07,WorthPoint
chelyabinsk,"Meteorites Of Russia, Chelyabinsk Meteorite 5.11 Grams.",18,2018-06-22,5.11,3.52,WorthPoint
chelyabinsk,"Meteorites Of Russia, Chelyabinsk Meteorite 8.38 Grams.",29,2018-06-22,8.38,3.46,WorthPoint
chelyabinsk,"Newspaper, Coin & Chelyabinsk Meteorite 1.1g LL5 Chondrite From –ß–µ–ª—è–±–∏–Ω—Å–∫",59,2018-06-21,1.1,53.64,WorthPoint
chelyabinsk,"Meteorites Of Russia, Chelyabinsk Meteorite 14.88 Grams.",67,2018-06-19,14.88,4.5,WorthPoint
chelyabinsk,"Air Force Cockpit Clock AChS-1 (ACS-1, A4S-1), Molnija, From Manufacturer",125,2018-06-18,,,WorthPoint
chelyabinsk,"Meteorite Chelyabinsk, Chondrite LL5, Complete Stone 1,5 G, Recent Fall, Russia",12,2018-06-16,5,2.4,WorthPoint
chelyabinsk,Meteorite Chelyabinsk 4.7 Gram .,15,2018-06-16,4.7,3.19,WorthPoint
chelyabinsk,"Meteorite Chelyabinsk Oriented. 3,69 Gram .",14,2018-06-16,69,0.2,WorthPoint
chelyabinsk,Chelyabinsk Meteorite: 4.2 Gram Lot Of 2 Individuals,11.5,2018-06-16,4.2,2.74,WorthPoint
chelyabinsk,Infinity Metorite Pen. Tip Has Encapsulate Fragment Of The Chelyabinsk Meteorite,124.99,2018-06-15,,,WorthPoint
chelyabinsk,Antique Victorian Georgian Russian Kacnh Cast Iron Wedding Jewelry Trinket Box,129.99,2018-06-15,,,WorthPoint
chelyabinsk,Meteorite Chelyabinsk Russian Beautiful Individual 7.42 Gramss,53,2018-06-14,7.42,7.14,WorthPoint
chelyabinsk,"Meteorite Chelyabinsk, Chondrite LL5, Complete Oriented Stone 2,4 G, Russia",29,2018-06-13,4,7.25,WorthPoint
chelyabinsk,"Meteorite CHELYABINSK, Russia, A Nice Well Shaped 9.27 Gr Individual",43,2018-06-11,9.27,4.64,WorthPoint
chelyabinsk,"Meteorite CHELYABINSK, Russia, A Nice Well Shaped 5.59 Gr Individual",25,2018-06-11,5.59,4.47,WorthPoint
chelyabinsk,Traktor Chelyabinsk KHL Russian Hockey Jersey,60,2018-06-10,,,WorthPoint
chelyabinsk,"Meteorite Chelyabinsk 2,8 –ì—Ä–∞–º–º, Oriented Meteorite",28,2018-06-08,,,WorthPoint
chelyabinsk,Aircraft Panel Clock AVR-M 6 Days Boxed New Old Stock 1957 Soviet Russian Army,79.99,2018-06-08,,,WorthPoint
chelyabinsk,"Meteorites Of Russia, Chelyabinsk Meteorite 7.53 Grams.",32,2018-06-07,7.53,4.25,WorthPoint
chelyabinsk,"Meteorites Of Russia, Chelyabinsk Meteorite 9.04 Grams.",46,2018-06-07,9.04,5.09,WorthPoint
chelyabinsk,Meteorite Chelyabinsk Oriented. 1.84 Gram .,18,2018-06-07,1.84,9.78,WorthPoint
chelyabinsk,Meteorites Chelyabinsk Russia Meteorite. 5.28 G.,15,2018-06-07,5.28,2.84,WorthPoint
chelyabinsk,Russian Perekidnye Chotki Rosary Worry Beads 'Ameno' Natural Wood Handmade,52.23,2018-06-07,,,WorthPoint
chelyabinsk,Russian Perekidnye Chotki Rosary Worry Beads 'Teutonic #2' Natural Wood Handmade,52.23,2018-06-07,,,WorthPoint
chelyabinsk,Russian Perekidnye Chotki Rosary Worry Beads 'Teutonic Cross' Wood Handmade,52.23,2018-06-07,,,WorthPoint
chelyabinsk,Meteorites Of Russia. Chelyabinsk Meteorite. 20.5 Grams.,90,2018-06-06,20.5,4.39,WorthPoint
chelyabinsk,Meteorites Of Russia. Chelyabinsk Meteorite. 51.01 Grams. Micro Small,500,2018-06-06,51.01,9.8,WorthPoint
chelyabinsk,Meteorite Chelyabinsk Russian Beautiful Individual Set 3.46 Gramss,20,2018-06-05,3.46,5.78,WorthPoint
chelyabinsk,Meteorite Chelyabinsk Russian Beautiful Individual Set 3.78 Gramss,77,2018-06-05,3.78,20.37,WorthPoint
chelyabinsk,Birch Wood Stick Rune Set Elder Futhark Pyrographed Handmade With Velvet Pouch,38,2018-06-05,,,WorthPoint
chelyabinsk,"Meteorites Of Russia, Chelyabinsk Meteorite Oriented 1,09 Grams.",13.5,2018-06-04,9,1.5,WorthPoint
chelyabinsk,"Meteorites Of Russia, Chelyabinsk Meteorite Oriented 1,02 Grams.",18.7,2018-06-04,2,9.35,WorthPoint
chelyabinsk,"Meteorites Of Russia, Chelyabinsk Meteorite Oriented 2.07 Grams.",22.3,2018-06-04,2.07,10.77,WorthPoint
chelyabinsk,"Meteorites Russia CHELYABINSK –ú–µ—Ç–µ–æ—Ä–∏—Ç 33,57 –ì—Ä–∞–º–º",119.5,2018-06-04,,,WorthPoint
chelyabinsk,Meteorite Chelyabinsk Russian Beautiful Rare Oriented 44.01 Gramss,360,2018-06-03,44.01,8.18,WorthPoint
chelyabinsk,"Meteorite Chelyabinsk Oriented. 0,57 Gram .",20,2018-06-03,57,0.35,WorthPoint
chelyabinsk,"Meteorites Russia CHELYABINSK Chebarkul –ú–µ—Ç–µ–æ—Ä–∏—Ç 8,17 –ì—Ä–∞–º–º Oriented",81,2018-06-03,,,WorthPoint
chelyabinsk,Meteorites Of Russia. Chelyabinsk Meteorite. 46.29 Grams. Micro Small,235.5,2018-06-03,46.29,5.09,WorthPoint
chelyabinsk,"Air Force Clock, Chronograph AChS-1 (ACS-1, A4S-1), Molnija, From Manufacturer",125,2018-06-03,,,WorthPoint
chelyabinsk,"Meteorite Chelyabinsk . 4,09 Gram .Micro Small Meteorite.",20,2018-06-03,9,2.22,WorthPoint
chelyabinsk,Meteorites Russia CHELYABINSK Chebarkul –ú–µ—Ç–µ–æ—Ä–∏—Ç 8.19 –ì—Ä–∞–º–º,40,2018-06-01,,,WorthPoint
chelyabinsk,Meteorites Russia CHELYABINSK Chebarkul –ú–µ—Ç–µ–æ—Ä–∏—Ç 40 –ì—Ä–∞–º–º 100% Integrity,140,2018-06-01,,,WorthPoint
chelyabinsk,Meteorite Chelyabinsk Oriented 1.43 Gram .,14,2018-06-01,1.43,9.79,WorthPoint
chelyabinsk,"Meteorite CHELYABINSK, Russia, A Nice Well Shaped 4.76 Gr Individual",23,2018-06-01,4.76,4.83,WorthPoint
chelyabinsk,‚úî Russia 10 Rubles Rouble 2011 2018 UNC Kurgan Tambov Voronezh Set 15 Pcs,10.5,2018-05-30,,,WorthPoint
chelyabinsk,Meteorite Chelyabinsk LL5 - 2013 Witnessed Fall - CHY-0019 - 6.37g SHOCK - Crust,51,2018-05-29,6.37,8.01,WorthPoint
chelyabinsk,"Meteorite Chelyabinsk, Chondrite LL5, Complete Stone 6,7 G, Recent Fall, Russia",59,2018-05-29,7,8.43,WorthPoint
chelyabinsk,Meteorite Chelyabinsk LL5 - 2013 Witnessed Fall - CHY-0018 - 5.42g SHOCK - Crust,31,2018-05-29,5.42,5.72,WorthPoint
chelyabinsk,Meteorite Chelyabinsk LL5 - 2013 Witnessed Fall - CHY-0017 - 5.97g SHOCK - Crust,22.53,2018-05-28,5.97,3.77,WorthPoint
chelyabinsk,Meteorite Chelyabinsk 10.73 –ì—Ä–∞–º–º –ú–∏–∫—Ä–æ,53,2018-05-28,,,WorthPoint
chelyabinsk,"Meteorite Chelyabinsk Oriented 4,28 Gram .",42,2018-05-28,28,1.5,WorthPoint
chelyabinsk,Meteorites Russia CHELYABINSK Chebarkul –ú–µ—Ç–µ–æ—Ä–∏—Ç 11.71 –ì—Ä–∞–º–º,46,2018-05-28,,,WorthPoint
chelyabinsk,Meteorites Russia CHELYABINSK Chebarkul –ú–µ—Ç–µ–æ—Ä–∏—Ç 34.6 –ì—Ä–∞–º–º 100% Integrity,122.5,2018-05-28,,,WorthPoint
chelyabinsk,Meteorite Chelyabinsk LL5 - 2013 Witnessed Fall - CHY-0020 - 3.62g SHOCK - Crust,10.76,2018-05-27,3.62,2.97,WorthPoint
chelyabinsk,Meteorite Chelyabinsk LL5 - 2013 Witnessed Fall - CHY-0011 - 7.58g Fusion Crust,75.95,2018-05-27,7.58,10.02,WorthPoint
chelyabinsk,Meteorite Chelyabinsk Oriented.2.24 Gram .,10,2018-05-27,2.24,4.46,WorthPoint
chelyabinsk,"Meteorites Russia CHELYABINSK Chebarkul –ú–µ—Ç–µ–æ—Ä–∏—Ç 0,47 –ì—Ä–∞–º–º Oriented",10,2018-05-27,,,WorthPoint
chelyabinsk,Meteorite Chelyabinsk Oriented.2.05 Gram .,10,2018-05-27,2.05,4.88,WorthPoint
chelyabinsk,"Meteorites Russia CHELYABINSK Chebarkul –ú–µ—Ç–µ–æ—Ä–∏—Ç 7,81 –ì—Ä–∞–º–º Oriented",78,2018-05-27,,,WorthPoint
chelyabinsk,Meteorites Russia CHELYABINSK Chebarkul –ú–µ—Ç–µ–æ—Ä–∏—Ç 4.11 –ì—Ä–∞–º–º,20,2018-05-27,,,WorthPoint
chelyabinsk,Meteorite Chelyabinsk LL5 - 2013 Witnessed Fall - CHY-0028 - 2.68g SHOCK - Crust,16,2018-05-26,2.68,5.97,WorthPoint
chelyabinsk,Vintage Soviet Russia Heavy Lock Padlock Key RARE Chelyabinsk Big Size,50,2018-05-26,,,WorthPoint
chelyabinsk,Meteorite Chelyabinsk LL5 - 2013 Witnessed Fall - CHY-0015 - 4.59g Fusion Crust,45.95,2018-05-26,4.59,10.01,WorthPoint
chelyabinsk,Meteorite Chelyabinsk LL5 - 2013 Witnessed Fall - CHY-0027 - 2.56g SHOCK - Crust,20.5,2018-05-25,2.56,8.01,WorthPoint
chelyabinsk,Meteorite Chelyabinsk Russian Rare Individual Shape 4.88 Gramss,24,2018-05-25,4.88,4.92,WorthPoint
chelyabinsk,"Meteorites Russia CHELYABINSK Chebarkul –ú–µ—Ç–µ–æ—Ä–∏—Ç 6,43 –ì—Ä–∞–º–º",20,2018-05-25,,,WorthPoint
chelyabinsk,"Meteorites Russia CHELYABINSK Chebarkul –ú–µ—Ç–µ–æ—Ä–∏—Ç 5,08 –ì—Ä–∞–º–º",23.5,2018-05-25,,,WorthPoint
chelyabinsk,Meteorite Chelyabinsk LL5 - 2013 Witnessed Fall - CHY-0026 - 2.64g SHOCK - Crust,12.2,2018-05-24,2.64,4.62,WorthPoint
chelyabinsk,"Meteorites Russia CHELYABINSK Chebarkul –ú–µ—Ç–µ–æ—Ä–∏—Ç 2,15 –ì—Ä–∞–º–º Oriented",22,2018-05-24,,,WorthPoint
chelyabinsk,Meteorite Chelyabinsk . 20.2 Gram . Meteorites.,70,2018-05-24,20.2,3.47,WorthPoint
chelyabinsk,"The Rollerball Pen From Space (Made In U.K., One Of The Kind)",75,2018-05-24,,,WorthPoint
chelyabinsk,Meteorite Chelyabinsk LL5 - 2013 Witnessed Fall - CHY-0024 - 3.26g SHOCK - PSlic,16.27,2018-05-23,3.26,4.99,WorthPoint
chelyabinsk,"Meteorite Chelyabinsk . 44,35 Gram . Small Meteorite.",152,2018-05-23,35,4.34,WorthPoint
chelyabinsk,"Meteorite Chelyabinsk . 8,61 Gram .Micro Small Meteorite.",36,2018-05-23,61,0.59,WorthPoint
chelyabinsk,Traktor (Chelyabinsk) Kuznetsov #84 2013-14 KHL Replica Russian Hockey Jersey,84.99,2018-05-23,,,WorthPoint
chelyabinsk,"Traktor (Chelyabinsk) Nichushkin ""6"" #43 2013-14 KHL Russian Hockey Jersey",84.99,2018-05-23,,,WorthPoint
chelyabinsk,Chelyabinsk Meteorite Full Slice Pristine Very Lightly Altered 18x14mm,11.5,2018-05-23,,,WorthPoint
chelyabinsk,Chelyabinsk Meteorite Full Slice Coarse Melt Pebbles 35x22,33.56,2018-05-23,,,WorthPoint
chelyabinsk,Chelyabinsk Meteorite Full Slice Coarse Shock Veins Impact Melt 75x40mm,39,2018-05-23,,,WorthPoint
chelyabinsk,First Edition Mini Museum Large (Super Rare!),1750,2018-05-23,,,WorthPoint
chelyabinsk,Meteorite Chelyabinsk LL5 - 2013 Witnessed Fall - CHY-0023 - 4.32g SHOCK - Crust,15.53,2018-05-22,4.32,3.59,WorthPoint
chelyabinsk,Meteorites Russia CHELYABINSK Chebarkul –ú–µ—Ç–µ–æ—Ä–∏—Ç 26.45 –ì—Ä–∞–º–º,102.5,2018-05-22,,,WorthPoint
chelyabinsk,Meteorites Russia CHELYABINSK Chebarkul –ú–µ—Ç–µ–æ—Ä–∏—Ç 10.22 –ì—Ä–∞–º–º,42,2018-05-22,,,WorthPoint
chelyabinsk,Meteorites Russia CHELYABINSK Chebarkul –ú–µ—Ç–µ–æ—Ä–∏—Ç 1.6 –ì—Ä–∞–º–º Oriented,22.2,2018-05-22,,,WorthPoint
chelyabinsk,Meteorite Chelyabinsk . 15.66 Gram .Micro Small Meteorite.,165,2018-05-22,15.66,10.54,WorthPoint
chelyabinsk,Meteorite Chelyabinsk LL5 - 2013 Witnessed Fall - CHY-0022 - 3.81g SHOCK - Crust,20.5,2018-05-22,3.81,5.38,WorthPoint
chelyabinsk,"Meteorites Russia CHELYABINSK Chebarkul –ú–µ—Ç–µ–æ—Ä–∏—Ç 0,6 –ì—Ä–∞–º–º Oriented",10,2018-05-21,,,WorthPoint
chelyabinsk,"Meteorite Chelyabinsk Russian Beautiful Individua Oriented 211,9 Gramss",1800,2018-05-21,9,200,WorthPoint
chelyabinsk,Meteorite Chelyabinsk LL5 - 2013 Witnessed Fall - CHY-0025 - 3.09g SHOCK - Crust,11.5,2018-05-20,3.09,3.72,WorthPoint
chelyabinsk,1883 Russia Cover Vilnius Lietuva SPB Moscow RPO TPO # 81 Yekaterinburg To –¢—é–±—É–∫,16.99,2018-05-20,,,WorthPoint
chelyabinsk,"Meteorite Chelyabinsk, Chondrite LL5, Complete Stone 1,75 G, Recent Fall, Russia",11,2018-05-20,75,0.15,WorthPoint
chelyabinsk,1977. Vintage Bust VLADIMIR LENIN CAST IRON KUSA Factory Original USSR,45,2018-05-20,,,WorthPoint
chelyabinsk,"Soviet Military,tank, Aircraft Watches, Clocks Panel - 1 - GCHZ Name Kirov.1945.",99,2018-05-19,,,WorthPoint
chelyabinsk,Meteorite Chelyabinsk LL5 - 2013 Witnessed Fall - CHY-0021 - 3.10g SHOCK - PSlic,16.5,2018-05-19,3.1,5.32,WorthPoint
chelyabinsk,Meteorite CHELYABINSK Russia 7.00 Grams (36X15X10mm) –ú–µ—Ç–µ–æ—Ä–∏—Ç –ß–µ–ª—è–±–∏–Ω—Å–∫–æ–≥–æ,25,2018-05-19,7,3.57,WorthPoint
chelyabinsk,"Meteorite Chelyabinsk Oriented 1,02 Gram .",20,2018-05-18,2,10,WorthPoint
chelyabinsk,"Meteorite CHELYABINSK, Russia, A Nice Well Shaped 4.51 Gr Individual",21,2018-05-17,4.51,4.66,WorthPoint
chelyabinsk,"Cosmic Balls From Dust Tail Of Bolide - Chelyabinsk Meteorite, RRR!",15,2018-05-16,,,WorthPoint
chelyabinsk,Meteorite Chelyabinsk Russian Individual 8.17 Gramss,32,2018-05-15,8.17,3.92,WorthPoint
chelyabinsk,Meteorites Russia CHELYABINSK Chebarkul –ú–µ—Ç–µ–æ—Ä–∏—Ç 13.66 –ì—Ä–∞–º–º,47,2018-05-13,,,WorthPoint
chelyabinsk,"Meteorites Russia CHELYABINSK Chebarkul –ú–µ—Ç–µ–æ—Ä–∏—Ç 9,56 –ì—Ä–∞–º–º",34,2018-05-13,,,WorthPoint
chelyabinsk,"Meteorites Russia CHELYABINSK Chebarkul –ú–µ—Ç–µ–æ—Ä–∏—Ç 5,58 –ì—Ä–∞–º–º",19.5,2018-05-13,,,WorthPoint
chelyabinsk,"Meteorites Russia CHELYABINSK Chebarkul –ú–µ—Ç–µ–æ—Ä–∏—Ç 10,54 –ì—Ä–∞–º–º",24.5,2018-05-13,,,WorthPoint
chelyabinsk,Russia 1905 Russo-Japanese War Postcard Chelyabinsk - Saint Petersburg Used R!R!,11.5,2018-05-13,,,WorthPoint
chelyabinsk,"Meteorite Chelyabinsk, Chondrite LL5, Complete Stone 10,4 G, Recent Fall, Russia",85,2018-05-13,4,21.25,WorthPoint
chelyabinsk,"Meteorite Chelyabinsk, Chondrite LL5, Complete Stone 35,7 G, Recent Fall, Russia",299,2018-05-13,7,42.71,WorthPoint
chelyabinsk,Chelyabinsk Meteorite: 4.6 Gram Individual,26,2018-05-12,4.6,5.65,WorthPoint
chelyabinsk,"Meteorite Chelyabinsk . 4,07 Gram .",20,2018-05-11,7,2.86,WorthPoint
chelyabinsk,"Meteorites Chelyabinsk Russia Meteorite. 19,39 G.",60,2018-05-11,39,1.54,WorthPoint
chelyabinsk,"Meteorite Chelyabinsk Oriented 1,94 Gram .",28,2018-05-11,94,0.3,WorthPoint
chelyabinsk,"Meteorites Russia CHELYABINSK Chebarkul Micro Meteorite 27,58 –ì—Ä–∞–º–º",135,2018-05-11,,,WorthPoint
chelyabinsk,"Meteorites Russia CHELYABINSK Chebarkul –ú–µ—Ç–µ–æ—Ä–∏—Ç 60,08 –ì—Ä–∞–º–º",210,2018-05-11,,,WorthPoint
chelyabinsk,Russia 1905 Russo-Japanese War China Postcard F/ Chelyabinsk To Minsk Used,30,2018-05-11,,,WorthPoint
chelyabinsk,Russia 1905 Russo-Japanese War China Postcard F/ St. Chelyabinsk To Minsk Used,41,2018-05-11,,,WorthPoint
chelyabinsk,Russian Chotki Rosary Beads Stone Agate NEW Handmade,22.99,2018-05-11,,,WorthPoint
chelyabinsk,"Meteorite CHELYABINSK, Russia, A Nice Well Shaped 2.82 Gr Individual",15,2018-05-10,2.82,5.32,WorthPoint
chelyabinsk,Russian CCCP ACHS-1 MIG Aircraft Clock –ê–ß–°-1 & Stand,195,2018-05-10,,,WorthPoint
chelyabinsk,"Meteorites Russia CHELYABINSK Chebarkul –ú–µ—Ç–µ–æ—Ä–∏—Ç 4,5 –ì—Ä–∞–º–º",13.63,2018-05-09,,,WorthPoint
chelyabinsk,"Meteorites Russia CHELYABINSK Chebarkul –ú–µ—Ç–µ–æ—Ä–∏—Ç 13,65 –ì—Ä–∞–º–º",46,2018-05-09,,,WorthPoint
chelyabinsk,"Meteorites Russia CHELYABINSK Chebarkul –ú–µ—Ç–µ–æ—Ä–∏—Ç 11,69 –ì—Ä–∞–º–º",30,2018-05-09,,,WorthPoint
chelyabinsk,Meteorites Russia CHELYABINSK Chebarkul –ú–µ—Ç–µ–æ—Ä–∏—Ç 46.52 –ì—Ä–∞–º–º,202.5,2018-05-09,,,WorthPoint
chelyabinsk,Meteorites Russia CHELYABINSK Chebarkul –ú–µ—Ç–µ–æ—Ä–∏—Ç 9.42 –ì—Ä–∞–º–º Oriented,47,2018-05-07,,,WorthPoint
chelyabinsk,1913 Lev Tolstoy Anna Karenina Book Russian,29,2018-05-07,,,WorthPoint
chelyabinsk,Meteorite Chelyabinsk Oriented 1.01 Gram .,10,2018-05-06,1.01,9.9,WorthPoint
chelyabinsk,"Meteorite Chelyabinsk, Chondrite LL5, Excellent Complete Stone 9,2 G, Russia",79,2018-05-06,2,39.5,WorthPoint
chelyabinsk,Meteorite Chelyabinsk LL5 - 2013 Witnessed Fall - CHY-0013 - 6.05g Fusion Crust,59.95,2018-05-06,6.05,9.91,WorthPoint
chelyabinsk,"Chelyabinsk LL5 Russia Fell Feb. 15, 2013 Whole Stone 15.93 Grams",160,2018-05-05,15.93,10.04,WorthPoint
chelyabinsk,Meteorites Russia CHELYABINSK Chebarkul –ú–µ—Ç–µ–æ—Ä–∏—Ç 29.72 –ì—Ä–∞–º–º,100,2018-05-04,,,WorthPoint
chelyabinsk,Meteorite Chelyabinsk Oriented. 1.41 Gram .,16.49,2018-05-04,1.41,11.7,WorthPoint
chelyabinsk,Meteorite Chelyabinsk Russian Beautiful Individual 4.63 Gramss,22,2018-05-03,4.63,4.75,WorthPoint
chelyabinsk,Meteorite Chelyabinsk . 14.35 Gram .,51,2018-05-03,14.35,3.55,WorthPoint
chelyabinsk,Meteorite Chelyabinsk Oriented.2.66 Gram .,19.3,2018-05-03,2.66,7.26,WorthPoint
chelyabinsk,NEW! Soviet AirForce Cockpit Clock 60–ß–ü / 60ChP Stop-Sec Chronometre NOS 1990,99,2018-05-03,,,WorthPoint
chelyabinsk,Clocks Tank Aircraft Watches Soviet Military Panel AVR Chelyabinsk,25,2018-05-03,,,WorthPoint
chelyabinsk,Meteorite Chelyabinsk . 34.7 Gram .,127.5,2018-05-01,34.7,3.67,WorthPoint
chelyabinsk,Meteorite Chelyabinsk Russian Beautiful Mini Oriented Set 3.61 Gramss,58,2018-04-29,3.61,16.07,WorthPoint
chelyabinsk,Vintage Clock MOLNIJA Molniya Table Mantel Mechanical Soviet Russian Era USSR,45,2018-04-29,,,WorthPoint
chelyabinsk,"Meteorite Chelyabinsk Oriented.0,2 Gram .",10,2018-04-27,2,5,WorthPoint
chelyabinsk,"Meteorites Chelyabinsk Russia Meteorite. 20,91 G.",60,2018-04-27,91,0.66,WorthPoint
chelyabinsk,"Meteorite Chelyabinsk Oriented.0,27 Gram .",10,2018-04-27,27,0.37,WorthPoint
chelyabinsk,"Meteorite Chelyabinsk Oriented.0,11 Gram .",10,2018-04-27,11,0.91,WorthPoint
chelyabinsk,"Meteorite Chelyabinsk Oriented.0,29 Gram .",10,2018-04-27,29,0.34,WorthPoint
chelyabinsk,"Meteorite Chelyabinsk Oriented.0,1 Gram .",10,2018-04-27,1,10,WorthPoint
chelyabinsk,Flames Of War: Soviet T-34 Obr 1942 Chelyabinsk Version (SU060) NEW,13.45,2018-04-27,,,WorthPoint
chelyabinsk,"""Stalinets"" 2 USSR Militarty / Agricultiure Tractor 1938 1:43 Hachette #66",21.4,2018-04-26,,,WorthPoint
chelyabinsk,"Meteorite Chelyabinsk . 1,21 Gram .",11.5,2018-04-25,21,0.55,WorthPoint
chelyabinsk,Meteorite Chelyabinsk . 2.97 Gram .,10,2018-04-25,2.97,3.37,WorthPoint
chelyabinsk,Meteorite Chelyabinsk . 2.85 Gram .,10,2018-04-25,2.85,3.51,WorthPoint
chelyabinsk,Meteorite Chelyabinsk Russian Super Micro Oriented Set 1.71 Gramss,30,2018-04-25,1.71,17.54,WorthPoint
chelyabinsk,USSR RARE Vintage Table Clock Molnia Molnija BEAR On BARREL Soviet Russian,55,2018-04-24,,,WorthPoint
chelyabinsk,"Meteorite Chelyabinsk, Chondrite LL5, Complete Stone 11,1 G, Recent Fall, Russia",89,2018-04-24,1,89,WorthPoint
chelyabinsk,"Meteorite CHELYABINSK, Russia, A Nice Well Shaped 4.96 Gr Individual",24,2018-04-23,4.96,4.84,WorthPoint
chelyabinsk,"Meteorites Chelyabinsk Russia Meteorite. 39,26 G.",139.5,2018-04-23,26,5.37,WorthPoint
chelyabinsk,"Meteorite CHELYABINSK, Russia, A Nice Well Shaped 23.97 Gr Individual",115,2018-04-23,23.97,4.8,WorthPoint
chelyabinsk,"Meteorite CHELYABINSK, Russia, A Nice Well Shaped 3.43 Gr Individual",15,2018-04-22,3.43,4.37,WorthPoint
chelyabinsk,"Meteorite Chelyabinsk Oriented. 2,37 Gram .",15.5,2018-04-22,37,0.42,WorthPoint
chelyabinsk,"Meteorite Chelyabinsk Oriented. 2,87 Gram .",15,2018-04-22,87,0.17,WorthPoint
chelyabinsk,"Meteorite Chelyabinsk Oriented. 3,02 Gram .",37.9,2018-04-22,2,18.95,WorthPoint
chelyabinsk,"Meteorite Chelyabinsk Oriented. 0,95 Gram –ú–∏–∫—Ä–æ",10,2018-04-22,95,0.11,WorthPoint
chelyabinsk,"Meteorite Chelyabinsk Oriented. 1,03 Gram –ú–∏–∫—Ä–æ",10,2018-04-22,3,3.33,WorthPoint
chelyabinsk,Meteorite Chelyabinsk Russian Rare Individual Shape 2.15 Gramss,14,2018-04-21,2.15,6.51,WorthPoint
chelyabinsk,"Meteorites Chelyabinsk Russia Meteorite. 14,07 G.",35,2018-04-21,7,5,WorthPoint
chelyabinsk,Meteorite Chelyabinsk Oriented. 2.24 Gram .,12,2018-04-21,2.24,5.36,WorthPoint
chelyabinsk,2013 $5 Chelyabinsk Meteorite Coin COOK ISLANDS Lot 430B,115,2018-04-21,,,WorthPoint
chelyabinsk,2014 $5 Moldavite Impact Coin COOK ISLANDS Lot 430E,60,2018-04-21,,,WorthPoint
chelyabinsk,2013 $5 Chelyabinsk Meteorite Coin COOK ISLANDS,129.8,2018-04-21,,,WorthPoint
chelyabinsk,2014 $5 Moldavite Impact Coin COOK ISLANDS,70.8,2018-04-21,,,WorthPoint
chelyabinsk,"Meteorites Chelyabinsk Russia Meteorite. 47,46 G.",166,2018-04-20,46,3.61,WorthPoint
chelyabinsk,Meteorite Chelyabinsk 15.08 –ì—Ä–∞–º–º –ú–∏–∫—Ä–æ,75,2018-04-18,,,WorthPoint
chelyabinsk,"Meteorite Chelyabinsk Oriented. 1,23 Gram .",12.5,2018-04-18,23,0.54,WorthPoint
chelyabinsk,"Meteorite Chelyabinsk Oriented. 1,95 Gram .",15.02,2018-04-18,95,0.16,WorthPoint
chelyabinsk,Meteorites Chelyabinsk Russia Meteorite. 3.72 G.,13.3,2018-04-17,3.72,3.58,WorthPoint
chelyabinsk,Meteorites Chelyabinsk Russia Meteorite. 4.3 G.,15.5,2018-04-17,4.3,3.6,WorthPoint
chelyabinsk,Meteorites Chelyabinsk Russia Meteorite. 5.25 G.,28,2018-04-17,5.25,5.33,WorthPoint
chelyabinsk,Chelyabinsk Meteorite: 3.3 Gram Polished End Cut,19.5,2018-04-17,3.3,5.91,WorthPoint
chelyabinsk,Meteorite Chelyabinsk 0.88 –ì—Ä–∞–º–º Oriented Meteorite,33,2018-04-17,,,WorthPoint
chelyabinsk,Meteorite Chelyabinsk 0.7 –ì—Ä–∞–º–º Oriented Meteorite,33,2018-04-17,,,WorthPoint
chelyabinsk,Meteorite Chelyabinsk 0.9 –ì—Ä–∞–º–º Oriented Meteorite,33,2018-04-17,,,WorthPoint
chelyabinsk,Meteorite Chelyabinsk Russian Beautiful Oriented Set 3.72 Gramss,50,2018-04-16,3.72,13.44,WorthPoint
chelyabinsk,"Meteorite Chelyabinsk Oriented. 2,11 Gram .",20.5,2018-04-16,11,1.86,WorthPoint
chelyabinsk,"Meteorite Chelyabinsk Oriented. 2,05 Gram .",17.5,2018-04-16,5,3.5,WorthPoint
chelyabinsk,"Meteorite Chelyabinsk Oriented. 2,76 Gram .",23.3,2018-04-16,76,0.31,WorthPoint
chelyabinsk,Soviet 50s USSR Military Tank T-34 Desktop Clock 7 DAY NCH2 Organics Glass Body,48,2018-04-16,,,WorthPoint
chelyabinsk,Meteorite Chelyabinsk 60.05 –ì—Ä–∞–º–º –ú–∞–ª–µ–Ω—å–∫–∏–µ,210,2018-04-15,,,WorthPoint
chelyabinsk,"Meteorite Chelyabinsk Oriented. 0,29 Gram .",12,2018-04-14,29,0.41,WorthPoint
chelyabinsk,"Meteorite Chelyabinsk Oriented. 0,86 Gram .",19.3,2018-04-14,86,0.22,WorthPoint
chelyabinsk,"Meteorite Chelyabinsk Oriented. 1,66 Gram .",23.5,2018-04-14,66,0.36,WorthPoint
chelyabinsk,Meteorite Chelyabinsk Russian Beautiful Individual 5.41 Gramss,23,2018-04-14,5.41,4.25,WorthPoint
chelyabinsk,Chelyabinsk Meteorite: 2.8 Gram Polished End Cut,26,2018-04-14,2.8,9.29,WorthPoint
chelyabinsk,"Meteorite CHELYABINSK, Russia, A Nice Well Shaped 3.33 Gr Individual",15,2018-04-14,3.33,4.5,WorthPoint
chelyabinsk,"Meteorite Chelyabinsk Oriented. 1,3 Grams .",12.5,2018-04-13,3,4.17,WorthPoint
chelyabinsk,"Meteorite Chelyabinsk Oriented. 2,01 Grams .",14.5,2018-04-13,1,14.5,WorthPoint
chelyabinsk,"Meteorite Chelyabinsk Oriented. 2,13 Grams .",12.05,2018-04-13,13,0.93,WorthPoint
chelyabinsk,"Meteorite Chelyabinsk Oriented. 5,42 Grams .",31,2018-04-13,42,0.74,WorthPoint
chelyabinsk,"Meteorite Chelyabinsk Oriented. 0,65 Grams .Very Rare",49.98,2018-04-13,65,0.77,WorthPoint
chelyabinsk,Meteorite Chelyabinsk Russian Rare Individual 7.54 Gramss,36,2018-04-13,7.54,4.77,WorthPoint
chelyabinsk,"Meteorite CHELYABINSK, Russia, A Nice Well Shaped 3.55 Gr Individual",15,2018-04-13,3.55,4.23,WorthPoint
chelyabinsk,Meteorite Chelyabinsk 21.6 –ì—Ä–∞–º–º –ú–∞–ª–µ–Ω—å–∫–∏–µ,100,2018-04-12,,,WorthPoint
chelyabinsk,"Meteorite Chelyabinsk. 56,1 Grams .",216.5,2018-04-12,1,216.5,WorthPoint
chelyabinsk,Meteorite Chelyabinsk. 35.5 Grams .,89,2018-04-12,35.5,2.51,WorthPoint
chelyabinsk,Meteorite Chelyabinsk. Molten Meteorite. 16.3 Grams .,40.01,2018-04-12,16.3,2.45,WorthPoint
chelyabinsk,"Meteorite Chelyabinsk Oriented. 0,87 Gram",33,2018-04-11,87,0.38,WorthPoint
chelyabinsk,"Meteorite Chelyabinsk Oriented. 2,62 Gram",40.1,2018-04-11,62,0.65,WorthPoint
chelyabinsk,"Meteorite Chelyabinsk Oriented. 2,03 Gram",19.29,2018-04-11,3,6.43,WorthPoint
chelyabinsk,"Meteorite Chelyabinsk Oriented. 0,98 Gram",15.6,2018-04-11,98,0.16,WorthPoint
chelyabinsk,"Meteorite Chelyabinsk Oriented. 0,78 Gram –ú–∏–∫—Ä–æ",10,2018-04-11,78,0.13,WorthPoint
chelyabinsk,Meteorite Chelyabinsk Russian Beautiful Individual 11.27 Gramss,95,2018-04-11,11.27,8.43,WorthPoint
chelyabinsk,Aeroflot Tu-134 Tupolev Airliner Soviet Airlines Aircraft Chelyabinsk Pin Badge,14.99,2018-04-10,,,WorthPoint
chelyabinsk,"Meteorite Chelyabinsk Oriented. 25,52 Gram",270,2018-04-10,52,5.19,WorthPoint
chelyabinsk,"Meteorite Chelyabinsk 17,45 Gram",54,2018-04-10,45,1.2,WorthPoint
chelyabinsk,"Meteorite Chelyabinsk 46,45 Gram",152.5,2018-04-10,45,3.39,WorthPoint
chelyabinsk,"Meteorite Chelyabinsk 23,34 Gram Micro",123.5,2018-04-10,34,3.63,WorthPoint
chelyabinsk,T-64 Chelyabinsk Higher Tank Command School Soviet Ukraine Red Army Pin Badge,20.99,2018-04-10,,,WorthPoint
chelyabinsk,Chelyabinsk Meteorite: 3.4 Gram Polished End Cut,22,2018-04-10,3.4,6.47,WorthPoint
chelyabinsk,New Rare Commemorative Medal Chelyabinsk Meteorite 2013 In Gift Box Exclusive,249,2018-04-08,,,WorthPoint
chelyabinsk,Chelyabinsk Meteorite: With Certificate Of Authenticity,54.95,2018-04-08,,,WorthPoint
chelyabinsk,Vintage Russian Machinist Tool Measuring Angle Steel Square. Made In USSR 1980,15,2018-04-08,,,WorthPoint
chelyabinsk,"Russian Chotki Rosary Beads ""Golden Domes"" Wood Handmade NEW",19.99,2018-04-07,,,WorthPoint
chelyabinsk,"Meteorite Chelyabinsk Oriented. 0,44 Gram",12.6,2018-04-07,44,0.29,WorthPoint
chelyabinsk,"Meteorite Chelyabinsk Oriented. 0,73 Gram",27.88,2018-04-07,73,0.38,WorthPoint
chelyabinsk,"Meteorite Chelyabinsk Oriented. 0,58 Gram",13.38,2018-04-07,58,0.23,WorthPoint
chelyabinsk,"Meteorite Chelyabinsk Oriented. 0,38 Gram",27.88,2018-04-07,38,0.73,WorthPoint
chelyabinsk,"Meteorite Chelyabinsk Oriented. 0,4 Gram",24.3,2018-04-07,4,6.08,WorthPoint
chelyabinsk,"Meteorite Chelyabinsk Oriented. 0,61 Gram",19.3,2018-04-07,61,0.32,WorthPoint
chelyabinsk,Meteorite Chelyabinsk Oriented. 0.37 Gram,13.38,2018-04-07,0.37,36.16,WorthPoint
chelyabinsk,Meteorite Chelyabinsk Oriented. 0.24 Gram,13.3,2018-04-07,0.24,55.42,WorthPoint
chelyabinsk,"Meteorite Chelyabinsk 2,72 –ì—Ä–∞–º–º, Oriented Meteorite",11.05,2018-04-06,,,WorthPoint
chelyabinsk,"Meteorite Chelyabinsk 0,55 –ì—Ä–∞–º–º, Oriented Meteorite",41,2018-04-06,,,WorthPoint
chelyabinsk,"Meteorite Chelyabinsk 2,02 –ì—Ä–∞–º–º, Oriented Meteorite",10.75,2018-04-06,,,WorthPoint
chelyabinsk,"Meteorite Chelyabinsk 2,13 –ì—Ä–∞–º–º, Oriented Meteorite",20.35,2018-04-06,,,WorthPoint
chelyabinsk,"Meteorite Chelyabinsk 2.03 –ì—Ä–∞–º–º, Oriented Meteorite",10.5,2018-04-06,,,WorthPoint
chelyabinsk,"Meteorite Chelyabinsk 2.92 –ì—Ä–∞–º–º, Oriented Meteorite",10.5,2018-04-06,,,WorthPoint
chelyabinsk,"Meteorite Chelyabinsk 2,84 –ì—Ä–∞–º–º, Oriented Meteorite",18.5,2018-04-06,,,WorthPoint
chelyabinsk,Meteorite Chelyabinsk. 2.76 –ì—Ä–∞–º–º. Oriented Meteorite,12.6,2018-04-06,,,WorthPoint
chelyabinsk,"Meteorite CHELYABINSK, Russia, A Nice Well Shaped 3.68 Gr Individual",18,2018-04-06,3.68,4.89,WorthPoint
chelyabinsk,"Traktor Chelyabinsk Hockey Pennant 8.5"" X 6"" - Russian KHL Officail Black",12.97,2018-04-05,,,WorthPoint
chelyabinsk,"Meteorite Chelyabinsk. 0,49 –ì—Ä–∞–º–º. Oriented Meteorite",16.02,2018-04-04,,,WorthPoint
chelyabinsk,"Meteorite Chelyabinsk 1.69 –ì—Ä–∞–º–º, Oriented Meteorite",22.6,2018-04-04,,,WorthPoint
chelyabinsk,"Meteorite Chelyabinsk 0.97 –ì—Ä–∞–º–º, Oriented Meteorite",30.69,2018-04-04,,,WorthPoint
chelyabinsk,"Meteorite Chelyabinsk 1.29 –ì—Ä–∞–º–º, Oriented Meteorite",20,2018-04-04,,,WorthPoint
chelyabinsk,"Meteorite Chelyabinsk 1.14 –ì—Ä–∞–º–º, Oriented Meteorite",26,2018-04-04,,,WorthPoint
chelyabinsk,"Meteorite Chelyabinsk 23,2 –ì—Ä–∞–º–º –ú–∏–∫—Ä–æ",230,2018-04-04,,,WorthPoint
chelyabinsk,"Meteorite Chelyabinsk 63,04 –ì—Ä–∞–º–º, –ú–∞–ª–µ–Ω—å–∫–∏–µ",500,2018-04-04,,,WorthPoint
chelyabinsk,Meteorite Chelyabinsk 30.11 –ì—Ä–∞–º–º –ú–∏–∫—Ä–æ,179.5,2018-04-03,,,WorthPoint
chelyabinsk,Meteorite Chelyabinsk 13.33 –ì—Ä–∞–º–º –ú–∏–∫—Ä–æ,79,2018-04-03,,,WorthPoint
chelyabinsk,Meteorites Russia CHELYABINSK –ú–µ—Ç–µ–æ—Ä–∏—Ç 16.96 –ì—Ä–∞–º–º,76.76,2018-04-03,,,WorthPoint
chelyabinsk,Meteorites Russia CHELYABINSK –ú–µ—Ç–µ–æ—Ä–∏—Ç 14.19 –ì—Ä–∞–º–º,35,2018-04-03,,,WorthPoint
chelyabinsk,"SALE Vintage Art Mantel Clock ""Mistress Of Copper Mountain"". Working Mechanical",69.9,2018-04-03,,,WorthPoint
chelyabinsk,Meteorites Russia CHELYABINSK –ú–µ—Ç–µ–æ—Ä–∏—Ç 1.36 –ì—Ä–∞–º–º. –û—Ä–∏–µ–Ω—Ç–∏—Ä–æ–≤–∞–Ω–Ω—ã–π,15.42,2018-04-02,,,WorthPoint
chelyabinsk,Meteorites Russia CHELYABINSK –ú–µ—Ç–µ–æ—Ä–∏—Ç 1.82 –ì—Ä–∞–º–º. –û—Ä–∏–µ–Ω—Ç–∏—Ä–æ–≤–∞–Ω–Ω—ã–π,16.5,2018-04-02,,,WorthPoint
chelyabinsk,Meteorites Russia CHELYABINSK –ú–µ—Ç–µ–æ—Ä–∏—Ç 1.67 –ì—Ä–∞–º–º. –û—Ä–∏–µ–Ω—Ç–∏—Ä–æ–≤–∞–Ω–Ω—ã–π,30.98,2018-04-02,,,WorthPoint
chelyabinsk,Meteorites Russia CHELYABINSK –ú–µ—Ç–µ–æ—Ä–∏—Ç 2.88 –ì—Ä–∞–º–º. –û—Ä–∏–µ–Ω—Ç–∏—Ä–æ–≤–∞–Ω–Ω—ã–π,11,2018-04-02,,,WorthPoint
chelyabinsk,"VERY RARE FRANCONITE From Ural Mts, Russia, ANALYZED! Ex. Dr. M. Murashko.",99,2018-04-02,,,WorthPoint
chelyabinsk,Meteorites Russia CHELYABINSK Chebarkul –ú–µ—Ç–µ–æ—Ä–∏—Ç 3.51 –ì—Ä–∞–º–º,17.5,2018-04-02,,,WorthPoint
chelyabinsk,Russian Chotki Rosary Beads Natural Wood Palisander Tree NEW Handmade,19.99,2018-04-02,,,WorthPoint
chelyabinsk,"Stromatolite Kussiella Kussiensis, Paleoproterozoic,Chelyabinsk Reg,Russia 418gr",69.99,2018-04-02,418,0.17,WorthPoint
chelyabinsk,Meteorite Chelyabinsk 0.64 –ì—Ä–∞–º–º Oriented Meteorite,24.74,2018-04-01,,,WorthPoint
chelyabinsk,Meteorite Chelyabinsk 0.29 –ì—Ä–∞–º–º Oriented Meteorite,34,2018-04-01,,,WorthPoint
chelyabinsk,Meteorite Chelyabinsk 7.57 –ì—Ä–∞–º–º. Oriented Meteorite,102.5,2018-04-01,,,WorthPoint
chelyabinsk,Meteorite Chelyabinsk 61.4 –ì—Ä–∞–º–º –ú–∞–ª–µ–Ω—å–∫–∏–µ,296.33,2018-04-01,,,WorthPoint
chelyabinsk,Meteorite Chelyabinsk 27.98 –ì—Ä–∞–º–º –ú–∏–∫—Ä–æ,163.83,2018-04-01,,,WorthPoint
chelyabinsk,"USSR Russia President Mikhail Gorbachev Autograph - Signed November 13, 2012",125,2018-04-01,,,WorthPoint
chelyabinsk,Chelyabinsk Meteorite 5.5g,20,2018-03-31,5.5,3.64,WorthPoint
chelyabinsk,Meteorite Chelyabinsk 1.51 –ì—Ä–∞–º–º. Oriented Meteorite,22.5,2018-03-31,,,WorthPoint
chelyabinsk,Meteorite Chelyabinsk 0.67 –ì—Ä–∞–º–º Oriented Meteorite,23,2018-03-31,,,WorthPoint
chelyabinsk,Meteorite Chelyabinsk 0.3 –ì—Ä–∞–º–º. Oriented Meteorite,17.5,2018-03-31,,,WorthPoint
chelyabinsk,Meteorites Russia CHELYABINSK –ú–µ—Ç–µ–æ—Ä–∏—Ç 3.15 –ì—Ä–∞–º–º –û—Ä–∏–µ–Ω—Ç–∏—Ä–æ–≤–∞–Ω–Ω—ã–π,14.55,2018-03-30,,,WorthPoint
chelyabinsk,Meteorites Russia CHELYABINSK –ú–µ—Ç–µ–æ—Ä–∏—Ç 2.86 –ì—Ä–∞–º–º –û—Ä–∏–µ–Ω—Ç–∏—Ä–æ–≤–∞–Ω–Ω—ã–π,23.9,2018-03-30,,,WorthPoint
chelyabinsk,Meteorites Russia CHELYABINSK –ú–µ—Ç–µ–æ—Ä–∏—Ç 1.85 –ì—Ä–∞–º–º,11.05,2018-03-30,,,WorthPoint
chelyabinsk,Meteorites Russia CHELYABINSK –ú–µ—Ç–µ–æ—Ä–∏—Ç 2.8 –ì—Ä–∞–º–º,36.1,2018-03-30,,,WorthPoint
chelyabinsk,Meteorites Russia CHELYABINSK –ú–µ—Ç–µ–æ—Ä–∏—Ç 3.14 –ì—Ä–∞–º–º,14.65,2018-03-30,,,WorthPoint
chelyabinsk,Meteorites Russia CHELYABINSK –ú–µ—Ç–µ–æ—Ä–∏—Ç 3 –ì—Ä–∞–º–º. –û—Ä–∏–µ–Ω—Ç–∏—Ä–æ–≤–∞–Ω–Ω—ã–π,14.55,2018-03-30,,,WorthPoint
chelyabinsk,Meteorite Chelyabinsk 2.55 –ì—Ä–∞–º–º Oriented Meteorite,76.75,2018-03-30,,,WorthPoint
chelyabinsk,Meteorites Russia CHELYABINSK –ú–µ—Ç–µ–æ—Ä–∏—Ç 3.25 –ì—Ä–∞–º–º,11,2018-03-30,,,WorthPoint
chelyabinsk,Meteorites Russia CHELYABINSK –ú–µ—Ç–µ–æ—Ä–∏—Ç 3.24 –ì—Ä–∞–º–º. –û—Ä–∏–µ–Ω—Ç–∏—Ä–æ–≤–∞–Ω–Ω—ã–π,11,2018-03-30,,,WorthPoint
chelyabinsk,Meteorites Russia CHELYABINSK –ú–µ—Ç–µ–æ—Ä–∏—Ç 2.6 –ì—Ä–∞–º–º,15.05,2018-03-30,,,WorthPoint
chelyabinsk,"Chelyabinsk Meteorite, Set Of 14 Cards. 2nd English Version ‚úß GemVoyage",14.9,2018-03-29,,,WorthPoint
chelyabinsk,Meteorite Chelyabinsk Russian 97 Grams,10.5,2018-03-29,97,0.11,WorthPoint
chelyabinsk,Meteorites Russia CHELYABINSK –ú–µ—Ç–µ–æ—Ä–∏—Ç 42.2 –ì—Ä–∞–º–º,150.5,2018-03-29,,,WorthPoint
chelyabinsk,Soviet Space Cover 1959. Tsiolkovsky. Pioneer Of Rocketry. Chelyabinsk,24.99,2018-03-29,,,WorthPoint
chelyabinsk,Meteorite Chelyabinsk Russian Beautiful Individual 6.83 Gramss,40,2018-03-29,6.83,5.86,WorthPoint
chelyabinsk,Meteorite Chelyabinsk 0.71 –ì—Ä–∞–º–º Oriented Meteorite,31,2018-03-28,,,WorthPoint
chelyabinsk,Meteorite Chelyabinsk 0.72 –ì—Ä–∞–º–º Oriented Meteorite,31,2018-03-28,,,WorthPoint
chelyabinsk,Meteorite Chelyabinsk 0.73 –ì—Ä–∞–º–º Oriented Meteorite,31,2018-03-28,,,WorthPoint
chelyabinsk,Meteorite Chelyabinsk Russian 100 Grams,13.5,2018-03-28,100,0.14,WorthPoint
chelyabinsk,Meteorite Chelyabinsk 1.29 –ì—Ä–∞–º–º Oriented Meteorite,23.6,2018-03-27,,,WorthPoint
chelyabinsk,Meteorite Chelyabinsk 0.76 –ì—Ä–∞–º–º Oriented Meteorite,12.17,2018-03-27,,,WorthPoint
chelyabinsk,Meteorite Chelyabinsk 1.22 –ì—Ä–∞–º–º Oriented Meteorite,76.75,2018-03-27,,,WorthPoint
chelyabinsk,Meteorite Chelyabinsk 0.55 –ì—Ä–∞–º–º Oriented Meteorite,34,2018-03-27,,,WorthPoint
chelyabinsk,Meteorite Chelyabinsk 0.56 –ì—Ä–∞–º–º Oriented Meteorite,13.56,2018-03-27,,,WorthPoint
chelyabinsk,Meteorite Chelyabinsk 0.37 –ì—Ä–∞–º–º Oriented Meteorite,10.5,2018-03-27,,,WorthPoint
chelyabinsk,Chelyabinsk Meteorite: 7.1 Gram Lot,15.5,2018-03-27,7.1,2.18,WorthPoint
chelyabinsk,"Meteorite Chelyabinsk, Chondrite LL5, Complete Stone 7,5 G, Recent Fall, Russia",55,2018-03-27,5,11,WorthPoint
chelyabinsk,Meteorite Chelyabinsk 21.21 –ì—Ä–∞–º–º Little,88,2018-03-26,,,WorthPoint
chelyabinsk,Meteorite Chelyabinsk 8.49 –ì—Ä–∞–º–º –ú–∏–∫—Ä–æ,56.55,2018-03-26,,,WorthPoint
chelyabinsk,Meteorite Chelyabinsk 3.04 –ì—Ä–∞–º–º Oriented Meteorite,18.06,2018-03-26,,,WorthPoint
chelyabinsk,Meteorite Chelyabinsk 2.97 –ì—Ä–∞–º–º Oriented Meteorite,16,2018-03-26,,,WorthPoint
chelyabinsk,Meteorites Russia CHELYABINSK –ú–µ—Ç–µ–æ—Ä–∏—Ç 2.54 –ì—Ä–∞–º–º,23.17,2018-03-26,,,WorthPoint
chelyabinsk,Meteorites Russia CHELYABINSK –ú–µ—Ç–µ–æ—Ä–∏—Ç 4.85 –ì—Ä–∞–º–º,24.5,2018-03-26,,,WorthPoint
chelyabinsk,Meteorites Russia CHELYABINSK –ú–µ—Ç–µ–æ—Ä–∏—Ç 5.69 –ì—Ä–∞–º–º,33,2018-03-26,,,WorthPoint
chelyabinsk,Meteorite Chelyabinsk Russian 31 Grams,20.5,2018-03-26,31,0.66,WorthPoint
chelyabinsk,Meteorite Chelyabinsk Russian 51 Grams,20.6,2018-03-26,51,0.4,WorthPoint
chelyabinsk,Meteorite Chelyabinsk Russian 18Grams,20.5,2018-03-26,18,1.14,WorthPoint
chelyabinsk,Meteorite Chelyabinsk Russian Set Supper Oriented 2.67 Gramss,43,2018-03-26,2.67,16.1,WorthPoint
chelyabinsk,Meteorite Chelyabinsk Russian Set Supper Oriented 1.63 Gramss,15,2018-03-25,1.63,9.2,WorthPoint
chelyabinsk,Meteorite Chelyabinsk Russian Beautiful Oriented 6.09 Gramss,35,2018-03-25,6.09,5.75,WorthPoint
chelyabinsk,Meteorite Chelyabinsk 53.45 –ì—Ä–∞–º–º Little,243.5,2018-03-25,,,WorthPoint
chelyabinsk,Meteorite Chelyabinsk 19.54 –ì—Ä–∞–º–º –ú–∏–∫—Ä–æ,140.27,2018-03-25,,,WorthPoint
chelyabinsk,Meteorite Chelyabinsk 8.20 –ì—Ä–∞–º–º Oriented Meteorite,167.5,2018-03-25,,,WorthPoint
chelyabinsk,Meteorite Chelyabinsk 9.43 –ì—Ä–∞–º–º Oriented Meteorite,96.91,2018-03-25,,,WorthPoint
chelyabinsk,Meteorite Chelyabinsk 1.41 –ì—Ä–∞–º–º Oriented Meteorite,18.5,2018-03-25,,,WorthPoint
chelyabinsk,Meteorite Chelyabinsk 0.65 –ì—Ä–∞–º–º Oriented Meteorite,45.44,2018-03-25,,,WorthPoint
chelyabinsk,Meteorite Chelyabinsk 0.78 –ì—Ä–∞–º–º Oriented Meteorite,23.11,2018-03-25,,,WorthPoint
chelyabinsk,Vintage Soviet Russian Era Clock MOLNIJA 1 Class Molniya Table Mantel USSR,50,2018-03-25,,,WorthPoint
chelyabinsk,ARK Model 35021 KV-9 Russian Heavy Tank Scale Model Kit 1/35,15.8,2018-03-25,,,WorthPoint
chelyabinsk,Meteorites Russia CHELYABINSK –ú–µ—Ç–µ–æ—Ä–∏—Ç 23.49 –ì—Ä–∞–º–º,59,2018-03-23,,,WorthPoint
chelyabinsk,"Meteorites Russia CHELYABINSK –ú–µ—Ç–µ–æ—Ä–∏—Ç 20,8 –ì—Ä–∞–º–º",42,2018-03-23,,,WorthPoint
chelyabinsk,Meteorites Russia CHELYABINSK –ú–µ—Ç–µ–æ—Ä–∏—Ç 52.2 –ì—Ä–∞–º–º,182,2018-03-23,,,WorthPoint
chelyabinsk,Soviet TANK Cockpit Clock 119CHS-M3 (119–ß–°-–ú3) Chronometre,45,2018-03-23,,,WorthPoint
chelyabinsk,"Meteorite CHELYABINSK, Russia, A Nice Well Shaped 4.00 Gr Individual",22,2018-03-23,4,5.5,WorthPoint
chelyabinsk,Meteorite Chelyabinsk Russian Beautiful Oriented 4.41 Gramss,40.98,2018-03-22,4.41,9.29,WorthPoint
chelyabinsk,6 Tanks Badge Red Army Pin Set For Erraan Only,40,2018-03-22,,,WorthPoint
chelyabinsk,Meteorite Chelyabinsk Russian Rare Micro Oriented 0.76 Gramss,11,2018-03-21,0.76,14.47,WorthPoint
chelyabinsk,Meteorites Russia CHELYABINSK Micro Meteorite 10.05 –ì—Ä–∞–º–º,100,2018-03-20,,,WorthPoint
chelyabinsk,Meteorite Chelyabinsk 1.9 –ì—Ä–∞–º–º Oriented Meteorite,23.25,2018-03-20,,,WorthPoint
chelyabinsk,Meteorite Chelyabinsk 0.46 –ì—Ä–∞–º–º Oriented Meteorite,13.62,2018-03-20,,,WorthPoint
chelyabinsk,Meteorite Chelyabinsk 0.49 –ì—Ä–∞–º–º Oriented Meteorite,168.5,2018-03-20,,,WorthPoint
chelyabinsk,Meteorite Chelyabinsk 0.52 –ì—Ä–∞–º–º Oriented Meteorite,21.71,2018-03-20,,,WorthPoint
chelyabinsk,Chelyabinsk Meteorite: 8.4 Gram Lot,13.83,2018-03-20,8.4,1.65,WorthPoint
chelyabinsk,Meteorite Chelyabinsk Russian Rare Beautiful Individual 2.53 Gramss,23,2018-03-20,2.53,9.09,WorthPoint
chelyabinsk,Meteorite Chelyabinsk Russian Rare Individual Shape 1.53 Gramss,10,2018-03-20,1.53,6.54,WorthPoint
chelyabinsk,Meteorite Chelyabinsk Russian Beautiful Rare Oriented Set 2.35 Gramss,34,2018-03-20,2.35,14.47,WorthPoint
chelyabinsk,Meteorites Russia CHELYABINSK Chebarkul –ú–µ—Ç–µ–æ—Ä–∏—Ç 9.62 –ì—Ä–∞–º–º,48.47,2018-03-19,,,WorthPoint
chelyabinsk,Meteorite Chelyabinsk 3.57 –ì—Ä–∞–º–º –ú–∏–∫—Ä–æ,24.05,2018-03-19,,,WorthPoint
chelyabinsk,Meteorites Russia CHELYABINSK –ú–µ—Ç–µ–æ—Ä–∏—Ç 1.19 –ì—Ä–∞–º–º Oriented Meteorite.,51,2018-03-19,,,WorthPoint
chelyabinsk,Soviet Military Aviation Aircraft Clock Watch Panel ACHS-1 Mig SU USSR Cockpit,79.99,2018-03-19,,,WorthPoint
chelyabinsk,Meteorite Chelyabinsk 14.61 –ì—Ä–∞–º–º,46,2018-03-17,,,WorthPoint
chelyabinsk,Meteorites Russia CHELYABINSK Chebarkul –ú–µ—Ç–µ–æ—Ä–∏—Ç 13.3 –ì—Ä–∞–º–º,100,2018-03-17,,,WorthPoint
chelyabinsk,Meteorite Chelyabinsk 1.71 –ì—Ä–∞–º–º Oriented Meteorite,139.5,2018-03-16,,,WorthPoint
chelyabinsk,Meteorite Chelyabinsk 0.91 –ì—Ä–∞–º–º Oriented Meteorite,56.55,2018-03-16,,,WorthPoint
chelyabinsk,Meteorite Chelyabinsk 3.24 –ì—Ä–∞–º–º,21.5,2018-03-16,,,WorthPoint
chelyabinsk,Meteorite Chelyabinsk 3.59 –ì—Ä–∞–º–º,17.05,2018-03-16,,,WorthPoint
chelyabinsk,Meteorite Chelyabinsk 8.71 –ì—Ä–∞–º–º,41,2018-03-16,,,WorthPoint
chelyabinsk,Meteorite Chelyabinsk 4 –ì—Ä–∞–º–º –ú–∏–∫—Ä–æ,17.5,2018-03-16,,,WorthPoint
chelyabinsk,Meteorite Chelyabinsk 4.89 –ì—Ä–∞–º–º,24.05,2018-03-16,,,WorthPoint
chelyabinsk,"CHELYABINSK LL5 METEORITE,1.223 Gr COMPLETE STONE, WITNESSED FALL 2013 RUSSIA",29,2018-03-16,1.223,23.71,WorthPoint
chelyabinsk,Meteorites Russia CHELYABINSK –ú–∏–∫—Ä–æ –ú–µ—Ç–µ–æ—Ä–∏—Ç 1.53 –ì—Ä–∞–º–º Oriented Meteorite.,100,2018-03-14,,,WorthPoint
chelyabinsk,Meteorites Russia CHELYABINSK Chebarkul –ú–µ—Ç–µ–æ—Ä–∏—Ç 2.97 –ì—Ä–∞–º–º,10,2018-03-14,,,WorthPoint
chelyabinsk,Meteorites Russia CHELYABINSK Chebarkul –ú–µ—Ç–µ–æ—Ä–∏—Ç 3.12 –ì—Ä–∞–º–º,10,2018-03-14,,,WorthPoint
chelyabinsk,Meteorite Chelyabinsk Russian Beautiful Individual 12.78 Gramss,85,2018-03-13,12.78,6.65,WorthPoint
chelyabinsk,Meteorite Chelyabinsk 56 –ì—Ä–∞–º–º 100% –ö–æ—Ä–∞,209.5,2018-03-13,,,WorthPoint
chelyabinsk,Soviet Avant-Garde Painting: Rabinovich Rosalia. 15 Years Of The Red Army. 1931,324,2018-03-13,,,WorthPoint
chelyabinsk,Vintage Iridescent Victorian Demitasse Tea Set Teapot Cup Set 14 Porcelain Mint,42.49,2018-03-12,,,WorthPoint
chelyabinsk,Russian Chotki Rosary Beads Wood Walnut Tree NEW Handmade,19.99,2018-03-12,,,WorthPoint
chelyabinsk,"Meteorites Russia CHELYABINSK –ú–µ—Ç–µ–æ—Ä–∏—Ç 1,12 –ì—Ä–∞–º–º Oriented Meteorite.",38.77,2018-03-12,,,WorthPoint
chelyabinsk,"Meteorites Russia CHELYABINSK –ú–µ—Ç–µ–æ—Ä–∏—Ç 0,87 –ì—Ä–∞–º–º Oriented Meteorite.",89,2018-03-12,,,WorthPoint
chelyabinsk,Meteorite Chelyabinsk 0.13 –ì—Ä–∞–º–º –ú–∏–∫—Ä–æ Oriented Meteorite,38.77,2018-03-12,,,WorthPoint
chelyabinsk,Meteorite Chelyabinsk 0.14 –ì—Ä–∞–º–º –ú–∏–∫—Ä–æ Oriented Meteorite,33,2018-03-12,,,WorthPoint
chelyabinsk,"Meteorites Russia CHELYABINSK –ú–µ—Ç–µ–æ—Ä–∏—Ç 0,44 –ì—Ä–∞–º–º –ú–∏–∫—Ä–æ Oriented Meteorite.",78,2018-03-12,,,WorthPoint
chelyabinsk,"Meteorite Chelyabinsk 5,29 –ì—Ä–∞–º–º –ú–∏–∫—Ä–æ",78,2018-03-12,,,WorthPoint
chelyabinsk,Meteorite Chelyabinsk 2.38 –ì—Ä–∞–º–º,10,2018-03-12,,,WorthPoint
chelyabinsk,Meteorites Russia CHELYABINSK Chebarkul –ú–µ—Ç–µ–æ—Ä–∏—Ç 3.11 –ì—Ä–∞–º–º,15,2018-03-12,,,WorthPoint
chelyabinsk,Meteorites Russia CHELYABINSK Chebarkul –ú–µ—Ç–µ–æ—Ä–∏—Ç 3 –ì—Ä–∞–º–º,15,2018-03-12,,,WorthPoint
chelyabinsk,Soviet Russian Nuclear Warhead Inspection Tools From Chelyabinsk-70 / VNIITF,2499.95,2018-03-12,,,WorthPoint
chelyabinsk,"Mineral Observer, Vol. 18 Issue 3 2013",35,2018-03-11,,,WorthPoint
chelyabinsk,Mineral Observer: Vol.19 Issue 1 2014,35,2018-03-11,,,WorthPoint
chelyabinsk,"Russia 1906 RAILWAY TPO Chelyabinsk-124-Samara Postcard To Kislovodsk, Caucasus",14.5,2018-03-11,,,WorthPoint
chelyabinsk,Meteorite Chelyabinsk Russian Individual 6.78 Gramss,38,2018-03-11,6.78,5.6,WorthPoint
chelyabinsk,Meteorite Chelyabinsk 21.84 –ì—Ä–∞–º–º Shock Melt.,44,2018-03-10,,,WorthPoint
chelyabinsk,Meteorite Chelyabinsk 36.52 –ì—Ä–∞–º–º,202.5,2018-03-10,,,WorthPoint
chelyabinsk,Meteorite Chelyabinsk 17.34 –ì—Ä–∞–º–º,122.5,2018-03-10,,,WorthPoint
chelyabinsk,Chelyabinsk Meteorite: 3.2 Gram Polished End Cut,37,2018-03-10,3.2,11.56,WorthPoint
chelyabinsk,"Soviet Avant-Garde Painting: Rosalia Rabinovich.Youth, Parashute. 1931",405,2018-03-09,,,WorthPoint
chelyabinsk,0045 Russia TPO#124 Chelyabinsk-Samara RAILWAY Postmark To Belgium Postcard,25,2018-03-09,,,WorthPoint
chelyabinsk,Meteorite Chelyabinsk 8.43 –ì—Ä–∞–º–º,26,2018-03-08,,,WorthPoint
chelyabinsk,Meteorites Russia CHELYABINSK Chebarkul –ú–µ—Ç–µ–æ—Ä–∏—Ç 3.31 –ì—Ä–∞–º–º Oriented Meteorite.,20.5,2018-03-08,,,WorthPoint
chelyabinsk,Meteorites Russia CHELYABINSK Chebarkul –ú–µ—Ç–µ–æ—Ä–∏—Ç 2.5 –ì—Ä–∞–º–º Oriented Meteorite.,10.5,2018-03-08,,,WorthPoint
chelyabinsk,Meteorites Russia CHELYABINSK Chebarkul –ú–µ—Ç–µ–æ—Ä–∏—Ç 1.52 –ì—Ä–∞–º–º Oriented Meteorite.,46,2018-03-08,,,WorthPoint
chelyabinsk,Sovietski Mig 29 Fighter Instrument Panel Clock,89,2018-03-08,,,WorthPoint
chelyabinsk,Traktor Chelyabinsk Hockey Puck - Russian Hockey KHL Officail,11.97,2018-03-06,,,WorthPoint
chelyabinsk,Meteorite Chelyabinsk 11.84 –ì—Ä–∞–º–º,31,2018-03-06,,,WorthPoint
chelyabinsk,Meteorite Chelyabinsk 12.96 –ì—Ä–∞–º–º 100% –ö–æ—Ä–∞,38,2018-03-06,,,WorthPoint
chelyabinsk,Meteorite Chelyabinsk 4.73 –ì—Ä–∞–º–º,14,2018-03-06,,,WorthPoint
chelyabinsk,Meteorite Chelyabinsk 0.53 –ì—Ä–∞–º–º –ú–∏–∫—Ä–æ Oriented Meteorite,15.26,2018-03-05,,,WorthPoint
chelyabinsk,Meteorite Chelyabinsk 0.24 –ì—Ä–∞–º–º –ú–∏–∫—Ä–æ Oriented Meteorite,51,2018-03-05,,,WorthPoint
chelyabinsk,Meteorite Chelyabinsk 4.04 –ì—Ä–∞–º–º –ú–∏–∫—Ä–æ,31,2018-03-05,,,WorthPoint
chelyabinsk,"Mini Museum Hans Fex 1st Edition, Large 33 Specimens + Touch Edition",2800,2018-03-04,,,WorthPoint
chelyabinsk,Meteorites Russia CHELYABINSK Chebarkul –ú–µ—Ç–µ–æ—Ä–∏—Ç 3.4 –ì—Ä–∞–º–º –û—Ä–∏–µ–Ω—Ç–∏—Ä–æ–≤–∞–Ω–Ω—ã–π,10,2018-03-04,,,WorthPoint
chelyabinsk,Meteorites Russia CHELYABINSK Chebarkul –ú–µ—Ç–µ–æ—Ä–∏—Ç 2.22 –ì—Ä–∞–º–º Oriented Meteorite.,23.11,2018-03-03,,,WorthPoint
chelyabinsk,Meteorites Russia CHELYABINSK Chebarkul –ú–µ—Ç–µ–æ—Ä–∏—Ç 3.15 –ì—Ä–∞–º–º Oriented Meteorite.,22.5,2018-03-03,,,WorthPoint
chelyabinsk,Meteorites Russia CHELYABINSK Chebarkul –ú–µ—Ç–µ–æ—Ä–∏—Ç 3.02 –ì—Ä–∞–º–º Oriented Meteorite.,18.5,2018-03-03,,,WorthPoint
chelyabinsk,"Meteorite CHELYABINSK, Russia, A Nice Well Shaped 31.31 Gr Individual",149,2018-03-03,31.31,4.76,WorthPoint
chelyabinsk,Meteorite Chelyabinsk Russian Beautiful Individual 8.89 Gramss,55,2018-03-03,8.89,6.19,WorthPoint
chelyabinsk,"Traktor Chelyabinsk Fan Scarf ""League"", KHL, Knitted 54""x 7.6""",25,2018-03-02,,,WorthPoint
chelyabinsk,"ACHS-1 (–ê–ß–°-1) Soviet AirForce Cockpit Clock. Stopwatch, Stop-Sec Chronometre",99,2018-03-02,,,WorthPoint
chelyabinsk,Russian Air Force Pilot-Snipper And Navigator-Snipper Wings Of Rare Local Issue,82,2018-03-02,,,WorthPoint
chelyabinsk,Russian Chotki Rosary Beads Hematite Stones NEW Handmade,19.99,2018-03-01,,,WorthPoint
chelyabinsk,Russian Chotki Rosary Beads Turquoise NEW Handmade,22.99,2018-03-01,,,WorthPoint
chelyabinsk,Meteorite Chelyabinsk 4.86 –ì—Ä–∞–º–º 100% –ö–æ—Ä–∞,15,2018-03-01,,,WorthPoint
chelyabinsk,Meteorites Russia CHELYABINSK –ú–µ—Ç–µ–æ—Ä–∏—Ç 4.19 –ì—Ä–∞–º–º Meteorite.,13,2018-03-01,,,WorthPoint
chelyabinsk,Meteorites Russia CHELYABINSK –ú–µ—Ç–µ–æ—Ä–∏—Ç 2.09 –ì—Ä–∞–º–º Oriented Meteorite.,24.11,2018-03-01,,,WorthPoint
chelyabinsk,"Meteorites Russia CHELYABINSK Chebarkul –ú–µ—Ç–µ–æ—Ä–∏—Ç 1,83 –ì—Ä–∞–º–º Oriented Meteorite.",33.61,2018-03-01,,,WorthPoint
chelyabinsk,Meteorite Chelyabinsk 3.95 –ì—Ä–∞–º–º,20,2018-03-01,,,WorthPoint
chelyabinsk,Meteorite Chelyabinsk 3.11 –ì—Ä–∞–º–º,18,2018-03-01,,,WorthPoint
chelyabinsk,Meteorite Chelyabinsk 7.36 –ì—Ä–∞–º–º,22,2018-03-01,,,WorthPoint
chelyabinsk,Meteorite Chelyabinsk 5.05 –ì—Ä–∞–º–º –ú–∏–∫—Ä–æ,89,2018-02-28,,,WorthPoint
chelyabinsk,"Meteorite Chelyabinsk 27,97 –ì—Ä–∞–º–º",164.5,2018-02-28,,,WorthPoint
chelyabinsk,"Meteorite**Chelyabinsk, Russia LL5**10.7 Grams!! Fresh Crust W/Regmaglypts!",34,2018-02-28,10.7,3.18,WorthPoint
chelyabinsk,"Meteorite**Chelyabinsk, Russia LL5**5.96 Grams!! W/Fusion Crust!",20,2018-02-28,5.96,3.36,WorthPoint
chelyabinsk,Meteorite Chelyabinsk 18.19 –ì—Ä–∞–º–º,102.5,2018-02-28,,,WorthPoint
chelyabinsk,Meteorite Chelyabinsk 19.72 –ì—Ä–∞–º–º,78,2018-02-28,,,WorthPoint
chelyabinsk,"Aeschynite (Y) Miass, Ilmen Mts, Urals, Russia ‚Äì Old Cilen And Ford Labels",19,2018-02-27,,,WorthPoint
chelyabinsk,Chelyabinsk Meteorite: 3.8 Gram Polished End Cut,33,2018-02-27,3.8,8.68,WorthPoint
chelyabinsk,Andrei Kostitsyn's 2010-11 Montreal Canadiens Game-Worn Jersey With Team LOA,197.18,2018-02-27,,,WorthPoint
chelyabinsk,CHELYABINSK CCCP RUSSIAN MINING Or METEORITE SLICE NATURAL STONE GREEN STRIPPED,69.99,2018-02-26,,,WorthPoint
chelyabinsk,Meteorite Chelyabinsk 11.79 –ì—Ä–∞–º–º,56,2018-02-26,,,WorthPoint
chelyabinsk,Soviet Military Tank T-34 Desktop Clock 1class Organics Glass Body USSR 50s,39,2018-02-26,,,WorthPoint
chelyabinsk,Russian Chotki Rosary Beads Nephritis Stone NEW Handmade,22.99,2018-02-25,,,WorthPoint
chelyabinsk,"Estonia My Stamp Estland Marke 15.02.2013 RARE! ""Chelyabinsk Meteorite"" LAST ONE",25,2018-02-25,,,WorthPoint
chelyabinsk,"Meteorite**Chelyabinsk, Russia LL5**7.23 Grams!! Oriented W/Foamy Crust!",22.5,2018-02-24,7.23,3.11,WorthPoint
chelyabinsk,"Meteorite CHELYABINSK, Russia, A Nice Well Shaped 5.04 Gr Individual",27,2018-02-24,5.04,5.36,WorthPoint
chelyabinsk,Meteorites Russia CHELYABINSK Chebarkul –ú–µ—Ç–µ–æ—Ä–∏—Ç 2.89 –ì—Ä–∞–º–º Oriented Meteorite.,12.5,2018-02-24,,,WorthPoint
chelyabinsk,Meteorites Russia CHELYABINSK Chebarkul –ú–µ—Ç–µ–æ—Ä–∏—Ç 3.43 –ì—Ä–∞–º–º Oriented Meteorite.,14.5,2018-02-24,,,WorthPoint
chelyabinsk,Fabbri 1:72 BMP-1 Tank Diecast Model Camouflage+mag ‚Ññ14 Russian USSR Tanks,13.99,2018-02-24,,,WorthPoint
chelyabinsk,Meteorite Chelyabinsk Beautiful Individual 16.69 Gramms,110,2018-02-24,16.69,6.59,WorthPoint
chelyabinsk,Chelyabinsk Meteorite: 3.6 Gram Polished End Cut,11.61,2018-02-24,3.6,3.22,WorthPoint
chelyabinsk,Meteorite Chelyabinsk 2.39 –ì—Ä–∞–º–º,12,2018-02-23,,,WorthPoint
chelyabinsk,Meteorite Chelyabinsk 1.92 –ì—Ä–∞–º–º,10,2018-02-23,,,WorthPoint
chelyabinsk,Meteorites Russia CHELYABINSK Chebarkul –ú–µ—Ç–µ–æ—Ä–∏—Ç 118.5 –ì—Ä–∞–º–º,330,2018-02-23,,,WorthPoint
chelyabinsk,Meteorites Russia CHELYABINSK Chebarkul –ú–µ—Ç–µ–æ—Ä–∏—Ç 3.17 –ì—Ä–∞–º–º Meteorite.,10,2018-02-23,,,WorthPoint
chelyabinsk,"Aircraft Control Stick MiG-23, Soviet Air Force",450,2018-02-23,,,WorthPoint
chelyabinsk,"""Black Bird"" Chukchi Fairy Tale Russian Kids Book 1978",15,2018-02-22,,,WorthPoint
chelyabinsk,"3x Meteorites Chelyabinsk 2.87g, NWA 869 8.8g Chondrite & Shasta Ca. 190g Iron",35,2018-02-21,2.87,12.2,WorthPoint
chelyabinsk,Meteorite Chelyabinsk 11.47 –ì—Ä–∞–º–º,28,2018-02-20,,,WorthPoint
chelyabinsk,Meteorites Russia CHELYABINSK Chebarkul –ú–µ—Ç–µ–æ—Ä–∏—Ç 3.7 –ì—Ä–∞–º–º Oriented Meteorite.,37,2018-02-20,,,WorthPoint
chelyabinsk,Meteorite Chelyabinsk 61 –ì—Ä–∞–º–º,250,2018-02-20,,,WorthPoint
chelyabinsk,Meteorite Chelyabinsk 4.23 –ì—Ä–∞–º–º,16.5,2018-02-20,,,WorthPoint
chelyabinsk,Meteorite Chelyabinsk 3.04 –ì—Ä–∞–º–º,21.5,2018-02-20,,,WorthPoint
chelyabinsk,Meteorite Chelyabinsk 3.26 –ì—Ä–∞–º–º,10,2018-02-18,,,WorthPoint
chelyabinsk,Meteorite Chelyabinsk 3.97 –ì—Ä–∞–º–º,12,2018-02-18,,,WorthPoint
chelyabinsk,Meteorite Chelyabinsk 3.02 –ì—Ä–∞–º–º,10.5,2018-02-17,,,WorthPoint
chelyabinsk,Meteorite Chelyabinsk 2 –ì—Ä–∞–º–º,10.5,2018-02-17,,,WorthPoint
chelyabinsk,Meteorite Chelyabinsk 4.26 –ì—Ä–∞–º–º,20.5,2018-02-17,,,WorthPoint
chelyabinsk,Meteorites Russia CHELYABINSK Chebarkul –ú–µ—Ç–µ–æ—Ä–∏—Ç 3.16 –ì—Ä–∞–º–º Meteorite.,10,2018-02-17,,,WorthPoint
chelyabinsk,Meteorites Russia CHELYABINSK Chebarkul –ú–µ—Ç–µ–æ—Ä–∏—Ç 3.87 –ì—Ä–∞–º–º Oriented Meteorite.,26,2018-02-17,,,WorthPoint
chelyabinsk,Meteorites Russia CHELYABINSK Chebarkul –ú–µ—Ç–µ–æ—Ä–∏—Ç 3.78 –ì—Ä–∞–º–º Meteorite.,15.5,2018-02-17,,,WorthPoint
chelyabinsk,Meteorite Chelyabinsk 16.5 –ì—Ä–∞–º–º,44,2018-02-17,,,WorthPoint
chelyabinsk,"UFO Coin Medal Dedicated To The Chelyabinsk Meteorite From –ß–µ–ª—è–±–∏–Ω—Å–∫, Russia",87,2018-02-17,,,WorthPoint
chelyabinsk,Meteorite Chelyabinsk 13.55 –ì—Ä–∞–º–º 40 –®—Ç—É–∫,70,2018-02-17,,,WorthPoint
chelyabinsk,"Meteorite CHELYABINSK, Russia, A Nice Well Shaped 29.42 Gr Individual",199,2018-02-16,29.42,6.76,WorthPoint
chelyabinsk,Meteorite Chelyabinsk 7.11 –ì—Ä–∞–º–º,21,2018-02-15,,,WorthPoint
chelyabinsk,"Meteorite CHELYABINSK, Russia, A Nice Well Shaped 5.31 Gr Set",20,2018-02-15,5.31,3.77,WorthPoint
chelyabinsk,Meteorites Russia CHELYABINSK Chebarkul –ú–µ—Ç–µ–æ—Ä–∏—Ç 6.43 –ì—Ä–∞–º–º Very Small,30,2018-02-15,,,WorthPoint
chelyabinsk,Meteorite Chelyabinsk 14.3 –ì—Ä–∞–º–º,44,2018-02-15,,,WorthPoint
chelyabinsk,Meteorite Chelyabinsk 26.62 –ì—Ä–∞–º–º 100% –ö–æ—Ä–∞,80,2018-02-15,,,WorthPoint
chelyabinsk,"Meteorite CHELYABINSK, Russia, A Nice Well Shaped 18.98 Gr Individual",131,2018-02-15,18.98,6.9,WorthPoint
chelyabinsk,Meteorites Russia CHELYABINSK Chebarkul –ú–µ—Ç–µ–æ—Ä–∏—Ç 1.53 –ì—Ä–∞–º–º Oriented Meteorite.,17,2018-02-14,,,WorthPoint
chelyabinsk,Meteorites Russia CHELYABINSK Chebarkul –ú–µ—Ç–µ–æ—Ä–∏—Ç 0.84 –ì—Ä–∞–º–º Oriented Meteorite.,10.11,2018-02-14,,,WorthPoint
chelyabinsk,"Meteorite CHELYABINSK, Russia, A Nice Well Shaped 7.10 Gr Individual",39,2018-02-13,7.1,5.49,WorthPoint
chelyabinsk,Chelyabinsk Meteorite 2013 FALL 15 Feb 11.30 G Whole Fresh 100%crusted Gem,113,2018-02-13,11.3,10,WorthPoint
chelyabinsk,Chelyabinsk Meteorite 2013 FALL 15 Feb 12.66 G Whole Fresh 99% Crusted Gem,126,2018-02-13,12.66,9.95,WorthPoint
chelyabinsk,Chelyabinsk Meteorite: 7.3 Gram Lot,14.5,2018-02-13,7.3,1.99,WorthPoint
chelyabinsk,NWT Alex Semin #28 Washington Capitals White Stitched Jersey Mens MEDIUM / 48,40,2018-02-12,,,WorthPoint
chelyabinsk,Olympic Commemorative Medal With Chelyabinsk Meteorite. Extremely Rare!,4750,2018-02-12,,,WorthPoint
chelyabinsk,CHELYABINSK METEORITE RUSSIAN STONY .9 G LONG THIN CHONDRITE PROFESSIONAL SLICE,17.92,2018-02-11,9,1.99,WorthPoint
chelyabinsk,"HC Traktor Chelyabinsk ""Retro Logo"" Russian Hockey Club T-Shirt, Dark Gray",32,2018-02-10,,,WorthPoint
chelyabinsk,Meteorite Chelyabinsk 6.76 –ì—Ä–∞–º–º,27,2018-02-10,,,WorthPoint
chelyabinsk,Meteorites Russia CHELYABINSK Chebarkul –ú–µ—Ç–µ–æ—Ä–∏—Ç 10.05 –ì—Ä–∞–º–º Very Small,100,2018-02-10,,,WorthPoint
chelyabinsk,"Meteorite Chelyabinsk, Chondrite LL5, Almost Complete Stone 43,8 G, Russia",349,2018-02-09,8,43.63,WorthPoint
chelyabinsk,Soviet Military Tank T-34 Desktop Clock Organics Glass Body 1960 USSR,29.99,2018-02-09,,,WorthPoint
chelyabinsk,Russian Chotki Rosary Beads Nephritis Stone And Hematite NEW Handmade,22.99,2018-02-09,,,WorthPoint
chelyabinsk,"Meteorite Chelyabinsk, Chondrite LL5, Oriented Stone 0,89 G, Recent Fall, Russia",10,2018-02-09,89,0.11,WorthPoint
chelyabinsk,Meteorites Russia CHELYABINSK Chebarkul –ú–µ—Ç–µ–æ—Ä–∏—Ç 1.77 –ì—Ä–∞–º–º Oriented Meteorite.,39.89,2018-02-09,,,WorthPoint
chelyabinsk,Meteorites Russia CHELYABINSK Chebarkul –ú–µ—Ç–µ–æ—Ä–∏—Ç 3.46 –ì—Ä–∞–º–º,30,2018-02-09,,,WorthPoint
chelyabinsk,Meteorites Russia CHELYABINSK Chebarkul –ú–µ—Ç–µ–æ—Ä–∏—Ç 1.07 –ì—Ä–∞–º–º –û—Ä–∏–µ–Ω—Ç–∏—Ä–æ–≤–∞–Ω–Ω—ã–π,10,2018-02-09,,,WorthPoint
chelyabinsk,Meteorites Russia CHELYABINSK Chebarkul –ú–µ—Ç–µ–æ—Ä–∏—Ç 2 –ì—Ä–∞–º–º Oriented Meteorite.,18.11,2018-02-09,,,WorthPoint
chelyabinsk,Meteorites Russia CHELYABINSK Chebarkul –ú–µ—Ç–µ–æ—Ä–∏—Ç 6.24–≥—Ä–∞–º–º Oriented Meteorite.,56,2018-02-09,,,WorthPoint
chelyabinsk,Meteorite Chelyabinsk 10.63 –ì—Ä–∞–º–º,29,2018-02-09,,,WorthPoint
chelyabinsk,Meteorite Chelyabinsk 16.16 –ì—Ä–∞–º–º Small,48,2018-02-07,,,WorthPoint
chelyabinsk,Meteorites Russia CHELYABINSK Chebarkul –ú–µ—Ç–µ–æ—Ä–∏—Ç 0.51 –ì—Ä–∞–º–º Oriented Meteorite.,13.5,2018-02-06,,,WorthPoint
chelyabinsk,Meteorites Russia CHELYABINSK Chebarkul –ú–µ—Ç–µ–æ—Ä–∏—Ç 2.35 –ì—Ä–∞–º–º Oriented Meteorite.,12.5,2018-02-06,,,WorthPoint
chelyabinsk,Meteorites Russia CHELYABINSK Chebarkul –ú–µ—Ç–µ–æ—Ä–∏—Ç 6.76 –ì—Ä–∞–º–º Oriented Meteorite.,78.77,2018-02-06,,,WorthPoint
chelyabinsk,2013. Russia. Russia‚Äôs Outstanding Lawyers. F.N. Plevako & A.N. Radischev. Panes,13.96,2018-02-06,,,WorthPoint
chelyabinsk,"Meteorite**Chelyabinsk, Russia LL5**17.32 Grams!! Crazy Oriented!",77,2018-02-06,17.32,4.45,WorthPoint
chelyabinsk,Meteorites Russia CHELYABINSK Chebarkul –ú–µ—Ç–µ–æ—Ä–∏—Ç 8.84 –ì—Ä–∞–º–º,52,2018-02-06,,,WorthPoint
chelyabinsk,Meteorite Chelyabinsk 4.62 –ì—Ä–∞–º–º,19.5,2018-02-06,,,WorthPoint
chelyabinsk,Meteorite Chelyabinsk 53.27 –ì—Ä–∞–º–º,160,2018-02-05,,,WorthPoint
chelyabinsk,Meteorite Chelyabinsk 10.02 –ì—Ä–∞–º–º,28,2018-02-05,,,WorthPoint
chelyabinsk,Meteorite Chelyabinsk 5.44 –ì—Ä–∞–º–º,13,2018-02-05,,,WorthPoint
chelyabinsk,NEW Tamiya 1/35 Russian T34/76 ChTZ Kit 35149,21.99,2018-02-05,,,WorthPoint
chelyabinsk,1.51 Gram Chelyabinsk Russian Meteorite. Beautiful - Awesome!!! CH03,15.1,2018-02-05,1.51,10,WorthPoint
chelyabinsk,Meteorites Russia CHELYABINSK Chebarkul –ú–µ—Ç–µ–æ—Ä–∏—Ç 11.86 –ì—Ä–∞–º–º,72,2018-02-04,,,WorthPoint
chelyabinsk,Russian Chotki Rosary Beads Stone Green Turquoise NEW Handmade,22.99,2018-02-04,,,WorthPoint
chelyabinsk,Meteorites Russia CHELYABINSK Chebarkul –ú–µ—Ç–µ–æ—Ä–∏—Ç 0.77 –ì—Ä–∞–º–º –û—Ä–∏–µ–Ω—Ç–∏—Ä–æ–≤–∞–Ω–Ω—ã–π,12.11,2018-02-03,,,WorthPoint
chelyabinsk,Meteorites Russia CHELYABINSK Chebarkul –ú–µ—Ç–µ–æ—Ä–∏—Ç 2.81 –ì—Ä–∞–º–º,12.5,2018-02-03,,,WorthPoint
chelyabinsk,Meteorites Russia CHELYABINSK Chebarkul –ú–µ—Ç–µ–æ—Ä–∏—Ç 1.3 –ì—Ä–∞–º–º –û—Ä–∏–µ–Ω—Ç–∏—Ä–æ–≤–∞–Ω–Ω—ã–π,43,2018-02-03,,,WorthPoint
chelyabinsk,Meteorites Russia CHELYABINSK Chebarkul –ú–µ—Ç–µ–æ—Ä–∏—Ç 5.37 –ì—Ä–∞–º–º,39,2018-02-03,,,WorthPoint
chelyabinsk,Meteorites Russia CHELYABINSK Chebarkul –ú–µ—Ç–µ–æ—Ä–∏—Ç 3.05 –ì—Ä–∞–º–º –û—Ä–∏–µ–Ω—Ç–∏—Ä–æ–≤–∞–Ω–Ω—ã–π,18.5,2018-02-03,,,WorthPoint
chelyabinsk,Meteorites Russia CHELYABINSK Chebarkul –ú–µ—Ç–µ–æ—Ä–∏—Ç 4.82 –ì—Ä–∞–º–º,13,2018-02-03,,,WorthPoint
chelyabinsk,CHELYABINSK METEORITE RUSSIAN STONY 3.2 G Endcut CHONDRITE PROFESSIONAL SLICE,32.43,2018-02-03,3.2,10.13,WorthPoint
chelyabinsk,Flames Of War SU060: T-34 Obr 1942 ChKz (Chelyabinsk) Version,12.99,2018-02-03,,,WorthPoint
chelyabinsk,Elder Futhark Beech Wood Rune Set Large Engraved Handmade With Velvet Pouch,38,2018-02-03,,,WorthPoint
chelyabinsk,Meteorites Russia CHELYABINSK Chebarkul –ú–µ—Ç–µ–æ—Ä–∏—Ç 4.06 –ì—Ä–∞–º–º –û—Ä–∏–µ–Ω—Ç–∏—Ä–æ–≤–∞–Ω–Ω—ã–π,22.05,2018-02-02,,,WorthPoint
chelyabinsk,"Meteorite CHELYABINSK, Russia, A Nice Well Shaped 4.56 Gr Individual",24,2018-02-02,4.56,5.26,WorthPoint
chelyabinsk,Meteorite Chelyabinsk 3.14 –ì—Ä–∞–º–º,10,2018-02-02,,,WorthPoint
chelyabinsk,"Meteorite**Chelyabinsk, Russia LL5**1.77 Grams Super Oriented Pea Lot! Last Ones",15,2018-02-01,1.77,8.47,WorthPoint
chelyabinsk,"Meteorite CHELYABINSK, Russia, A Nice Well Shaped 25.03 Gr Individual",149,2018-01-31,25.03,5.95,WorthPoint
chelyabinsk,Authentic Sergei Gonchar Traktor Chelyabinsk Lutch Jersey Size 52,65,2018-01-31,,,WorthPoint
chelyabinsk,"Meteorite CHELYABINSK, Russia, A Nice Well Shaped 13.35 Gr Individual",61,2018-01-31,13.35,4.57,WorthPoint
chelyabinsk,"New Borduhr Axle - 1, Acs-1, Aircraft, AirForce Cockpit Clock, Soviet AChS-1",185,2018-01-29,,,WorthPoint
chelyabinsk,Traktor Chelyabinsk #74 KHL Russian Hockey Jersey Mens Size Unknown,35.88,2018-01-28,,,WorthPoint
chelyabinsk,"Meteorite Chelyabinsk, Chondrite LL5, 100% Complete Small Stones 5,05 G, Russia",44,2018-01-28,5,8.8,WorthPoint
chelyabinsk,Meteorites Russia CHELYABINSK Chebarkul –ú–µ—Ç–µ–æ—Ä–∏—Ç 10.3 –ì—Ä–∞–º–º Meteorite.,39,2018-01-27,,,WorthPoint
chelyabinsk,"Meteorites Russia CHELYABINSK Chebarkul –ú–µ—Ç–µ–æ—Ä–∏—Ç 1,16 –ì—Ä–∞–º–º Oriented Meteorite.",78,2018-01-27,,,WorthPoint
chelyabinsk,Meteorites Russia CHELYABINSK Chebarkul –ú–µ—Ç–µ–æ—Ä–∏—Ç 116.6 –ì—Ä–∞–º–º,295,2018-01-27,,,WorthPoint
chelyabinsk,Chelyabinsk Meteorite: 2.5 Gram Polished End Cut,20.5,2018-01-27,2.5,8.2,WorthPoint
chelyabinsk,Soviet AirForce Cockpit Clock 60–ß–ü / 60ChP Stop-Sec Chronometre 1989,49,2018-01-27,,,WorthPoint
chelyabinsk,"Meteorite**Chelyabinsk, Russia LL5**5.51 Grams Super Oriented Pea Lot!",16.5,2018-01-25,5.51,2.99,WorthPoint
chelyabinsk,Meteorites Russia CHELYABINSK Chebarkul –ú–µ—Ç–µ–æ—Ä–∏—Ç 9.22 –ì—Ä–∞–º–º,55,2018-01-24,,,WorthPoint
chelyabinsk,"Meteorite**Chelyabinsk, Russia LL5**7.04 Grams Super Oriented Pea Lot!",26.01,2018-01-24,7.04,3.69,WorthPoint
chelyabinsk,Meteorites Russia CHELYABINSK Chebarkul –ú–µ—Ç–µ–æ—Ä–∏—Ç 3.65 –ì—Ä–∞–º–º,14.5,2018-01-24,,,WorthPoint
chelyabinsk,Meteorites Russia CHELYABINSK Chebarkul –ú–µ—Ç–µ–æ—Ä–∏—Ç 3.13 –ì—Ä–∞–º–º,12.28,2018-01-24,,,WorthPoint
chelyabinsk,Meteorites Russia CHELYABINSK Chebarkul –ú–µ—Ç–µ–æ—Ä–∏—Ç 4.33 –ì—Ä–∞–º–º –û—Ä–∏–µ–Ω—Ç–∏—Ä–æ–≤–∞–Ω–Ω—ã–π,42,2018-01-24,,,WorthPoint
chelyabinsk,Meteorites Russia CHELYABINSK Chebarkul –ú–µ—Ç–µ–æ—Ä–∏—Ç 6.36 –ì—Ä–∞–º–º –û—Ä–∏–µ–Ω—Ç–∏—Ä–æ–≤–∞–Ω–Ω—ã–π,86,2018-01-24,,,WorthPoint
chelyabinsk,Meteorites Russia CHELYABINSK Chebarkul –ú–µ—Ç–µ–æ—Ä–∏—Ç 10.15 –ì—Ä–∞–º–º,27,2018-01-24,,,WorthPoint
chelyabinsk,Meteorites Russia CHELYABINSK Chebarkul –ú–µ—Ç–µ–æ—Ä–∏—Ç 13.83 –ì—Ä–∞–º–º,44.87,2018-01-23,,,WorthPoint
chelyabinsk,Meteorites Russia CHELYABINSK Chebarkul –ú–µ—Ç–µ–æ—Ä–∏—Ç 14.6 –ì—Ä–∞–º–º,52.89,2018-01-23,,,WorthPoint
chelyabinsk,Vintage Russian ALMANDINE Garnet--Taganay Natl Park--ex Freilich + Old Labels!,85,2018-01-23,,,WorthPoint
chelyabinsk,Soviet Military Tank T-34 Desktop Clock 7 DAY NCH-2 Organics Glass Body 50s USSR,25,2018-01-21,,,WorthPoint
chelyabinsk,"Chelyabinsk Meteorite, 12 Boxes. Half Fusion Crusted",120,2018-01-20,,,WorthPoint
chelyabinsk,"Meteorite CHELYABINSK, Russia, A Nice Well Shaped 9.74 Gr Individual",42,2018-01-20,9.74,4.31,WorthPoint
chelyabinsk,Chelyabinsk Meteorite: 2.9 Gram Polished End Cut,16.5,2018-01-20,2.9,5.69,WorthPoint
chelyabinsk,Meteorites Russia CHELYABINSK Chebarkul –ú–µ—Ç–µ–æ—Ä–∏—Ç 4.83 –ì—Ä–∞–º–º,15.5,2018-01-19,,,WorthPoint
chelyabinsk,"Milicast BR26 1/76 Resin WWII Russian T34 Model 1943 (Early) ""Hardedge"" Turret",23.99,2018-01-19,,,WorthPoint
chelyabinsk,"Meteorite CHELYABINSK, Russia, A Nice Well Shaped 3.57 Gr Individual",18,2018-01-18,3.57,5.04,WorthPoint
chelyabinsk,Meteorites Russia CHELYABINSK Chebarkul –ú–µ—Ç–µ–æ—Ä–∏—Ç 3.55 –ì—Ä–∞–º–º –û—Ä–∏–µ–Ω—Ç–∏—Ä–æ–≤–∞–Ω–Ω—ã–π,14.5,2018-01-18,,,WorthPoint
chelyabinsk,Meteorites Russia CHELYABINSK Chebarkul –ú–µ—Ç–µ–æ—Ä–∏—Ç 5.74 –ì—Ä–∞–º–º Meteorite.,19.5,2018-01-18,,,WorthPoint
chelyabinsk,Meteorites Russia CHELYABINSK Chebarkul –ú–µ—Ç–µ–æ—Ä–∏—Ç 4.8 –ì—Ä–∞–º–º Meteorite.,14,2018-01-18,,,WorthPoint
chelyabinsk,Meteorites Russia CHELYABINSK Chebarkul –ú–µ—Ç–µ–æ—Ä–∏—Ç 5.03 –ì—Ä–∞–º–º Meteorite.,15.5,2018-01-18,,,WorthPoint
chelyabinsk,Meteorites Russia CHELYABINSK Chebarkul –ú–µ—Ç–µ–æ—Ä–∏—Ç 7.23 –ì—Ä–∞–º–º Meteorite.,38,2018-01-18,,,WorthPoint
chelyabinsk,Meteorites Russia CHELYABINSK Chebarkul –ú–µ—Ç–µ–æ—Ä–∏—Ç 4.6 –ì—Ä–∞–º–º Meteorite.,27,2018-01-18,,,WorthPoint
chelyabinsk,Meteorites Russia CHELYABINSK Chebarkul –ú–µ—Ç–µ–æ—Ä–∏—Ç 3.36 –ì—Ä–∞–º–º Meteorite.,10,2018-01-18,,,WorthPoint
chelyabinsk,Meteorites Russia CHELYABINSK Chebarkul –ú–µ—Ç–µ–æ—Ä–∏—Ç 5.8 –ì—Ä–∞–º–º Oriented Meteorite.,26,2018-01-18,,,WorthPoint
chelyabinsk,"Meteorites Russia CHELYABINSK Chebarkul –ú–µ—Ç–µ–æ—Ä–∏—Ç 1,17 –ì—Ä–∞–º–º Oriented Meteorite.",11.5,2018-01-18,,,WorthPoint
chelyabinsk,"Meteorites Russia CHELYABINSK Chebarkul –ú–µ—Ç–µ–æ—Ä–∏—Ç 3,3 –ì—Ä–∞–º–º Oriented Meteorite.",60,2018-01-18,,,WorthPoint
chelyabinsk,"Meteorite, Space, Natural, Collectible, Specimen, Lot 136",30,2018-01-16,,,WorthPoint
chelyabinsk,Meteorites Russia CHELYABINSK Chebarkul –ú–µ—Ç–µ–æ—Ä–∏—Ç 5.2 –ì—Ä–∞–º–º Oriented Meteorite.,21,2018-01-16,,,WorthPoint
chelyabinsk,Meteorites Russia CHELYABINSK Chebarkul –ú–µ—Ç–µ–æ—Ä–∏—Ç 7.51 –ì—Ä–∞–º–º Oriented Meteorite.,21,2018-01-16,,,WorthPoint
chelyabinsk,Meteorites Russia CHELYABINSK Chebarkul –ú–µ—Ç–µ–æ—Ä–∏—Ç 6.02 –ì—Ä–∞–º–º Meteorite.,21.5,2018-01-16,,,WorthPoint
chelyabinsk,"Meteorites Russia CHELYABINSK Chebarkul –ú–µ—Ç–µ–æ—Ä–∏—Ç 3,47 –ì—Ä–∞–º–º Oriented Meteorite.",18.5,2018-01-14,,,WorthPoint
chelyabinsk,"Meteorite CHELYABINSK, Russia, A Nice Well Shaped 51.81 Gr Individual",357,2018-01-14,51.81,6.89,WorthPoint
chelyabinsk,Meteorites Russia CHELYABINSK Chebarkul –ú–µ—Ç–µ–æ—Ä–∏—Ç 4.07 –ì—Ä–∞–º–º,12,2018-01-14,,,WorthPoint
chelyabinsk,Meteorites Russia CHELYABINSK Chebarkul –ú–µ—Ç–µ–æ—Ä–∏—Ç 4.31 –ì—Ä–∞–º–º,19.5,2018-01-14,,,WorthPoint
chelyabinsk,Meteorites Russia CHELYABINSK Chebarkul –ú–µ—Ç–µ–æ—Ä–∏—Ç 7.42 –ì—Ä–∞–º–º,18,2018-01-13,,,WorthPoint
chelyabinsk,"Meteorite CHELYABINSK, Russia, A Nice Well Shaped 15.19 Gr Set",135,2018-01-13,15.19,8.89,WorthPoint
chelyabinsk,"1933 Tschellasinsk Russia Airmail Registered To Oxford England, 80K #400 Single",15,2018-01-10,,,WorthPoint
chelyabinsk,1:43 Stalinets S-60 - Farm Tractor - Military Tractor - #76 Hachette,22.99,2018-01-10,,,WorthPoint
chelyabinsk,"Meteorites Russia CHELYABINSK Chebarkul –ú–µ—Ç–µ–æ—Ä–∏—Ç 2,62 –ì—Ä–∞–º–º –û—Ä–∏–µ–Ω—Ç–∏—Ä–æ–≤–∞–Ω–Ω—ã–π",14.5,2018-01-09,,,WorthPoint
chelyabinsk,"Meteorites Russia CHELYABINSK Chebarkul –ú–µ—Ç–µ–æ—Ä–∏—Ç 2,9 –ì—Ä–∞–º–º –û—Ä–∏–µ–Ω—Ç–∏—Ä–æ–≤–∞–Ω–Ω—ã–π",12.55,2018-01-09,,,WorthPoint
chelyabinsk,Meteorites Russia CHELYABINSK Chebarkul –ú–µ—Ç–µ–æ—Ä–∏—Ç 67 –ì—Ä–∞–º–º,200,2018-01-09,,,WorthPoint
chelyabinsk,"Meteorites Russia CHELYABINSK Chebarkul –ú–µ—Ç–µ–æ—Ä–∏—Ç 0,82 –ì—Ä–∞–º–º –û—Ä–∏–µ–Ω—Ç–∏—Ä–æ–≤–∞–Ω–Ω—ã–π",10,2018-01-09,,,WorthPoint
chelyabinsk,T-34/76 Mod 1942 Model Tank By Dragon 1:72 Armor Pro,19,2018-01-08,,,WorthPoint
chelyabinsk,1:43 Stalinets S-80 - Farm & Construction - #45 Hachette Russian Tractors,18.5,2018-01-08,,,WorthPoint
chelyabinsk,"Meteorite CHELYABINSK, Russia, A Nice Well Shaped 4.41 Gr Individual",22,2018-01-08,4.41,4.99,WorthPoint
chelyabinsk,Russian Perekidnye Chotki Rosary Worry Beads 'Infinity' Natural Wood Handmade,26,2018-01-08,,,WorthPoint
chelyabinsk,"OLD VINTAGE EAMES ERA RUSSIAN USSR DESK CLOCK MANTEL –ß–ß–ó,CchChZ Clock",72.75,2018-01-08,,,WorthPoint
chelyabinsk,"Meteorite CHELYABINSK, Russia, A Nice Well Shaped 13.78 Gr Individual",67,2018-01-07,13.78,4.86,WorthPoint
chelyabinsk,"Chelyabinsk Meteorite 8.66 G Russia 2013, LL5 Very Nice!",65,2018-01-07,8.66,7.51,WorthPoint
chelyabinsk,Meteorites Russia CHELYABINSK Chebarkul –ú–µ—Ç–µ–æ—Ä–∏—Ç 4.45 –ì—Ä–∞–º–º,14.5,2018-01-06,,,WorthPoint
chelyabinsk,Meteorites Russia CHELYABINSK Chebarkul –ú–µ—Ç–µ–æ—Ä–∏—Ç 4 –ì—Ä–∞–º–º,13.5,2018-01-06,,,WorthPoint
chelyabinsk,Meteorites Russia CHELYABINSK Chebarkul –ú–µ—Ç–µ–æ—Ä–∏—Ç 4.6 –ì—Ä–∞–º–º,19,2018-01-06,,,WorthPoint
chelyabinsk,Meteorite CHELYABINSK Russia 31 Grams,90,2018-01-06,31,2.9,WorthPoint
chelyabinsk,Meteorites Russia CHELYABINSK Chebarkul –ú–µ—Ç–µ–æ—Ä–∏—Ç 8.06 –ì—Ä–∞–º–º,24,2018-01-06,,,WorthPoint
chelyabinsk,Meteorites Russia CHELYABINSK Chebarkul –ú–µ—Ç–µ–æ—Ä–∏—Ç 8.83 –ì—Ä–∞–º–º,29,2018-01-06,,,WorthPoint
chelyabinsk,Meteorites Russia CHELYABINSK Chebarkul –ú–µ—Ç–µ–æ—Ä–∏—Ç 7.08 –ì—Ä–∞–º–º,23.5,2018-01-06,,,WorthPoint
chelyabinsk,"Meteorite CHELYABINSK, Russia, A Nice Well Shaped 23.76 Gr Individual",184,2018-01-06,23.76,7.74,WorthPoint
chelyabinsk,"Meteorite CHELYABINSK, Russia, A Nice Well Shaped 0.85 G Individual, Skirt, Rare",67,2018-01-06,0.85,78.82,WorthPoint
chelyabinsk,"Meteorite CHELYABINSK, Russia, A Nice Well Shaped 3.14 Gr Individual",25,2018-01-06,3.14,7.96,WorthPoint
chelyabinsk,"Meteorite CHELYABINSK, Russia, A Nice Well Shaped 7.07 Gr Individual",45,2018-01-06,7.07,6.36,WorthPoint
chelyabinsk,Chelyabinsk Meteorite: 5.0 Gram Polished End Cut,21.05,2018-01-06,5,4.21,WorthPoint
chelyabinsk,Meteorite Chelyabinsk LL5 - 2013 Witnessed Fall - CHY-0002 - 21.89g Fusion Crust,199.95,2018-01-06,21.89,9.13,WorthPoint
chelyabinsk,Meteorites Russia CHELYABINSK Chebarkul –ú–µ—Ç–µ–æ—Ä–∏—Ç 5.84 –ì—Ä–∞–º–º,15,2018-01-05,,,WorthPoint
chelyabinsk,Meteorites Russia CHELYABINSK Chebarkul –ú–µ—Ç–µ–æ—Ä–∏—Ç 4.39 –ì—Ä–∞–º–º,15,2018-01-05,,,WorthPoint
chelyabinsk,Meteorites Russia CHELYABINSK Chebarkul –ú–µ—Ç–µ–æ—Ä–∏—Ç 6.9 –ì—Ä–∞–º–º,22.5,2018-01-05,,,WorthPoint
chelyabinsk,Meteorites Russia CHELYABINSK Chebarkul –ú–µ—Ç–µ–æ—Ä–∏—Ç 5.94 –ì—Ä–∞–º–º –û—Ä–∏–µ–Ω—Ç–∏—Ä–æ–≤–∞–Ω–Ω—ã–π,26,2018-01-05,,,WorthPoint
chelyabinsk,Meteorites Russia CHELYABINSK Chebarkul –ú–µ—Ç–µ–æ—Ä–∏—Ç 12.66 –ì—Ä–∞–º–º 100% –ö–æ—Ä–∞,45.89,2018-01-04,,,WorthPoint
chelyabinsk,Meteorites Russia CHELYABINSK Chebarkul –ú–µ—Ç–µ–æ—Ä–∏—Ç 14.26 –ì—Ä–∞–º–º,35,2018-01-04,,,WorthPoint
chelyabinsk,Meteorites Russia CHELYABINSK Chebarkul –ú–µ—Ç–µ–æ—Ä–∏—Ç 13.2 –ì—Ä–∞–º–º,42,2018-01-04,,,WorthPoint
chelyabinsk,"Meteorites Russia CHELYABINSK Chebarkul –ú–µ—Ç–µ–æ—Ä–∏—Ç 8,62 –ì—Ä–∞–º–º",26,2018-01-04,,,WorthPoint
chelyabinsk,"Meteorites Russia CHELYABINSK Chebarkul –ú–µ—Ç–µ–æ—Ä–∏—Ç 10,44 –ì—Ä–∞–º–º",45,2018-01-04,,,WorthPoint
chelyabinsk,"Meteorite CHELYABINSK, Russia, A Nice Well Shaped 3.90 Gr Individual",24,2018-01-04,3.9,6.15,WorthPoint
chelyabinsk,"Vintage Russian Mechanical Razor Shaver ""Sputnik"" 1960's",24.99,2018-01-03,,,WorthPoint
chelyabinsk,Traktor Chelyabinsk Kuznetsov #92 2017-18 KHL Pro Sub Russian Hockey Jersey,109.99,2018-01-02,,,WorthPoint
chelyabinsk,Soviet Clock 1class Organics Glass Body USSR 50s,40,2018-01-02,,,WorthPoint
chelyabinsk,"Meteorite CHELYABINSK, Russia, A Nice Well Shaped 13.56 Gr Individual",69,2018-01-02,13.56,5.09,WorthPoint
chelyabinsk,117-ChS Made In USSR Soviet Tank & Air Force Helicopter Mi-8 Panel Clock 5 Days,49.99,2018-01-02,,,WorthPoint
chelyabinsk,"Meteorites Russia CHELYABINSK Chebarkul –ú–µ—Ç–µ–æ—Ä–∏—Ç 0,4 –ì—Ä–∞–º–º –û—Ä–∏–µ–Ω—Ç–∏—Ä–æ–≤–∞–Ω–Ω—ã–π",10.5,2017-12-31,,,WorthPoint
chelyabinsk,Meteorites Russia CHELYABINSK Chebarkul –ú–µ—Ç–µ–æ—Ä–∏—Ç 2 –ì—Ä–∞–º–º –û—Ä–∏–µ–Ω—Ç–∏—Ä–æ–≤–∞–Ω–Ω—ã–π,20.51,2017-12-31,,,WorthPoint
chelyabinsk,Meteorites Russia CHELYABINSK Chebarkul –ú–µ—Ç–µ–æ—Ä–∏—Ç 27.6 –ì—Ä–∞–º–º 100% –ö–æ—Ä–∞,82,2017-12-31,,,WorthPoint
chelyabinsk,Meteorites Russia CHELYABINSK Chebarkul –ú–µ—Ç–µ–æ—Ä–∏—Ç 10 –ì—Ä–∞–º–º,48,2017-12-31,,,WorthPoint
chelyabinsk,Meteorites Russia CHELYABINSK Chebarkul –ú–µ—Ç–µ–æ—Ä–∏—Ç 12.5 –ì—Ä–∞–º–º,66,2017-12-31,,,WorthPoint
chelyabinsk,Meteorites Russia CHELYABINSK Chebarkul –ú–µ—Ç–µ–æ—Ä–∏—Ç 6 –ì—Ä–∞–º–º,15,2017-12-30,,,WorthPoint
chelyabinsk,Chelyabinsk Meteorites - Witnessed Fall Feb 15 2013 - 3.49 Gram Oriented Pea Lot,15.56,2017-12-30,3.49,4.46,WorthPoint
chelyabinsk,"Meteorite CHELYABINSK, Russia, A Nice Well Shaped 28.82 Gr Individual",165,2017-12-28,28.82,5.73,WorthPoint
chelyabinsk,RARE ZChZ 51-ChT Soviet Russian Transport Watch SERVISED,39.99,2017-12-28,,,WorthPoint
chelyabinsk,USSR Soviet Vintage CAR CLOCK VOLGA GAZ-21,15,2017-12-28,,,WorthPoint
chelyabinsk,2013 CHELYABINSK METEORITE IMPACT $5 Cook Islands 999 1oz SILVER COIN,127,2017-12-27,28.35,4.48,WorthPoint
chelyabinsk,Chelyabinsk Meteorite Collection 7 Pieces,18,2017-12-26,,,WorthPoint
chelyabinsk,"Meteorites Russia CHELYABINSK Chebarkul –ú–µ—Ç–µ–æ—Ä–∏—Ç 6,32 –ì—Ä–∞–º–º –û—Ä–∏–µ–Ω—Ç–∏—Ä–æ–≤–∞–Ω–Ω—ã–π",30.51,2017-12-26,,,WorthPoint
chelyabinsk,"Meteorites Russia CHELYABINSK Chebarkul –ú–µ—Ç–µ–æ—Ä–∏—Ç 7,38 –ì—Ä–∞–º–º –û—Ä–∏–µ–Ω—Ç–∏—Ä–æ–≤–∞–Ω–Ω—ã–π",43.51,2017-12-26,,,WorthPoint
chelyabinsk,"Meteorites Russia CHELYABINSK Chebarkul –ú–µ—Ç–µ–æ—Ä–∏—Ç 9,38 –ì—Ä–∞–º–º",41.51,2017-12-26,,,WorthPoint
chelyabinsk,Chelyabinsk Meteorite~31 Grams~glass Display-titanium Scale Cube Included,91,2017-12-26,31,2.94,WorthPoint
chelyabinsk,"Meteorites Russia CHELYABINSK Chebarkul –ú–µ—Ç–µ–æ—Ä–∏—Ç 16,5 –ì—Ä–∞–º–º",50,2017-12-26,,,WorthPoint
chelyabinsk,–ú–µ—Ç–µ–æ—Ä–∏—Ç Meteorite Nicely ORIENTED Brown & Smoked CHELYABINSK RUSSIA 1.41 FRESH,12,2017-12-26,,,WorthPoint
chelyabinsk,Meteorites Russia CHELYABINSK Chebarkul –ú–µ—Ç–µ–æ—Ä–∏—Ç 11.24 –ì—Ä–∞–º–º,50,2017-12-25,,,WorthPoint
chelyabinsk,"Meteorite**Chelyabinsk, Russia LL5**4.05 Grams Oriented Pea Lot, Happy Holidays!",41,2017-12-25,4.05,10.12,WorthPoint
chelyabinsk,"Meteorite Chelyabinsk, Chondrite LL5, Complete Stone 53,7 G, Recent Fall, Russia",399,2017-12-23,7,57,WorthPoint
chelyabinsk,50's Vintage Soviet Tank Aircraft Mechanical Clock CHELYABINSK –ß–ï–õ–Ø–ë–ò–ù–°–ö,59.99,2017-12-22,,,WorthPoint
chelyabinsk,Meteorite CHELYABINSK Russia 4.51 Grams Oriented,31.51,2017-12-22,4.51,6.99,WorthPoint
chelyabinsk,Meteorites Russia CHELYABINSK –ú–µ—Ç–µ–æ—Ä–∏—Ç 3.3 –ì—Ä–∞–º–º –û—Ä–∏–µ–Ω—Ç–∏—Ä–æ–≤–∞–Ω–Ω—ã–π 100% –ö–æ—Ä–∞,34.1,2017-12-22,,,WorthPoint
chelyabinsk,Vintage Table Clock Molnia Molnija BEAR On BARREL Soviet Russian USSR RARE,55,2017-12-22,,,WorthPoint
chelyabinsk,"Meteorites Russia CHELYABINSK Chebarkul –ú–µ—Ç–µ–æ—Ä–∏—Ç 158,9 –ì—Ä–∞–º–º",330,2017-12-21,,,WorthPoint
chelyabinsk,"Meteorite**Chelyabinsk, Russia LL5**1.57 Grams!! Oriented Pea Lot!!!",26,2017-12-21,1.57,16.56,WorthPoint
chelyabinsk,"Meteorite Chelyabinsk, Chondrite LL5, Complete Stone 1,58 G, Recent Fall, Russia",13,2017-12-18,58,0.22,WorthPoint
chelyabinsk,"Meteorite**Chelyabinsk, Russia LL5**2.01 Grams!! Crazy Oriented!!!",122.5,2017-12-18,2.01,60.95,WorthPoint
chelyabinsk,"Meteorite CHELYABINSK Russia 19.8 Grams, Fresh, Regmaglypts, Witnessed Fall",36,2017-12-17,19.8,1.82,WorthPoint
chelyabinsk,"Meteorite CHELYABINSK, Russia, Individual, Oriented, 4,6 Gr (–ê257)",20.5,2017-12-17,6,3.42,WorthPoint
chelyabinsk,Meteorites Russia CHELYABINSK Chebarkul –ú–µ—Ç–µ–æ—Ä–∏—Ç 3 –ì—Ä–∞–º–º –û—Ä–∏–µ–Ω—Ç–∏—Ä–æ–≤–∞–Ω–Ω—ã–π,15,2017-12-16,,,WorthPoint
chelyabinsk,Meteorites Russia CHELYABINSK Chebarkul –ú–µ—Ç–µ–æ—Ä–∏—Ç 3.5 –ì—Ä–∞–º–º –û—Ä–∏–µ–Ω—Ç–∏—Ä–æ–≤–∞–Ω–Ω—ã–π,35,2017-12-16,,,WorthPoint
chelyabinsk,CATHOLIC GOLD Real Pearl & Amazonite Beads Rosary Necklace Cross Crucifix BOX,22.99,2017-12-16,,,WorthPoint
chelyabinsk,Chelyabinsk Meteorite 1.9 Gram Individual,45,2017-12-16,1.9,23.68,WorthPoint
chelyabinsk,AChS-1 USSR Helicopter Clock. Mechanical Aviation Watches.,18,2017-12-15,,,WorthPoint
chelyabinsk,Huge Chelyabinsk LL5 Meteorite 161g. Dark Crust. Witnessed Fall 2-15-2013,575,2017-12-15,161,3.57,WorthPoint
chelyabinsk,19thC Antique 1ct Iolite Ancient Greenland Norway Viking Solar Navigatal Aid Gem,119.99,2017-12-14,0.2,599.95,WorthPoint
chelyabinsk,"Meteorites CHELYABINSK Russia 5 Grams Meteorite, Èô®Áü≥ Les M√©t√©orites,Meteoriten",23.5,2017-12-14,5,4.7,WorthPoint
chelyabinsk,Meteorite CHELYABINSK Russia Oriented 5.8 Grams,17,2017-12-14,5.8,2.93,WorthPoint
chelyabinsk,Meteorite CHELYABINSK Russia 5.21 Grams,15,2017-12-14,5.21,2.88,WorthPoint
chelyabinsk,Meteorite CHELYABINSK Russia 3.3 Grams,37.61,2017-12-14,3.3,11.4,WorthPoint
chelyabinsk,Meteorite CHELYABINSK Russia 6.53 Grams,18,2017-12-14,6.53,2.76,WorthPoint
chelyabinsk,Meteorite CHELYABINSK Russia Oriented 4.7 Grams,30.61,2017-12-13,4.7,6.51,WorthPoint
chelyabinsk,"Meteorite CHELYABINSK, Russia, A Nice Well Shaped 4.74 Gr Individual",19,2017-12-13,4.74,4.01,WorthPoint
chelyabinsk,Meteorite CHELYABINSK Russia 2.19 Grams Oriented,32.25,2017-12-13,2.19,14.73,WorthPoint
chelyabinsk,"Meteorites Russia CHELYABINSK Chebarkul –ú–µ—Ç–µ–æ—Ä–∏—Ç 6,35 –ì—Ä–∞–º–º –û—Ä–∏–µ–Ω—Ç–∏—Ä–æ–≤–∞–Ω–Ω—ã–π",45,2017-12-13,,,WorthPoint
chelyabinsk,Meteorite CHELYABINSK Russia 5 Grams –û—Ä–∏–µ–Ω—Ç–∏—Ä–æ–≤–∞–Ω–Ω—ã–π,16.5,2017-12-13,5,3.3,WorthPoint
chelyabinsk,"Meteorites Russia CHELYABINSK Chebarkul –ú–µ—Ç–µ–æ—Ä–∏—Ç 0,75 –ì—Ä–∞–º–º –û—Ä–∏–µ–Ω—Ç–∏—Ä–æ–≤–∞–Ω–Ω—ã–π",10,2017-12-13,,,WorthPoint
chelyabinsk,"Meteorite Chelyabinsk, Chondrite LL5, Complete Stone 8,2 G, Recent Fall, Russia",65,2017-12-13,2,32.5,WorthPoint
chelyabinsk,Meteorites Russia CHELYABINSK Chebarkul –ú–µ—Ç–µ–æ—Ä–∏—Ç 40 –ì—Ä–∞–º–º,120,2017-12-12,,,WorthPoint
chelyabinsk,Meteorites Russia CHELYABINSK Chebarkul –ú–µ—Ç–µ–æ—Ä–∏—Ç 17 –ì—Ä–∞–º–º,67,2017-12-12,,,WorthPoint
chelyabinsk,"RARE Meteorite Label ""Chelyabinsk"" 63 Grams Amazing Opportunity,Unique Piece",14.6,2017-12-12,63,0.23,WorthPoint
chelyabinsk,"Meteorites Russia CHELYABINSK Chebarkul –ú–µ—Ç–µ–æ—Ä–∏—Ç 3,66 –ì—Ä–∞–º–º",15.5,2017-12-11,,,WorthPoint
chelyabinsk,Meteorites Russia CHELYABINSK Chebarkul –ú–µ—Ç–µ–æ—Ä–∏—Ç 2.37 –ì—Ä–∞–º–º –û—Ä–∏–µ–Ω—Ç–∏—Ä–æ–≤–∞–Ω–Ω—ã–π,15.5,2017-12-11,,,WorthPoint
chelyabinsk,"Meteorite CHELYABINSK, Russia, A Nice Well Shaped 11.05 Gr Individual",55,2017-12-11,11.05,4.98,WorthPoint
chelyabinsk,Rare Species SLIDE RULE Antique USSR Circular KL-1 Calculator + Eng. Manual +Box,30,2017-12-11,,,WorthPoint
chelyabinsk,Chelyabinsk Chebarkul Meteorite Chondrite LL5 10.76 Grams Crusted Fragment 2013,30.51,2017-12-11,10.76,2.84,WorthPoint
chelyabinsk,"Chelyabinsk Meteorite, Rare, Witnessed Fall, LARGE Stone!",200,2017-12-10,,,WorthPoint
chelyabinsk,"Meteorite CHELYABINSK Russia 27.6 Grams, Fresh, Witnessed Fall",66,2017-12-09,27.6,2.39,WorthPoint
chelyabinsk,"Meteorite CHELYABINSK Russia 24 Grams, Fresh, Witnessed Fall",38,2017-12-09,24,1.58,WorthPoint
chelyabinsk,EASY MODEL 1/72 RUSSIAN USSR JS-3/3M HEAVY TANK Odessa,13.9,2017-12-09,,,WorthPoint
chelyabinsk,"Wwii 1941-1945 Ussr-russia Chelyabinsk-tankograd -tank City 15 Pins Lot T-34,kv1",19.99,2017-12-08,,,WorthPoint
chelyabinsk,Meteorites Russia CHELYABINSK Chebarkul –ú–µ—Ç–µ–æ—Ä–∏—Ç 34.6 –ì—Ä–∞–º–º,170,2017-12-08,,,WorthPoint
chelyabinsk,Meteorite CHELYABINSK Russia 7.3 Grams,14,2017-12-07,7.3,1.92,WorthPoint
chelyabinsk,Meteorites Russia CHELYABINSK Chebarkul –ú–µ—Ç–µ–æ—Ä–∏—Ç 22.4 –ì—Ä–∞–º–º,112.5,2017-12-07,,,WorthPoint
chelyabinsk,Meteorites Russia CHELYABINSK Chebarkul –ú–µ—Ç–µ–æ—Ä–∏—Ç 242 –ì—Ä–∞–º–º,1460,2017-12-06,,,WorthPoint
chelyabinsk,Chelyabinsk Meteorite: 8.7 Gram Lot,27.8,2017-12-05,8.7,3.2,WorthPoint
chelyabinsk,"Meteorites Russia CHELYABINSK Chebarkul –ú–µ—Ç–µ–æ—Ä–∏—Ç 0,81 –ì—Ä–∞–º–º –û—Ä–∏–µ–Ω—Ç–∏—Ä–æ–≤–∞–Ω–Ω—ã–π",11.5,2017-12-04,,,WorthPoint
chelyabinsk,"Meteorites Russia CHELYABINSK Chebarkul –ú–µ—Ç–µ–æ—Ä–∏—Ç 0,5 –ì—Ä–∞–º–º –û—Ä–∏–µ–Ω—Ç–∏—Ä–æ–≤–∞–Ω–Ω—ã–π",15.5,2017-12-04,,,WorthPoint
chelyabinsk,"Meteorite CHELYABINSK, Russia, Individual, 7,2 Gr (–ê217)",25,2017-12-04,2,12.5,WorthPoint
chelyabinsk,"Meteorite CHELYABINSK, Russia, Individual, 8,2gr (–ê271)",33,2017-12-04,2,16.5,WorthPoint
chelyabinsk,Chelyabinsk Polar Bears Russian Youth Hockey Jersey #91 Youth Medium,22.99,2017-11-29,,,WorthPoint
chelyabinsk,Chelyabinsk Meteorite: 7.9 Gram Lot,10.5,2017-11-28,7.9,1.33,WorthPoint
chelyabinsk,"Mini Museum Hans Fex 1st Edition, Large 33 Specimens From Kickstarter + Booklet",1600,2017-11-26,,,WorthPoint
chelyabinsk,"Chelyabinsk LL5 Meteorite 24.8g. Fully Crusted, Fall 2-15-2013",110,2017-11-26,24.8,4.44,WorthPoint
chelyabinsk,Chelyabinsk Meteorite: 5.8 Gram Lot Lotof Polished End Cuts,13.16,2017-11-25,5.8,2.27,WorthPoint
chelyabinsk,Los Angeles Kings 2012 Complete Team Autographed 16x20 Stanley Cup Photo COA,365,2017-11-25,,,WorthPoint
chelyabinsk,"Large Chelyabinsk Meteorite 88.1g, LL5, MATCHING SIDES!! Witnessed Fall",265,2017-11-24,88.1,3.01,WorthPoint
chelyabinsk,Chelyabinsk Meteorite: 5.3 Gram Lot,10.5,2017-11-21,5.3,1.98,WorthPoint
chelyabinsk,"Meteorite CHELYABINSK Russia 19.8 Grams, Fresh, Witnessed Fall",95,2017-11-18,19.8,4.8,WorthPoint
chelyabinsk,ACME 55149 Set 3 Sleeping Cars Of Saratov Express Berlin - Saratov 2 Rail DC HO,98.56,2017-11-16,,,WorthPoint
chelyabinsk,Authentic Kuznetsov #92 Traktor Chelyabinsk Retro Russian Hockey Jersey,144.99,2017-11-15,,,WorthPoint
chelyabinsk,Chelyabinsk Meteorite: 3.6 Gram Individual,14.5,2017-11-11,3.6,4.03,WorthPoint
chelyabinsk,Khl All Star 2005 Hockey Jersey Traktor Chelyabinsk Konstantin Panov Lutch 56,30,2017-11-09,,,WorthPoint
chelyabinsk,Chelyabinsk Meteorite: 10.4 Gram Lot,30.99,2017-11-07,10.4,2.98,WorthPoint
chelyabinsk,TJ Oshie Growth Chart Poster SGA Capitals Stadium Giveaway NHL 2017 2018 2017-18,10,2017-11-04,,,WorthPoint
chelyabinsk,RARE 129-ChS 55M Russian USSR Military Aircraft Cockpit Clock ACHS,61,2017-10-31,,,WorthPoint
chelyabinsk,"Meteorite**Chelyabinsk, Russia LL5**13.93 Grams!! Oriented W/lip",27,2017-10-30,13.93,1.94,WorthPoint
chelyabinsk,SAN DIEGO GULLS Game Used Hockey Jersey - IHL,410,2017-10-26,,,WorthPoint
chelyabinsk,Old Style EMPTY UNOPENED 12 Ounce Can American Pepsi Vanilla Ltd. Ed. USA 2006,16.48,2017-10-19,,,WorthPoint
chelyabinsk,Hans Fex MINI MUSEUM First Edition Large 33 Specimens 1775/5550,1100,2017-10-14,,,WorthPoint
chelyabinsk,Chelyabinsk Meteorite: 5.4 Gram Individual,13,2017-10-14,5.4,2.41,WorthPoint
chelyabinsk,NEW FULL 12oz 355ml Can Diet Pepsi Cherry-Vanilla USA 2010,12.99,2017-10-11,340.2,0.04,WorthPoint
chelyabinsk,Chelyabinsk Meteorite: 3.5 Gram Polished End Cut,20.7,2017-10-10,3.5,5.91,WorthPoint
chelyabinsk,19thC Antique 2/3ct Multi-Color Russian Andalusite Medieval Medicinal Cure Fever,159.99,2017-10-09,0.6,266.65,WorthPoint
chelyabinsk,Chelyabinsk Meteorite: 6.5 Gram Polished End Cut,17.51,2017-10-07,6.5,2.69,WorthPoint
chelyabinsk,FULL NEW 12oz 355ml Can American Diet Pepsi Vanilla (Old Style 2006) USA,19.99,2017-10-06,340.2,0.06,WorthPoint
chelyabinsk,1909 Russia Pc. Cancelled Chelyabinsk To Samara *123* Chelyabinsk 4322,10,2017-10-05,,,WorthPoint
chelyabinsk,Chelyabinsk LL5 Meteorite 7.5g. Fully Crusted Oriented Shield Fall 2-15-2013,59,2017-10-05,7.5,7.87,WorthPoint
chelyabinsk,Chelyabinsk Meteorite Fountain Pen,120,2017-10-03,,,WorthPoint
chelyabinsk,Small Meteorite Collection Mesosiderite LL6 Chely HED H5 IIIAB & Bonus,27,2017-10-01,,,WorthPoint
chelyabinsk,Chelyabinsk Meteorite: 6.9 Gram Polished End Cut,16,2017-09-23,6.9,2.32,WorthPoint
chelyabinsk,Mini Museum 33 Specimens Large Limited 1st Edition Hans Fex Minimuseum,1078.53,2017-09-20,,,WorthPoint
chelyabinsk,Chelyabinsk Meteorite: 4.3 Gram Individual,22.5,2017-09-19,4.3,5.23,WorthPoint
chelyabinsk,"Gold (auricupride): Zolotaya Gora Au Deposit (type), Southern Urals, Russia -nr!",46,2017-09-18,,,WorthPoint
chelyabinsk,Traktor Chelyabinsk Kuznetsov #84 2013-14 KHL Replica Russian Hockey Jersey,79.99,2017-09-17,,,WorthPoint
chelyabinsk,Chelyabinsk Meteorite: 4.0 Gram Individual,34.84,2017-09-16,4,8.71,WorthPoint
chelyabinsk,"SUPERB OLD Perovskite Crystal URALS, RUSSIA -Ex. Bedogne",336,2017-09-15,,,WorthPoint
chelyabinsk,Chelyabinsk Meteorite: 8.6 Gram Lot Of Individuals / Fragments,24.9,2017-09-12,8.6,2.9,WorthPoint
chelyabinsk,Chelyabinsk Meteorite: 5.9 Gram Polished End Cut,33,2017-09-09,5.9,5.59,WorthPoint
chelyabinsk,4.90 Grams Chelyabinsk Meteorite Class (LL5) CRUSTED Fragment Fell Russia 2014,24,2017-09-09,4.9,4.9,WorthPoint
chelyabinsk,APATITE Crystals In Mica * Snezhinsk * Chelyabinsk Oblast * Urals * Russia,16.5,2017-09-08,,,WorthPoint
chelyabinsk,2013 Cook Islands $5 Chelyabinsk Meteorite Russia Silver With Coa 2500 Pcs Only!,130,2017-09-05,,,WorthPoint
chelyabinsk,Chelyabinsk Meteorite: 3.1 Gram Individual,11.3,2017-09-05,3.1,3.65,WorthPoint
chelyabinsk,Chelyabinsk Meteorite: 8.0 Gram Lot Of Individuals / Fragments,20.5,2017-08-29,8,2.56,WorthPoint
chelyabinsk,Chelyabinsk Meteorite: 7.0 Gram Individual,16.5,2017-08-26,7,2.36,WorthPoint
chelyabinsk,Heavy Cast Iron Bear Sculpture KASLI IRON WORKS Russia Chelyabinsk Urals,65,2017-08-24,,,WorthPoint
chelyabinsk,Chelyabinsk Meteorite: 5.6 Gram Individual,19.99,2017-08-19,5.6,3.57,WorthPoint
chelyabinsk,4.69 Grams Chelyabinsk Meteorite Class (LL5) CRUSTED Fragment Fell Russia 2014,15,2017-08-13,4.69,3.2,WorthPoint
chelyabinsk,Chelyabinsk Meteorite: 4.0 Gram Polished End Cut,44.05,2017-08-12,4,11.01,WorthPoint
chelyabinsk,Mini Museum Limited 1st Edition -- 11 Specimens -- Kickstarter By Hans Fex -- RARE,675,2017-08-10,,,WorthPoint
chelyabinsk,Chelyabinsk - Witnessed Fall | 3.2g Fusion Crusted Meteorite | LL5 Chondrite,32,2017-08-10,3.2,10,WorthPoint
chelyabinsk,Chelyabinsk Meteorite: 4.8 Gram Polished End Cut,13.12,2017-08-08,4.8,2.73,WorthPoint
chelyabinsk,Chelyabinsk - Witnessed Fall | 1.2g Fusion Crusted Meteorite | LL5 Chondrite,12,2017-08-02,1.2,10,WorthPoint
chelyabinsk,"Meteorite CHELYABINSK, Russia, Individual, Amazingly Oriented, 112 Grams , LL5",399,2017-08-01,112,3.56,WorthPoint
chelyabinsk,"Meteorite**Chelyabinsk, Russia**5.17 Grams Cherry Piece Lot!!",24.99,2017-08-01,5.17,4.83,WorthPoint
chelyabinsk,2013 Cook Island Silver CHELYABINSK Meteorite Coin,76,2017-07-31,,,WorthPoint
chelyabinsk,FULL NEW 12oz 355ml American Coke Coca-Cola Vanilla Zero USA 2009,15.99,2017-07-30,340.2,0.05,WorthPoint
chelyabinsk,Chelyabinsk Meteorite: 5.4 Gram Polished End Cut,16.5,2017-07-29,5.4,3.06,WorthPoint
chelyabinsk,Chelyabinsk - Witnessed Fall | 2.8g Fusion Crusted Meteorite | LL5 Chondrite,28,2017-07-28,2.8,10,WorthPoint
chelyabinsk,"SUPERB RARE Pyrochlore Crystal Cluster URALS, RUSSIA -Ex. Bedogne",227.5,2017-07-28,,,WorthPoint
chelyabinsk,"Meteorite**Chelyabinsk, Russia**8.48 Grams Cherry Piece Lot!!",24.5,2017-07-24,8.48,2.89,WorthPoint
chelyabinsk,Chelyabinsk Meteorite: 5.8 Gram Polished End Cut,19,2017-07-22,5.8,3.28,WorthPoint
chelyabinsk,4.50 Grams Chelyabinsk Meteorite Class (LL5) CRUSTED Fragment Fell Russia 2014,17.5,2017-07-20,4.5,3.89,WorthPoint
chelyabinsk,"Russian Lemurian Sacred Scribe Quartz Crystal Cluster, Record Keeper #2",55,2017-07-18,,,WorthPoint
chelyabinsk,Chelyabinsk Meteorite: 4.1 Gram Polished End Cut,18.5,2017-07-18,4.1,4.51,WorthPoint
chelyabinsk,"Meteorite**Chelyabinsk, Russia**3.19 Grams Oriented Lot!!",13,2017-07-17,3.19,4.08,WorthPoint
chelyabinsk,Chelyabinsk Meteorite: 6.8 Gram Polished End Cut,17.78,2017-07-15,6.8,2.61,WorthPoint
chelyabinsk,19thC Antique 1 1/3ct Iolite Ancient Viking Navigation Aid Sterling Pendant,199.99,2017-07-13,0.6,333.32,WorthPoint
chelyabinsk,"Meteorite**Chelyabinsk, Russia**2.43 Grams Oriented Lot!!",27.35,2017-07-13,2.43,11.26,WorthPoint
chelyabinsk,"Meteorite**Chelyabinsk, Russia**1.33 Grams Endcuts!!",33.95,2017-07-13,1.33,25.53,WorthPoint
chelyabinsk,Chelyabinsk Meteorite: 7.2 Gram Lot,29.61,2017-07-11,7.2,4.11,WorthPoint
chelyabinsk,Chelyabinsk Meteorite: 7.1 Gram Polished End Cut,66.99,2017-07-08,7.1,9.44,WorthPoint
chelyabinsk,"Chelyabinsk, Russia 0.6g LL5 Whole Stone In Display Box By Meteorite Men Steve",34.99,2017-07-05,0.6,58.32,WorthPoint
chelyabinsk,Chelyabinsk Meteorite: 2.9 Gram Individual,15.48,2017-07-04,2.9,5.34,WorthPoint
chelyabinsk,2005 Traktor Chelyabinsk KHL Russia Hockey Jersey Mens 56,15,2017-07-02,,,WorthPoint
chelyabinsk,Chelyabinsk Meteorite: 9.5 Gram Polished End Cut,62.99,2017-07-01,9.5,6.63,WorthPoint
chelyabinsk,Chelyabinsk Meteorite With Shattered Glass From Shockwave,100,2017-07-01,,,WorthPoint
chelyabinsk,Chelyabinsk Meteorite: 6.4 Gram Lot,17.5,2017-06-27,6.4,2.73,WorthPoint
chelyabinsk,1/35 Azimut KV-1 Soviet WWII Tank 1942 Tankograd Resin Conversion OOP,15.99,2017-06-27,,,WorthPoint
chelyabinsk,"Chelyabinsk, Russia 0.4g LL5 Whole Stone In Display Box By Meteorite Men Steve",24.99,2017-06-24,0.4,62.47,WorthPoint
chelyabinsk,"Hans Fex LARGE Mini Museum,1st Edition Kickstarter (33 Specimens) Amber, Rare",1550,2017-06-20,,,WorthPoint
chelyabinsk,Chelyabinsk Meteorite: 4.9 Gram Polished End Cut,12.87,2017-06-17,4.9,2.63,WorthPoint
chelyabinsk,"Hans Fex Mini Museum, LARGE 33 Specimen 1st Edition Original Kickstarter Edition",1250,2017-06-15,,,WorthPoint
chelyabinsk,"Diopside, Clinochlore Achmatovsk Chelyabinsk, Urals, Russia Ex Pisani WOW!",450,2017-06-14,,,WorthPoint
chelyabinsk,Chelyabinsk Meteorite: 5.4 Gram Lot,25,2017-06-13,5.4,4.63,WorthPoint
chelyabinsk,FULL NEW American Dr. Pepper 125th Anniversary Limited Edition USA 2010,13.99,2017-06-13,,,WorthPoint
chelyabinsk,Chelyabinsk 5.6 Gm 1 Inch X 3/4 X 1/4 Meteorite Russian Professionally Sliced,51.36,2017-06-11,5.6,9.17,WorthPoint
chelyabinsk,Chelyabinsk Rare Cut Meteorite Russian Stony Chondrite Professionally Sliced,34.27,2017-06-11,,,WorthPoint
chelyabinsk,Chelyabinsk Slice Meteorite Russian Stony Chondrite Rare Professionally Sliced,11.81,2017-06-11,,,WorthPoint
chelyabinsk,Chelyabinsk Meteorite 2013 NEW FALL 15 Feb 15.93 G Whole Fresh 100%crusted Gem,160,2017-06-11,15.93,10.04,WorthPoint
chelyabinsk,2013 Cook Islands Chelyabinsk Meteorite Silver Proof Coin,69.25,2017-06-07,,,WorthPoint
chelyabinsk,Chelyabinsk Meteorite: 5.9 Gram Lot,12.05,2017-06-06,5.9,2.04,WorthPoint
chelyabinsk,Chelyabinsk Meteorite: 7.5 Gram Individual,50,2017-06-03,7.5,6.67,WorthPoint
chelyabinsk,"SUPERB RARE Pyrochlore Crystal VISHNEVYE MTS., RUSSIA",338,2017-06-02,,,WorthPoint
chelyabinsk,Chelyabinsk - Witnessed Fall | 2.1g Fusion Crusted Meteorite | LL5 Chondrite,21,2017-06-01,2.1,10,WorthPoint
chelyabinsk,Hans Fex LARGE Mini Museum 1st Edition W/Companion Book,1600,2017-05-31,,,WorthPoint
chelyabinsk,Chelyabinsk Meteorite: 13.3 Gram Lot,31,2017-05-30,13.3,2.33,WorthPoint
chelyabinsk,1.11 Grams Chelyabinsk Meteorite Class (LL5) Fragment Fell Russia 2014,10,2017-05-29,1.11,9.01,WorthPoint
chelyabinsk,–ú–µ—Ç–µ–æ—Ä–∏—Ç Meteorite ORIENTED RADIAL FLOWLINES CHELYABINSK 1.69 100% Complete,50,2017-05-27,,,WorthPoint
chelyabinsk,Chelyabinsk Meteorite: 2.8 Gram Individual,16.5,2017-05-27,2.8,5.89,WorthPoint
chelyabinsk,Chelyabinsk - Witnessed Fall | 3.3g Fusion Crusted Meteorite | LL5 Chondrite,33,2017-05-26,3.3,10,WorthPoint
chelyabinsk,"3.1"" Turquoise Blue FLOSS FERRI ARAGONITE W/Multiple Stalactites Russia For Sale",100,2017-05-25,,,WorthPoint
chelyabinsk,18thC Antique 3¬ºct Iolite Medieval Water Sapphire Viking Norse Solar Navigation,199.99,2017-05-25,,,WorthPoint
chelyabinsk,1.52 Gram Chelyabinsk Russian Meteorite. Beautiful - Awesome!!! CH06,15,2017-05-24,1.52,9.87,WorthPoint
chelyabinsk,Chelyabinsk Meteorite: 3.9 Gram Individual,11.12,2017-05-23,3.9,2.85,WorthPoint
chelyabinsk,Chelyabinsk Meteorite: 9.2 Gram Lot,24.5,2017-05-20,9.2,2.66,WorthPoint
chelyabinsk,Edition Mini Museum 11 Specimens Kickstarter Hans Fex MINIMUSEUM 1st Ed,549,2017-05-20,,,WorthPoint
chelyabinsk,"Inner Child Russian Lemurian Sacred Scribe Quartz Crystal Key, Inner Child #4",41.25,2017-05-20,,,WorthPoint
chelyabinsk,"Russian TWIN KEY Lemurian Sacred Scribe Quartz Crystal, Old, Record Keeper #1",41.66,2017-05-20,,,WorthPoint
chelyabinsk,Cook Islands 2013 Chelyabinsk Meteorite Russia Silver Proof $5 Coin - NO RESERVE,112.5,2017-05-16,,,WorthPoint
chelyabinsk,Chelyabinsk - Witnessed Fall | 8.8g Fusion Crusted Meteorite | LL5 Chondrite,70,2017-05-16,8.8,7.95,WorthPoint
chelyabinsk,"Sapphire A9617 Miass, Chelyabinsk Obilst, Southern Ural Mts., Russia Display",81,2017-05-16,,,WorthPoint
chelyabinsk,"Hans Fex Large Mini Museum, 1st Edition W/ Companion Book, Insect In Amber",1999,2017-05-16,,,WorthPoint
chelyabinsk,Chelyabinsk Meteorite: 5.5 Gram Individual,23.3,2017-05-13,5.5,4.24,WorthPoint
chelyabinsk,Figure Skating 20 Pins Lot-olympic Games'72-'76-'92-'10-usa Noc-'70 Europe-ussr,21.99,2017-05-13,,,WorthPoint
chelyabinsk,Sergei Gonchar Traktor Hc Nwot Authentic Home Jersey Sz 50,119,2017-05-11,,,WorthPoint
chelyabinsk,Chelyabinsk Meteorite: 7.5 Gram Lot,33.55,2017-05-09,7.5,4.47,WorthPoint
chelyabinsk,Traktor Chelyabinsk Khl Jersey Sewn Crest Logo Vintage 1995 Mens Xl,29.99,2017-05-07,,,WorthPoint
chelyabinsk,Meteorite Chelyabinsk 142 Gram Thumbprint,850,2017-05-07,142,5.99,WorthPoint
chelyabinsk,"Mini Museum Large 1st Edition With 33 Specimens, Hans Fex Kickstarter",1500,2017-05-01,,,WorthPoint
chelyabinsk,Chelyabinsk Meteorite: 8.9 Gram Lot,21.55,2017-04-29,8.9,2.42,WorthPoint
chelyabinsk,RUSSIAN FEDERATION LICENSE PLATE RUSSIA Foreign #P169CM174 Chelyabinsk Oblast,26.99,2017-04-29,,,WorthPoint
chelyabinsk,Chelyabinsk Meteorite: The Famous Russian Fireball Of 2013,12,2017-04-28,,,WorthPoint
chelyabinsk,Meteorite Collection Lot Six Different Types Labeled With Display Box,50,2017-04-27,,,WorthPoint
chelyabinsk,Chelyabinsk - Witnessed Fall | 7g Fusion Crusted Meteorite | LL5 Chondrite,69.99,2017-04-24,7,10,WorthPoint
chelyabinsk,Chelyabinsk Meteorite: 5.8 Gram Individual,15.51,2017-04-22,5.8,2.67,WorthPoint
chelyabinsk,ILMENITE Crystals In Matrix * Vishnevye Mts * Chelyabinsk Oblast * Russia,35,2017-04-21,,,WorthPoint
chelyabinsk,"Chelyabinsk Meteorite LL5, Recent Fall, Russia, Individual, 24.2 Grams",52,2017-04-20,24.2,2.15,WorthPoint
chelyabinsk,Chelyabinsk Meteorite: 2.2 Gram Lot Of 2 Individuals,10,2017-04-18,2.2,4.55,WorthPoint
chelyabinsk,Traktor Chelyabinsk Russia Hockey Jersey,12.5,2017-04-16,,,WorthPoint
chelyabinsk,1938 Vintage Photo Worker Loads Diesel Tractors At Plant In Chelyabinsk Russia,17,2017-04-15,,,WorthPoint
chelyabinsk,Chelyabinsk - Witnessed Fall | 0.9g Fusion Crusted Meteorite | LL5 Chondrite,10,2017-04-15,0.9,11.11,WorthPoint
chelyabinsk,CHELYABINSK RARE METEORITE RUSSIAN 1.1 Grams 1 INCH CHONDRITE PROFESSIONAL SLICE,13.69,2017-04-11,1.1,12.45,WorthPoint
chelyabinsk,Chelyabinsk Meteorite: 2.3 Gram Individual,11.39,2017-04-11,2.3,4.95,WorthPoint
chelyabinsk,2012 Team Signed STANLEY CUP Autographed LOS ANGELES KINGS FULLSIZE Stick JSA,999.99,2017-04-08,,,WorthPoint
chelyabinsk,1/72 Panzerstahl Exclusive Object 704 Tank Destroyer Ps89008 World Of Tanks,63.71,2017-04-06,,,WorthPoint
chelyabinsk,Chelyabinsk Meteorite Slice - 11.0 G Full Slice- Multi-Colored Impact Melt(LL5),75,2017-04-03,11,6.82,WorthPoint
chelyabinsk,Chelyabinsk Meteorite: 3.8 Gram Individual,10.61,2017-04-01,3.8,2.79,WorthPoint
chelyabinsk,"Chelyabinsk Meteorite LL5, Recent Fall, Russia, Lot Of 2 Pieces, 17.3 Grams",29,2017-03-30,17.3,1.68,WorthPoint
chelyabinsk,Chelyabinsk Meteorite: 3.5 Gram Individual,11.28,2017-03-28,3.5,3.22,WorthPoint
chelyabinsk,Men's Traktor Chelyabinsk KHL Replica Russian Hockey Jersey #2 Size: Large,29.99,2017-03-28,,,WorthPoint
chelyabinsk,Chelyabinsk Meteorite: 9.3 Gram Lot Of Individuals,51.99,2017-03-25,9.3,5.59,WorthPoint
chelyabinsk,"Chelyabinsk Meteorite LL5, Recent Fall, Russia, Lot Of 5 Pieces, 16.3 Grams",32.3,2017-03-23,16.3,1.98,WorthPoint
chelyabinsk,NWA 6287 LL5 Chondrite Meteorite 3.4 Gram Part Slice,18.5,2017-03-23,3.4,5.44,WorthPoint
chelyabinsk,NEW!!!!! Braden Holtby Bobblehead SGA 3/21 2017 March 21 NHL Washington Capitals,80,2017-03-22,,,WorthPoint
chelyabinsk,Chelyabinsk Meteorite: 3.7 Gram Polished End Cut,13.3,2017-03-21,3.7,3.59,WorthPoint
chelyabinsk,Mini Museum 33 Specimens Large - Limited 1st Edition Kickstarter - By Hans Fex,1000,2017-03-20,,,WorthPoint
chelyabinsk,"Chelyabinsk Meteorite LL5, Recent Fall, Russia, Broken Individual, 11.7 Grams",29.7,2017-03-16,11.7,2.54,WorthPoint
chelyabinsk,Chelyabinsk - Witnessed Fall | 3.6g Fusion Crusted Meteorite | LL5 Chondrite,36,2017-03-15,3.6,10,WorthPoint
chelyabinsk,"SET Of 68 Russian Postcards MOSCOW, KIEV, ST.PETERSBURG 1900's",155.5,2017-03-14,,,WorthPoint
chelyabinsk,RARE Mini Museum 33 Specimens Large Limited 1st Edition Kickstarter By Hans Fex,1999.99,2017-03-13,,,WorthPoint
chelyabinsk,Chelyabinsk - Witnessed Fall | 4.45g Fusion Crusted Meteorite | LL5 Chondrite,45,2017-03-13,4.45,10.11,WorthPoint
chelyabinsk,1.63 Grams Chelyabinsk Meteorite Class (LL5) Fragment Fell Russia 2014,10,2017-03-09,1.63,6.13,WorthPoint
chelyabinsk,SMALL 1st Edition Mini Museum - 11 Specimens - Kickstarter - Hans Fex-SOLD OUT!!,400,2017-03-09,,,WorthPoint
chelyabinsk,GARNET Crystals In Matrix * Chelyabinsk * Ural * Russia,16.31,2017-03-09,,,WorthPoint
chelyabinsk,Vitali Yachmenev's 2000-01 Nashville Predators Game-Worn Jersey With Team LOA,217.49,2017-03-08,,,WorthPoint
chelyabinsk,Chelyabinsk Meteorite: 7.2 Gram Individual,20.57,2017-03-07,7.2,2.86,WorthPoint
chelyabinsk,Large 1st Edition Mini Museum - 33 Specimens W/ Companion Book - Hans Fex,999.99,2017-03-07,,,WorthPoint
chelyabinsk,Meteorite Collection,299,2017-03-07,,,WorthPoint
chelyabinsk,Chelyabinsk Meteorite: 6.2 Gram Individual,15.6,2017-03-04,6.2,2.52,WorthPoint
chelyabinsk,"HC Traktor Chelyabinsk ""2nd Spin"" KHL Russian Hockey Cap Hat",30,2017-03-03,,,WorthPoint
chelyabinsk,Chelyabinsk Meteorite: 4.7 Gram Individual,12.62,2017-02-28,4.7,2.69,WorthPoint
chelyabinsk,1.51 Grams Chelyabinsk Meteorite Class (LL5) CRUSTED Fragment Fell Russia 2014,12,2017-02-27,1.51,7.95,WorthPoint
chelyabinsk,–ú–µ—Ç–µ–æ—Ä–∏—Ç Meteorite Endcut CHELYABINSK RUSSIA 1.42,15,2017-02-26,,,WorthPoint
chelyabinsk,"Rare Chelyabinsk Russia Meteorite Challenge Coin Fell February 15, 2013",16.25,2017-02-19,,,WorthPoint
chelyabinsk,"Meteorite Chelyabinsk, Russia, An Excellent Set Example With A Weight 1.36 Grams",15,2017-02-17,1.36,11.03,WorthPoint
chelyabinsk,"Meteorite CHELYABINSK, Russia, Individual, Beautiful Shape Set To 4,93 Gr",30,2017-02-17,93,0.32,WorthPoint
chelyabinsk,Meteorites Russia CHELYABINSK Chebarkul –ú–µ—Ç–µ–æ—Ä–∏—Ç 16.8 Grams,59,2017-02-16,16.8,3.51,WorthPoint
chelyabinsk,Meteorites Russia CHELYABINSK Chebarkul –ú–µ—Ç–µ–æ—Ä–∏—Ç 10.37 Grams,27,2017-02-16,10.37,2.6,WorthPoint
chelyabinsk,Meteorites Russia CHELYABINSK Chebarkul –ú–µ—Ç–µ–æ—Ä–∏—Ç 10.8 Grams,26,2017-02-16,10.8,2.41,WorthPoint
chelyabinsk,Meteorites Russia CHELYABINSK Chebarkul –ú–µ—Ç–µ–æ—Ä–∏—Ç 9.5 Grams,22.5,2017-02-16,9.5,2.37,WorthPoint
chelyabinsk,Meteorites Russia CHELYABINSK Chebarkul –ú–µ—Ç–µ–æ—Ä–∏—Ç 11.2 Grams,36,2017-02-16,11.2,3.21,WorthPoint
chelyabinsk,Meteorites Russia CHELYABINSK Chebarkul –ú–µ—Ç–µ–æ—Ä–∏—Ç 12.3 Grams,21,2017-02-16,12.3,1.71,WorthPoint
chelyabinsk,"Meteorite CHELYABINSK, Russia, Individual, Oriented Shape Set To 2,60 Gr",21.5,2017-02-14,60,0.36,WorthPoint
chelyabinsk,Beautiful Clock Missing The Gong Onyx Mantle Jade - Resembling,78.32,2017-02-14,,,WorthPoint
chelyabinsk,"Azurite. Polished. Russia Chelyabinsk Region Mine 1 Pcs 13,3g",20,2017-02-13,3,6.67,WorthPoint
chelyabinsk,"Azurite. Polished. Russia Chelyabinsk Region Mine 1 Pcs 16,5g",20,2017-02-13,5,4,WorthPoint
chelyabinsk,"Meteorite CHELYABINSK, Russia, A Rare, Beautiful Individual Shape 2,38 Gr",12,2017-02-13,38,0.32,WorthPoint
chelyabinsk,VINTAGE 60's NATURAL SMOKY TOPAZ STERLING SILVER 875 CUFFLINKS GOLD PLATED USSR,19.99,2017-02-12,,,WorthPoint
chelyabinsk,Meteorites Russia CHELYABINSK Chebarkul –ú–µ—Ç–µ–æ—Ä–∏—Ç 12.1 Grams,33,2017-02-12,12.1,2.73,WorthPoint
chelyabinsk,Meteorites Russia CHELYABINSK Chebarkul –ú–µ—Ç–µ–æ—Ä–∏—Ç 10.7 Grams,34,2017-02-12,10.7,3.18,WorthPoint
chelyabinsk,Meteorites Russia CHELYABINSK Chebarkul –ú–µ—Ç–µ–æ—Ä–∏—Ç 8.4 Grams,28.66,2017-02-12,8.4,3.41,WorthPoint
chelyabinsk,Meteorites Russia CHELYABINSK Chebarkul –ú–µ—Ç–µ–æ—Ä–∏—Ç 12.7 Grams,20.5,2017-02-12,12.7,1.61,WorthPoint
chelyabinsk,Meteorites Russia CHELYABINSK Chebarkul –ú–µ—Ç–µ–æ—Ä–∏—Ç 5.15 Grams,19.61,2017-02-12,5.15,3.81,WorthPoint
chelyabinsk,"Meteorite Chelyabinsk, Russia, An Excellent Example With A Weight 2.52 Grams",12,2017-02-12,2.52,4.76,WorthPoint
chelyabinsk,Meteorites Russia CHELYABINSK Chebarkul –ú–µ—Ç–µ–æ—Ä–∏—Ç 12 Grams,47,2017-02-11,12,3.92,WorthPoint
chelyabinsk,Meteorites Russia CHELYABINSK Chebarkul –ú–µ—Ç–µ–æ—Ä–∏—Ç 6.53 Grams,26.66,2017-02-11,6.53,4.08,WorthPoint
chelyabinsk,Meteorites Russia CHELYABINSK Chebarkul –ú–µ—Ç–µ–æ—Ä–∏—Ç 11.28 Grams,26,2017-02-11,11.28,2.3,WorthPoint
chelyabinsk,NICE ! 100% Crusted Chelyabinsk Meteorite Individual - VERY FRESH 2.3 G - LL5,29,2017-02-11,2.3,12.61,WorthPoint
chelyabinsk,Chelyabinsk Meteorite: 6.4 Gram Individual,13.3,2017-02-11,6.4,2.08,WorthPoint
chelyabinsk,"Meteorite CHELYABINSK, Russia, A Rare, Beautiful Oriented Shape 3,24 Gr",50,2017-02-11,24,2.08,WorthPoint
chelyabinsk,Meteorites Russia CHELYABINSK Chebarkul –ú–µ—Ç–µ–æ—Ä–∏—Ç 7.7 Grams –†–µ–¥–∫–∏–π,80,2017-02-10,7.7,10.39,WorthPoint
chelyabinsk,Meteorites Russia CHELYABINSK Chebarkul –ú–µ—Ç–µ–æ—Ä–∏—Ç 5.2 Grams,58,2017-02-10,5.2,11.15,WorthPoint
chelyabinsk,"Meteorite CHELYABINSK, Russia, A Rare Bronze Medal With A Meteorite.",55,2017-02-10,,,WorthPoint
chelyabinsk,FREE SHIPPING!!! 1st Edition Hans Fex Large Mini Museum MINT W/ 2 Pouches L@@K!,1349,2017-02-08,,,WorthPoint
chelyabinsk,Meteorite CHELYABINSK - LL5 Chondrite Fall Russia - Crusted Individual 1.129g,12.5,2017-02-07,1.129,11.07,WorthPoint
chelyabinsk,Chelyabinsk Meteorite: 3.5 Gram Polished End Cut Impact Melt Specimen,13.83,2017-02-07,3.5,3.95,WorthPoint
chelyabinsk,3089 Russia URAL Railway Postmark Cancel Card TPO#123 SAMARA-CHELYABINSK To OMSK,21,2017-02-07,,,WorthPoint
chelyabinsk,Meteorites Russia CHELYABINSK Chebarkul –ú–µ—Ç–µ–æ—Ä–∏—Ç Grams –†–µ–¥–∫–∏–π –û—Ä–µ–Ω—Ç–∏—Ä–æ–≤–∞–Ω–Ω—ã–π,33,2017-02-06,,,WorthPoint
chelyabinsk,"GROSSULAR * GOLDEN FINE CRYSTALS ON MATRIX * RARE LOCALITY !!! Miass, RUSSIA",64.3,2017-02-06,,,WorthPoint
chelyabinsk,Washington Capitals Evgeny Kuznetsov KHL Traktor Hockey Jersey - Size 52,50,2017-02-05,,,WorthPoint
chelyabinsk,"""Alyonkiny Druzya"" Russian Kids Book 1972",10,2017-02-03,,,WorthPoint
chelyabinsk,"Meteorite CHELYABINSK, Russia, A Rare, Beautiful Oriented Set 3,34 Gr",14.5,2017-02-03,34,0.43,WorthPoint
chelyabinsk,"Meteorite Chelyabinsk, Chondrite LL5, Fresh Stone 21,9 G, Recent Fall, Russia",149,2017-02-03,9,16.56,WorthPoint
chelyabinsk,"SUPERB RARE Perovskite Crystal URALS, RUSSIA - Ex. Obodda",357,2017-02-02,,,WorthPoint
chelyabinsk,Meteorites Russia CHELYABINSK Chebarkul –ú–µ—Ç–µ–æ—Ä–∏—Ç 9.6 Grams,28,2017-02-02,9.6,2.92,WorthPoint
chelyabinsk,Meteorites Russia CHELYABINSK Chebarkul –ú–µ—Ç–µ–æ—Ä–∏—Ç 9.2 Grams,36,2017-02-02,9.2,3.91,WorthPoint
chelyabinsk,Meteorites Russia CHELYABINSK Chebarkul –ú–µ—Ç–µ–æ—Ä–∏—Ç 10.3 Grams,37,2017-02-02,10.3,3.59,WorthPoint
chelyabinsk,Meteorite CHELYABINSK - LL5 Chondrite Fall Russia - Best Crusted Individual 2.2g,12.12,2017-02-01,2.2,5.51,WorthPoint
chelyabinsk,Special Medal Of The Winter Games In Sochi 2014 With The Chelyabinsk Meteorite,496,2017-02-01,,,WorthPoint
chelyabinsk,Meteorites Russia CHELYABINSK Chebarkul –ú–µ—Ç–µ–æ—Ä–∏—Ç 7 Grams,31,2017-02-01,7,4.43,WorthPoint
chelyabinsk,Meteorites Russia CHELYABINSK Chebarkul –ú–µ—Ç–µ–æ—Ä–∏—Ç 52 Grams,105,2017-02-01,52,2.02,WorthPoint
chelyabinsk,Meteorites Russia CHELYABINSK Chebarkul –ú–µ—Ç–µ–æ—Ä–∏—Ç 10.42 Grams,46,2017-02-01,10.42,4.41,WorthPoint
chelyabinsk,Meteorites Russia CHELYABINSK Chebarkul –ú–µ—Ç–µ–æ—Ä–∏—Ç 7.5 Grams,16.5,2017-01-31,7.5,2.2,WorthPoint
chelyabinsk,"Meteorite Chelyabinsk Chebarkul Russia Chondrite LL5 4,88 Gram Individual",23,2017-01-31,88,0.26,WorthPoint
chelyabinsk,Meteorites Russia CHELYABINSK Chebarkul –ú–µ—Ç–µ–æ—Ä–∏—Ç 29.3 Grams,200,2017-01-30,29.3,6.83,WorthPoint
chelyabinsk,Meteorites Russia CHELYABINSK Chebarkul –ú–µ—Ç–µ–æ—Ä–∏—Ç 27.3 Grams,71,2017-01-29,27.3,2.6,WorthPoint
chelyabinsk,Chelyabinsk Meteorite: 3.6 Gram Polished End Cut Impact Melt Specimen,12.49,2017-01-28,3.6,3.47,WorthPoint
chelyabinsk,Meteorites Russia CHELYABINSK Chebarkul –ú–µ—Ç–µ–æ—Ä–∏—Ç 15.2 Grams,120,2017-01-28,15.2,7.89,WorthPoint
chelyabinsk,"Meteorite CHELYABINSK, Russia, A Rare, Beautiful Shape 8,17 Gr",39,2017-01-28,17,2.29,WorthPoint
chelyabinsk,KHL HC Traktor Chelyabinsk Cap Hat. Russian Hockey Licensed - White,25,2017-01-27,,,WorthPoint
chelyabinsk,"Meteorite Chelyabinsk, Chondrite LL5, Complete Stone 4,6 G, Recent Fall, Russia",19,2017-01-27,6,3.17,WorthPoint
chelyabinsk,Meteorites Russia CHELYABINSK Chebarkul –ú–µ—Ç–µ–æ—Ä–∏—Ç 11 Grams,34,2017-01-27,11,3.09,WorthPoint
chelyabinsk,Meteorites Russia CHELYABINSK Chebarkul –ú–µ—Ç–µ–æ—Ä–∏—Ç 7.7 Grams,21.5,2017-01-27,7.7,2.79,WorthPoint
chelyabinsk,Meteorites Russia CHELYABINSK Chebarkul –ú–µ—Ç–µ–æ—Ä–∏—Ç 18 Grams,64,2017-01-27,18,3.56,WorthPoint
chelyabinsk,Meteorites Russia CHELYABINSK Chebarkul –ú–µ—Ç–µ–æ—Ä–∏—Ç 31.8 Grams,91,2017-01-27,31.8,2.86,WorthPoint
chelyabinsk,Stalinets-80 Soviet Tracked Tractor S-80 Model 1/43 Hachette,15,2017-01-26,,,WorthPoint
chelyabinsk,Space / Meteorite Coins Collection,885,2017-01-26,,,WorthPoint
chelyabinsk,Meteorite Chelyabinsk Russia A Set Of 17 Cards Russian Version,10,2017-01-25,,,WorthPoint
chelyabinsk,SAMARSKITE-(Y) -- Miask Urals Region Russia -- Old Collection -- Old Label,15.95,2017-01-25,,,WorthPoint
chelyabinsk,"Meteorite CHELYABINSK, Russia, A Nice Well Shaped 13.83 Gr Individual",63,2017-01-25,13.83,4.56,WorthPoint
chelyabinsk,"Meteorite CHELYABINSK, Russia, A Rare Silver Medal With A Meteorite.",80,2017-01-24,,,WorthPoint
chelyabinsk,Chelyabinsk Meteorite: 5.9 Gram Polished End Cut Impact Melt Specimen,11.59,2017-01-21,5.9,1.96,WorthPoint
chelyabinsk,Chelyabinsk Meteorite: 5.1 Gram Individual,17.5,2017-01-17,5.1,3.43,WorthPoint
chelyabinsk,"FULL NEW Can Russian Coke Coca-Cola ""Light"" 0.33 Litre (12 Oz) 2012 Russia",12.99,2017-01-16,340.2,0.04,WorthPoint
chelyabinsk,Chelyabinsk Meteorite: 5.5 Gram Polished End Cut Impact Melt Specimen,22.49,2017-01-14,5.5,4.09,WorthPoint
chelyabinsk,"2011, 12, 13, 14, 15 & 2016 METEORITE SERIES 6-COIN SET Silver Coins, Box & COAs",349,2017-01-14,,,WorthPoint
chelyabinsk,Traktor Chelyabinsk Kuznetsov #92 2015-16 KHL Replica Russian Hockey Jersey,69.99,2017-01-13,,,WorthPoint
chelyabinsk,9 Amazonite Rough Pieces From Russia 1530 G,92,2017-01-10,1530,0.06,WorthPoint
chelyabinsk,Mini Museum First Edition - Large - 33 Specimens,750,2017-01-10,,,WorthPoint
chelyabinsk,Chelyabinsk Meteorite: 4.9 Gram Polished End Cut Impact Melt Specimen,12.5,2017-01-07,4.9,2.55,WorthPoint
chelyabinsk,Chelyabinsk Meteorite 1.7 Gram Individual!!!,25,2017-01-07,1.7,14.71,WorthPoint
chelyabinsk,Large 1st Edition Mini Museum - 33 Specimens- Kickstarter - RARE,800,2017-01-07,,,WorthPoint
chelyabinsk,Chelyabinsk Meteorite: 2.5 Gram Individual,15,2016-12-31,2.5,6,WorthPoint
chelyabinsk,Chelyabinski Meteorite $5 Coin Cook Islands,77.99,2016-12-29,,,WorthPoint
chelyabinsk,CHELYABINSK RARE METEORITE RUSSIAN STONY 3.2 GramS CHONDRITE PROFESSIONAL SLICE,51.98,2016-12-28,3.2,16.24,WorthPoint
chelyabinsk,1.71 Grams Chelyabinsk Meteorite Class (LL5) Crusted Fragment Fell Russia 2014,11,2016-12-25,1.71,6.43,WorthPoint
chelyabinsk,MECHEL - Professional VHL Russian Hockey Jersey #31 Pankov XL Fight Strap,39.95,2016-12-25,,,WorthPoint
chelyabinsk,Soviet-russian Circus 25 Pins Lot Clown-juggler-dog-horses-lion-elephant-giraffe,19.99,2016-12-24,,,WorthPoint
chelyabinsk,"6th Meteorite Collection Chelyabinsk, NWA 5000, NWA ,pallasite +",18.99,2016-12-21,,,WorthPoint
chelyabinsk,"Meteorite Collection Chelyabinsk , NWA Meteorite+",20.99,2016-12-21,,,WorthPoint
chelyabinsk,"Meteorite Collection Chelyabinsk, , , NWA + More",18.99,2016-12-20,,,WorthPoint
chelyabinsk,"Perovskite, Southern Urals, Russia",30,2016-12-19,,,WorthPoint
chelyabinsk,15mm WWII Soviet T-34 Obr 1942 Tank Platoon X5 - Pro Painted (Chelyabinsk),35,2016-12-18,,,WorthPoint
chelyabinsk,"Meteorite Collection Chelyabinsk, NWA ,Vaca Muerta Plus More",18.99,2016-12-18,,,WorthPoint
chelyabinsk,"5th Meteorite Collection Chelyabinsk, Nantan, Pallesite, NWA +",19.99,2016-12-18,,,WorthPoint
chelyabinsk,10 Grams Of The February 2013 Witnessed Chelyabinsk Meteorite Fall In Russia,100,2016-12-15,10,10,WorthPoint
chelyabinsk,Chelyabinsk Slice Meteorite Russian 5.2 Gramchondrite Rare Professionally Sliced,65,2016-12-14,5.2,12.5,WorthPoint
chelyabinsk,"Meteorite Collection Chelyabinsk, Dhofar, Pallesite, NWA +",24.99,2016-12-13,,,WorthPoint
chelyabinsk,"Meteorite Collection Chelyabinsk, Dhofar, Nantan , NWA +",23.99,2016-12-13,,,WorthPoint
chelyabinsk,"Meteorite Collection Chelyabinsk, Dhofar, , NWA Russia",22.99,2016-12-13,,,WorthPoint
chelyabinsk,Chelyabinsk Meteorite: 4.2 Gram Polished End Cut,20.49,2016-12-13,4.2,4.88,WorthPoint
chelyabinsk,WWII Russian KV-1 Tanks Under Construction In Chelyabinsk Tractor Plant Photo,15.5,2016-12-13,,,WorthPoint
chelyabinsk,Chelyabinsk Meteorite: 2.2 Gram Polished End Cut,12.83,2016-12-10,2.2,5.83,WorthPoint
chelyabinsk,2013 CHELYABINSK METEORITE METEOR Silver Coin 5$ Cook Islands RARE,119,2016-12-09,,,WorthPoint
chelyabinsk,1.53 Gram Chelyabinsk Russian Meteorite. Beautiful - Awesome!!! CH04,15,2016-12-04,1.53,9.8,WorthPoint
chelyabinsk,2013 Stardust Of The Universe Chelyabinsk Meteorite,95,2016-12-04,,,WorthPoint
chelyabinsk,1.19 Gram Chelyabinsk Russian Meteorite. Beautiful - Awesome!!! CH05,10,2016-12-01,1.19,8.4,WorthPoint
chelyabinsk,"Tamiya 1/35 Kit # 35149 WW2 Russian T34/76 ""ChTZ"" Version Tank",19.95,2016-11-30,,,WorthPoint
chelyabinsk,1.16 Grams Crusted Fragment Chelyabinsk Meteorite Class (LL5) Fell Russia 2014,10,2016-11-30,1.16,8.62,WorthPoint
chelyabinsk,"Meteorite Collection , Al Haggounia, Chelyabinsk And Us Slices, Vaca Muerta",22.99,2016-11-30,,,WorthPoint
chelyabinsk,19thC Antique 1¬Ωct Multi-Color Andalusite Russian Warrior Soldier Mystic Amulet,249.99,2016-11-30,,,WorthPoint
chelyabinsk,"Set Of 3 Chelyabinsk (2013, Russia) Chondrite LL5 Meteorites - 4.2 Grams",49.99,2016-11-29,4.2,11.9,WorthPoint
chelyabinsk,"Tamiya Plastic Kit Russian T34/76 Tank ""Chtz"" Scale 1.35 Item # 35149, BM JR",10.38,2016-11-29,,,WorthPoint
chelyabinsk,Hans Fex Mini Museum LARGE 1ST EDITION 33 Specimens + Companion Book Kickstarter,1050,2016-11-28,,,WorthPoint
chelyabinsk,Chelyabinsk Meteorite: 7.0 Gram Polished End Cut,22.49,2016-11-26,7,3.21,WorthPoint
chelyabinsk,Russia 2012 European Judo Championship Chelyabinsk Proof Silver Coin And Lapels,349,2016-11-21,,,WorthPoint
chelyabinsk,"Russian Lemurian Sacred Scribe Quartz Crystal, Seed,Old Stock, Record Keeper #2",33.33,2016-11-20,,,WorthPoint
chelyabinsk,Chelyabinsk Meteorite: 9.1 Gram Polished End Cut,29,2016-11-19,9.1,3.19,WorthPoint
chelyabinsk,TRA–öTOR CHELYABINSK - Professional KHL Russian Hockey Jersey #13 Nikolishin 2XL,44.95,2016-11-19,,,WorthPoint
chelyabinsk,1.67 Grams Chelyabinsk Meteorite Class (LL5) Fragment Fell Russia 2014,15,2016-11-17,1.67,8.98,WorthPoint
chelyabinsk,2.86 Grams Chelyabinsk Meteorite Class (LL5) Crusted Fragment Fell Russia 2014,15,2016-11-17,2.86,5.24,WorthPoint
chelyabinsk,"Traktor Chelyabinsk Fan Scarf ""Classic"". KHL. Knitted 54""x 6""",18,2016-11-17,,,WorthPoint
chelyabinsk,Traktor 2010 Russian Hockey Jersey E. Kuznetsov DK L,79.99,2016-11-16,,,WorthPoint
chelyabinsk,Chelyabinsk Meteorite: 4.5 Gram Individual,21,2016-11-12,4.5,4.67,WorthPoint
chelyabinsk,Mini Museum Medium FIRST EDITION,1149,2016-11-09,,,WorthPoint
chelyabinsk,Sergei Gonchar's 1997-98 Washington Capitals Game-Worn Jersey - Team Repairs!,586.75,2016-11-09,,,WorthPoint
chelyabinsk,Chelyabinsk Meteorite: 2.0 Gram Polished End Cut,10.01,2016-11-08,2,5.01,WorthPoint
chelyabinsk,2.12 Grams Chelyabinsk Meteorite Class (LL5) Fragment Fell Russia 2014,12,2016-11-07,2.12,5.66,WorthPoint
chelyabinsk,2.73 Grams Chelyabinsk Meteorite Class (LL5) Crusted Fragment Fell Russia 2014,16,2016-11-06,2.73,5.86,WorthPoint
chelyabinsk,1.90 Grams Chelyabinsk Meteorite Class (LL5) Crusted Fragment Fell Russia 2014,13,2016-11-06,1.9,6.84,WorthPoint
chelyabinsk,"Traktor Chelyabinsk 97' Team Signed, J Jenson #26 Lot 176",10,2016-11-05,,,WorthPoint
chelyabinsk,"0.899 Gram SLICE KUNASHAK L-6 CHONDRITE METEORITE, OBSERVED 1949 RUSSIAN FALL",27.5,2016-10-31,0.899,30.59,WorthPoint
chelyabinsk,6.02 Grams Chelyabinsk Meteorite Class (LL5) Crusted Fragment Fell Russia 2014,39.99,2016-10-30,6.02,6.64,WorthPoint
chelyabinsk,Chelyabinsk Meteorite: 4.8 Gram Lot,13.5,2016-10-29,4.8,2.81,WorthPoint
chelyabinsk,4.37 Grams Chelyabinsk Meteorite Class (LL5) Crusted Fragment Fell Russia 2014,19.99,2016-10-27,4.37,4.57,WorthPoint
chelyabinsk,Chelyabinsk Meteorite: 3.2 Gram Oriented Individual,12.6,2016-10-25,3.2,3.94,WorthPoint
chelyabinsk,"NEW! Chelyabinsk Meteorite LL5, Recent Fall, Russia, Endcut 45.16 Grams",449.99,2016-10-25,45.16,9.96,WorthPoint
chelyabinsk,Chelyabinsk Meteorite: 4.6 Gram Polished End Cut - Impact Melt,16.6,2016-10-22,4.6,3.61,WorthPoint
chelyabinsk,"Traktor Chelyabinsk Fan Scarf ""Tankograd"", KHL, Knitted 54""x 7""",20,2016-10-20,,,WorthPoint
chelyabinsk,Huge Fireball! Newest Fall! Impact Melt Fragment! Chelyabinsk Meteorite 32.1 Gm,799,2016-10-19,32.1,24.89,WorthPoint
chelyabinsk,"Meteorite Collection , Al Haggounia, Chelyabinsk And NWA Slice",20,2016-10-17,,,WorthPoint
chelyabinsk,Chelyabinsk Russian Meteorite Coin Limited Edition Contains Authentic Fragment,34.95,2016-10-17,,,WorthPoint
chelyabinsk,Chelyabinsk Meteorite: 7.9 Gram Polished End Cut - Impact Melt,31,2016-10-15,7.9,3.92,WorthPoint
chelyabinsk,TRA–öTOR CHELYABINSK - Professional Russian Hockey Jersey #10 2XL,49.95,2016-10-14,,,WorthPoint
chelyabinsk,New Yorker Magazine 1997 January 27 Art Spiegelman Lorrie Moore Chelyabinsk-70,12.99,2016-10-11,,,WorthPoint
chelyabinsk,Chelyabinsk Meteorite Individual Crusted 0.85 GRAMS LL5 S4 W0 Russia,17,2016-10-11,0.85,20,WorthPoint
chelyabinsk,Chelyabinsk 54AÃÇ¬∞49aÃÇ‚Ç¨TMN,31.79,2016-10-05,,,WorthPoint
chelyabinsk,"EVGENY Kuznetsov #92 KHL Traktor Chelyabinsk Hockey Jersey,new",59.99,2016-10-04,,,WorthPoint
chelyabinsk,"Meteorite Collection , Al Haggounia, Chelyabinsk And NWA 869 ,Vaca Muerta",27.66,2016-10-04,,,WorthPoint
chelyabinsk,Dmitri Kalinin #7 HC Traktor Chelyabinsk KHL Pro Russian Hockey League Jersey,79.99,2016-10-04,,,WorthPoint
chelyabinsk,"Meteorite Collection , Al Haggounia, Chelyabinsk And NWA 791 Slice",29,2016-10-02,,,WorthPoint
chelyabinsk,"Triple Termination Russian Lemurian Sacred Scribe Quartz Crystal, Record Keeper9",49.95,2016-10-02,,,WorthPoint
chelyabinsk,Chelyabinsk Meteorite: 2.4 Gram Polished End Cut,12.51,2016-09-27,2.4,5.21,WorthPoint
chelyabinsk,Cook Islands 2013 Russia Chelyabinsk Meteorite Insert Silver Proof $5 Coin COA,184.95,2016-09-24,,,WorthPoint
chelyabinsk,Chelyabinsk Meteorite: 5.9 Gram Individual,26.99,2016-09-17,5.9,4.57,WorthPoint
chelyabinsk,Chelyabinsk Meteorite 1.5 Gram Individual!!!,25,2016-09-15,1.5,16.67,WorthPoint
chelyabinsk,Chelyabinsk Meteorite: 2.3 Gram Polished End Cut,10.5,2016-09-13,2.3,4.57,WorthPoint
chelyabinsk,Chelyabinsk Meteorite: 8.9 Gram Individual,36,2016-09-10,8.9,4.04,WorthPoint
chelyabinsk,"Chelyabinsk, Russia 0.3g LL5 Whole Stone In Display Box By Meteorite Men Steve",19.99,2016-09-09,0.3,66.63,WorthPoint
chelyabinsk,Kuznetsov Traktor Chelyabinsk Jersey Size Large,49,2016-09-08,,,WorthPoint
chelyabinsk,"Lot Of Mineral Crystal Rocks: Amazonite, Smoky Quartz, Pegmatite. Roughly 350 Gr",18.5,2016-09-06,350,0.05,WorthPoint
chelyabinsk,Chelyabinsk Meteorite: 7.8 Gram Individual,29,2016-09-03,7.8,3.72,WorthPoint
chelyabinsk,"HC Traktor Chelyabinsk ""Vintage Style"" KHL Russian Hockey Cap Hat, FlexFit",35,2016-08-31,,,WorthPoint
chelyabinsk,1.99 Grams Chelyabinsk Meteorite Class (LL5) Crusted Fragment Fell Russia 2014,13,2016-08-25,1.99,6.53,WorthPoint
chelyabinsk,"HC Traktor Chelyabinsk ""Draft Center Ice"" KHL Russian Hockey Cap Hat, FlexFit",30,2016-08-24,,,WorthPoint
chelyabinsk,Chelyabinsk Meteorite: 9.0 Gram Polished End Cut,28.01,2016-08-20,9,3.11,WorthPoint
chelyabinsk,"Soviet Union. Chelyabinsk 240th Anniversary Medal, 1976",10,2016-08-14,,,WorthPoint
chelyabinsk,Traktor Chelyabinsk Hockey Jersey,20.5,2016-08-09,,,WorthPoint
chelyabinsk,"CHELYABINSK Meteorite, Fresh 6.02g Individual, Famous Russian Fall, Feb 15, 2013",35,2016-08-07,6.02,5.81,WorthPoint
chelyabinsk,Cluster Ural Russian Lemurian Ice Quartz Crystal Aquarius Clarity Balance #12,129.99,2016-08-06,,,WorthPoint
chelyabinsk,Vintage Russian Vasily Laptev 1918-1995 Landscape Painting Chelyabinsk Listed,200,2016-08-04,,,WorthPoint
chelyabinsk,Chelyabinsk Meteorite: 4.4 Gram Polished End Cut,15.5,2016-08-02,4.4,3.52,WorthPoint
chelyabinsk,Chelyabinsk Meteorite: 6.3 Gram Individual,19.5,2016-07-30,6.3,3.1,WorthPoint
chelyabinsk,1995-98 Uhl Ahl Ihl Del Khl Flint Generals Andrei Mezin Game Worn Hockey Jersey,250,2016-07-29,,,WorthPoint
chelyabinsk,Traktor Chelyabinsk Flanigan #40 KHL Replica Russian Hockey Jersey,74.99,2016-07-28,,,WorthPoint
chelyabinsk,Chelyabinsk Meteorite: 1.9 Gram Polished End Cut,15.5,2016-07-26,1.9,8.16,WorthPoint
chelyabinsk,Ottawa Senators Sergei Gonchar Team Issued St. Patrick's Day Warm Up Jersey,109.5,2016-07-24,,,WorthPoint
chelyabinsk,Chelyabinsk Meteorite: 6.9 Gram Individual,19.38,2016-07-16,6.9,2.81,WorthPoint
chelyabinsk,Chelyabinsk Meteorite: 7.1 Gram Individual,26,2016-07-12,7.1,3.66,WorthPoint
chelyabinsk,1.77 Grams Chelyabinsk Meteorite Class (LL5) Crusted Fragment Fell Russia 2014,13,2016-07-06,1.77,7.34,WorthPoint
chelyabinsk,Chelyabinsk Meteorite: 3.1 Gram Polished End Cut,15.5,2016-07-05,3.1,5,WorthPoint
chelyabinsk,Chelyabinsk Meteorite: 5.0 Gram Individual,10.75,2016-06-28,5,2.15,WorthPoint
chelyabinsk,Phantom Ural Russian Lemurian Ice Quartz Crystal Aquarius Clarity Balance #11,59.99,2016-06-27,,,WorthPoint
chelyabinsk,18thC Antique 3ct Iolite Medieval Water Sapphire Viking Norse Solar Navigation,199.99,2016-06-23,0.6,333.32,WorthPoint
chelyabinsk,18thC Antique 2¬æct Iolite Ancient Medieval Viking Norse Solar Navigational Aid,179.99,2016-06-23,,,WorthPoint
chelyabinsk,"Russian""Reading For Babies"" (""Chtenie S Pelenok""). Super Set For Teaching Readin",250,2016-06-21,,,WorthPoint
chelyabinsk,Chelyabinsk Meteorite: 8.6 Gram Individual,24.5,2016-06-18,8.6,2.85,WorthPoint
chelyabinsk,Chelyabinsk Meteorite: 8.0 Gram Individual,16.71,2016-06-11,8,2.09,WorthPoint
chelyabinsk,2006 AHL ALL-Star Game Filip Novak AHL 70th Game Worn Jersey KHL,124.95,2016-06-08,,,WorthPoint
chelyabinsk,"1st Edition Rare Hans Fex Large Minimuseum, 33 Specimens & Guide #1547 SOLD OUT",1250,2016-06-01,,,WorthPoint
chelyabinsk,Chelyabinsk Meteorite: 3.0 Gram Individual,11.08,2016-05-31,3,3.69,WorthPoint
chelyabinsk,–ú–µ—Ç–µ–æ—Ä–∏—Ç Meteorite DEEP HAIRY RADIAL FLOWLINES ORIENTED CHELYABINSK RUSSIA 7.51,300,2016-05-29,,,WorthPoint
chelyabinsk,1.92 Gram Chelyabinsk Meteorite. Beautiful - Awesome!!! CH01,19.99,2016-05-29,1.92,10.41,WorthPoint
chelyabinsk,NEW Caps For Sale Big Book By Esphyr Slobodkina Paperback Book (English) Free Sh,20.95,2016-05-28,,,WorthPoint
chelyabinsk,Chelyabinsk Meteorite Silver Coin Cook Islands 2013,149.99,2016-05-22,,,WorthPoint
chelyabinsk,Los Angeles Kings 2014 Team COMPLETE Signed 16x20 Stanley Cup Photo COA,429.95,2016-05-22,,,WorthPoint
chelyabinsk,Chelyabinsk Meteorite: 9.1 Gram Individual,31.99,2016-05-21,9.1,3.52,WorthPoint
chelyabinsk,"RUSSIA, 1909. Picture Post Card 75, TPO 124, Chelyabinsk - Riga",12.5,2016-05-18,,,WorthPoint
chelyabinsk,Chelyabinsk Meteorite: 4.3 Gram Polished End Cut,13.39,2016-05-14,4.3,3.11,WorthPoint
chelyabinsk,FULL NEW 12oz 355ml American Old-Style Can Diet Pepsi USA 2005,12.99,2016-05-10,340.2,0.04,WorthPoint
chelyabinsk,Chelyabinsk Meteorite: 3.4 Gram Individual,11.61,2016-05-03,3.4,3.41,WorthPoint
chelyabinsk,Chelyabinsk Meteorite: 7.9 Gram Individual,25,2016-04-30,7.9,3.16,WorthPoint
chelyabinsk,"Animal ""BEAR"" Carved Stone Figurine",65,2016-04-25,,,WorthPoint
chelyabinsk,Russian Molinija Pocket Watch CCCP KGB Secret Police Replica 18 Jewels #3602,73.5,2016-04-24,,,WorthPoint
chelyabinsk,Chelyabinsk Meteorite: 7.3 Gram Polished End Cut,32.33,2016-04-23,7.3,4.43,WorthPoint
chelyabinsk,Traktor Chelyabinsk Kuznetsov #84 2013-14 KHL Prof. Sub. Russian Hockey Jersey,109.99,2016-04-16,,,WorthPoint
chelyabinsk,Chelyabinsk Meteorite: 12.6 Gram Individual,41.01,2016-04-16,12.6,3.25,WorthPoint
chelyabinsk,Mini Museum 1st Edition Rare Large Minimuseum 33 Specimens And Physical Guide,970,2016-04-15,,,WorthPoint
chelyabinsk,Ural Russian Lemurian Ice Quartz Crystal Aquarius Clarity Emotional Balance #8B,54.99,2016-04-11,,,WorthPoint
chelyabinsk,FULL NEW Mountain Dew Diet Super Nova (Strawberry Melon Ginseng) Ltd Ed USA 2011,15.99,2016-04-11,,,WorthPoint
chelyabinsk,"Chelyabinsk, Russia 0.7g LL5 Whole Stone In Display Box By Meteorite Men Steve",39.99,2016-04-09,0.7,57.13,WorthPoint
chelyabinsk,Chelyabinsk Meteorite: 2.4 Gram Oriented Individual,13.08,2016-04-02,2.4,5.45,WorthPoint
chelyabinsk,"NEW! Chelyabinsk Meteorite LL5, Recent Fall, Russia, One Individual 21.7 Gram",36.01,2016-03-31,21.7,1.66,WorthPoint
chelyabinsk,Tamiya 1/35 Scale Russian T34/76 Chtz Plastic Model Kit Brand New 35149,29.97,2016-03-29,,,WorthPoint
chelyabinsk,Traktor Chelyabinsk Kuznetsov #92 2009-2010 KHL Replica Russian Hockey Jersey,79.99,2016-03-29,,,WorthPoint
chelyabinsk,Chelyabinsk Meteorite: 9.5 Gram Individual,29,2016-03-26,9.5,3.05,WorthPoint
chelyabinsk,Meteorite Chelyabinsk LL5 - 2013 Witnessed Fall - CHY-0004 - 20.98g Fusion Crust,209.8,2016-03-24,20.98,10,WorthPoint
chelyabinsk,Chelyabinsk LL5 Meteorite 16.30g Russian Fall Stone W/ Fresh Fusion Crust,102.5,2016-03-19,16.3,6.29,WorthPoint
chelyabinsk,Chelyabinsk Meteorite: 4.8 Gram Individual,21.5,2016-03-12,4.8,4.48,WorthPoint
chelyabinsk,"Chondrite Meteorite, Chelyabinsk, Russia",12.99,2016-03-02,,,WorthPoint
chelyabinsk,"15.7g 1"" Fine BLUE AMAZONITE Crystal, Great Shape, Colorado, USA",20,2016-02-27,15.7,1.27,WorthPoint
chelyabinsk,"Chelyabinsk, Russia 0.9g LL5 Whole Stone In Display Box By Meteorite Men Steve",49.99,2016-02-26,0.9,55.54,WorthPoint
chelyabinsk,"KUNASHAK L-6 CHONDRITE, OBSERVED 1949 RUSSIAN FALL, METEORITE 4.634 Gr. SLICE",80,2016-02-24,4.634,17.26,WorthPoint
chelyabinsk,"Chelyabinsk, Russia LL5 Chondrite Part Slice In Slab By Meteorite Men Steve",14.99,2016-02-24,,,WorthPoint
chelyabinsk,Meteorite Chelyabinsk LL5 - 2013 Witnessed Fall - CHY-0001 - 12.29g Fusion Crust,122.9,2016-02-22,12.29,10,WorthPoint
chelyabinsk,Flames Of War TWO Soviet SU060 T-34 Obr 1942 Tanks (Chelyabinsk) ML War 15mm,13.83,2016-02-21,,,WorthPoint
chelyabinsk,Chelyabinsk Meteorite: 3.3 Gram Lot,20.5,2016-02-20,3.3,6.21,WorthPoint
chelyabinsk,Chelyabinsk Meteorite: 8.2 Gram Polished End Cut,28.33,2016-02-13,8.2,3.45,WorthPoint
chelyabinsk,Chelyabinsk Meteorite*** Orientation With Spikes!***15.4grams-Last Chance!,140,2016-02-11,15.4,9.09,WorthPoint
chelyabinsk,Ural Russian Lemurian Ice Quartz Crystal Aquarius SS Pendant Balance #4,64.99,2016-02-10,,,WorthPoint
chelyabinsk,Chelyabinsk Meteorite: 8.3 Gram Individual,25.01,2016-02-06,8.3,3.01,WorthPoint
chelyabinsk,"Vintage Russian Ussr Military Conversion Desk, Mantle, Table Clock Chelyabinsk",17.2,2016-02-02,,,WorthPoint
chelyabinsk,Chelyabinsk Meteorite: 2.0 Gram Individual,10.04,2016-02-02,2,5.02,WorthPoint
chelyabinsk,Tamiya 35149 World War II Soviet Army T-34/76 ChTZ 1/35 Scale Plastic Model Kit,17.95,2016-02-01,,,WorthPoint
chelyabinsk,Large Mini Museum By Hans Fex 1st Edition,1290,2016-01-31,,,WorthPoint
chelyabinsk,Chelyabinsk Meteorite: 6.6 Gram Individual,28,2016-01-30,6.6,4.24,WorthPoint
chelyabinsk,84.73 Grams!! Chelyabinsk LL5 Chondrite Meteorite- Individual Of Historic Fall,249.99,2016-01-25,84.73,2.95,WorthPoint
chelyabinsk,Antique 19thC 1ct Topaz Ancient Egypt Magic Stone Of Ra Gemstone,39.99,2016-01-19,0.2,199.95,WorthPoint
chelyabinsk,18thC Antique ¬æct+ Siberian Emerald Ancient Egypt Greek Gem Of Fertility Rebirth,89.99,2016-01-19,,,WorthPoint
chelyabinsk,Chelyabinsk Meteorite: 15.8 Gram Individual,68.99,2016-01-16,15.8,4.37,WorthPoint
chelyabinsk,Vintage Authentic Russia Traktor Chelyabinsk #55 Khl Jersey Sz 54,19.99,2016-01-12,,,WorthPoint
chelyabinsk,17thC Antique ¬Ωct Carnelian Ancient Sumerian Babylonian Minoan Phoenician Jewels,23.99,2015-12-28,,,WorthPoint
chelyabinsk,"Kunashak Meteorite - *Russian FALL, HAMMER, 1949 - Ribeca Meteorite Collection",70,2015-12-28,,,WorthPoint
chelyabinsk,:) Anastasia Collection :) Ural Ilmenite Crystal In Fuchsite Matrix From Russia,31.99,2015-12-24,,,WorthPoint
chelyabinsk,Chelyabinsk Meteorite: 3.3 Gram Individual,22.5,2015-12-19,3.3,6.82,WorthPoint
chelyabinsk,Chelyabinsk Meteorite: 14.2 Gram Individual,65,2015-12-12,14.2,4.58,WorthPoint
chelyabinsk,36¬Ωct Russian Handcut Bolivian Amethyst-Citrine Ametrine Sterling Ring,399.99,2015-12-11,,,WorthPoint
chelyabinsk,"Hi-Quality 16"" Greek Black Leather Cord Brass Ends For Ancient Pendants Amulets",16.99,2015-12-05,,,WorthPoint
chelyabinsk,19thC Antique 2ct+ Tiger's-Eye Roman Legionary Lion Hawk Talisman Courage Fight,99.99,2015-12-03,0.4,249.97,WorthPoint
chelyabinsk,18thC Antique 3¬Ωct Iolite Medieval Water Sapphire Viking Norse Solar Navigation,199.99,2015-12-03,,,WorthPoint
chelyabinsk,Handcrafted 28ct Topaz Medieval German Travel Fire Danger Falcon Engraved Amulet,299.99,2015-11-27,5.6,53.57,WorthPoint
chelyabinsk,Antique Pearl Sterling Studs Ancient Persia Angel Tears Earrings,34.99,2015-11-25,,,WorthPoint
chelyabinsk,Elegant Silver Pewter Egyptian Ankh Ancient Egypt Amuletic Eternal Life Symbol,19.99,2015-11-25,,,WorthPoint
chelyabinsk,19thC Antique 19ct Rose Quartz Roman-Assyrian Love Gem,21.99,2015-11-24,3.8,5.79,WorthPoint
chelyabinsk,19thC Antique 35 3/4ct Turquoise Egypt Royalty Tutankhamen 14kt GoldFill Pendant,59.99,2015-11-24,0.8,74.99,WorthPoint
chelyabinsk,19thC Antique ¬Ωct Tourmaline Mystic Medieval Shamans Alchemists Gem Ancient Rome,89.99,2015-11-23,,,WorthPoint
chelyabinsk,FRESH 4.43 Gram Chelyabinsk Meteorite - FANTASTIC - 100% Crusted SPECIMEN,120,2015-11-22,4.43,27.09,WorthPoint
chelyabinsk,19thC Antique 1¬Ωct Apatite Gem Of Ancient Athletes + Warriors Muscle Talisman,169.99,2015-11-21,,,WorthPoint
chelyabinsk,Antique Australian Black Opals Aborigine Desert Fire Maya Aztec Bird Of Paradise,129.99,2015-11-20,,,WorthPoint
chelyabinsk,"Genuine ""Official Kremlin Russian Style"" Cigarettes Unopened Box Siberia Russia",21.99,2015-11-17,,,WorthPoint
chelyabinsk,Gorgeous Antique 1950's Brass + Copper Locket Pendant,32.99,2015-11-16,,,WorthPoint
chelyabinsk,"Antique Handcut Raspberry Rhodolite European Gypsy ""Bohemian Ruby"" ""Cape Ruby""",29.99,2015-11-15,,,WorthPoint
chelyabinsk,Chelyabinsk Meteorite: 11.4 Gram Individual,56.99,2015-11-14,11.4,5,WorthPoint
chelyabinsk,Traktor Chelyabinsk Kuznetsov #92 2009-10 KHL Replica Russian Hockey Jersey,74.99,2015-11-10,,,WorthPoint
chelyabinsk,Russia 3 Rubles 2014 Judo Championship Ag 1 Oz PROOF,79,2015-11-08,28.35,2.79,WorthPoint
chelyabinsk,Chelyabinsk LL5 Meteorite 16.42g Fresh Oriented Russian Fall Stone,119.5,2015-11-07,16.42,7.28,WorthPoint
chelyabinsk,19thC Antique ¬Ωct+ Multi-Color Siberian Andalusite Orthodox Russian Monk Rosary,99.99,2015-11-04,,,WorthPoint
chelyabinsk,Andrei Nikolishin's 2002-03 Chicago Black Hawks Game-Worn Jersey - Team Repairs!,473.22,2015-11-03,,,WorthPoint
chelyabinsk,Amazonite ~ Indo-china ~ Gorgeous Green / Swirls ~ 1 ~,18.27,2015-10-14,,,WorthPoint
chelyabinsk,2013 Proof Cook Islands Sterling Silver $5 Chelyabinsk Meteorite Coin,102.51,2015-10-09,,,WorthPoint
chelyabinsk,Modern Chess Opening - Sicilian Defense (1.e4 C5) - VOLUME 3 Chess,19.98,2015-10-06,,,WorthPoint
chelyabinsk,1/43 Chevy Astro II Mebetoys Mattel Remake Russian USSR Diecast Toy Model Car,49.99,2015-10-06,,,WorthPoint
chelyabinsk,Antique Australian Semi-Black Opal Ancient World Danger Amulet Shaman Past Lives,99.99,2015-10-06,,,WorthPoint
chelyabinsk,Campo Del Cielo Meteorite With Stand,2125,2015-10-04,,,WorthPoint
chelyabinsk,Amazonite ~ Indo-china ~ Gorgeous Green / Swirls ~ 6 ~,10.26,2015-10-04,,,WorthPoint
chelyabinsk,Sparkling Handcrafted Purple-Blue Tanzanite Kilamanjaro Tanzania Africa Sterling,139.99,2015-10-04,,,WorthPoint
chelyabinsk,"Russian Chess Book Signed Grandmaster A. Panchenko. ""Chess In Chelyabinsk"". 1985",51,2015-09-26,,,WorthPoint
chelyabinsk,Chelyabinsk Meteorite Silver Coin - Cook Islands 2013,129.99,2015-09-24,,,WorthPoint
chelyabinsk,Classic Open Face MOLNIJA USSR Soviet Mechanical Retro Russia Pocket Watch 3602,38.3,2015-09-02,,,WorthPoint
chelyabinsk,Amazonite ~ Indo-china ~ Gorgeous Green / Swirls ~ 4 ~,10.58,2015-08-23,,,WorthPoint
chelyabinsk,"Very Rare USSR Pocket Watch Molnija ""History Of Coats Of Arms Russia"" (1991)",14.03,2015-08-16,,,WorthPoint
chelyabinsk,"RUSSIA, 1915. Post Card 75, TPO 167, Chelyabinsk-Omsk",43.25,2015-08-13,,,WorthPoint
chelyabinsk,"Small Collection Of Meteorites, Impactite, Book Etc",31.26,2015-08-13,,,WorthPoint
chelyabinsk,Trumpeter 1:35 Chelyabinsk ChTZ S-65 Soviet Military Tractor 5538,30.93,2015-08-09,,,WorthPoint
chelyabinsk,Rare Vintage Russian MOLNIJA FIREBIRD Soviet Pocket Watch USSR CCCP 3602 VGC,46.78,2015-08-05,,,WorthPoint
chelyabinsk,Rare Vintage Russian MOLNIJA Hunter Case Soviet Pocket Watch USSR CCCP 3602 VGC,38.98,2015-08-05,,,WorthPoint
chelyabinsk,Rare Vintage Russian MOLNIJA Precision Soviet Pocket Watch USSR CCCP 3602 EXC,62.4,2015-08-03,,,WorthPoint
chelyabinsk,Cook Islands 2013 5$ Chelyabinsk Meteorite Proof Silver Coin,99,2015-08-01,,,WorthPoint
chelyabinsk,2013 Cook Islands $5 Chelyabinsk Meteorite 20g. Silver Proof Coin In Tin W/ COA,129.99,2015-07-26,20,6.5,WorthPoint
chelyabinsk,Vintage Russian Soviet Oil Painting Landscape 1970 Mishin Non Conformist Siberia,599,2015-07-26,,,WorthPoint
chelyabinsk,RUSSIA. 1915. WW1. DOUBLE CENSORED POW 3k POSTCARD. CHELYABINSK TO GERMANY.,21.79,2015-07-22,,,WorthPoint
chelyabinsk,Slavic MOLNIJA USSR Soviet Mechanical Retro Russia Full Hunter Pocket Watch 3602,46.75,2015-07-17,,,WorthPoint
chelyabinsk,"Vintage Soviet ""MOLNIJA"" RARE LOCOMOTIVE Pocket Watch Made In Russia USSR",38.91,2015-07-15,,,WorthPoint
chelyabinsk,Russia USSR 1942 A Cover From Frunze To Chelyabinsk Franked W/ 2x Navoi 30 Kop.,39,2015-07-04,,,WorthPoint
chelyabinsk,Floral MOLNIJA USSR Soviet Mechanical Retro Russia Full Hunter Pocket Watch 3602,47.18,2015-06-29,,,WorthPoint
chelyabinsk,1:72 Fabbri Soviet BMP-1 (Infantry Fighting Machines) Mod & Mag ‚Ññ14 Russian Tank,18.85,2015-06-25,,,WorthPoint
chelyabinsk,Spitsbergen Token 2013 Chelyabinsk Meteorite UNC,15,2015-06-23,,,WorthPoint
chelyabinsk,Chelyabinsk Russia Meteorite Coin Medallic Limited Edition 2000 Numbered,32.98,2015-06-14,,,WorthPoint
chelyabinsk,Soviet Watch For Military Photo-video-camera-gun –ß–ß–ó Chelyabinsk Watch Factory,53.41,2015-05-30,,,WorthPoint
chelyabinsk,Spitsbergen Arktikugol 2013 Token Coin Chelyabinsk Meteorite Explosion Scarce,75,2015-04-26,,,WorthPoint
chelyabinsk,1907 Postcard With 3k 'Arms' Stamp And SAMARA 123 CHELYABINSK Oval TPO Marks,10,2015-04-16,,,WorthPoint
chelyabinsk,"RUSSIA, 10 Ruble 2014, Full Set 16 Coins, Brass Galvanized Steel. Bi-Metallic",13,2015-04-02,,,WorthPoint
chelyabinsk,"Rare 2013 Cook Is.Large Color Silver $5 Chelyabinsk Meteorite ,gift Box",129.95,2015-03-05,,,WorthPoint
chelyabinsk,"Russia Is A Complete Set Of Coins 10 Rubles Bimetal With 2000-2014, 105 Coins!!!",187,2015-02-07,,,WorthPoint
chelyabinsk,"Spitsbergen Svalbard 10,25,50,100 Rubles, 1993 Year, 4 Coins UNC –®–ø–∏—Ü–±–µ—Ä–≥–µ–Ω",35,2015-02-06,,,WorthPoint
chelyabinsk,Spitzbergen Spitsbergen Svalbard 10 Roubles 2003 Chelyabinsk Meteorite,40,2015-02-01,,,WorthPoint
chelyabinsk,SOVIET USSR RUSSIAN MILITARY TANK T-34 CLOCK Cockpit Panel 1950 S Chelyabinsk,19.99,2014-11-27,,,WorthPoint
chelyabinsk,"CHELYABINSK METEORITE RUSSIA 3,6g",23.5,2014-11-27,6,3.92,WorthPoint
chelyabinsk,"Meteorite CHELYABINSK, Russia, A Nice Well Shaped 4.26 Gr Individual",43,2014-11-27,4.26,10.09,WorthPoint
chelyabinsk,"Meteorite CHELYABINSK, Russia, A Nice Well Shaped 1.35 Gr Individual",15,2014-11-27,1.35,11.11,WorthPoint
chelyabinsk,CHELYABINSK METEORITE RUSSIA 0.384 G,12,2014-11-27,0.384,31.25,WorthPoint
chelyabinsk,"Meteorite CHELYABINSK, Russia, A Nice Well Shaped 22.83 Gr Individual Oriented!",441,2014-11-27,22.83,19.32,WorthPoint
chelyabinsk,"Meteorite Chelyabinsk Chebarkul Chondrite LL5 0,76 Gram With Gift Wrap Packagin",43,2014-11-27,76,0.57,WorthPoint
chelyabinsk,"Meteorite CHELYABINSK, Russia, A Nice Well Shaped 3.73 Gr Individual",11,2014-11-26,3.73,2.95,WorthPoint
chelyabinsk,"Meteorite CHELYABINSK, Russia, A Nice Well Shaped 1.02 Gr Individual Oriented!",10,2014-11-26,1.02,9.8,WorthPoint
chelyabinsk,Trumpeter 00360 Russia KV-1 Model 1942 Lightweight Cast Tank Plastic Kit Wl8 Mh,16.65,2014-11-26,,,WorthPoint
chelyabinsk,"Meteorite CHELYABINSK, Russia, A Nice Well Shaped 5.68 Gr Individual",160.8,2014-11-26,5.68,28.31,WorthPoint
chelyabinsk,"Meteorite CHELYABINSK, Russia, A Nice Well Shaped 8.70 Gr Individual",22.5,2014-11-26,8.7,2.59,WorthPoint
chelyabinsk,"Meteorite CHELYABINSK RUSSIA 3,9g",18,2014-11-26,9,2,WorthPoint
chelyabinsk,"METEORITE CHELYABINSK 19,2gr",130,2014-11-26,2,65,WorthPoint
chelyabinsk,"CHELYABINSK METEORITE 2,3gr Individual",12.87,2014-11-26,3,4.29,WorthPoint
chelyabinsk,"Meteorite CHELYABINSK, Russia, A Nice Well Shaped 5.75 Gr Individual",49,2014-11-26,5.75,8.52,WorthPoint
chelyabinsk,"Meteorite CHELYABINSK, Russia, A Nice Well Shaped 2.90 Gr Individual Oriented",59,2014-11-25,2.9,20.34,WorthPoint
chelyabinsk,*** Meteorite Chelyabinsk (LL5) - 4.34 G ***,29.5,2014-11-25,4.34,6.8,WorthPoint
chelyabinsk,"CHELYABINSK METEORITE RUSSIA 40,0g Oriented Individual",370,2014-11-25,,,WorthPoint
chelyabinsk,*** Meteorite Chelyabinsk (LL5) - 9.37 G ***,47.96,2014-11-25,9.37,5.12,WorthPoint
chelyabinsk,"Meteorite CHELYABINSK, Russia, A Nice Well Shaped 9.36 Gr Individual",75,2014-11-25,9.36,8.01,WorthPoint
chelyabinsk,Chelyabinsk RUSSIA 2013 Meteor Event- Nice Looking METEORITE Fragment,12,2014-11-25,,,WorthPoint
chelyabinsk,"Meteorite CHELYABINSK, Russia, A Nice Well Shaped 2.65 Gr Individual",21,2014-11-25,2.65,7.92,WorthPoint
chelyabinsk,"Meteorite CHELYABINSK, Russia, A Nice Well Shaped 2.57 Gr Individual Oriented",21,2014-11-24,2.57,8.17,WorthPoint
chelyabinsk,Chelyabinsk Meteorite Display - Historic Russian Fireball And Shockwave,21,2014-11-24,,,WorthPoint
chelyabinsk,"METEORITE CHELYABINSK 10,8gr",47,2014-11-24,8,5.88,WorthPoint
chelyabinsk,"CHELYABINSK METEORITE RUSSIA 2,3g Individual Set",45,2014-11-24,3,15,WorthPoint
chelyabinsk,"Meteorite CHELYABINSK RUSSIA 2,4g",10,2014-11-24,4,2.5,WorthPoint
chelyabinsk,"CHELYABINSK METEORITE 8,1gr TOP",53.5,2014-11-24,1,53.5,WorthPoint
chelyabinsk,"Meteorite Chelyabinsk, Chondrite LL5, Complete Stone 3,5 G, Recent Fall, Russia",21,2014-11-23,5,4.2,WorthPoint
chelyabinsk,"Meteorite Chelyabinsk Individual, Oriented, Very Interesting 19,5 G.",163.16,2014-11-23,5,32.63,WorthPoint
chelyabinsk,"Meteorite Chelyabinsk Individual, Oriented 6,3 G",82.11,2014-11-23,3,27.37,WorthPoint
chelyabinsk,"Meteorite CHELYABINSK, Russia, A Nice Well Shaped 36.80 Gr Individual",29,2014-11-23,36.8,0.79,WorthPoint
chelyabinsk,RUSSIA. 1907. Postcard To PARIS Franked On Picture Side,45,2014-11-22,,,WorthPoint
chelyabinsk,Chelyabinsk Meteorite 2013. Weight 7.12 Grams. Size 27 Mm,11,2014-11-22,7.12,1.54,WorthPoint
chelyabinsk,Train MOLNIJA Mechanical Open Face Pocket Watch USSR Soviet Retro Russia C.3602,62.7,2014-11-22,,,WorthPoint
chelyabinsk,"SCHEELITE CRYSTALS ON MATRIX FROM Gumbeika, RUSSIA !!!",21.5,2014-11-21,,,WorthPoint
chelyabinsk,"CHELYABINSK METEORITE RUSSIA 4,7g Individual",53,2014-11-21,7,7.57,WorthPoint
chelyabinsk,"Meteorite Chelyabinsk, 4.6g Complete Specimen With Nice Crust",20.56,2014-11-19,4.6,4.47,WorthPoint
chelyabinsk,"Meteorite Chelyabinsk, 4.54g Slice With Great Crust And Matrix",24.5,2014-11-19,4.54,5.4,WorthPoint
chelyabinsk,"Meteorite Chelyabinsk, 5.29g Endcut With Great Crust And Matrix",36,2014-11-19,5.29,6.81,WorthPoint
chelyabinsk,"CHELYABINSK METEORITE RUSSIA 2,0g Individual",16.5,2014-11-19,,,WorthPoint
chelyabinsk,"Meteorite CHELYABINSK, Russia, A Nice Well Shaped 7.53 Gr Individual",51,2014-11-18,7.53,6.77,WorthPoint
chelyabinsk,"Meteorite CHELYABINSK, Russia, A Nice Well Shaped 19.35 Gr Individual",99,2014-11-18,19.35,5.12,WorthPoint
chelyabinsk,"CHELYABINSK METEORITE RUSSIA 1,3g Oriented",30,2014-11-18,3,10,WorthPoint
chelyabinsk,"Czarist Russian, Bebut Artillery Kinjal Short Sword: Marked Zlatoust 1916",340,2014-11-18,,,WorthPoint
chelyabinsk,"CHELYABINSK METEORITE RUSSIA 4,4g Individual Set",48,2014-11-18,4,12,WorthPoint
chelyabinsk,Chelyabinsk Meteorite***super Foamy Fusion Crust- 7.38 Grams,48.01,2014-11-17,7.38,6.51,WorthPoint
chelyabinsk,Chelyabinsk Meteorite- 23.22 Grams Fully Crusted Individual,61,2014-11-17,23.22,2.63,WorthPoint
chelyabinsk,"Meteorite CHELYABINSK, Russia, A Nice Well Shaped 1.74 Gr Individual",18,2014-11-17,1.74,10.34,WorthPoint
chelyabinsk,"Meteorite CHELYABINSK, Russia, A Nice Well Shaped 16.18 Gr Individual",109,2014-11-17,16.18,6.74,WorthPoint
chelyabinsk,"Meteorite CHELYABINSK, Russia, A Nice Well Shaped 4.84g Individual",18.1,2014-11-17,4.84,3.74,WorthPoint
chelyabinsk,"Meteorite CHELYABINSK, Russia, A Nice Well Shaped 11.68 Gr Individual",123.5,2014-11-17,11.68,10.57,WorthPoint
chelyabinsk,"Meteorite CHELYABINSK, Russia, A Nice Well Shaped 2.15 Gr Individual",21,2014-11-17,2.15,9.77,WorthPoint
chelyabinsk,"Meteorite CHELYABINSK, Russia, A Nice Well Shaped 2.42 Gr Individual",17.05,2014-11-16,2.42,7.05,WorthPoint
chelyabinsk,Chelyabinsk LL5 Meteorite 2.7 Gram Fresh Crusted Individual Fall 2-15-2013,19.99,2014-11-16,2.7,7.4,WorthPoint
chelyabinsk,"CHELYABINSK METEORITE RUSSIA 2,9g Individual",19,2014-11-16,9,2.11,WorthPoint
chelyabinsk,"Meteorite Chelyabinsk, Chondrite LL5, 3 Fresh Fragments 2,15 G, Russia",15.77,2014-11-16,15,1.05,WorthPoint
chelyabinsk,"Meteorite Chelyabinsk, Chondrite LL5, Fresh Fragment 3,08 G, Recent Fall, Russia",16.27,2014-11-16,8,2.03,WorthPoint
chelyabinsk,"Meteorite Chelyabinsk Individual 200,0 G",930,2014-11-16,,,WorthPoint
chelyabinsk,"CHELYABINSK METEORITE RUSSIA 6,5g Individual Set",37,2014-11-16,5,7.4,WorthPoint
chelyabinsk,"CHELYABINSK METEORITE RUSSIA 4,3g Individual",30,2014-11-16,3,10,WorthPoint
chelyabinsk,"CHELYABINSK METEORITE RUSSIA 1,1g Oriented",10.5,2014-11-16,1,10.5,WorthPoint
chelyabinsk,Grouse MOLNIJA USSR Soviet Mechanical Retro Russia Full Hunter Pocket Watch,46.92,2014-11-16,,,WorthPoint
chelyabinsk,"CHELYABINSK METEORITE RUSSIA 7,2g",64.5,2014-11-15,2,32.25,WorthPoint
chelyabinsk,"CHELYABINSK METEORITE RUSSIA 1,8g Individual",10.5,2014-11-15,8,1.31,WorthPoint
chelyabinsk,"CHELYABINSK METEORITE RUSSIA 23,1g Individual",217.5,2014-11-15,1,217.5,WorthPoint
chelyabinsk,"CHELYABINSK METEORITE 13,2gr TOP",70,2014-11-15,2,35,WorthPoint
chelyabinsk,"CHELYABINSK METEORITE RUSSIA 19,2g Individual",163,2014-11-15,2,81.5,WorthPoint
chelyabinsk,"CHELYABINSK METEORITE RUSSIA 15,0g Individual",140,2014-11-15,,,WorthPoint
chelyabinsk,NEW 1/35 Tamiya 35149 T34/76 Chelyabinsk Tractor 1943,30.06,2014-11-13,,,WorthPoint
chelyabinsk,"Meteorite CHELYABINSK, Russia, A Nice Well Shaped 5.97 Gr Individual",24,2014-11-12,5.97,4.02,WorthPoint
chelyabinsk,"Meteorite CHELYABINSK, Russia, A Nice Well Shaped 5.86 Gr Individual",29,2014-11-12,5.86,4.95,WorthPoint
chelyabinsk,"Meteorite CHELYABINSK, Russia, A Nice Well Shaped 2.77 Gr Individual",27,2014-11-12,2.77,9.75,WorthPoint
chelyabinsk,"CHELYABINSK METEORITE RUSSIA 4,7g Oriented Set",52,2014-11-12,7,7.43,WorthPoint
chelyabinsk,Chelyabinsk Meteorite 1.2 Gram Individual!!,39,2014-11-12,1.2,32.5,WorthPoint
chelyabinsk,Chelyabinsk Meteorite Full Slice Amazing Breccia 57x35mm,132.5,2014-11-12,,,WorthPoint
chelyabinsk,Chelyabinsk Meteorite Full Slice Half Melt Half LL5 59x50mm Great Shock Veins,122.5,2014-11-12,,,WorthPoint
chelyabinsk,Reflective MOLNIJA USSR Soviet Mechanical Retro Russia Open Face Pocket Watch,47.6,2014-11-12,,,WorthPoint
chelyabinsk,HUGE Chelyabinsk Meteorite Full Slice 61x41mm Look At Those Shock Veins!,140.5,2014-11-12,,,WorthPoint
chelyabinsk,HUGE Chelyabinsk Meteorite Impact Melt Full Slice 77 By 46mm,109,2014-11-12,,,WorthPoint
chelyabinsk,Chelyabinsk Meteorite Full Slice Pebbles Of LL5 In A River Of Melt 24x19mm,64.25,2014-11-12,,,WorthPoint
chelyabinsk,HUGE Chelyabinsk Meteorite Full Slice Amazing Shock Veins 88x63mm,237.59,2014-11-12,,,WorthPoint
