material_slug,title,price_usd,sale_date,weight_grams,price_per_gram,source
cretaceous-boundary,"KT Boundary Sample From Canada...the \\\""Dinosaur Destruction\\\"" Evidence?",22,2026-01-08,,,WorthPoint
cretaceous-boundary,Cretaceous-Tertiary (K/T) Boundary From France - Cretaceous/Paleogene Extinction,12.5,2025-12-21,,,WorthPoint
cretaceous-boundary,Mini Museum Age Of Dinosaurs Large 32 Rare Specimens Hans Fex + LED Stand $499,183.5,2025-12-19,,,WorthPoint
cretaceous-boundary,Geology Paleontology Utah Colorado Cretaceous Tertiary Strata Book Cliffs Region,10,2025-12-05,,,WorthPoint
cretaceous-boundary,Cretaceous KT KP Boundary Hell Creek Charcoal & 5 Microtektites Spheroid Display,19.82,2025-11-30,,,WorthPoint
cretaceous-boundary,The Mistaken Extinction - Dinosaur Evolution And The Origin Of Birds,29,2025-11-20,,,WorthPoint
cretaceous-boundary,Geology Paleontology 1917 Cretaceous Tertiary Boundary Colorado Fossil Plants,21.99,2025-11-16,,,WorthPoint
cretaceous-boundary,3 Combined Lots! Rare Lozenge Torpedo Nodule + Multiple UK 140 MYA Wealden Amber,26.35,2025-11-10,,,WorthPoint
cretaceous-boundary,Geology Northern New Mexico Raton Basin 1924 Cretaceous Tertiary Boundary Strata,13.74,2025-11-04,,,WorthPoint
cretaceous-boundary,Geology Paleontology New Mexico 1916 San Juan Basin Bisti Badlands Fossils Chaco,24.5,2025-11-04,,,WorthPoint
cretaceous-boundary,Cretaceous KT KP Boundary Hell Creek BURN LAYER CHARCOAL 5 Pieces In Display X1,26.21,2025-11-02,,,WorthPoint
cretaceous-boundary,Cretaceous KT Boundary KP Clay Collection 6 Sites Iridium Burn End Of Dinosaurs,65.53,2025-11-01,,,WorthPoint
cretaceous-boundary,Geology Paleontology Colorado Plateau Co - Utah Borderlands Book Cliffs + Map,13.74,2025-10-31,,,WorthPoint
cretaceous-boundary,Baculites Fossil,219,2025-10-16,,,WorthPoint
cretaceous-boundary,Rare Cretaceous Fish Skull (Pachyrhizodus Minimus),2000,2025-10-07,,,WorthPoint
cretaceous-boundary,Alamosaurus Extinct Sauropod Large Dinosaur Bone Fossil In Display Box,41.99,2025-09-13,,,WorthPoint
cretaceous-boundary,"""Ichthyosaurs, Dinosaur Fish Lizard, Realistic, Toy, Figure, Gift, 3"""" CH492 BB154""",5.79,2025-09-06,,,WorthPoint
cretaceous-boundary,Polished Baculite Fossil – 396g Cretaceous Ammonite W/ Suture Detail,192.5,2025-09-01,396,0.49,WorthPoint
cretaceous-boundary,Geology Stratigraphy Tectonics Montana Gallitan County Livingston Area K-t Rocks,12.5,2025-08-26,,,WorthPoint
cretaceous-boundary,Alamosaurus Extinct Sauropod Dinosaur Bone Fossil In Display Case,25.99,2025-08-23,,,WorthPoint
cretaceous-boundary,Geology Paleontology 1924 New Mexico San Juan Basin Cretaceous Paleocene Strata,15,2025-08-21,,,WorthPoint
cretaceous-boundary,*RARE Polished Dinosaur Dino GemBone Bone Cretacous Texas Aguja Formation Pyrite,45,2025-08-17,,,WorthPoint
cretaceous-boundary,Geology Paleontology South & North Dakota Paleocene Marine Cannonball Fauna,10,2025-08-15,,,WorthPoint
cretaceous-boundary,Geology Paleontology South Dakota 1916 K-t Boundary Fort Union Formation Coal,12.5,2025-08-15,,,WorthPoint
cretaceous-boundary,Geology Paleontology New Mexico San Juan Basin Cretaceous Tertiary Boundary Rock,12.5,2025-08-15,,,WorthPoint
cretaceous-boundary,Geology Paleontology New Mexico San Juan Basin Paleocene Mammal Museum Bulletin,15,2025-08-12,,,WorthPoint
cretaceous-boundary,Geology Paleontology El Paso To Chihuahua 1969 Nm - Tx - Mexico Field Trip Guide,17.5,2025-08-05,,,WorthPoint
cretaceous-boundary,"""2.8"""" Zizyphoides Flabellum Fossil Plant Leaf Fort Union Glendive MT Paleocene""",67.99,2025-07-16,,,WorthPoint
cretaceous-boundary,Geology Paleontology 1889 1891 (7) Usgs Bulletins Virginia Pennsylvania Delaware,24.99,2025-06-22,,,WorthPoint
cretaceous-boundary,"""3"""" Beringiaphyllum Cupaniodes Fossil Plant Leaf Fort Union Glendive MT Paleocene""",155.99,2025-06-16,,,WorthPoint
cretaceous-boundary,Ammonite Fossil Mine Rough Nautiloid Cambrian Madagascar 3-5 Inch FJ24,14.24,2025-06-11,,,WorthPoint
cretaceous-boundary,Geology Paleontology Puerto Rico Cretaceous Tertiary Strata Sections Outcrops,10,2025-05-18,,,WorthPoint
cretaceous-boundary,Ammonite Fossil (3 In 1) Mine Rough Nautiloid Cambrian Madagascar 3-5 Inch FJ20,18.74,2025-05-10,,,WorthPoint
cretaceous-boundary,"Geology, New Jersey, 1888 Final Report Of State Geologist, Vol. I Topo, Climate,",64.99,2025-04-19,,,WorthPoint
cretaceous-boundary,USGS ALASKA GEOLOGY Large Report 192 Pages Mining Prospecting GOLD 1987 NICE!!,10,2025-04-03,,,WorthPoint
cretaceous-boundary,*RARE Polished Dinosaur GemBone Cretacous Texas Aguja Formation With Pyrite,28,2025-03-30,,,WorthPoint
cretaceous-boundary,*RARE Polished Dinosaur Rib GemBone Cretacous Texas Aguja Formation,38,2025-03-30,,,WorthPoint
cretaceous-boundary,Ammonite Fossil Mine Rough Nautiloid Cambrian Madagascar 4 Inch Nn1,16.49,2025-03-29,,,WorthPoint
cretaceous-boundary,Ammonite Fossil Mine Rough Nautiloid Cambrian Madagascar 4.5 Inch Nn5,16.49,2025-03-29,,,WorthPoint
cretaceous-boundary,Geology Paleontology Eastern New Mexico Field Guide Triassic - Cretaceous Strata,17.5,2025-03-27,,,WorthPoint
cretaceous-boundary,Geology Northwestern New Mexico San Juan Basin Cretaceous Tertiary Boundary,8,2025-03-27,,,WorthPoint
cretaceous-boundary,Geology Paleontology Nw New Mexico Cretaceous Tertiary Boundary Stratigraphy,8,2025-03-24,,,WorthPoint
cretaceous-boundary,"""1.9"""" Detailed Ginkgo Cranei Fossil Plant Leaf Morton County, ND Paleocene Age""",79.99,2025-03-22,,,WorthPoint
cretaceous-boundary,Authentic Vial Of Rare KT Boundary Material From Dinosaur Extinction Layer #3451,25,2025-02-21,,,WorthPoint
cretaceous-boundary,Geology Paleontology Montana Livingston Area Cretaceous Tertiary Boundary Strata,7.5,2025-01-21,,,WorthPoint
cretaceous-boundary,"""Cretacous Turtle/Croc Bone Shell Texas Aguja Formation 2.5"""" Display With Base""",38,2025-01-16,,,WorthPoint
cretaceous-boundary,Phosphorescent U.V. *RARE Polished Dinosaur Dino GemBone Bone Cretacous Texas,39,2024-12-03,,,WorthPoint
cretaceous-boundary,"Authentic KT Boundary Sample From Dinosaur Extinction Layer, Acrylic Case #4036",15,2024-11-29,,,WorthPoint
cretaceous-boundary,Geology Northeastern New Mexico Raton Basin 1924 Cretaceous Tertiary Strata,12.5,2024-11-06,,,WorthPoint
cretaceous-boundary,"""2.3"""" Celtis Aspera Hackberry Fossil Plant Leaf Fort Union Glendive MT Paleocene""",61.19,2024-11-04,,,WorthPoint
cretaceous-boundary,Geology Paleontology Northern California Jurassic Cretaceous Strata Buchia Zones,10,2024-11-01,,,WorthPoint
cretaceous-boundary,Geology Paleontology 1921 Usgs Volume K-t Boundary Cannonball Member Dakotas,7.5,2024-09-21,,,WorthPoint
cretaceous-boundary,"1.5"" Celtis Aspera Hackberry Fossil Plant Leaf Fort Union Glendive MT Paleocene",59.99,2024-07-14,,,WorthPoint
cretaceous-boundary,Geology South Dakota Black Hills Region Burdock Quadrangle (2) Maps Cretaceous,11.99,2024-05-11,,,WorthPoint
cretaceous-boundary,"Chicxulub ""Extinction Rock"" Asteroid Impact Beloc, Haiti Microslide",135,2024-05-08,,,WorthPoint
cretaceous-boundary,"5.3"" Taxodium Olrikii Fossil Plant Leaf Paleocene Age Fort Union FM Glendive MT",74.99,2024-04-27,,,WorthPoint
cretaceous-boundary,"61x K-T, Cretaceous-Tertiary BOUNDARY MASS DINOSAUR EXTINCTION, CHICXULUB CRATER",29.85,2024-02-29,,,WorthPoint
cretaceous-boundary,Cretaceous Tertiary Boundary Samples-- (K-T Boundary),17.99,2024-02-19,,,WorthPoint
cretaceous-boundary,"Fossil Sequoia Leaf Matching Plates - From Broadus, Mt - Mounted In Riker Box",11.11,2024-02-03,,,WorthPoint
cretaceous-boundary,"Ichthyosaurs, Dinosaur Fish Lizard, Realistic, Toy, Figure, Gift, 3"" CH492 BB154",5.79,2024-02-02,,,WorthPoint
cretaceous-boundary,Geology Paleontology South Dakota Cretaceous Dakota Formation Stratigraphy,12.99,2024-01-08,,,WorthPoint
cretaceous-boundary,Geology Paleontology Colorado Wyoming Cretaceous Dakota Group Front Range Region,16,2024-01-01,,,WorthPoint
cretaceous-boundary,"Tyrannosaurus Rex, T-Rex, Dinosaurs Coffee Mug Cup Big Bend Cretaceous Period",11.95,2023-12-12,,,WorthPoint
cretaceous-boundary,"7"" Davidia Antiqua, Sparganium Antiguum Fossil Plant Leaf MT Insect Predation",248.39,2023-12-06,,,WorthPoint
cretaceous-boundary,"3.6"" Equisetum Tubers Fossil Plant Fort Union FM Paleocene Age Montana Stand",86.39,2023-12-01,,,WorthPoint
cretaceous-boundary,KP BOUNDARY DINOSAUR SOIL SAMPLE EXTINCTION LAYER| 65MILLION YEARS OLD ￼2 1/2 Oz,19.99,2023-11-26,56.7,0.35,WorthPoint
cretaceous-boundary,Geology North Central Texas Permo-triassic Cretaceous Boundary Stratigraphy Rpt,16,2023-10-28,,,WorthPoint
cretaceous-boundary,"3.4"" Davidia Antiqua Fossil Plant Leaf Paleocene Age Fort Union FM Glendive MT",89.99,2023-10-15,,,WorthPoint
cretaceous-boundary,William Emory / Report On The United States And Mexican Boundary Survey 3 Vols,1200,2023-09-24,,,WorthPoint
cretaceous-boundary,GEOLOGY PALEONTOLOGY COLORADO NEW MEXICO CRETACEOUS GUIDEBOOK RATON BASIN Scarce,19.99,2023-09-18,,,WorthPoint
cretaceous-boundary,Geology Paleontology North-central Texas Cretaceous Boundary Stratigraphy,12.99,2023-08-23,,,WorthPoint
cretaceous-boundary,"Chicxulub ""Extinction Rock"" Asteroid Impact - Beloc, Haiti Microslide",125,2023-08-22,,,WorthPoint
cretaceous-boundary,Large Natural Fossil Otodus Obliquus Mackeral Shark Tooth Pendant Necklace #1,27,2023-07-27,,,WorthPoint
cretaceous-boundary,"1.1"" Sparganium Antiguum Fossil Plant Leaf Paleocene Fort Union FM Glendive MT",65.99,2023-07-24,,,WorthPoint
cretaceous-boundary,GEOLOGY PALEONTOLOGY TEXAS CRETACEOUS - PRECRETACEOUS BOUNDARY AND CONTACT Nice,16,2023-07-19,,,WorthPoint
cretaceous-boundary,"Emory, William H. Report On United States & Mexican Boundary Survey. Vol I Only",375,2023-06-29,,,WorthPoint
cretaceous-boundary,"3.8"" Davidia Antiqua Fossil Plant Leaf Paleocene Age Fort Union FM Glendive MT",149.99,2023-06-24,,,WorthPoint
cretaceous-boundary,"Hans Fex Mini Museum 1, Limited Edition Original Kickstarter 33 Items + Bonus",1200,2023-05-29,,,WorthPoint
cretaceous-boundary,"Forests New Jersey, 1899 Original NJ Geological Survey Report On Forests W Maps",9.99,2023-05-06,,,WorthPoint
cretaceous-boundary,KP BOUNDARY SOIL SAMPLE 2 1/2 Inch 0.7 OZ,19.99,2023-04-12,19.845,1.01,WorthPoint
cretaceous-boundary,Texas Geological Surveys - Lot Of 52 Bulletins And 92+ Maps/Charts,499.99,2023-03-27,,,WorthPoint
cretaceous-boundary,Geology 1922 Colorado Fossil Flora Denver Basin Cretaceous Tertiary Boundary,19.99,2023-03-22,,,WorthPoint
cretaceous-boundary,KP BOUNDARY SOIL SAMPLE 2 1/2 Inch 0.7 OZ HOLIDAY SPECIAL,19.99,2023-03-19,19.845,1.01,WorthPoint
cretaceous-boundary,"3.7"" Sparganium Antiguum Fossil Plant Leaf Paleocene Fort Union FM Glendive MT",245.99,2023-03-01,,,WorthPoint
cretaceous-boundary,Geology Paleontology Wyoming Wind River Basin Cretaceous Tertiary Boundary Usgs,15,2023-02-28,,,WorthPoint
cretaceous-boundary,"KP BOUNDARY SOIL SAMPLE 2 1/2 Inch 0.7 OZ ""CHRISTMAS SPECIAL""",19.99,2023-02-15,19.845,1.01,WorthPoint
cretaceous-boundary,THE OCEAN Collective - PHANEROZOIC LIVE 3LP + DVD - Ltd. To 200 Permian Edition,48.77,2023-01-28,,,WorthPoint
cretaceous-boundary,KT Boundary Sample South Dakota T Rex Dinosaur Cretaceous Meteor Impact,14.99,2022-12-04,,,WorthPoint
cretaceous-boundary,"3"" Davidia Antiqua Fossil Plant Leaf Paleocene Age Fort Union FM Glendive MT",112.99,2022-12-01,,,WorthPoint
cretaceous-boundary,"3.2"" Zizyphoides Flabellum Fossil Plant Leaf Fort Union FM Paleocene MT Stand",99.99,2022-12-01,,,WorthPoint
cretaceous-boundary,Geology New Mexico Bureau Mines Cretaceous Niobrara Formation Fossils Raton Basi,15,2022-11-18,,,WorthPoint
cretaceous-boundary,"2.4"" Davidia Antiqua Fossil Plant Leaf Paleocene Age Fort Union FM Glendive MT",115.99,2022-11-17,,,WorthPoint
cretaceous-boundary,"1.4"" Extra RARE Small Clam Fossil Crystal Stone E3 Reiki Charged Madagascar 54g",14.44,2022-11-15,54,0.27,WorthPoint
cretaceous-boundary,"1.3"" Extra RARE Small Clam Fossil F9 Crystal Stone Reiki Charged Madagascar 32g",12.22,2022-11-08,32,0.38,WorthPoint
cretaceous-boundary,"1.3 ""Extra RARE Small Clam Fossil F3 Crystal Stone Reiki Charged Madagascar 38g",13.33,2022-11-08,38,0.35,WorthPoint
cretaceous-boundary,"Classic Sääksjärvi, Finland IMPACTITE 254-gr. (8.9-oz.) Impact Melt Breccia",51,2022-10-04,254,0.2,WorthPoint
cretaceous-boundary,"1.3"" Extra RARE Small Clam Fossil Crystal Stone Z3 Reiki Charged Madagascar 32g",11.86,2022-09-30,32,0.37,WorthPoint
cretaceous-boundary,"1.3"" Extra RARE Small Clam Fossil Crystal Stone A2 Reiki Charged Madagascar 40g",11.86,2022-09-26,40,0.3,WorthPoint
cretaceous-boundary,Mass Extinction Permian Triassic Jurassic Cretaceous Rivers In Time Clue Search,30.49,2022-09-17,,,WorthPoint
cretaceous-boundary,Dinosaur Extinction 3 Layers KT KPg Boundary Vial 66 MYA North Dakota ND 5086,14.89,2022-09-07,,,WorthPoint
cretaceous-boundary,"Dinosaur Bone Alamosaurus Bone Trans-Pecos Region West Texas, USA Display Toys",60,2022-09-07,,,WorthPoint
cretaceous-boundary,"1.4"" Extra RARE Small Clam Fossil Crystal Stone G4 Reiki Charged Madagascar 42g",12.22,2022-08-25,42,0.29,WorthPoint
cretaceous-boundary,GEOLOGY PALEONTOLOGY 1916 DINOSAURS SAN JUAN BASIN NEW MEXICO By Gilmore USGS,19.99,2022-08-09,,,WorthPoint
cretaceous-boundary,Dinosaur Extinction Layer KP Boundary Soil Sample Slope Co ND USA 65 Million Yrs,24.79,2022-07-25,,,WorthPoint
cretaceous-boundary,Small Natural Fossil Otodus Obliquus Mackeral Shark Tooth Pendant Necklace #3,20,2022-07-24,,,WorthPoint
cretaceous-boundary,".9"" Extra RARE XS Clam Fossil Crystal Z4 Stone Reiki Charged Madagascar 12g",6.16,2022-07-10,12,0.51,WorthPoint
cretaceous-boundary,"1"" Extra RARE XS Clam Fossil Crystal Stone Z1 Reiki Charged Madagascar 20g",6.16,2022-07-09,20,0.31,WorthPoint
cretaceous-boundary,"1.5"" Extra RARE Small Clam Fossil Crystal K1 Stone Reiki Charged Madagascar 24g",11.11,2022-07-09,24,0.46,WorthPoint
cretaceous-boundary,"1.4"" Extra RARE Small Clam Fossil Crystal A5 Stone Reiki Charged Madagascar 46g",12.66,2022-06-23,46,0.28,WorthPoint
cretaceous-boundary,"1"" Extra RARE XS Clam Fossil Crystal Stone Z2 Reiki Charged Madagascar 14g",5.85,2022-06-03,14,0.42,WorthPoint
cretaceous-boundary,Ammonite Fossil Mine Rough Nautiloid Cambrian Madagascar 5 Inch Nn10,24.99,2022-06-02,,,WorthPoint
cretaceous-boundary,K-T Boundary Extinction Rock - Wyoming - 58 Grams,265,2022-05-17,58,4.57,WorthPoint
cretaceous-boundary,Final. Scarce Gosses Bluff Australia SHATTER CONE Impactite 100-gram (3.5 -oz.),43.85,2022-05-01,100,0.44,WorthPoint
cretaceous-boundary,Group Of Rare Paleocene Fossils Champsosaur Croc Just After Dinosaur Extinction,29.99,2022-04-20,,,WorthPoint
cretaceous-boundary,Rare Insect Fossil Jehol Biota | Jurassic Cretaceous Dinosaur China Not Amber,19.99,2022-04-20,,,WorthPoint
cretaceous-boundary,MY LAST Scarce Gosses Bluff Australia SHATTER CONE Impactite 94-gram (3.3 -oz.),102.5,2022-01-29,94,1.09,WorthPoint
cretaceous-boundary,"24 Different SMALLER IMPACTITES, Some Quite Scarce, 310-grams (10.9-oz.)",89,2022-01-25,310,0.29,WorthPoint
cretaceous-boundary,Ammonite Fossil Mine Rough Nautiloid Cambrian Madagascar 4.2 Inch Nn8,20.99,2022-01-20,,,WorthPoint
cretaceous-boundary,"GREAT Scarce Gosses Bluff, Australia Impactite SHATTER CONE 235-gram (8.3 -oz.)",87,2022-01-17,235,0.37,WorthPoint
cretaceous-boundary,Lycoptera Fish Fossil From Liaoning China | Jurassic Cretaceous Dinosaur Age,29.99,2022-01-11,,,WorthPoint
cretaceous-boundary,"GREAT Scarce Gosses Bluff, Australia Impactite SHATTER CONE, 272-gram (9.6-oz.)",39,2022-01-07,272,0.14,WorthPoint
cretaceous-boundary,Shocked Quartz Pebble Araguainha Dome Brazil,165,2021-12-25,,,WorthPoint
cretaceous-boundary,"GREAT Impactite Specimen 98-gr. (3.4-oz.) GOSSES BLUFF, Australia SHATTER CONE",46.95,2021-12-24,98,0.48,WorthPoint
cretaceous-boundary,"Fossil Shark Tooth In Matrix, Late Cretaceous, K-Pg Boundary, Free Shipping!!",45,2021-12-11,,,WorthPoint
cretaceous-boundary,"GREAT Impactite From Gosses Bluff, Australia, A SHATTER CONE, 91-gram (3.2-oz.)",39.95,2021-11-28,91,0.44,WorthPoint
cretaceous-boundary,"GREAT Impactite Specimen 114-gr. (4.0-oz.) Gosses Bluff, Australia SHATTER CONE",49,2021-10-23,114,0.43,WorthPoint
cretaceous-boundary,Museum Specimen 110-gr. (3.8-oz.) Gosses Bluff Australia SHATTER CONE Impactite,102.5,2021-09-16,110,0.93,WorthPoint
cretaceous-boundary,1925 CRETACEOUS FLORAS Of EASTERN GULF REGION Fossils Plants Illus. W/ Plates,19.95,2021-09-10,,,WorthPoint
cretaceous-boundary,Museum Specimen 175-gr. (6.2-oz.) Gosses Bluff Australia SHATTER CONE Impactite,129.71,2021-09-04,175,0.74,WorthPoint
cretaceous-boundary,"Enchodus Fish Tooth And Shark Teeth In Matrix, Late Cretaceous, K-Pg Boundary",75,2021-08-30,,,WorthPoint
cretaceous-boundary,Museum Specimen 264-gr. (9.4-oz.) Gosses Bluff Australia SHATTER CONE Impactite,45.95,2021-08-23,264,0.17,WorthPoint
cretaceous-boundary,Museum Specimen 266-gr. (9.4-oz.) Gosses Bluff Australia SHATTER CONE Impactite,81.5,2021-08-11,266,0.31,WorthPoint
cretaceous-boundary,DELAWARE LEWES - REHOBOTH BEACH And K-T BOUNDARY At DRAWYERS CREEK Two Items,12,2021-06-06,,,WorthPoint
cretaceous-boundary,"Enchodus Fish Tooth In Matrix, Late Cretaceous, K-Pg Boundary, Free Shipping!!",40,2021-05-20,,,WorthPoint
cretaceous-boundary,"Zizyphoides Flabellum Fossil Plant Leaf Paleocene Age Glendive, MT Free Stand",52.99,2021-05-01,,,WorthPoint
cretaceous-boundary,KT Boundary Specimen End Of Dinosaurs South Dakota USA Dino Extinction Layer KPg,14.99,2021-04-19,,,WorthPoint
cretaceous-boundary,"Detailed Zizyphoides Flabellum Fossil Plant Leaf Paleocene Age Glendive, MT",39.99,2021-02-14,,,WorthPoint
cretaceous-boundary,2019 Cook Islands $20 Chicxulub Crater - Yucatan Antiqued Silver Coin PCGS MS70,339,2021-01-11,,,WorthPoint
cretaceous-boundary,"Detailed Davidia Antiqua Fossil Plant Leaf Paleocene Age Fort Union Glendive, MT",64.59,2020-12-31,,,WorthPoint
cretaceous-boundary,Ammolite Pendant,129,2020-10-15,,,WorthPoint
cretaceous-boundary,Highly Detailed Zizyphoides Flabellum Fossil Plant Leaf Paleocene Age MT Stand,54.99,2020-10-09,,,WorthPoint
cretaceous-boundary,Rare Highly Detailed Viburnum Asperum Fossil Plant Leaf Paleocene Age Montana,75.99,2020-09-02,,,WorthPoint
cretaceous-boundary,Mesozoic Fossil Cretaceous Period Guide Reptile Mollusk,29.99,2020-05-01,,,WorthPoint
cretaceous-boundary,Highly Detailed Davidia Antiqua Fossil Plant Leaf Paleocene Age Glendive Montana,67.63,2020-04-04,,,WorthPoint
cretaceous-boundary,Geology Paleontology 1924 K-t Boundary Rocks Arizona New Mexico San Juan Basin,12.5,2020-02-21,,,WorthPoint
cretaceous-boundary,"42-gr.(1.5-oz) K-T (K-Pg) Boundary Clay Marks Dinosaur End, Geulhem, Netherlands",11.95,2020-02-16,42,0.28,WorthPoint
cretaceous-boundary,Detailed Zizyphoides Flabellum & Davidia Antiqua Fossil Plant Leaf Paleocene Age,101.99,2020-01-03,,,WorthPoint
cretaceous-boundary,Rivers In Time Search Clues Mass Extinction Permian Triassic Jurassic Cretaceous,25.99,2019-12-02,,,WorthPoint
cretaceous-boundary,"XL Zizyphoides Flabellum Fossil Plant Leaf Paleocene Glendive, MT Free Stand",95.99,2019-10-06,,,WorthPoint
cretaceous-boundary,Detailed Celtis Aspera Hackberry Fossil Plant Leaf 60 Million Yrs Old Paleocene,49.99,2019-10-06,,,WorthPoint
cretaceous-boundary,14 USGS Professional Papers-Montana And Wyoming Related (Hard & Soft Cover),22,2019-09-15,,,WorthPoint
cretaceous-boundary,Highly Detailed Morus Montanensis -Taxodium Olrikii Fossil Plant Leafs Paleocene,121.99,2019-08-08,,,WorthPoint
cretaceous-boundary,"Dinosaur Bone Alamosaurus Sanjuanensis Bone Trans-Pecos Region West Texas, USA",90.99,2019-07-30,,,WorthPoint
cretaceous-boundary,Rare Sparganium Antiquum Fossil Plant Seed Pod Bur Reed Family Paleocene MT Leaf,110.99,2019-07-15,,,WorthPoint
cretaceous-boundary,"Detailed Celtis Aspera Hackberry Fossil Plant Leaf Paleocene Age Glendive, MT",67.99,2019-07-14,,,WorthPoint
cretaceous-boundary,Highly Detailed Davidia Antiqua Fossil Plant Leaf 60 Million Years Old Paleocene,85.49,2019-06-19,,,WorthPoint
cretaceous-boundary,K-Pg (K-T) Boundary Section Where The Dinosaurs Died,122.5,2019-05-20,,,WorthPoint
cretaceous-boundary,Cretaceous KT Boundary Matrix Specimen Colorado K-T Strata,24.99,2019-05-13,,,WorthPoint
cretaceous-boundary,54 NEW MEXICO PUBLICATIONS & MAPS Geology Minerals Mining USGS USBM NMBMMR NMGS,27,2019-02-20,,,WorthPoint
cretaceous-boundary,A Correlated History Of Earth - Laminated Poster Chart,13.99,2019-02-13,,,WorthPoint
cretaceous-boundary,MUSEUM GRADE! Lizard Scales - Hell Creek Frm (Montana USA),14.99,2019-01-26,,,WorthPoint
cretaceous-boundary,"Dinosaur Bone Alamosaurus Sanjuanensis Trans-Pecos Region West Texas, USA",15,2019-01-09,,,WorthPoint
cretaceous-boundary,Highly Detailed Zizphoides Flabellum Fossil Plant Leaf 60 Million Yrs Paleocene,55.99,2018-12-22,,,WorthPoint
cretaceous-boundary,"Fossil Collector's Guidebook To The North Sulphur River, Texas",25,2018-12-20,,,WorthPoint
cretaceous-boundary,"K/T Boundary Layer, Stevens Klint 0.91g - From Meteorite Impact, From Denmark",10,2018-09-29,0.91,10.99,WorthPoint
cretaceous-boundary,"K/T Boundary Layer, Agost 4.76g - From Meteorite Impact, From Spain",17.3,2018-09-29,4.76,3.63,WorthPoint
cretaceous-boundary,"Beautiful Dromaeosaurus Tooth, Morocco",175,2018-09-27,,,WorthPoint
cretaceous-boundary,"K/T Boundary Layer Bidart 14.19g - From Meteorite Impact, From France",37,2018-09-01,14.19,2.61,WorthPoint
cretaceous-boundary,"K/T Boundary Layer, Stevens Klint 1.63g - From Meteorite Impact, From Denmark",13,2018-09-01,1.63,7.98,WorthPoint
cretaceous-boundary,"K/T Boundary Layer, Agost 9.89g - From Meteorite Impact, From Spain",26,2018-09-01,9.89,2.63,WorthPoint
cretaceous-boundary,"RARE Palaeosaniwa Tooth (Varanid Lizard) - Hell Creek, MT USA",139.99,2018-08-07,,,WorthPoint
cretaceous-boundary,Highly Detailed Viburnum Asperum Hackberry Fossil Plant Leaf 60 Million Yrs Old,55.99,2018-06-29,,,WorthPoint
cretaceous-boundary,Cretaceous KT Boundary KP Clay Collection 7 Sites Iridium Burn End Of Dinosaurs,60,2018-06-18,,,WorthPoint
cretaceous-boundary,"Cretaceous-Tertiary (K-T) Boundary - 0.50 Gram Specimen - Beloc, Haiti",24.95,2018-06-07,0.5,49.9,WorthPoint
cretaceous-boundary,"Set Of Extremely Rare Sawfish Teeth, Ischyrhiza, Hell Creek Formation, Montana",62,2018-06-03,,,WorthPoint
cretaceous-boundary,"Pair Of Extremely Rare Sharks Teeth, Brachaelurus, Hell Creek Formation, Montana",19.99,2018-06-03,,,WorthPoint
cretaceous-boundary,"Group Of 50+ Unusual Sharks Teeth, Squatirhina, Hell Creek Formation, Montana",26,2018-06-03,,,WorthPoint
cretaceous-boundary,"Very Rare Fully Rooted Lissodus Selachos Tooth, Hell Creek Formation, Montana",19.99,2018-06-03,,,WorthPoint
cretaceous-boundary,"Collection Of 70+ Unusual Sharks Teeth, Lissodus, Hell Creek Formation, Montana",41.03,2018-06-03,,,WorthPoint
cretaceous-boundary,"7 Choice Large & Fine Ray Skin Ossicles, Hell Creek Formation, Montana",31,2018-06-03,,,WorthPoint
cretaceous-boundary,"Very Rare Deformed ""Double"" Skin Ossicle, Hell Creek Formation, Montana",11.99,2018-06-03,,,WorthPoint
cretaceous-boundary,"Collection Of 70+ Unusual Shark/Ray Skin Ossicles, Hell Creek Formation, Montana",19.99,2018-06-03,,,WorthPoint
cretaceous-boundary,K/T Boundary Layer Material 196g - From Meteorite Impact,129,2018-06-02,196,0.66,WorthPoint
cretaceous-boundary,"Cretaceous–Tertiary (K–T) Kt Boundary - Dinosaurs' Meteorite Layer, 13 G",22,2018-05-28,13,1.69,WorthPoint
cretaceous-boundary,KT Boundary Material - 65 Million Year Old Cretaceous Pertafied Wood #1023-366gm,20,2018-05-21,366,0.05,WorthPoint
cretaceous-boundary,"K/T Boundary Layer Material, Stevens Klint 85g - From Meteorite Impact",65,2018-05-20,85,0.76,WorthPoint
cretaceous-boundary,K/T Boundary Layer Material 198g - From Meteorite Impact,112.5,2018-05-05,198,0.57,WorthPoint
cretaceous-boundary,Cretaceous–Tertiary (K–T) Kt Boundary. Big Jar With 19 Grams. #1,30,2018-05-01,19,1.58,WorthPoint
cretaceous-boundary,"[Americana - Illustrated - Color] 1857 United States And Mexico Boundary Survey, Volume One, Parts 1 & 2, With Color Lithographs By Sarony",84,2018-04-19,,,WorthPoint
cretaceous-boundary,Cretaceous KT Boundary Matrix Specimen Gubbio Umbria Italy K-T End Of Dinosaurs,15,2018-03-21,,,WorthPoint
cretaceous-boundary,Cretaceous–Tertiary (K–T) Kt Boundary. Big Jar With 22 Grams. #6,30,2018-03-10,22,1.36,WorthPoint
cretaceous-boundary,Highly Detailed Celtis Aspera Fossil Plant Leaf 60 Million Years Old Paleocene,55.99,2018-02-28,,,WorthPoint
cretaceous-boundary,Cretaceous KT Boundary Rare Profile Slice Stevensklint K-T Dinosaur Extinction,50,2018-02-17,,,WorthPoint
cretaceous-boundary,Cretaceous KT Boundary Matrix Specimen Trochu Canada K-T Layer End Of Dinosaurs,10,2018-02-15,,,WorthPoint
cretaceous-boundary,GEOLOGY PALEONTOLOGY PALEOBOTANY LARAMIE FLORA 1886 By L. W. Ward K-T Boundary,15,2017-12-22,,,WorthPoint
cretaceous-boundary,Cretaceous–Tertiary (K–T) Kt Boundary. Jar With 8-10 Grams. #2,20,2017-12-21,10,2,WorthPoint
cretaceous-boundary,Microtektites From 66-mya K-T Mass Extinction,14.25,2017-12-16,,,WorthPoint
cretaceous-boundary,"66-mya Beloc, Haiti K-T Boundary Material Confirmeing Mass Extinctions",20.5,2017-11-29,,,WorthPoint
cretaceous-boundary,Well Defined Calcite Pavlovia Ammonite 5.0 Centimeters,20,2017-11-16,,,WorthPoint
cretaceous-boundary,Large Fossil Otodus Obliquus Mackeral Shark Tooth #5,25,2017-11-10,,,WorthPoint
cretaceous-boundary,Sweet Russian Pavlovia Ammonite 5.3 Centimeters,24.99,2017-10-26,,,WorthPoint
cretaceous-boundary,Fossil Collector's Guidebook To The North Sulphur River,25,2017-10-03,,,WorthPoint
cretaceous-boundary,Very Bright Russian Pavlovia Ammonite 6.6 Centimeters,25,2017-09-23,,,WorthPoint
cretaceous-boundary,Beautiful Large One Ounce Alaskan Natural Gold Nugget Collectors Specimen GLD005,2100,2017-09-20,,,WorthPoint
cretaceous-boundary,"""Gray's Geological Map Of The United States"", Gray, Ormando Willis & Son",108,2017-09-13,,,WorthPoint
cretaceous-boundary,Fossil Shrimp,212.5,2017-07-06,,,WorthPoint
cretaceous-boundary,KT Boundary Material - 65 Million Year Old Scientific Sample # 1037 Wt. Apx 3gm,10.5,2017-07-03,3,3.5,WorthPoint
cretaceous-boundary,USGS K-T BOUNDARY In NJ MD DE RARE REPORT - EXTINCTION! Vintage 1969 Report,14,2017-07-01,,,WorthPoint
cretaceous-boundary,"""Gray's Geological Map Of The United States"", Hitchcock, Charles Henry",144,2017-06-14,,,WorthPoint
cretaceous-boundary,Well Defined Calcite Pavlovia Ammonite 4.8 Centimeters,13.33,2017-06-13,,,WorthPoint
cretaceous-boundary,Well Defined Pavlovia Ammonite 5.4 Centimeters,14.49,2017-06-13,,,WorthPoint
cretaceous-boundary,Paleontology Geology Cretaceous Tertiary Boundary Fossils Montana Bug Creek,15,2017-06-12,,,WorthPoint
cretaceous-boundary,KT Boundary Material - Cretaceous Age Petrified Wood #1026 Net Wt 348gm,20,2017-05-06,348,0.06,WorthPoint
cretaceous-boundary,"Rarely Offered MICROTEKTITES From K-T Boundary, Beloc, Haiti (Loose In A Slide)",16.05,2017-05-04,,,WorthPoint
cretaceous-boundary,Very Bright Russian Pavlovia Ammonite 4.3 Centimeters,22.99,2017-04-11,,,WorthPoint
cretaceous-boundary,"Texas Fossil Location: North Sulphur River, Ladonia, Texas",25,2016-12-21,,,WorthPoint
cretaceous-boundary,LQQK Pavlovia Ammonite 4.9 Centimeters,22.99,2016-09-25,,,WorthPoint
cretaceous-boundary,Well Defined Calcite Pavlovia Ammonite 4.9 Centimeters,22.99,2016-09-24,,,WorthPoint
cretaceous-boundary,Very Bright Russian Pavlovia Ammonite 5.2 Centimeters,24.99,2016-08-08,,,WorthPoint
cretaceous-boundary,"HUGE 1966 USGS Geologic Map: BIG BEND NATIONAL PARK, Brewster Cty TEXAS 39x58 In",19.95,2016-06-03,,,WorthPoint
cretaceous-boundary,Very Bright Russian Pavlovia Ammonite 3.6 Centimeters,20.99,2016-05-30,,,WorthPoint
cretaceous-boundary,"Objet D'Art Release #228 ""The Gharial"" Crocodile Jeweled Trinket Box",24.97,2016-03-27,,,WorthPoint
cretaceous-boundary,"Objet D'Art Release #350 ""Teerex"" Dinosaur Jeweled Trinket Box",24.97,2016-03-27,,,WorthPoint
cretaceous-boundary,EXQUISITE Shatter Cones In Fine-grained Rock From GOSSES BLUFF CRATER,36.51,2016-03-18,,,WorthPoint
cretaceous-boundary,LQQK Pavlovia Ammonite 5.0 Centimeters,24.99,2016-03-13,,,WorthPoint
cretaceous-boundary,EXQUISITE Shatter Cones In Fine-grained Rock From GROSSES BLUFF CRATER,19.95,2016-02-17,,,WorthPoint
cretaceous-boundary,Very Bright Russian Pavlovia Ammonite 5.9 Centimeters,24.99,2016-02-06,,,WorthPoint
cretaceous-boundary,"KT Boundary Sample, Hell Creek, Cretaceous, Dinosaurs Extinction",27,2016-01-23,,,WorthPoint
cretaceous-boundary,RARE Libyan Desert Glass Carving Meteorite Impactite Cabochon Tektite Pendant,36,2016-01-20,,,WorthPoint
cretaceous-boundary,Mundrabilla Iron Meteorite ETCHED SLICE WIDMANSTATTEN Australia Space Rock NR!,39.95,2016-01-14,,,WorthPoint
cretaceous-boundary,Libyan Desert Glass NATURAL HOLE Meteorite Impact Impactite Tektite Egypt Sahara,175,2016-01-13,,,WorthPoint
cretaceous-boundary,PREMIUM A++ GEM Libyan Desert Glass Meteorite 2 OZ Impact Tektite Sahara Desert,260,2015-12-31,56.7,4.59,WorthPoint
cretaceous-boundary,AMAZING Canyon Diablo Meteor Crater Iron Meteorite Specimen W/info Card ARIZONA,10,2015-12-14,,,WorthPoint
cretaceous-boundary,GEOLOGY PALEONTOLOGY 1886 MONTANA K-T BOUNDARY FOSSIL PLANTS INVERTEBRATES 2 Vol,15,2015-10-27,,,WorthPoint
cretaceous-boundary,"Fossiliferous UK Dinosaur Age Amber 140 Million Years Old, #2",25.99,2015-10-09,,,WorthPoint
cretaceous-boundary,Libyan Desert Impact Glass Meteorite Tektite Impactite Sahara Egypt Crystal Gem,20.51,2015-10-08,,,WorthPoint
cretaceous-boundary,"Crocodile Fossil Collection - Hell Creek, Montana, Tooth, Jaw, Vertebra, Scute",27.19,2015-10-01,,,WorthPoint
cretaceous-boundary,Notidanodon Specimen From Russia,51.71,2015-08-24,,,WorthPoint
cretaceous-boundary,"Crocodile Tooth & Scute - Hell Creek, Montana, Dinosaur Era Fossil",13.98,2015-08-04,,,WorthPoint
cretaceous-boundary,Selection Of Unusual K-t Boundary Material,7.8,2015-07-20,,,WorthPoint
cretaceous-boundary,"UK Dinosaur Age Amber 140 Million Years Old, Larger, Choice Piece",31.04,2015-07-14,,,WorthPoint
cretaceous-boundary,Geology Gold Mining Deposits Jackson Hole Wyoming Region K-t Boundary Gravels,14,2015-05-11,,,WorthPoint
cretaceous-boundary,Geology Paleontology 1922 Denver Colorado Region Cretaceous Tertiary Boundary,14,2015-04-20,,,WorthPoint
cretaceous-boundary,"Crocodile Vertebra - Hell Creek, Montana, Dinosaur Era Fossil",14.91,2015-03-23,,,WorthPoint
cretaceous-boundary,"Crocodile Teeth - Hell Creek, Montana, Dinosaur Era Fossil",9.22,2015-02-15,,,WorthPoint
cretaceous-boundary,"Crocodile Tooth - Hell Creek, Montana, Dinosaur Era Fossil",9.46,2014-11-27,,,WorthPoint
cretaceous-boundary,"Genuine UK Hastings 'Firestorm' Transparent Amber, Micro Inclusions, Ultra Rare",17,2014-10-28,,,WorthPoint
cretaceous-boundary,Cretaceous KT Boundary Hell Creek Black Tektite Glass Burn Evidence Dinosaur Bed,15,2014-10-18,,,WorthPoint
cretaceous-boundary,Geology Paleontology New Mexico San Juan Basin Dinosaurs Plants 1916 4 Rpts,19.99,2014-08-23,,,WorthPoint
cretaceous-boundary,Space Rocks Collection,187.01,2014-07-29,,,WorthPoint
cretaceous-boundary,"Crocodile Tooth & Vertebra - Hell Creek, Montana, Dinosaur Era Fossil",16.98,2014-07-21,,,WorthPoint
cretaceous-boundary,"K/T Boundary Layer Material 99.36g - From Meteorite - Stevens Klint, Denmark",65,2014-06-21,99.36,0.65,WorthPoint
cretaceous-boundary,"11.8 Gram KT Boundary Clay - Agost, Spain - Dinosaur Killer",25,2014-06-01,11.8,2.12,WorthPoint
cretaceous-boundary,"K/T Boundary Layer - From Meteorite Impact - Agost, Spain",20,2014-03-30,,,WorthPoint
cretaceous-boundary,"Hell Creek Fossil Collection - Raptor Tooth, Dinosaur Digit, Triceratops ...",33.27,2014-03-14,,,WorthPoint
cretaceous-boundary,"Hell Creek Fossil Collection - Dinosaur Digit, Triceratops Tooth, Coprolite...",33.27,2014-03-14,,,WorthPoint
cretaceous-boundary,"Rare Fish Jaw - Hell Creek, Montana, Dinosaur Era Fossil",30.01,2014-02-28,,,WorthPoint
cretaceous-boundary,Well Defined Calcite Pavlovia Ammonite 5.6 Centimeters,24.99,2014-02-25,,,WorthPoint
cretaceous-boundary,"Raptor Digit - Hell Creek, Montana, Dinosaur Fossil",21.61,2014-02-22,,,WorthPoint
cretaceous-boundary,"Reptile Limb Bone - Hell Creek, Montana, Dinosaur Era Fossil",24.95,2014-02-22,,,WorthPoint
cretaceous-boundary,Uk Hastings Firestorm Amber Special Piece +,32.92,2014-01-09,,,WorthPoint
cretaceous-boundary,"Rhacolepis Fish Fossil, Cretacoius Era, From Brazil?, Great Scales, Great Item",75,2014-01-01,,,WorthPoint
cretaceous-boundary,Very Bright Russian Pavlovia Ammonite 5.5 Centimeters,24.99,2013-12-29,,,WorthPoint
cretaceous-boundary,Uk Precious Fossiliferous Transparent Hastings Firestorm Amber,16.34,2013-12-23,,,WorthPoint
cretaceous-boundary,KT Boundary Material Assortment - 65 Million Year Old Scientific Sample # 1021,10,2013-12-21,,,WorthPoint
cretaceous-boundary,Cretaceous KT Boundary Hell Creek Sample Black Glass Burn Evidence Dinosaur Beds,15,2013-12-20,,,WorthPoint
cretaceous-boundary,"Unidentified Inclusion, Possible Wasp/Bee Stinger In Cretaceous UK Amber",32.54,2013-12-14,,,WorthPoint
cretaceous-boundary,"Hastings Firestorm Amber, Larger Whole Round Nodule + Other",40.35,2013-11-22,,,WorthPoint
cretaceous-boundary,Well Defined Calcite Pavlovia Ammonite 5.3 Centimeter,17.99,2013-11-13,,,WorthPoint
cretaceous-boundary,LQQK Pavlovia Ammonite 5.2 Centimeters,16.99,2013-11-12,,,WorthPoint
cretaceous-boundary,"Hastings Firestorm Amber, Exquisite Valuable Piece!! Whole Nodule",25.46,2013-11-03,,,WorthPoint
cretaceous-boundary,Precious Fossiliferous Transparent Hastings Firestorm Amber,14.34,2013-10-14,,,WorthPoint
cretaceous-boundary,Unusual K-t Boundary Material,15.32,2013-09-29,,,WorthPoint
cretaceous-boundary,"Hastings Firestorm Amber, Exquisite Valuable Piece!! Large Whole Nodule",72,2013-09-22,,,WorthPoint
cretaceous-boundary,"Hastings Firestorm Amber Fossil, 2 Pieces +, Limited Supply",10.31,2013-09-16,,,WorthPoint
cretaceous-boundary,DOZENS Of 65-mya Micro-Tektites In Microscope Well-Slide,62,2013-09-10,,,WorthPoint
cretaceous-boundary,"Hastings Firestorm Amber Fossil, Unusually Shaped Whole Nodule",11.72,2013-09-07,,,WorthPoint
cretaceous-boundary,"Hastings Firestorm Amber Fossil, Choice Piece, Whole Nodule",23.29,2013-08-28,,,WorthPoint
cretaceous-boundary,"Oil And Gas Geology Books And Maps - Assortment Lot Of 10 Bureau Of Mines, Etc.",40,2013-08-24,,,WorthPoint
cretaceous-boundary,"Hastings Firestorm Amber Fossil, Choice Piece, Whole Nodule #2",15.45,2013-08-14,,,WorthPoint
cretaceous-boundary,Precious Fossiliferous Transparent Hastings Firestorm Amber 4 Pieces,7.67,2013-07-28,,,WorthPoint
cretaceous-boundary,"Hastings Firestorm Amber Stalactite, Unusual Form, One-off Piece",38.43,2013-07-27,,,WorthPoint
cretaceous-boundary,Very Bright Russian Pavlovia Ammonite,22.99,2013-07-17,,,WorthPoint
cretaceous-boundary,"Hastings Firestorm Amber Fossil, Choice Chunky Piece",12.09,2013-07-14,,,WorthPoint
cretaceous-boundary,"Hastings Firestorm Amber Fossil, 2 Pieces",7.54,2013-07-14,,,WorthPoint
cretaceous-boundary,"Hastings Firestorm Amber Fossil, Whole Nodule",7.43,2013-07-07,,,WorthPoint
cretaceous-boundary,"Hastings Firestorm Amber Fossil, Choice Piece, Larger Whole Nodule #3",12.3,2013-06-30,,,WorthPoint
cretaceous-boundary,K-T Boundary Material - 65 Million Year Old Scientific Sample #1005,10,2013-06-17,,,WorthPoint
cretaceous-boundary,Well Defined Calcite Pavlovia Ammonite 4.0 Centimeters,17.99,2013-04-19,,,WorthPoint
cretaceous-boundary,Well Defined Pavlovia Ammonite 5.0 Centimeter On Matrix,19.99,2013-04-08,,,WorthPoint
cretaceous-boundary,MICRO-TEKTITES From 65-mya MASS EXTINCTIONS,21.71,2013-04-06,,,WorthPoint
cretaceous-boundary,Well Defined Rare Pavlovia Ammonite 4.4 Centimeters,15.99,2013-04-06,,,WorthPoint
cretaceous-boundary,Well Defined Calcite Pavlovia Ammonite 5.3 Centimeters,21.99,2013-04-03,,,WorthPoint
cretaceous-boundary,1888 KENNGOTT/ROLLE CHROMOLITHOGRAPH Cretaceous - Geologic Era,29.95,2013-04-01,,,WorthPoint
cretaceous-boundary,"K/T Boundary Layer, Stevens Klint 1.05g - From Meteorite Impact, From Denmark",20,2013-03-30,1.05,19.05,WorthPoint
cretaceous-boundary,Geology And Paleontology Of Raton Mesa New Mexico 1917 Usgs Prof. Paper 101 Rare,49.99,2013-03-25,,,WorthPoint
cretaceous-boundary,"K/T Boundary Layer, Stevens Klint 2.34g - From Meteorite Impact, From Denmark",20,2013-03-24,2.34,8.55,WorthPoint
cretaceous-boundary,Russian Pavlovia Ammonite,16.99,2013-02-22,,,WorthPoint
cretaceous-boundary,4 Pieces Of Super Rare KT Boundary Material - From The Day The Dinos Died!,7.72,2013-02-20,,,WorthPoint
cretaceous-boundary,"KT Boundary Sample, Cretaceous/Tertiary Dinosaur Extinction Event, Rock, Fossil",7.68,2013-02-18,,,WorthPoint
cretaceous-boundary,Large Fossil Otodus Obliquus Mackeral Shark Tooth #4,25,2013-02-05,,,WorthPoint
cretaceous-boundary,"LARGE METEORITE IMPACTS III, Kenkmann, Hörz, And Deutsch, Editors",14,2013-02-04,,,WorthPoint
cretaceous-boundary,"K/T Boundary Layer, Stevens Klint - From Meteorite Impact, From Denmark",15.5,2012-12-08,,,WorthPoint
cretaceous-boundary,"K/T Boundary Layer, Agost - From Meteorite Impact, From Spain",16.26,2012-12-08,,,WorthPoint
cretaceous-boundary,Well Defined Pavlovia Ammonite 6.6 Centimeters,19.3,2012-12-07,,,WorthPoint
cretaceous-boundary,Well Defined Calcite Pavlovia Ammonite 5.8 Centimeters,24.99,2012-11-21,,,WorthPoint
cretaceous-boundary,LQQK Pavlovia Ammonite 5.3 Centimeters,17.99,2012-10-31,,,WorthPoint
cretaceous-boundary,Calcite Replacing Pavlovia Ammonite 4.0 Centimeters,15.99,2012-10-31,,,WorthPoint
cretaceous-boundary,Bright Well Defined Pavlovia Ammonite 5.2 Centimeters,20.99,2012-08-01,,,WorthPoint
cretaceous-boundary,"Report On The United States And Mexican Boundary Survey, W.H. Emory, Vol I, 1857",290,2012-06-03,,,WorthPoint
cretaceous-boundary,Well Defined Calcite Pavlovia Ammonite 3.9 Centimeters,15.99,2012-04-18,,,WorthPoint
cretaceous-boundary,New Copy Large Meteorite Impacts III,22.63,2012-04-08,,,WorthPoint
cretaceous-boundary,"Famous Hastings Firestorm Amber, Large Example In Matrix",134.43,2012-02-19,,,WorthPoint
cretaceous-boundary,United States And Mexican Boundary Survey (1848-1855) 4to,85,2012-02-13,,,WorthPoint
cretaceous-boundary,Ultra Rare K-t Boundary Material -killed The Dinosaurs!,7.7,2012-01-19,,,WorthPoint
cretaceous-boundary,Jurassic Crab - Pithonoton Sp - Carapace And Claw,29,2011-12-29,,,WorthPoint
cretaceous-boundary,Jurassic Crab ... Pithonoton Elongatum ... RARE,29,2011-12-29,,,WorthPoint
cretaceous-boundary,Well Defined Rare Pavlovia Ammonite 4.8 Centimeters,18.99,2011-12-28,,,WorthPoint
cretaceous-boundary,Well Defined Pavlovia Ammonite 5.5 Centimeter On Matrix,21.99,2011-12-27,,,WorthPoint
cretaceous-boundary,Well Defined Calcite Pavlovia Ammonite 5.2 Centimeters,33.99,2011-12-27,,,WorthPoint
cretaceous-boundary,LQQK Pavlovia Ammonite 4.7 Centimeters,15.99,2011-12-27,,,WorthPoint
cretaceous-boundary,Bright Well Defined Pavlovia Ammonite 4.8 Centimeters,17.99,2011-12-27,,,WorthPoint
cretaceous-boundary,Well Defined Pavlovia Ammonite 6.2 Centimeters,20.99,2011-12-27,,,WorthPoint
cretaceous-boundary,Quality Fossil Water Nymph In Matrix Ephemeropteris Trisatalis,11.2,2011-11-05,,,WorthPoint
cretaceous-boundary,Well Defined Calcite Pavlovia Ammonite 8.2 Centimeters,36.99,2011-08-01,,,WorthPoint
cretaceous-boundary,K/T Boundary Layer Material - From Meteorite,26,2011-07-23,,,WorthPoint
cretaceous-boundary,Well Defined Calcite Pavlovia Ammonite 6.9 Centimeters,26.99,2011-07-17,,,WorthPoint
cretaceous-boundary,K/t Boundary Material Agost/spain/ Impactite/ Meteorite,28,2011-07-14,,,WorthPoint
cretaceous-boundary,Russian Pavlovia Rare Ammonite 5 Centimeters,16.99,2011-06-30,,,WorthPoint
cretaceous-boundary,Well Defined Calcite Pavlovia Ammonite 7.7 Centimeters,33.99,2011-06-27,,,WorthPoint
cretaceous-boundary,Well Defined Pavlovia Ammonite 5.9 Centimeters,18.99,2011-06-21,,,WorthPoint
cretaceous-boundary,WOW!! Large 1.63 Oz (50.3 Grams) Alaskan Gold Nugget,1580,2011-06-18,50.3,31.41,WorthPoint
cretaceous-boundary,LQQK Pavlovia Ammonite 4.8 Centimeters,17.99,2011-06-11,,,WorthPoint
cretaceous-boundary,Well Defined Calcite Pavlovia Ammonite5.3 Centimeters,17.99,2011-06-11,,,WorthPoint
cretaceous-boundary,Well Defined Calcite Pavlovia Ammonite 4.5 Centimeters,17.99,2011-06-11,,,WorthPoint
cretaceous-boundary,Bright Well Defined Pavlovia Ammonite 4.9 Centimeters,16.99,2011-06-11,,,WorthPoint
cretaceous-boundary,Well Defined Calcite Pavlovia Ammonite 7.1 Centimeters,31.99,2011-05-30,,,WorthPoint
cretaceous-boundary,1.21 Oz Gold Nugget Specimen From Alaska – NO RESERVE,1269.15,2011-05-28,34.304,37,WorthPoint
cretaceous-boundary,Well Defined Calcite Pavlovia Ammonite 5.5 Centimeters,17.89,2011-05-26,,,WorthPoint
cretaceous-boundary,Well Defined Calcite Pavlovia Ammonite 7.8 Centimeters,42.99,2011-05-26,,,WorthPoint
cretaceous-boundary,Well Defined Calcite Pavlovia Ammonite In Matrix Russia,48.99,2011-05-10,,,WorthPoint
cretaceous-boundary,LQQK Killer Pavlovia Ammonite 5.0 Centimeters,17.77,2011-05-04,,,WorthPoint
cretaceous-boundary,Well Defined Calcite Pavlovia Ammonite 9.3 Centimeters,41.99,2011-05-03,,,WorthPoint
cretaceous-boundary,"Birds - US Mexican Boundry Survey,Emory 1857, 2 Plates",35.99,2011-04-16,,,WorthPoint
cretaceous-boundary,Well Defined Calcite Pavlovia Ammonite 6.3 Centimeters,20.39,2011-04-12,,,WorthPoint
cretaceous-boundary,Well Defined Calcite Pavlovia Ammonite 5.4 Centimeters,20.39,2011-04-09,,,WorthPoint
cretaceous-boundary,"Birds - US Mexican Boundry Survey,Emory 1857, 4 Plates",46.46,2011-04-03,,,WorthPoint
cretaceous-boundary,Well Defined Calcite Pavlovia Ammonite 6.4 Centimeters,22.94,2011-03-29,,,WorthPoint
cretaceous-boundary,Russian Pavlovia Ammonite On Matrix 6.2 Centimeters,23.79,2011-03-29,,,WorthPoint
cretaceous-boundary,Well Defined Calcite Pavlovia Ammonite 7.9 Centimeters,29.74,2011-03-29,,,WorthPoint
cretaceous-boundary,Well Defined Pavlovia Ammonite 4.7 Centimeter On Matrix,28.89,2011-03-29,,,WorthPoint
cretaceous-boundary,Bright Well Defined Pavlovia Ammonite 4.4 Centimeters,25.49,2011-03-29,,,WorthPoint
cretaceous-boundary,Well Defined Rare Pavlovia Ammonite 5.7 Centimeters,15.29,2011-03-27,,,WorthPoint
cretaceous-boundary,Well Defined Calcite Pavlovia Ammonite 4.3 Centimeters,15.29,2011-03-27,,,WorthPoint
cretaceous-boundary,Well Defined Calcite Pavlovia Ammonite 3.1 Centimeters,12.74,2011-03-27,,,WorthPoint
cretaceous-boundary,Well Defined Rare Pavlovia Ammonite 4.2 Centimeters,13.59,2011-03-27,,,WorthPoint
cretaceous-boundary,Emory RAILROAD SURVEYS 1857 U S MEXICO BOUNDARY Color,350,2011-03-23,,,WorthPoint
cretaceous-boundary,Well Defined Calcite Pavlovia Ammonite 7.2 Centimeters,31.99,2011-03-15,,,WorthPoint
cretaceous-boundary,Well Defined Calcite Pavlovia Ammonite 3.3 Centimeters,13.99,2011-02-27,,,WorthPoint
cretaceous-boundary,Well Defined Pavlovia Ammonite 5.8 Centimeters,21.99,2011-02-26,,,WorthPoint
cretaceous-boundary,LQQK Pavlovia Ammonite 5.5 Centimeters,17.99,2011-02-25,,,WorthPoint
cretaceous-boundary,Well Defined Calcite Pavlovia Ammonite 3.2 Centimeters,13.99,2011-02-24,,,WorthPoint
cretaceous-boundary,LQQK Pavlovia Ammonite 6.0 Centimeters,18.99,2011-02-16,,,WorthPoint
cretaceous-boundary,Well Defined Calcite Pavlovia Ammonite 8.9 Centimeters,39.99,2011-02-14,,,WorthPoint
cretaceous-boundary,Large & Bright Russian Pavlovia Ammonite 6.4 Centimeter,19.99,2011-02-13,,,WorthPoint
cretaceous-boundary,Well Defined Rare Pavlovia Ammonite 5.0 Centimeters,17.99,2011-02-12,,,WorthPoint
cretaceous-boundary,K/T Boundary Layer Material - From Meteorite Impact,35,2010-11-20,,,WorthPoint
cretaceous-boundary,"Five Books On Meteorites, Collections, And Impacts.",107.5,2010-11-14,,,WorthPoint
cretaceous-boundary,Calcite Replaced Pavlovia Ammonite 4.7 Centimeters,19.99,2010-11-12,,,WorthPoint
cretaceous-boundary,Well Defined Pavlovia Ammonite 7.5 Centimeters In Size,27.99,2010-07-23,,,WorthPoint
cretaceous-boundary,Well Defined Pavlovia Ammonite 8.7 Centimeter On Matrix,39.99,2010-07-10,,,WorthPoint
cretaceous-boundary,Well Defined Rare Pavlovia Ammonite 7.8 Centimeters,29.99,2010-07-09,,,WorthPoint
cretaceous-boundary,65-MY Old MICRO-TEKTITES In A Microscope Well Slide,20.45,2010-07-06,,,WorthPoint
cretaceous-boundary,Well Defined Pavlovia Ammonite 5.5 Centimeters,18.99,2010-07-01,,,WorthPoint
cretaceous-boundary,K/t Boundary Material Granulates Stevens Klint/denmark,12,2010-06-29,,,WorthPoint
cretaceous-boundary,Well Defined Pavlovia Ammonite 5.7 Centimeter On Matrix,33.99,2010-06-24,,,WorthPoint
cretaceous-boundary,GENUINE Fossil EGG Of Therizinosaur Dinosaur 100Myrs,114.49,2010-05-31,,,WorthPoint
cretaceous-boundary,Bright Well Defined Pavlovia Ammonite 7.7 Centimeters,26.99,2010-05-31,,,WorthPoint
cretaceous-boundary,Well Defined Pavlovia Ammonite 7.9 Centimeter On Matrix,25.99,2010-05-25,,,WorthPoint
cretaceous-boundary,Beige Calcite Replacing Russian Pavlovia Rare Ammonite,19.99,2010-04-20,,,WorthPoint
cretaceous-boundary,Very Bright Russian Pavlovia Rare Ammonite,19.99,2010-04-20,,,WorthPoint
cretaceous-boundary,DINOSAUR EXTINCTION MICRO-TEKTITES 65-million Year Old,13.01,2009-10-31,,,WorthPoint
cretaceous-boundary,Geology Paleontology New Mexico Dinosaurs Turtles 1919,20.99,2009-09-30,,,WorthPoint
cretaceous-boundary,CRETACEOUS PLANTS From SW COLORADO Geology Fossil Illus,12,2009-07-11,,,WorthPoint
cretaceous-boundary,Clay Layer Agost/spain / Impactite/ Meteorite,29.99,2008-12-30,,,WorthPoint
cretaceous-boundary,Clay Layer Stevens Klint Denmark / Impactite/ Meteorite,17.99,2008-12-30,,,WorthPoint
cretaceous-boundary,65-million Year Old DINOSAUR EXTINCTION MICRO-TEKTITES,24.95,2008-12-25,,,WorthPoint
cretaceous-boundary,"20 Xtra Fine Raptor Teeth, Hell Creek Formation, SD",133.5,2008-08-23,,,WorthPoint
cretaceous-boundary,"19 Misc. Raptor/Theropod Teeth, Hell Creek Form., SD",103.51,2008-08-23,,,WorthPoint
cretaceous-boundary,"Excellent USA Raptor Tooth, Hell Creek Formation, SD",18.76,2008-08-23,,,WorthPoint
cretaceous-boundary,"2 Excellent USA Raptor Teeth, Hell Creek Formation, SD",26,2008-08-23,,,WorthPoint
cretaceous-boundary,"30 Small Triceratops Teeth, Hell Creek Formation, SD",61,2008-08-23,,,WorthPoint
cretaceous-boundary,"3 Superb Sm Triceratops Teeth, Hell Creek Formation, SD",32.01,2008-08-23,,,WorthPoint
cretaceous-boundary,"Rare Fossil Dinosaur Tooth, Troodon Sp, Hell Creek, SD",20,2008-08-03,,,WorthPoint
cretaceous-boundary,"Lg Fossil Dinosaur Tooth, Ankylosaurus, Hell Creek, SD",35,2008-07-30,,,WorthPoint
cretaceous-boundary,"3 Fossil Dinosaur Teeth, Ankylosaurus, Hell Creek, SD",30,2008-07-29,,,WorthPoint
cretaceous-boundary,"Best Fossil Dinosaur Tooth, Troodon, Hell Creek, SD #3",75,2008-07-28,,,WorthPoint
cretaceous-boundary,DINOSAUR EXTINCTION Micro-Tektites 65-million Years Old,20.5,2008-07-11,,,WorthPoint
cretaceous-boundary,"2 1/8"" Ammonite Spiral Fossil RARE TYPE _ NAUTILUS",16,2008-05-11,,,WorthPoint
cretaceous-boundary,Eons: A635 Showy Polished Pearlized Madagascar Nautilus,109,2007-11-05,,,WorthPoint
cretaceous-boundary,Eons: A642 Showy Polished Pearlized Madagascar Nautilus,123.49,2007-10-30,,,WorthPoint
cretaceous-boundary,Many 65-MY Old MICRO-TEKTITES In Microscope Well Slide,17.57,2007-10-25,,,WorthPoint
cretaceous-boundary,65-MY Old MICRO-TEKTITES In Microscope Slide,22.49,2007-10-18,,,WorthPoint
cretaceous-boundary,Large Polished Ammonite Goniatites With Stand,35,2007-10-09,,,WorthPoint
cretaceous-boundary,DOZENS Of 65-MYA MICRO-TEKTITES In Microscope Slide,24.5,2007-09-13,,,WorthPoint
cretaceous-boundary,RARE BOOK ON FOSSIl SHARK TEETH FROM TEXAS AND SPAIN,58.81,2007-08-13,,,WorthPoint
cretaceous-boundary,"65-mya MICRO-TEKTITES, DOZENS In Microscope Well Slide",20.5,2007-06-26,,,WorthPoint
cretaceous-boundary,Eons: A611 Big Polished Pearlized Madagascar Nautilus,73,2007-06-03,,,WorthPoint
cretaceous-boundary,"Eons: A610 Polished Pearlized Madagascar Nautilus, 8 Lb",77,2007-05-23,,,WorthPoint
cretaceous-boundary,"MICRO-TEKTITES , DOZENS, 65-mya, Microscope Well Slide",20.7,2007-04-20,,,WorthPoint
cretaceous-boundary,DOZENS Of 65-mya MICRO-TEKTITES In A MICROSCOPE SLIDE,22.5,2007-04-12,,,WorthPoint
cretaceous-boundary,"65-mya MICRO-TEKTITES, DOZENS In A MICROSCOPE SLIDE",32,2007-04-05,,,WorthPoint
cretaceous-boundary,K/t Layer Agost/spain / Impactite / Meteorite,18.99,2007-04-02,,,WorthPoint
cretaceous-boundary,K/t Layer Bidart/france/ Impactite / Meteorite,17.99,2007-03-31,,,WorthPoint
cretaceous-boundary,K-T BOUNDARY MICRO-TEKTITES: DOZENS In Microscope Slide,26.12,2007-03-23,,,WorthPoint
cretaceous-boundary,Dozens Of K-T BOUNDARY MICRO-TEKTITES In A SLIDE,36.99,2007-02-21,,,WorthPoint
cretaceous-boundary,Dozens Of Remarkable K-T BOUNDARY MICRO-TEKTITES,52.98,2007-02-07,,,WorthPoint
cretaceous-boundary,"Fossil Rib Bone & Tooth On Matrix, Cretaceous, S Dakota",23,2006-12-10,,,WorthPoint
cretaceous-boundary,4.36 Llb Chunk Of Stony Creek Breciated Jasper,35,2006-11-08,,,WorthPoint
cretaceous-boundary,"""Gray's Geological Map Of The United States By Charles H. Hitchcock Ph.D. Professor Geology In Dartmouth College"", Gray, Ormando Willis & Son",132,2005-03-02,,,WorthPoint
