material_slug,title,price_usd,sale_date,weight_grams,price_per_gram,source
fulgurite,Lot Of SIX! Big! 100% Natural FULGURITE S Or Petrified Lighting 44.3gr,49.99,2026-01-19,44.3,1.13,WorthPoint
fulgurite,FULGURITE Lightning Glass Mineral Specimen SAHARA DESERT Fused Sand AFRICA,19.99,2026-01-19,,,WorthPoint
fulgurite,FULGURITE Lot From Lightning Striking Sand Found By Sahara Nomads (#F7954),10.05,2026-01-17,,,WorthPoint
fulgurite,Long! HOLLOW Tubular FULGURITE Or Petrified Lightning 100% Natural 1.69gr,14.99,2026-01-16,1.69,8.87,WorthPoint
fulgurite,Lot Of EIGHT! Long 100% Natural FULGURITE S Or Petrified Lighting 12.2gr,29.99,2026-01-12,12.2,2.46,WorthPoint
fulgurite,Beautiful Fulgurite Lightning Fused Sand Sahara Bilma Erg-Niger,150,2026-01-11,,,WorthPoint
fulgurite,Lightning Glass Fulgurite,95,2026-01-06,,,WorthPoint
fulgurite,"Florida Fulgurite Lightning Strike 2-1/2\\\"" Sand Fused Tubular Glass Specimen",19.75,2026-01-05,,,WorthPoint
fulgurite,FULGURITE From Lightning Striking Sand Found By Sahara Nomads WITH HOLE (#F7939),10.04,2026-01-04,,,WorthPoint
fulgurite,"""2.5"""" Fulgurite Petrified Lightning Strike Glass Sahara Desert Algeria""",18.89,2025-12-30,,,WorthPoint
fulgurite,Lot Of SIX LONG! FULGURITE S Or Petrified Lighting 100% Natural Algeria 24.6gr,34.99,2025-12-30,24.6,1.42,WorthPoint
fulgurite,Alabama Beaches Fulgurite 5.5 Inch Lightning Glass 417 Grams Large,300,2025-12-30,417,0.72,WorthPoint
fulgurite,Fulgurite Copper Layer Citadel Paint Warhammer 40K,6.1,2025-12-30,,,WorthPoint
fulgurite,"""4"""" X 6"""" X 1/2"""" Captured Lightning Vertical Tree Lichtenberg Figure Sculpture""",116,2025-12-25,,,WorthPoint
fulgurite,"""4"""" Fossil Fulgurite Petrified Lightning Stike""",29.99,2025-12-24,,,WorthPoint
fulgurite,FULGURITE LIGHTNING GLASS FUSED SAND Desert Specimen SAHARA DESERT W/ ID Card,5.99,2025-12-22,,,WorthPoint
fulgurite,Fulgurite High Quality,20,2025-12-21,,,WorthPoint
fulgurite,BIG Lot Of Nice! 100% Natural FULGURITE S Or Petrified Lighting 25.2gr,24.99,2025-12-21,25.2,0.99,WorthPoint
fulgurite,"""r365-10) 1-1/2"""" Fulgurite Lightning Strike Beach Sand Glass Georgia Fulgurites""",15.99,2025-12-20,,,WorthPoint
fulgurite,HUGE Lot Of LARGER 100% Natural FULGURITE S Or Petrified Lighting 105gr,39.99,2025-12-19,105,0.38,WorthPoint
fulgurite,Mini Museum 2nd Edition 1 Large 26 Rare Specimens Hans Fex + LED Stand $999 New,289,2025-12-19,,,WorthPoint
fulgurite,Big Lot Of Eight LONG HOLLOW Tubular FULGURITE S Or Petrified Lighting 16.3gr,49.99,2025-12-18,16.3,3.07,WorthPoint
fulgurite,"""4"""" X 4"""" X 1"""" Captured Lightning Lichtenberg Figure Tree & Walnut Lighted Base""",159,2025-12-17,,,WorthPoint
fulgurite,Fulgurite-Natural Specimen Lightning Fused/California. Beautiful Specimens 20.2g,28,2025-12-17,20.2,1.39,WorthPoint
fulgurite,Lot Of Four Larger! HOLLOW FULGURITE S Or Petrified Lighting Algeria 9.9gr,22.99,2025-12-14,9.9,2.32,WorthPoint
fulgurite,"""RARE Natural Fulgurite Crystals, 2-3"""" Choose How Many (Petrified Lightning)""",6.99,2025-12-14,,,WorthPoint
fulgurite,Adeptus Mechanicus 10x Fulgurite Electro-Priests - Painted #4818,79,2025-12-11,,,WorthPoint
fulgurite,Lot Of 60 32mm Round Bases Used For Warhammer 40k + AoS Games Workshop Bitz,8.49,2025-12-09,,,WorthPoint
fulgurite,Rare Large 43 Grams Fulgurite Lightning Stone Florida 43g Rough Raw Mineral,75,2025-12-09,43,1.74,WorthPoint
fulgurite,"Fulgurite, Fossilized Lightening",12,2025-12-09,,,WorthPoint
fulgurite,Long! 100% Natural Fulgurite Necklace Or Pendant! Petrified Lighting 6.27,18.99,2025-12-08,,,WorthPoint
fulgurite,18‚Äù Fulgurite Fossilized Lightning Strike Tube Natural Silica Glass Specimen,499,2025-12-07,,,WorthPoint
fulgurite,Adeptus Mechanicus Electro-Priests - Warhammer 40k - Brand New! 59-15,51,2025-12-06,,,WorthPoint
fulgurite,Fulgurite Lightning. Petrified Lightning. 5 Inches Genuine Stone From Africa,48,2025-12-05,,,WorthPoint
fulgurite,Lot Of 100 32mm Round Bases Used For Warhammer 40k + AoS Games Workshop Bitz,8.89,2025-12-04,,,WorthPoint
fulgurite,Fulgurite Electro-Priests Electroleech Stave Bits - Warhammer 40k Skitarii,7.99,2025-12-04,,,WorthPoint
fulgurite,"""terrific Rare, 2 11/16 """" Fulgurite, Fused Cast Of Lightning In Sand,polk Co, Fl""",22,2025-12-03,,,WorthPoint
fulgurite,LONG HOLLOW Tubular FULGURITE Or Petrified Lightning 100% Natural Algeria 6.4gr,34.99,2025-12-02,6.4,5.47,WorthPoint
fulgurite,Warhammer 40k Adeptus Mechanicus Admech Fulgurite Electro-Priests - A147,31.5,2025-12-02,,,WorthPoint
fulgurite,LONG! FULGURITE Or Petrified Lightning 100% Natural Algeria 9.4gr,34.99,2025-12-02,9.4,3.72,WorthPoint
fulgurite,Lot Of Five LONG! TUBULAR HOLLOW Fulgurite S Or Petrified Lighting 9.2gr,39.99,2025-12-02,9.2,4.35,WorthPoint
fulgurite,LIGHTNING GLASS FULGURITE Black Shiny FUSED SAND Pacific Northwest 3.5 In,8,2025-12-01,,,WorthPoint
fulgurite,"""2.7"""" Fulgurite Petrified Lightning Strike Glass Sahara Desert Algeria""",21.59,2025-11-30,,,WorthPoint
fulgurite,"""1.7"""" Fulgurite Petrified Lightning Strike Glass Sahara Desert Algeria""",16.19,2025-11-30,,,WorthPoint
fulgurite,"""2.1"""" Fulgurite Petrified Lightning Strike Glass Sahara Desert Algeria""",17.99,2025-11-30,,,WorthPoint
fulgurite,"""(r365-56) 1-3/4"""" Fulgurite Lightning Strike Beach Sand Glass Georgia Fulgurites""",16.49,2025-11-29,,,WorthPoint
fulgurite,"""(r353-35d) 2-3/4"""" Fulgurite Lightning Strike Beach Dune Sand Glass West Texas""",38.99,2025-11-29,,,WorthPoint
fulgurite,Games Workshop Warhammer 40K Adeptus Mechanicus Force,255,2025-11-28,,,WorthPoint
fulgurite,Fulgurites - Pair Of Natural Glass Tubes Formed By Lightning Strikes On Sand,18.15,2025-11-28,,,WorthPoint
fulgurite,Alabama Beaches Fulgurite 3.5 Inch Lightning Glass 72 Grams,50,2025-11-27,72,0.69,WorthPoint
fulgurite,Lot Of 20 32mm Round Bases Used For Warhammer 40k + AoS Games Workshop Bitz,6.59,2025-11-26,,,WorthPoint
fulgurite,BIG! HOLLOW FULGURITE Or Petrified Lightning 100% Natural Algeria 22.9gr,39.99,2025-11-23,22.9,1.75,WorthPoint
fulgurite,Mini Museum 2 Limited 2nd Edition - Large 26 Rare Specimens Hans Fex Kickstarter,299.99,2025-11-21,,,WorthPoint
fulgurite,"""Mineral Specimens: Fulgurite, Lightning-Fused Sand Tubes, 5 Tubes/Lot, 1"""" - 1.5""""""",5.99,2025-11-20,,,WorthPoint
fulgurite,"RARE Fulgurite Crystals, Natural Lightning Formed Fulgurite Wholesale Bulk Lots",8.95,2025-11-20,,,WorthPoint
fulgurite,BIG Lot Of EIGHT! Big! 100% Natural FULGURITE S Or Petrified Lighting 75.6gr,39.99,2025-11-19,75.6,0.53,WorthPoint
fulgurite,Adeptus Mechanicus Army Lot,800,2025-11-18,,,WorthPoint
fulgurite,Lot Of EIGHT! Big! 100% Natural FULGURITE S Or Petrified Lighting 37.8gr,59.99,2025-11-17,37.8,1.59,WorthPoint
fulgurite,Fulgurite Necklace Or Pendant Petrified Lighting! 100% Natural 7.54,13.99,2025-11-17,,,WorthPoint
fulgurite,HUGE FULGURITE Lot From Lightning Striking Sand Found By Sahara Nomads (#Z476),58.59,2025-11-17,,,WorthPoint
fulgurite,Fulgurite Stone Made From Lightning,39.67,2025-11-14,,,WorthPoint
fulgurite,(R310-34) 3 Fulgurites Lightning Strike Beach Sand Glass Sahara Desert Algeria,13.99,2025-11-10,,,WorthPoint
fulgurite,"""superb Rare, 2 1/4"""" Fulgurite, Fused Cast Of Lightning In Sand,polk Co, Fl""",24,2025-11-09,,,WorthPoint
fulgurite,Alabama Beaches Fulgurite 2.5 Inch Lightning Glass 59 Grams,35,2025-11-07,59,0.59,WorthPoint
fulgurite,Games Workshop Warhammer 40K Adeptus Mechanicus Electro-priests,45,2025-11-05,,,WorthPoint
fulgurite,Fulgurite Florida Beach Sand Lightning Glass - Excellent Natural Lechatelierite,35,2025-11-04,,,WorthPoint
fulgurite,"""4"""" X 6"""" X 1/2"""" Captured Lightning Edge Lichtenberg Figure & Matching Light Base""",173,2025-11-03,,,WorthPoint
fulgurite,"""Florida Fulgurite Lightning Strike 2-5/8"""" Sand Fused Tubular Glass Specimen""",19.75,2025-11-03,,,WorthPoint
fulgurite,"Florida Fulgurite Lightning Strike 2-5/8\\\"" Sand Fused Tubular Glass Specimen",16.79,2025-11-02,,,WorthPoint
fulgurite,"Warhammer 40,000: Index - Adeptus Mechanicus GW 72-59 NIB",18,2025-11-02,,,WorthPoint
fulgurite,Big Lot Of TEN! LARGER! Natural HOLLOW FULGURITE S Or Petrified Lighting 49.9gr,59.99,2025-11-01,49.9,1.2,WorthPoint
fulgurite,Warhammer 40k 3x Fulgurite Electro-Priests Adeptus Mechanicus.notes. S1,15,2025-11-01,,,WorthPoint
fulgurite,Adeptus Mechanicus Army Lot Partially Painted,455.01,2025-10-31,,,WorthPoint
fulgurite,Fulgurite Electro-priests Mechanicus Warhammer 40k,40,2025-10-29,,,WorthPoint
fulgurite,HUGE Lot! Of Natural HOLLOW FULGURITE S Or Petrified Lighting Algeria 53.5gr,39.99,2025-10-28,53.5,0.75,WorthPoint
fulgurite,Mechanic Adept Female Electro Tech Priest Maniplus Dominus Skull Keeper Exclusiv,21.99,2025-10-28,,,WorthPoint
fulgurite,5 1/4 Inches Fulgurite Lightning Glass Stone Mohave Desert B,8,2025-10-26,,,WorthPoint
fulgurite,"""(r365-55) 1-3/4"""" Fulgurite Lightning Strike Beach Sand Glass Georgia Fulgurites""",16.49,2025-10-26,,,WorthPoint
fulgurite,Fulgurites - Set Of Natural Glass Tubes Formed By Lightning Strikes On Sand,13.75,2025-10-25,,,WorthPoint
fulgurite,6 Inches Fulgurite Lightning Glass Stone Mohave Desert A,8,2025-10-24,,,WorthPoint
fulgurite,"""2 Pieces Of FULGURITE Morocco 2.5"""" Long - 2pcs Only $15 - FOSSILIZED LIGHTNING!""",15,2025-10-24,,,WorthPoint
fulgurite,Black Fulgurite PA Fossil Lighting Hollow Fused Sand Glass,24.99,2025-10-23,,,WorthPoint
fulgurite,Warhammer 40k Admech Adeptus Mechanicus Fulgurite Electro Priests T10,60,2025-10-23,,,WorthPoint
fulgurite,7 3/8 Inches Fulgurite Lightning Glass Stone Mohave Desert,17,2025-10-23,,,WorthPoint
fulgurite,5 7/8 Inches Fulgurite Lightning Glass Stone Mohave Desert B,8,2025-10-23,,,WorthPoint
fulgurite,6 Inches Fulgurite Lightning Glass Stone Mohave Desert C,8,2025-10-23,,,WorthPoint
fulgurite,7.51 Inches Fulgurite Lightning Glass Stone Mohave Desert,20,2025-10-23,,,WorthPoint
fulgurite,6 15/16 Inches Fulgurite Lightning Glass Stone Mohave Desert,10,2025-10-23,,,WorthPoint
fulgurite,"Small‚Ä¢ FULGURITE -Petrified Lightning From High Sierra, NV Museum Quality",20.99,2025-10-23,,,WorthPoint
fulgurite,"Healing Fulgurite Stone, Petrified Lightning, Chakras, Reiki, Well Being",15.99,2025-10-21,,,WorthPoint
fulgurite,6 Inches Fulgurite Lightning Glass Stone Mohave Desert B,8,2025-10-20,,,WorthPoint
fulgurite,"""4"""" X 4"""" X 3/4"""" Captured Lightning Edge Lichtenberg Figure Beam Tree Sculpture""",86,2025-10-20,,,WorthPoint
fulgurite,FloridaÔøº Fulgurite Fossil Lightning Strike Fossils Gem Gift History Treasure,15,2025-10-19,,,WorthPoint
fulgurite,5 15/16 Inches Fulgurite Lightning Glass Stone Mohave Desert,8,2025-10-19,,,WorthPoint
fulgurite,9.74 Ounce Natural Fulgurite Specimen Found In Oregon Ôøº,60,2025-10-18,,,WorthPoint
fulgurite,"Fossil & Mineral Gift Box - Ammonite, Trilobite, Shark Tooth, Fulgurite & More!",34.95,2025-10-16,,,WorthPoint
fulgurite,LONG! HOLLOW FULGURITE Or Petrified Lightning 100% Natural Algeria 5.7gr,19.99,2025-10-14,5.7,3.51,WorthPoint
fulgurite,Lot Of FIVE BIG! 100% Natural HOLLOW FULGURITE S Or Petrified Lighting 32.9gr,49.99,2025-10-14,32.9,1.52,WorthPoint
fulgurite,Warhammer 40k - Adeptus Mechanicus Fulgurite Electro Priests,36,2025-10-14,,,WorthPoint
fulgurite,FULGURITE LIGHTNING GLASS Black Shiny FUSED SAND Pacific Northwest 2.5 In,15,2025-10-13,,,WorthPoint
fulgurite,BIG Lot! Of Natural HOLLOW FULGURITE S Or Petrified Lighting Algeria 21.4gr,29.99,2025-10-13,21.4,1.4,WorthPoint
fulgurite,Lightning In A Bottle- Fulgurite- Fossilized Lightning-(1),18,2025-10-13,,,WorthPoint
fulgurite,HOLLOW LONG Tubular FULGURITE Or Petrified Lightning 100% Natural Algeria 2.33gr,19.99,2025-10-13,2.33,8.58,WorthPoint
fulgurite,"""fabulous Intricate Fulgurite (3 11/16 """") ,coachella Valley,palm Springs, Calif""",30,2025-10-13,,,WorthPoint
fulgurite,North Carolina Fulgurite From The Outer Banks,12,2025-10-12,,,WorthPoint
fulgurite,LONG! TUBULAR FULGURITE Or Petrified Lightning 100% Natural Algeria 18.3gr,39.99,2025-10-11,18.3,2.19,WorthPoint
fulgurite,FULGURITE ELECTRO-PRIESTS KITBASH BUILT Adeptus Mechanicus Ad Mech Warhammer 40K,12.99,2025-10-11,,,WorthPoint
fulgurite,RARE Fulgurite Crystals Collection Box - Natural Lightning Formed Raw Fulgurite,14.95,2025-10-10,,,WorthPoint
fulgurite,Warhammer 40k Adeptus Mechanicus Corpuscarii Or Fulgurite Electro-Priests NiB,51,2025-10-10,,,WorthPoint
fulgurite,"Fulgurite / Green Quartz Handcrafted Sculpture 6""",33.6,2025-10-09,,,WorthPoint
fulgurite,"WH40k Adeptus Mechanicus Well Painted Army Lot, Stygies VIII Paint Scheme",575,2025-10-09,,,WorthPoint
fulgurite,Adeptus Mechanicus Army Lot 40k,550,2025-10-09,,,WorthPoint
fulgurite,"""awesome Fulgurite (3 1/4"""") ,coachella Valley,palm Springs, Ca Also Fluorescent""",60,2025-10-07,,,WorthPoint
fulgurite,"5 Pack, 32mm Round Bases Used For Warhammer 40k + AoS Games Workshop Bitz",7.49,2025-10-07,,,WorthPoint
fulgurite,Combined Listing Nine Items,1200,2025-10-07,,,WorthPoint
fulgurite,8.49 Inches Fulgurite Lightning Glass Stone Mohave Desert A,26,2025-10-06,,,WorthPoint
fulgurite,Long! Over FIVE Inch! HOLLOW FULGURITE Or Petrified Lightning Algeria 9.1gr,34.99,2025-10-04,9.1,3.85,WorthPoint
fulgurite,"""Fulgurite Lot Of 7 Pc. 1.5"""" To 5"""" Long Graham Co. Arizona Fused Sand Lightning""",40,2025-10-02,,,WorthPoint
fulgurite,HOLLOW LONG! Tubular FULGURITE Or Petrified Lightning 100% Natural Algeria 4.00g,19.99,2025-10-02,4,5,WorthPoint
fulgurite,7 1/4 Inches Fulgurite Lightning Glass Stone Mohave Desert,17,2025-09-30,,,WorthPoint
fulgurite,"""(R399-17-1) 4"""" Fossil Fulgurite Petrified Lightning Strike Beach Sand Glass GA""",26.99,2025-09-30,,,WorthPoint
fulgurite,"""sweet Lot :5 Fulgurites (1 3/8 - 3 7/8 """") , Coachella Valley,palm Springs, Calif""",70,2025-09-30,,,WorthPoint
fulgurite,"Warhammer 40,000 Adeptus Mechanicus Lot",60,2025-09-27,,,WorthPoint
fulgurite,Electro-Priests Adeptus Mechanicus Skitarii Warhammer 40K NIB,49.3,2025-09-25,,,WorthPoint
fulgurite,"""Fulgurite Lightning Fused Sand Blond Fulgurite 1/8 Pound 7 Plus Pieces 1-2.25""""""",9.99,2025-09-21,,,WorthPoint
fulgurite,Black Dirt Lightning Glass Fulgurite,10.5,2025-09-20,,,WorthPoint
fulgurite,7 5/8 Inches Fulgurite Lightning Glass Stone Mohave Desert,17,2025-09-20,,,WorthPoint
fulgurite,9 Fulgurites Lightning Glass Stone Mohave Desert Rock Mineral B,22,2025-09-20,,,WorthPoint
fulgurite,"""awesome Fulgurite (2 5/8"""") ,coachella Valley,palm Springs, Ca Also Fluorescent""",30,2025-09-19,,,WorthPoint
fulgurite,Fulgurite From North Carolina Beaches,15,2025-09-18,,,WorthPoint
fulgurite,Big Lot Of TEN Larger! 100% Natural FULGURITE S Or Petrified Lighting 29.0gr,24.99,2025-09-18,29,0.86,WorthPoint
fulgurite,Fulgurite Electro-Priests (x5) 2 - #145931 - Adeptus Mechanicus,37.12,2025-09-17,,,WorthPoint
fulgurite,"""r352-90i) 2-1/4"""" Fulgurite Lightning Strike Beach Sand Glass West Texas Specimen""",26.99,2025-09-17,,,WorthPoint
fulgurite,Fulgurite Grey From Eastern Colorado,10,2025-09-16,,,WorthPoint
fulgurite,"""Fulgurite 5"""" Long 2.5"""" Diameter And About A 1/2"""" Opening. 100% Natural Fulgurite""",20,2025-09-16,,,WorthPoint
fulgurite,Skitarii Electro-Priests Adeptus Mechanicus Warhammer 40K,49.3,2025-09-15,,,WorthPoint
fulgurite,Corpuscarii / Fulgurite Electro-Priests - Adeptus Mechanicus - Warhammer 40k NEW,45,2025-09-15,,,WorthPoint
fulgurite,LARGER! FULGURITE Or Petrified LIGHTNING 100% Natural Algeria 9.8gr,14.99,2025-09-15,9.8,1.53,WorthPoint
fulgurite,"Round & Oval - Warhammer 40k ,Aos Bitz, Miniature Bases! All Sizes! Made In USA",0.99,2025-09-13,,,WorthPoint
fulgurite,Warhammer 40k 5x Fulgurite Electro-Priests Adeptus Mechanicus. S1,38,2025-09-13,,,WorthPoint
fulgurite,Fulgurite Electro-Priests [x5] Adeptus Mechanicus [Warhammer 40K] Assembled,37.99,2025-09-07,,,WorthPoint
fulgurite,GW Warhammer 40K Codex Adeptus Mechanicus - Cult Mechanicus VG+/NM,17,2025-09-06,,,WorthPoint
fulgurite,Fulgurite Necklace / Pendant Petrified Lighting! 100% Natural 1.09,13.99,2025-09-06,,,WorthPoint
fulgurite,Lot Of FOUR! Long 100% Natural HOLLOW FULGURITE S Or Petrified Lighting 34.8gr,25.99,2025-09-04,34.8,0.75,WorthPoint
fulgurite,HUGE Lot! Of Small 100% Natural FULGURITE S Or Petrified LIGHTING Algeria 40.1gr,19.99,2025-09-04,40.1,0.5,WorthPoint
fulgurite,"""3pcs Turtle Dung COPROLITE 1.3"""" Long Clean And Very Select Fossils 12m Y Old""",11.99,2025-09-03,,,WorthPoint
fulgurite,7 1/8 Inches Fulgurite Lightning Glass Stone Mohave Desert,17,2025-09-03,,,WorthPoint
fulgurite,"""r365-13) 1-1/2"""" Fulgurite Lightning Strike Beach Sand Glass Georgia Fulgurites""",15.99,2025-08-31,,,WorthPoint
fulgurite,"""r365-11) 1-1/2"""" Fulgurite Lightning Strike Beach Sand Glass Georgia Fulgurites""",15.99,2025-08-31,,,WorthPoint
fulgurite,HUGE Lot Of THIRTY! Larger 100% Natural FULGURITE S Or Petrified Lighting 70.3gr,34.99,2025-08-30,70.3,0.5,WorthPoint
fulgurite,Fulgurite,3750,2025-08-29,,,WorthPoint
fulgurite,Adeptus Mechanicus Fulgurite Electro-Priests 40K Warhammer,51,2025-08-28,,,WorthPoint
fulgurite,Warhammer 40K Adeptus Mechanicus Fulgurite Electro-Priests Sprue Bits,14.99,2025-08-25,,,WorthPoint
fulgurite,Mini Museum 2nd Limited Edition - Large 26 Specimens RARE Hans Fex Kickstarter,425,2025-08-23,,,WorthPoint
fulgurite,Lighting Glass - FULGURITE W Moldavite And Fire Obsidian Traits 395.5 Ct. Black,59,2025-08-22,79.1,0.75,WorthPoint
fulgurite,WARHAMMER BASE Oval 40K / AoS / Fantasy Miniature! Largest Collection Of Sizes!,0.99,2025-08-22,,,WorthPoint
fulgurite,Warhammer 40k Adeptus Mechanicus Partially Painted Army Lot,450,2025-08-22,,,WorthPoint
fulgurite,"Warhammer 40,000 40K 10th Space Marines Adeptus Mechanicus Index Games Workshop",21.81,2025-08-22,,,WorthPoint
fulgurite,Rare Large 109 Grams Fulgurite Lightning Stone Florida 109g Rough Raw Mineral,100,2025-08-21,109,0.92,WorthPoint
fulgurite,7 3/4 Inches Fulgurite Lightning Glass Stone Mohave Desert,17,2025-08-20,,,WorthPoint
fulgurite,"""2.9"""" Fulgurite Petrified Lighting Strike Glass Sahara Desert Algeria""",21.99,2025-08-20,,,WorthPoint
fulgurite,10 Fulgurites Lightning Glass Stone Mohave Desert,22,2025-08-18,,,WorthPoint
fulgurite,Layer: Fulgurite Copper (12ml),5.19,2025-08-17,,,WorthPoint
fulgurite,Rare Large 75 Grams Fulgurite Lightning Stone Florida 75g Rough Raw Mineral,150,2025-08-12,75,2,WorthPoint
fulgurite,Fulgurite Lightning Fused Sand Singing Type Sahara 3 Pieces In 1 Box Per Lot,9.98,2025-08-12,,,WorthPoint
fulgurite,8.51 Inches Fulgurite Lightning Glass Stone Mohave Desert,12,2025-08-11,,,WorthPoint
fulgurite,5.7 Inches Fulgurite Lightning Glass Stone Mohave Desert,8,2025-08-10,,,WorthPoint
fulgurite,5.8 Inches Fulgurite Lightning Glass Stone Mohave Desert,8,2025-08-10,,,WorthPoint
fulgurite,5.0 Inches Fulgurite Lightning Glass Stone Mohave Desert,8,2025-08-10,,,WorthPoint
fulgurite,Fulgurite Lightning Fused Sand Blond Fulgurite 1/4 Pound 15 + Pieces 1-2.28 Inch,12.83,2025-08-10,,,WorthPoint
fulgurite,5 1/2 Inches Fulgurite Lightning Glass Stone Mohave Desert,8,2025-08-08,,,WorthPoint
fulgurite,8 3/8 Inches Fulgurite Lightning Glass Stone Mohave Desert A,8,2025-08-06,,,WorthPoint
fulgurite,Big! HOLLOW FULGURITE Or Petrified Lightning 100% Natural From Algeria 13.2gr,29.99,2025-08-04,13.2,2.27,WorthPoint
fulgurite,"""sweet Lot Of 7 Fulgurites (7/8 - 2 """"), Coachella Valley, Palm Springs, Ca""",9.95,2025-08-04,,,WorthPoint
fulgurite,"""(r364-118) 1-1/8"""" Fulgurite Lightning Strike Beach Sand Glass Georgia Fulgurites""",14.99,2025-08-03,,,WorthPoint
fulgurite,Warhammer 40K: Adeptus Mechanicus Army Lot,355,2025-08-03,,,WorthPoint
fulgurite,Big! 100% Natural Fulgurite Necklace Or Pendant! Petrified Lighting 5.52,18.99,2025-08-02,,,WorthPoint
fulgurite,Big Lot Of 100% Natural FULGURITE S Or Petrified Lighting Algeria 20.0.gr,14.99,2025-08-01,,,WorthPoint
fulgurite,6 Fulgurites Lightning Glass Stone Mohave Desert Rock Mineral,10,2025-08-01,,,WorthPoint
fulgurite,7.25 Inches Fulgurite Lightning Glass Stone Mohave Desert,12,2025-08-01,,,WorthPoint
fulgurite,Fulgurite Lightning Struck Sand Rock Geology Mineral Specimens,9.99,2025-07-31,,,WorthPoint
fulgurite,3 3/4Inches Fulgurite Lightning Glass Stone Mohave Desert,6,2025-07-30,,,WorthPoint
fulgurite,"Adeptus Mechanicus Fulgurite Electro-Priests, Assembled, SKU 6",47,2025-07-29,,,WorthPoint
fulgurite,Cool Rock. Possibly Fulgurite. Very Dense. 611 Grams,22,2025-07-28,611,0.04,WorthPoint
fulgurite,"""r365-1) 1-1/2"""" Fulgurite Lightning Strike Beach Sand Glass Georgia Fulgurites""",15.99,2025-07-27,,,WorthPoint
fulgurite,Warhammer 40K Adeptus Mechanicus : Electro-Priests (x5) ‚Ä¢ NIB 59-15,49.3,2025-07-27,,,WorthPoint
fulgurite,BIG Lot Of UNIQUE FULGURITE S Or Petrified Lighting 100% Natural 52.9gr,49.99,2025-07-27,52.9,0.94,WorthPoint
fulgurite,Games Workshop Warhammer - Citadel Colour Paint LAYER Fulgurite Copper 12ml,10.99,2025-07-26,,,WorthPoint
fulgurite,"""(r365-34) 1-3/4"""" Fulgurite Lightning Strike Beach Sand Glass Georgia Fulgurites""",16.49,2025-07-24,,,WorthPoint
fulgurite,Citadel Paint Pot Lot Of 228 Assorted Colors. (Used) Warhammer,710,2025-07-24,,,WorthPoint
fulgurite,"""5"""" Fulgurite Petrified Lighting Strike Glass Sahara Desert Morocco""",35,2025-07-23,,,WorthPoint
fulgurite,Rare Unusual Prayer Pipe Lightning Strike Saraha Desert Fulgurite Crystal #651,33.33,2025-07-21,,,WorthPoint
fulgurite,Fulgurite Lightning Fused Sand Sahara Desert RARE 1/2 Ounce Lot 6+ Pieces,15.99,2025-07-20,,,WorthPoint
fulgurite,Fulgurite Lightning Fused Sand Singing Variety Sahara 1/2 Ounce 8+ Pieces,12.94,2025-07-20,,,WorthPoint
fulgurite,Rare Large 3 Lbs Fulgurite Lightning Stone Florida 3 Pounds XL Rough Raw Mineral,250,2025-07-17,,,WorthPoint
fulgurite,Creedite Goethite Fulgurite 3 Specimen Lot Combined Listing,49.99,2025-07-17,,,WorthPoint
fulgurite,5 7/8 Inches Fulgurite Lightning Glass Stone Mohave Desert,8,2025-07-15,,,WorthPoint
fulgurite,"""(r365-41) 1-3/4"""" Fulgurite Lightning Strike Beach Sand Glass Georgia Fulgurites""",16.49,2025-07-15,,,WorthPoint
fulgurite,"""(r365-53) 1-3/4"""" Fulgurite Lightning Strike Beach Sand Glass Georgia Fulgurites""",16.49,2025-07-14,,,WorthPoint
fulgurite,Admech Army Well Painted 40k,1900,2025-07-13,,,WorthPoint
fulgurite,"""FULGURITE 7.5"""" Long 2.5"""" Diameter 3/4"""" Opening 100% Natural GA FULGURITE""",30,2025-07-12,,,WorthPoint
fulgurite,Fulgurite Lightning Glass Fused Sand 301,10,2025-07-12,,,WorthPoint
fulgurite,Lot Of FOUR Larger! FULGURITE S Or Petrified Lighting Algeria 34.1gr,20.99,2025-07-11,34.1,0.62,WorthPoint
fulgurite,BIG Lot Of SIX! Big! 100% Natural FULGURITE S Or Petrified Lighting 42.8gr,39.99,2025-07-09,42.8,0.93,WorthPoint
fulgurite,"Rare : Fulgurite On A Rock!!!, Coachella Valley, Palm Springs, Ca",9.95,2025-07-07,,,WorthPoint
fulgurite,"""FULGURITE 5"""" Long 3"""" Diameter 1"""" Opening 100% Natural GA FULGURITE""",60,2025-07-06,,,WorthPoint
fulgurite,Fulgurite Collection Lightning Sand Glass Mohave Desert Mineral Rock 002,15,2025-07-04,,,WorthPoint
fulgurite,Fl 4 Nice Specimens Fulgurite Lightning Fused Sand All Hollow Tubes,44,2025-07-04,,,WorthPoint
fulgurite,Lot Of Four! Long TUBULAR HOLLOW FULGURITE S Or Petrified Lighting 15.2gr,39.99,2025-07-01,15.2,2.63,WorthPoint
fulgurite,"Warhammer 40k Adeptus Mechanicus Huge Lot, Assembled, Some Based And Painted",950,2025-06-30,,,WorthPoint
fulgurite,"Crystal Variety Set-Tourmaline, Chrysocolla, Quartz, Danburite, Tanzanite + More",89,2025-06-28,,,WorthPoint
fulgurite,Dr. Cool Lightning Dig Kit Hands-on Excavation Fulgurite BN,14.99,2025-06-27,,,WorthPoint
fulgurite,"""(r365-42) 1-3/4"""" Fulgurite Lightning Strike Beach Sand Glass Georgia Fulgurites""",16.49,2025-06-27,,,WorthPoint
fulgurite,Big! Fulgurite Necklace / PENDANT Petrified Lighting! 100% Natural 5.41,18.99,2025-06-25,,,WorthPoint
fulgurite,"""r365-3) 1-1/2"""" Fulgurite Lightning Strike Beach Sand Glass Georgia Fulgurites""",15.99,2025-06-25,,,WorthPoint
fulgurite,"""(r365-54) 1-3/4"""" Fulgurite Lightning Strike Beach Sand Glass Georgia Fulgurites""",16.49,2025-06-24,,,WorthPoint
fulgurite,"""3 Specimens FULGURITE Morocco 2.25"""" Long - 3pcs For $18 - FOSSILIZED LIGHTNING!""",18,2025-06-23,,,WorthPoint
fulgurite,3 Large Fulgurites Lightning Glass Stone Mohave Desert Rock Mineral 091,15.5,2025-06-20,,,WorthPoint
fulgurite,"""5 & 7/8"""" Inches Fulgurite Lightning Glass Stone Mohave Desert""",7,2025-06-20,,,WorthPoint
fulgurite,Big! Very UNIQUE FULGURITE Or Petrified LIGHTNING 100% Natural Algeria 13.1gr,39.99,2025-06-19,13.1,3.05,WorthPoint
fulgurite,"Round Bases - Warhammer 40k ,Aos Bitz, Miniature Bases! All Bases Available!",2.25,2025-06-14,,,WorthPoint
fulgurite,Beyond Beautiful Porous Basalt Stone Mixed W/ Fulgurite! Amazing Display Piece!,25,2025-06-10,,,WorthPoint
fulgurite,Warhammer 40k Siege Of Terra: Era Of Ruin Pre-Order 6-21 Ships 6-26 NEW,49.5,2025-06-08,,,WorthPoint
fulgurite,Fulgurite Lightning Fused Sand Sahara 2 Pieces In 1 Box Per Lot,9.9,2025-06-05,,,WorthPoint
fulgurite,9 Inches Fulgurite Lightning Glass Stone Mohave Desert,15,2025-06-04,,,WorthPoint
fulgurite,Big Lot Of 100% Natural HOLLOW FULGURITE S Or Petrified Lighting 15.7gr,17.99,2025-06-03,15.7,1.15,WorthPoint
fulgurite,"""(r365-36) 1-3/4"""" Fulgurite Lightning Strike Beach Sand Glass Georgia Fulgurites""",16.49,2025-06-03,,,WorthPoint
fulgurite,"""awesome Fulgurite (5 1/4"""") ,coachella Valley,palm Springs, Ca Also Fluorescent""",60,2025-05-31,,,WorthPoint
fulgurite,GW Warhammer 40k Cult Mechanicus Fulgurite Electro-Priests (5),25,2025-05-28,,,WorthPoint
fulgurite,(R310-35) 3 Fulgurites Lightning Strike Beach Sand Glass Sahara Desert Algeria,13.99,2025-05-28,,,WorthPoint
fulgurite,Warhammer 40k - Adeptus Mechanicus Fulgurite Electro-Priests,55,2025-05-26,,,WorthPoint
fulgurite,6 Inches Fulgurite Lightning Glass Stone Mohave Desert,8,2025-05-26,,,WorthPoint
fulgurite,"""(r366-22) 2-1/8"""" Fulgurite Lightning Strike Beach Sand Glass Georgia Fulgurites""",18.99,2025-05-25,,,WorthPoint
fulgurite,"""(r365-48) 1-3/4"""" Fulgurite Lightning Strike Beach Sand Glass Georgia Fulgurites""",16.49,2025-05-25,,,WorthPoint
fulgurite,"""(r365-35) 1-3/4"""" Fulgurite Lightning Strike Beach Sand Glass Georgia Fulgurites""",16.49,2025-05-25,,,WorthPoint
fulgurite,"""(r365-50) 1-3/4"""" Fulgurite Lightning Strike Beach Sand Glass Georgia Fulgurites""",16.49,2025-05-25,,,WorthPoint
fulgurite,Big Lot Of HOLLOW 100% Natural FULGURITE S Or Petrified Lighting Algeria 14.20gr,16.99,2025-05-20,14.2,1.2,WorthPoint
fulgurite,"""(r364-117) 1-1/8"""" Fulgurite Lightning Strike Beach Sand Glass Georgia Fulgurites""",14.99,2025-05-19,,,WorthPoint
fulgurite,"""9"""" Inches Fulgurite Lightning Glass Stone Mohave Desert Rock Mineral""",10,2025-05-19,,,WorthPoint
fulgurite,Fulgurite Electro-Priests X5 - Adeptus Mechanicus - Warhammer 40k,33,2025-05-16,,,WorthPoint
fulgurite,40K Adeptus Mechanicus _Electro-Priest Fulgurite W/ Electroleech Stave Blind Buy,12.6,2025-05-15,,,WorthPoint
fulgurite,(R310-4) 3 Fulgurites Lightning Strike Beach Sand Glass Sahara Desert Algeria,13.99,2025-05-15,,,WorthPoint
fulgurite,Huge Warhammer 40k Adeptus Mechanicus Army. Well Painted. Magnetized 6400 Points,3500,2025-05-12,,,WorthPoint
fulgurite,"""sweet Lot Of 5 Fulgurites (11/16- 1 3/8 """") ,coachella Valley,palm Springs, Ca""",9.95,2025-05-12,,,WorthPoint
fulgurite,Rare Form Andara W/inclusions~impact Glass Or Exogenic Fulgurite Lightning Glass,14.99,2025-05-12,,,WorthPoint
fulgurite,Rare Form Andara~double 'branch' Formation~impact Glass Or Exogenic Fulgurite,14.99,2025-05-12,,,WorthPoint
fulgurite,Warhammer 40k Adeptus Mechanicus Army (Ad Mech) Lot - NOS / Game Ready,325,2025-05-11,,,WorthPoint
fulgurite,Fulgurite From Colorado Exceptional A+ Specimen Lightening Glass,75,2025-05-08,,,WorthPoint
fulgurite,FULGURITE (Petrified Lightning)Fulgurite LIGHTNING GLASS California Sanger 65g,150,2025-05-08,65,2.31,WorthPoint
fulgurite,Big Lot Of 100% Natural FULGURITE S Or Petrified Lighting 21.5gr,16.99,2025-05-08,21.5,0.79,WorthPoint
fulgurite,"""superb Rare, 2 1/8 """" Fulgurite, Fused Cast Of Lightning In Sand ,polk Co, Fl""",29,2025-05-08,,,WorthPoint
fulgurite,"""Fulgurite Lightning Fused Sand 2 Ounce RARE Singing 0.75-2"""" 20+ Pieces""",36.99,2025-05-07,,,WorthPoint
fulgurite,Fulgurite-Natural Specimen Lightning On Matrix Beautiful Specimens 1lb 14.3oz,60,2025-05-07,405.405,0.15,WorthPoint
fulgurite,"""r365-6) 1-1/2"""" Fulgurite Lightning Strike Beach Sand Glass Georgia Fulgurites""",15.99,2025-05-06,,,WorthPoint
fulgurite,"""(r364-113) 1-1/8"""" Fulgurite Lightning Strike Beach Sand Glass Georgia Fulgurites""",14.99,2025-05-05,,,WorthPoint
fulgurite,FULGURITE LIGHTNING GLASS Fused To Host Rock Unique Specimen Fresno County,65,2025-05-05,,,WorthPoint
fulgurite,Fulgurite Lightning Fused Sand Singing Fulgurite Sahara 1/2 Ounce 9 Plus Piece,12.94,2025-05-04,,,WorthPoint
fulgurite,Adeptus Mechanicus Fulgurite / Corpuscarii Electro-Priests,49.3,2025-05-03,,,WorthPoint
fulgurite,"""awesome Fulgurite (4 3/4"""") ,coachella Valley,palm Springs, Ca Also Fluorescent""",40,2025-05-02,,,WorthPoint
fulgurite,Mineral Collection Of 96 Micromounts,95,2025-04-28,,,WorthPoint
fulgurite,Long! Almost FOUR INCH Hollow FULGURITE Or Petrified Lightning Algeria 13.9gr,29.99,2025-04-28,13.9,2.16,WorthPoint
fulgurite,"""6.5"""" Inches Fulgurite Lightning Glass Stone Mohave Desert Rock Mineral""",8,2025-04-28,,,WorthPoint
fulgurite,"""5"""" Inches Fulgurite Lightning Glass Stone Mohave Desert Rock Mineral""",8,2025-04-23,,,WorthPoint
fulgurite,"""7"""" Inches Fulgurite Lightning Glass Stone Mohave Desert""",20,2025-04-19,,,WorthPoint
fulgurite,Big Lot Of Larger! 100% Natural FULGURITE S Or Petrified Lighting 27.0gr,15.99,2025-04-18,27,0.59,WorthPoint
fulgurite,Rare Form Andara~dark Green W/nice Flow Lines~impact Glass Or Exogenic Fulgurite,14.99,2025-04-17,,,WorthPoint
fulgurite,"Fulgurite Lightning Glass, Fulgurite Stone, Lightning Strikes Sand, 4 1/4 Inch",19.95,2025-04-11,,,WorthPoint
fulgurite,Fulgurite Lightning Fused Sand Singing Type Sahara 4 Pieces In 2 Boxes Per Lot,10.35,2025-04-11,,,WorthPoint
fulgurite,üî•Set Of (x77) Games Workshop Citadel LAYER PAINTS +OOP Citadel Storage Box,399.99,2025-04-10,,,WorthPoint
fulgurite,"""(r365-45) 1-3/4"""" Fulgurite Lightning Strike Beach Sand Glass Georgia Fulgurites""",16.49,2025-04-09,,,WorthPoint
fulgurite,Larger 100% Natural HOLLOW FULGURITE Or Petrified Lightning Algeria 8.2gr,15.99,2025-04-08,8.2,1.95,WorthPoint
fulgurite,Warhammer 40k Adeptus Mechanicus Lot Plus Knights And Sprues (Mostly Unpainted),1100,2025-04-07,,,WorthPoint
fulgurite,Warhammer 40k Adeptus Mechanicus Lot,207.5,2025-04-07,,,WorthPoint
fulgurite,Rare Large 107 Grams Fulgurite Lightning Stone Florida 107g Rough Raw Mineral,45,2025-04-07,107,0.42,WorthPoint
fulgurite,HOLLOW FULGURITE Or Petrified Lightning 100% Natural Algeria 5.8gr,14.99,2025-04-04,5.8,2.58,WorthPoint
fulgurite,West Virginia Andara~new Find~bending Blue Green W/textured Flow Lines~109 Gr,14.99,2025-04-03,109,0.14,WorthPoint
fulgurite,Layer Fulgurite Copper Games Workshop Citadel Colour,6.1,2025-04-02,,,WorthPoint
fulgurite,1 Fulgurite Petrified Lightning,7,2025-04-02,,,WorthPoint
fulgurite,Big Lot Of Larger! FULGURITE S Or Petrified Lighting 100% Natural 24.8gr,15.99,2025-04-01,24.8,0.64,WorthPoint
fulgurite,Larger! Hollow FULGURITE Or Petrified Lightning 100% Natural Algeria 6.1gr,20.99,2025-03-31,6.1,3.44,WorthPoint
fulgurite,Long! SIX INCH Hollow FULGURITE Or Petrified Lightning Algeria 21.4gr,59.99,2025-03-27,21.4,2.8,WorthPoint
fulgurite,"""(R399-17-4) 4"""" Fossil Fulgurite Petrified Lightning Strike Beach Sand Glass GA""",26.99,2025-03-24,,,WorthPoint
fulgurite,10 Pieces Of Fulgurite Lightning Sand Glass Mohave Desert Rock 6 Oz,15,2025-03-24,170.1,0.09,WorthPoint
fulgurite,Over 150 Count Lot 100% Natural Lightning California Fulgurites Garnet Hill P12,105.99,2025-03-20,,,WorthPoint
fulgurite,"""Black Fulgurite PA Fossil Lighting """"y"""" Shaped Fused Sand Glass""",24.99,2025-03-20,,,WorthPoint
fulgurite,GW Warhammer 40k Cult Mechanicus Fulgurite Electro-Priests #8 NM,60,2025-03-19,,,WorthPoint
fulgurite,Big Lot Of Smaller TUBULAR 100% Natural FULGURITE S Or Petrified Lighting 9.3gr,19.99,2025-03-19,9.3,2.15,WorthPoint
fulgurite,GIANT Lot! Of 100% Natural FULGURITE S Or Petrified Lighting Algeria 75.4gr,34.99,2025-03-18,75.4,0.46,WorthPoint
fulgurite,"""Fulgurite Rock 3"""" X 3"""" X 1-1/4"""" H""",5,2025-03-17,,,WorthPoint
fulgurite,BIG! FULGURITE Or Petrified Lightning 100% Natural Algeria 35.6gr,39.99,2025-03-16,35.6,1.12,WorthPoint
fulgurite,"Round Bases - Warhammer 40k ,Aos Bitz, Various Sizes!",3.5,2025-03-16,,,WorthPoint
fulgurite,Mineral Collection Of 198 Micromounts And Thumbnails,200,2025-03-13,,,WorthPoint
fulgurite,Listing For Theoldcavernboutique_8,337.92,2025-03-07,,,WorthPoint
fulgurite,LOT Of 3 Black Fulgurites PA Fossil Lighting Fused Sand Glass,34.99,2025-03-06,,,WorthPoint
fulgurite,"""(r365-44) 1-3/4"""" Fulgurite Lightning Strike Beach Sand Glass Georgia Fulgurites""",16.49,2025-03-04,,,WorthPoint
fulgurite,"""(r365-37) 1-3/4"""" Fulgurite Lightning Strike Beach Sand Glass Georgia Fulgurites""",16.49,2025-03-03,,,WorthPoint
fulgurite,Big Lot Of Small TUBULAR 100% Natural FULGURITE S Or Petrified Lighting 7.56gr,19.99,2025-03-01,7.56,2.64,WorthPoint
fulgurite,FULGURITE Aka Petrified Lightening (Sand),17,2025-02-27,,,WorthPoint
fulgurite,Lot Of 4 BLACK Fulgurites RARE PA Fulgurite Wholesale Closeout!,94.99,2025-02-26,,,WorthPoint
fulgurite,Warhammer 40K Adeptus Mechanicus Army Lot Well Painted,300,2025-02-26,,,WorthPoint
fulgurite,Long! 100% Natural HOLLOW FULGURITE Or Petrified Lightning Algeria 2.1gr,13.99,2025-02-21,2.1,6.66,WorthPoint
fulgurite,"""r365-32-6) 1-1/2"""" Fulgurite Lightning Strike Beach Sand Glass Georgia Fulgurites""",15.99,2025-02-21,,,WorthPoint
fulgurite,Alabama Fulgurite/Lightning Glass 5.28 Gram,28,2025-02-20,5.28,5.3,WorthPoint
fulgurite,West Virginia Andara~new Find~green Blue Brown Curving Arch W/inclusions~27 Gr.,14.99,2025-02-18,27,0.56,WorthPoint
fulgurite,West Virginia Andara~new Find~bending Aqua Seafoam~47 Gr. Natural Glass,14.99,2025-02-18,47,0.32,WorthPoint
fulgurite,West Virginia Andara~new Find~light Green Folded Curving Arch~34 Gr. Rare Form,14.99,2025-02-18,34,0.44,WorthPoint
fulgurite,FULGURITE Lightning Strike Glass Mineral Specimen MOJAVE DESERT Fused Sand RARE,21.59,2025-02-17,,,WorthPoint
fulgurite,Warhammer 40K Fulgurite Electro-Priests Adeptus Mechanicus Army Lot Painted,46.4,2025-02-15,,,WorthPoint
fulgurite,Games Workshop Adeptus Mechanicus: Fulgurite Electro-Priests X10 Assembled,34.99,2025-02-12,,,WorthPoint
fulgurite,Citadel Paint Lot 334 Bottles,1100,2025-02-11,,,WorthPoint
fulgurite,"""(r362-50) 4 Piece Set 1/2-1-1/8"""" Fulgurites Lightning Strike Beach Sand Glass GA""",22.99,2025-02-08,,,WorthPoint
fulgurite,Warhammer40k AdMech Army Lot Used,280,2025-02-04,,,WorthPoint
fulgurite,Fulgurite Fossil Lightning Minerals Crystals Gems,7.99,2025-02-01,,,WorthPoint
fulgurite,üî• Almost Complete Set Of Games Workshop Citadel LAYER Paints (x77),325,2025-01-31,,,WorthPoint
fulgurite,"""1.6"""" Fulgurite Petrified Lighting Strike Sahara Desert Morocco""",15.99,2025-01-30,,,WorthPoint
fulgurite,Lot Of FOUR! FULGURITE S Or Petrified Lighting 100% Natural 7.8gr,17.99,2025-01-26,7.8,2.31,WorthPoint
fulgurite,DC Comics Brave And The Bold #44 1962 - CBCS 4.5 - Hawkman,80,2025-01-24,,,WorthPoint
fulgurite,"""7 & 3/4"""" Fulgurite Lightning Sand Glass Mohave Desert Mineral Rock""",25,2025-01-22,,,WorthPoint
fulgurite,"""(r364-132) 1-1/8"""" Fulgurite Lightning Strike Beach Sand Glass Georgia Fulgurites""",14.99,2025-01-22,,,WorthPoint
fulgurite,"""r365-4) 1-1/2"""" Fulgurite Lightning Strike Beach Sand Glass Georgia Fulgurites""",15.99,2025-01-22,,,WorthPoint
fulgurite,"""r365-8) 1-1/2"""" Fulgurite Lightning Strike Beach Sand Glass Georgia Fulgurites""",15.99,2025-01-22,,,WorthPoint
fulgurite,Big Lot Of 100% Natural FULGURITE S Or Petrified Lighting 19.8gr,19.99,2025-01-21,19.8,1.01,WorthPoint
fulgurite,Large Bag Of Fulgurite Specimens - Your Bid Will Buy The Whole Bag!,20,2025-01-20,,,WorthPoint
fulgurite,Ten (10) Micromount And Thumbnail Mineral Specimens,10,2025-01-19,,,WorthPoint
fulgurite,"Warhammer 40k 40,000 Adeptus Mechanicus Corpuscarii / Fulgurite Electro-priests",49.3,2025-01-19,,,WorthPoint
fulgurite,"GENUINE FULGURITE -- Rebersburg, Centre County, Pennsylvania PA",45,2025-01-17,,,WorthPoint
fulgurite,R353-35A) 2-3/4 Fulgurite Lightning Strike Beach Dune Sand Hill Glass West Texas,38.99,2025-01-16,,,WorthPoint
fulgurite,R353-35i) 2-3/4 Fulgurite Lightning Strike Beach Dune Sand Hill Glass West Texas,38.99,2025-01-16,,,WorthPoint
fulgurite,"Fossils & Rocks: Trinitite, Fulgurites, Petrified Wood & Meteorite Oxide",155.25,2025-01-16,,,WorthPoint
fulgurite,Warhammer 40k Adeptus Mechanicus,110,2025-01-15,,,WorthPoint
fulgurite,"FULGURITE , Lighting Glass , Petrified Lighting , Fulgurites",145,2025-01-13,,,WorthPoint
fulgurite,Warhammer 40k Adeptus Mechanics Army Lot,296,2025-01-12,,,WorthPoint
fulgurite,"""r365-2) 1-1/2"""" Fulgurite Lightning Strike Beach Sand Glass Georgia Fulgurites""",15.99,2025-01-11,,,WorthPoint
fulgurite,Warhammer 40k Adeptus Mechanicus Army Lot Admech,1200,2025-01-11,,,WorthPoint
fulgurite,Warhammer 40k Adeptus Mechanicus - Fulgurite Electro-Priests (unpainted),39.85,2025-01-06,,,WorthPoint
fulgurite,13 Fluorescent Fulgurites From California 100% Natural Lightening Created,62.99,2025-01-05,,,WorthPoint
fulgurite,4‚Äù Fulgurite Lightning Strike Beach Sand Glass Lake Michigan,52.99,2025-01-03,,,WorthPoint
fulgurite,(r352-49) Fulgurite Lightning Strike Beach Sand Glass West Texas Specimen Piece,14.99,2025-01-02,,,WorthPoint
fulgurite,21 Pieces Of Fulgurite Lightning Sand Glass Mohave Desert Rock 31 Oz,15,2025-01-02,878.85,0.02,WorthPoint
fulgurite,GW 40k Adeptus Mechanicus Electro-Priests SW (New),51.95,2025-01-02,,,WorthPoint
fulgurite,Big Lot Of UNIQUE! 100% Natural FULGURITE S Or Petrified Lighting 27.4gr,29.99,2025-01-02,27.4,1.09,WorthPoint
fulgurite,3 Piece Set Of Lightning Fused Fulgurite,12,2024-12-31,,,WorthPoint
fulgurite,Rare 27 Gram Fulgurite Lightning Stone Florida 27g Rough Raw Mineral,49.95,2024-12-31,27,1.85,WorthPoint
fulgurite,Rare Large 131 Grams Fulgurite Lightning Stone Florida 131g Rough Raw Mineral,100,2024-12-31,131,0.76,WorthPoint
fulgurite,"""(R309-3) 2"""" Fulgurite Lightning Strike Beach Fused Sand Sahara Desert Morocco""",14.99,2024-12-30,,,WorthPoint
fulgurite,FULGURITE Lightning Glass CRATER LAKE VOLCANIC ASH Mineral Specimen MONTANA,29.99,2024-12-29,,,WorthPoint
fulgurite,UNCOMMON FULGURITE - 3.6 Cm - Old Collection - MICHIGAN 28315,9,2024-12-29,,,WorthPoint
fulgurite,10.01 Inch Fulgurite Lightning Sand Glass Mohave Desert Rock Crystal,5.5,2024-12-28,,,WorthPoint
fulgurite,Prayer Pipe Lightning Strike Saraha Desert Fulgurite Crystal 264,44,2024-12-27,,,WorthPoint
fulgurite,Fulgurite Necklace Or Pendant! Petrified Lighting! 100% Natural 8.85,13.99,2024-12-25,,,WorthPoint
fulgurite,Lot Of Larger TUBULAR 100% Natural FULGURITE S Or Petrified Lighting 15.1gr,29.99,2024-12-25,15.1,1.99,WorthPoint
fulgurite,HUGE Lot! Of 100% Natural FULGURITE S Or Petrified Lighting Algeria 30.1gr,17.99,2024-12-25,30.1,0.6,WorthPoint
fulgurite,Big Lot Of 100% Natural FULGURITE S Or Petrified Lighting 20.8gr,19.99,2024-12-20,20.8,0.96,WorthPoint
fulgurite,Ahoy: Fulgurite (2 Lot) 40-42 Mm/each #1008,13,2024-12-20,,,WorthPoint
fulgurite,7.25 Inch Fulgurite Lightning Sand Glass Mohave Desert Rock Crystal 1 Lbs 6 Oz,25,2024-12-20,170.1,0.15,WorthPoint
fulgurite,"""(r364-138) 1-1/8"""" Fulgurite Lightning Strike Beach Sand Glass Georgia Fulgurites""",14.99,2024-12-19,,,WorthPoint
fulgurite,"Fluorescent Mineral Lot, Franklin, NJ, And Worldwide, 8 Miniature Specimens",11,2024-12-16,,,WorthPoint
fulgurite,Warhammer 40k Adeptus Mechanicus Fulgurite Electro-Priests,60,2024-12-14,,,WorthPoint
fulgurite,"""1 Fossilized Lightning Fulgurite 1-9/16"""" - 2-1/4""""""",8.5,2024-12-13,,,WorthPoint
fulgurite,"""R309-2) 1-3/8"""" Fulgurite Lightning Strike Beach Fused Sand Sahara Desert Morocco""",14.99,2024-12-12,,,WorthPoint
fulgurite,"""r365-32-4) 1-1/2"""" Fulgurite Lightning Strike Beach Sand Glass Georgia Fulgurites""",15.99,2024-12-12,,,WorthPoint
fulgurite,Lot Of FOUR! Larger FULGURITE S Or Petrified Lighting 100% Natural 21.9gr,25.99,2024-12-10,21.9,1.19,WorthPoint
fulgurite,Fulgurite - Fossilized Lightning / 10pc Lot / 0.6 To 1.2 Inches - Nice Quality!,17.75,2024-12-08,,,WorthPoint
fulgurite,Adeptus Mechanicus Fulgurite Electro-Priests Warhammer 40K,15.5,2024-12-05,,,WorthPoint
fulgurite,"""Fulgurite -lightening Fused Silica - Petrified Lightening- Morocco- 6.5""""""",20,2024-12-03,,,WorthPoint
fulgurite,Fulgarites! Petrified Lightening!,20,2024-11-29,,,WorthPoint
fulgurite,Big Lot Of Larger! HOLLOW 100% Natural FULGURITE S Or Petrified Lighting 18.1gr,27.99,2024-11-29,18.1,1.55,WorthPoint
fulgurite,40k Adeptus Mechanicus Pro Painted Full Army,2700,2024-11-28,,,WorthPoint
fulgurite,Fl Fulgurite Lightning Glass Four Specimens,19,2024-11-27,,,WorthPoint
fulgurite,7.5 Inch Fulgurite Lightning Sand Glass Mohave Desert Rock Crystal 1 Lbs 10 Oz,25,2024-11-26,283.5,0.09,WorthPoint
fulgurite,"""XXL 6.4"""" Fulgurite Petrified Lighting Strike Glass Sahara Desert Algeria""",134.99,2024-11-26,,,WorthPoint
fulgurite,"""4 NATURAL ROUGH 1.2""""-2"""" FULGURITE LIGHTNING FUSED SAND PILLARS MOROCCO 47.5g *3""",25.79,2024-11-24,47.5,0.54,WorthPoint
fulgurite,Big Lot Of 100% Natural TUBULAR FULGURITE S Or Petrified Lighting 9.5gr,29.99,2024-11-22,9.5,3.16,WorthPoint
fulgurite,11 Inch Fulgurite Lightning Sand Glass Mohave Desert Rock Crystal 4 Lbs 13 Oz,23.5,2024-11-21,368.55,0.06,WorthPoint
fulgurite,"""r352-100) 2-1/4"""" Fulgurite Lightning Strike Beach Sand Glass West Texas Specimen""",26.99,2024-11-20,,,WorthPoint
fulgurite,"""terrific, Rare, 2 1/2 """" Fulgurite, Fused Cast Of Lightning In Sand, Augusta, Ga""",23,2024-11-18,,,WorthPoint
fulgurite,Fulgurite Stone Petrified Fossilized Lightning 1 Pc,9.99,2024-11-17,,,WorthPoint
fulgurite,8 Pieces Of Fulgurite Lightning Sand Glass Mohave Desert Rock 2 Lbs 5 Ounces,15,2024-11-17,,,WorthPoint
fulgurite,Fossil Fulgurites Lightening Sand Strikes Crystal Glass Florida 8 Pieces LOT,36,2024-11-17,,,WorthPoint
fulgurite,Fossil Fulgurites Lightening Strikes Sand Crystal Glass Florida 8 Pieces LOT,36,2024-11-17,,,WorthPoint
fulgurite,Warhammer 40k Mechanicus Army Lot,305,2024-11-17,,,WorthPoint
fulgurite,Skitarii Adeptus Mechanicus Army Ad Mech Warhammer 40k Custom Bases,470,2024-11-17,,,WorthPoint
fulgurite,Big Lot! Of 100% Natural FULGURITE S Or Petrified Lighting Algeria 15.0gr,16.99,2024-11-17,15,1.13,WorthPoint
fulgurite,"""LOW START! TOTALLY TUBULAR! 4.75"""" Natural Glass FULGURITE From LIGHTNING 120mm""",29.99,2024-11-17,,,WorthPoint
fulgurite,"""FULGURITE (1 Piece) Aka Petrified Lightening (Sand)- Pieces Range From 0.75""""-1""""""",10,2024-11-16,,,WorthPoint
fulgurite,Lot Of FULGURITE S Or Petrified Lighting 100% Natural 19.4gr,16.99,2024-11-15,19.4,0.88,WorthPoint
fulgurite,11 Pieces Of Fulgurite Lightning Sand Glass Mohave Desert Rock 2.11 Lbs,10,2024-11-14,,,WorthPoint
fulgurite,Way Cool Fulgurite Lightning Fused Sand From Gobi Desert 16.2g,24.99,2024-11-14,16.2,1.54,WorthPoint
fulgurite,HUGE! 100% Natural HOLLOW FULGURITE Or Petrified Lightning 50.5gr,79.99,2024-11-13,50.5,1.58,WorthPoint
fulgurite,"""2.4"""" Fulgurite Petrified Lighting Strike Glass Sahara Desert Algeria""",17.99,2024-11-13,,,WorthPoint
fulgurite,Warhammer 40K Fulgurite Electro-Priests Adeptus Mechanicus 10x Primed,70,2024-11-12,,,WorthPoint
fulgurite,Larger! Fulgurite Necklace Or Pendant Petrified Lighting! 100% Natural 8.41,15.99,2024-11-12,,,WorthPoint
fulgurite,Fl Fulgurite Lightning Fused Sand,17,2024-11-12,,,WorthPoint
fulgurite,1 Fulgurite Petrified Lightning. 1 To 1.5 Inch.,8,2024-11-10,,,WorthPoint
fulgurite,Larger! Fulgurite Necklace Or Pendant! Petrified Lighting! 100% Natural 1.22,19.99,2024-11-08,,,WorthPoint
fulgurite,Fulgurite Free Form Stone Crystal Pendant Necklace,29,2024-11-07,,,WorthPoint
fulgurite,"""(r364-134) 1-1/8"""" Fulgurite Lightning Strike Beach Sand Glass Georgia Fulgurites""",14.99,2024-11-05,,,WorthPoint
fulgurite,1 Fulgurite Petrified Lightning. About 1 Inch Or A Little More.,7,2024-11-05,,,WorthPoint
fulgurite,"""R353-75E) 3-1/2"""" Fulgurite Lightning Strike Beach Sand Glass West Texas Specimen""",50.99,2024-11-05,,,WorthPoint
fulgurite,Larger! 100% Natural HOLLOW FULGURITE Or Petrified Lightning Algeria 24.7gr,29.99,2024-11-03,24.7,1.21,WorthPoint
fulgurite,Warhammer 40k Adeptus Mechanicus Electro-priests Fulgurite,70,2024-11-03,,,WorthPoint
fulgurite,HUGE Rare Large 1 LBS Fulgurite Lightning Stone Florida 447g Rough Raw Mineral,250,2024-11-03,447,0.56,WorthPoint
fulgurite,Listing For John,113.93,2024-11-02,,,WorthPoint
fulgurite,"""(r365-23) 1-1/2"""" Fulgurite Lightning Strike Beach Sand Glass Georgia Fulgurites""",15.99,2024-11-02,,,WorthPoint
fulgurite,TWO! Larger HOLLOW FULGURITE S Or Petrified Lighting 100% Natural 11.0gr,17.99,2024-11-02,11,1.64,WorthPoint
fulgurite,Clear Quartz / Fulgurite / Crystal - Natural Art Mineral Specimen,26.4,2024-10-31,,,WorthPoint
fulgurite,HUGE Rare Large Piece Fulgurite Lightning Stone Florida 321g Rough Raw Mineral,150,2024-10-29,321,0.47,WorthPoint
fulgurite,Long! 100% Natural HOLLOW FULGURITE Or Petrified Lightning 5.8gr,27.99,2024-10-29,5.8,4.83,WorthPoint
fulgurite,Adeptus Mechanicus Built And Primed,300,2024-10-28,,,WorthPoint
fulgurite,Warhammer 40k Adeptus Mechanicus Fulgurite Electro-Priests B-14 Free Shipping,38,2024-10-27,,,WorthPoint
fulgurite,Warhammer 40K Fulgurite Electro-Priests Adeptus Mechanicus 5x Built,40,2024-10-26,,,WorthPoint
fulgurite,"""1.5"""" Fulgurite Petrified Lighting Strike Glass Sahara Desert Algeria""",14.39,2024-10-26,,,WorthPoint
fulgurite,Fulgurite Lightning Fused Sand Blond Fulgurite 100 Grams 10 + Pieces 1-2.2 Inch,16.81,2024-10-23,100,0.17,WorthPoint
fulgurite,Lot Of SIX! Larger 100%Natural FULGURITE S Or Petrified Lighting Algeria 25.3gr,23.99,2024-10-22,25.3,0.95,WorthPoint
fulgurite,Fulgurite - Lightning Glass - 77 Grams - 1 Piece,50,2024-10-20,77,0.65,WorthPoint
fulgurite,"""Florida Fulgurite Lightning Strike 3"""" Sand Fused Tubular Glass Specimen""",19.75,2024-10-19,,,WorthPoint
fulgurite,"GIANT Lot Of Citadel Paints, Many New And Recently Purchased",120,2024-10-14,,,WorthPoint
fulgurite,"""FULGURITE Lightning Glass- 3 Pieces From Sahara Desert In 5""""√ó7"""" Display Case""",25,2024-10-11,,,WorthPoint
fulgurite,"""(r366-24) 2-1/8"""" Fulgurite Lightning Strike Beach Sand Dune Glass GA Fulgurites""",18.99,2024-10-10,,,WorthPoint
fulgurite,"""Florida Fulgurite Lightning Strike 3-1/2"""" Sand Fused Tubular Glass Specimen""",19.75,2024-10-10,,,WorthPoint
fulgurite,Big! 100% Natural FULGURITE Or Petrified Lightning Algeria 19.2gr,38.99,2024-10-07,19.2,2.03,WorthPoint
fulgurite,HUGE Rare Large Lightning Stone Rough Raw Mineral,9.99,2024-10-05,,,WorthPoint
fulgurite,Larger! 100% Natural Fulgurite Necklace Or Pendant! Petrified Lighting! 5.52,15.99,2024-10-04,,,WorthPoint
fulgurite,Fl Fulgurite Lightning Glass,27,2024-10-04,,,WorthPoint
fulgurite,Big Lot Of HOLLOW! 100% Natural FULGURITE S Or Petrified Lighting Algeria 24.5gr,24.99,2024-10-02,24.5,1.02,WorthPoint
fulgurite,Hawaiian Lightning Glass Fulgurite Pair,110,2024-10-01,,,WorthPoint
fulgurite,5-Pack 100% Natural Lightning Formed California Branched Fulgurite Garnet HillO9,15.99,2024-10-01,,,WorthPoint
fulgurite,"2.2"" Fulgurite Petrified Lighting Strike Glass Sahara Desert Algeria",19.99,2024-09-30,,,WorthPoint
fulgurite,Fantastic Fulgurite Also Known As Petrified Lightning HUGE PIECE,50,2024-09-29,,,WorthPoint
fulgurite,"2 Pieces Of FULGURITE Morocco 1.75"" Long - 2pcs Only $9 - FOSSILIZED LIGHTNING!",9,2024-09-29,,,WorthPoint
fulgurite,"FULGURITE , Lighting Glass , Petrified Lighting , Fulgurite 6.75""",60,2024-09-28,,,WorthPoint
fulgurite,Lot Of FIVE! HOLLOW 100% Natural FULGURITE S Or Petrified Lighting Algeria 9.5gr,15.99,2024-09-25,9.5,1.68,WorthPoint
fulgurite,Warhammer 40k Adeptus Mechanicus Army Lot,1899,2024-09-24,,,WorthPoint
fulgurite,Fulgurite Lightning Fused Sand Singing Type Sahara 8 Pieces In 2 Boxes Per Lot,16.27,2024-09-22,,,WorthPoint
fulgurite,HUGE! 100% Natural HOLLOW FULGURITE Or Petrified Lightning 46.7gr,59.99,2024-09-21,46.7,1.28,WorthPoint
fulgurite,100% Natural Lightning California Branched Tube Fulgurite Garnet Hill O37,21.99,2024-09-20,,,WorthPoint
fulgurite,"Meteorite**Australite, Tektite**2.410 Gram Partial Flanged Button!!! Top Quality",699.99,2024-09-20,2.41,290.45,WorthPoint
fulgurite,Games Workshop Warhammer 40K Adeptus Mechanicus Fulgurite Electro-priests,40,2024-09-17,,,WorthPoint
fulgurite,"(r363-19) 2 Fulgurites 1-1/8"" Lightning Strike Beach Sand Dune Glass Georgia",18.99,2024-09-17,,,WorthPoint
fulgurite,Warhammer 40k Adeptus Mechanicus Fulgurite Electro-Priests / Corpuscarii Electro,45,2024-09-16,,,WorthPoint
fulgurite,Fulgurite Lightning Fused Sand Singing Type Sahara 2 Pieces In 1 Box Per Lot,9.9,2024-09-11,,,WorthPoint
fulgurite,Fulgurite Petrified Lighting From The Mojave Desert. 710 Grams #100008,150,2024-09-10,710,0.21,WorthPoint
fulgurite,Florida 20 Specimens Fulgurite Lightning Glass,74,2024-09-08,,,WorthPoint
fulgurite,"Natural Raw Copper, Fulgurites, 7pcs 24 Grams Meteorites, 3 Dino Bone Pendants",55,2024-09-06,24,2.29,WorthPoint
fulgurite,"4"" X 4"" X 3/4"" Captured Lightning Edge Lichtenberg Figure Beam Tree Sculpture",86,2024-09-04,,,WorthPoint
fulgurite,"Black Fulgurite PA Fossil Lighting ""y"" Shaped Fused Sand Glass",24.99,2024-09-03,,,WorthPoint
fulgurite,Fossilized Lightening/ Fulgurite,30,2024-09-03,,,WorthPoint
fulgurite,FULGURITE (Petrified Lightning)Fulgurite LIGHTNING GLASS 2 Lbs,27.5,2024-08-31,,,WorthPoint
fulgurite,"4.5"" Fulgurite Petrified Lighting Strike From GA",30,2024-08-29,,,WorthPoint
fulgurite,"R353-52d) 3"" Fulgurite Lightning Strike Beach Sand Glass West Texas Specimen",44.99,2024-08-27,,,WorthPoint
fulgurite,"(r364-112) 1-1/8"" Fulgurite Lightning Strike Beach Sand Glass Georgia Fulgurites",14.99,2024-08-24,,,WorthPoint
fulgurite,Fulgurite 2pcs Lot,25,2024-08-20,,,WorthPoint
fulgurite,FULGURITE (Petrified Lightning)Fulgurite LIGHTNING GLASS 7 Oz,21.95,2024-08-20,198.45,0.11,WorthPoint
fulgurite,10 Painted Fulgurite Electro-Priests Adeptus Mechanicus Warhammer 40K,53.5,2024-08-20,,,WorthPoint
fulgurite,"Fulgurite Sculpture Petrified Lightning, Healing Art Collection Piece Marble",579.99,2024-08-18,,,WorthPoint
fulgurite,"Superb Rare, 2 1/16 "" Fulgurite, Fused Cast Of Lightning In Sand,polk Co, Fl",20,2024-08-18,,,WorthPoint
fulgurite,"4"" X 6"" X 1/2"" Captured Lightning Edge Lichtenberg Figure & Matching Light Base",170,2024-08-15,,,WorthPoint
fulgurite,Meteorite Fulgurite And Stingray Teeth Rock Stone Lapidary Specimen,28.8,2024-08-15,,,WorthPoint
fulgurite,Fulgurite Lightning Fused Sand Singing Type Sahara 12 Pieces In 4 Boxes Per Lot,22.19,2024-08-13,,,WorthPoint
fulgurite,"Fulgurite Lightning Glass Very Clean ""Hal"" 65.68 Cts.",24,2024-08-12,13.136,1.83,WorthPoint
fulgurite,Used Technical And Metallic Citadel Paints | Acrylic Paints | Games Workshop |,24,2024-08-09,,,WorthPoint
fulgurite,"Fulgurite Huge Lot ""Small Pieces"" California. Petrified Lightning 119.5 Grams",130,2024-08-08,119.5,1.09,WorthPoint
fulgurite,Mini Museum 2 Small Rare Specimens Hans-Filip Star Sand Mammoth Chain Mail 2016,150,2024-08-08,,,WorthPoint
fulgurite,Fulgurite Lightning Fused Sand RARE Singing Fulgurite Sahara 1 Ounce 10+ Piece,22.19,2024-08-07,,,WorthPoint
fulgurite,Large Natural Lightning California Crystal Fluorescent Fulgurite Garnet Hill O66,68.99,2024-08-01,,,WorthPoint
fulgurite,Rare Fulgurite 105g Lot Of 3 Lightning Stone Florida 105g Rough Raw Mineral Gem,75,2024-08-01,105,0.71,WorthPoint
fulgurite,Lot Of Three Larger 100% Natural HOLLOW FULGURITE S Or Petrified Lighting 19.3gr,27.99,2024-07-30,19.3,1.45,WorthPoint
fulgurite,"(r364-29) 2 Fulgurites 1-5/8"" Lightning Strike Beach Sand Glass Georgia Set",22.99,2024-07-29,,,WorthPoint
fulgurite,"(r365-24) 1-1/2"" Fulgurite Lightning Strike Beach Sand Glass Georgia Fulgurites",15.99,2024-07-29,,,WorthPoint
fulgurite,"Citadel Paint Set, 72 Total Pots, 44 Unused 28 Used Good Condition Warhammer",180,2024-07-28,,,WorthPoint
fulgurite,40K Admech Army / Lot,80,2024-07-26,,,WorthPoint
fulgurite,"2.3"" Fulgurite Petrified Lighting Strike Glass Sahara Desert Algeria",21.99,2024-07-24,,,WorthPoint
fulgurite,Warhammer 40k FULGURITE ELECTRO-PRIESTS (x5) Adeptus Mechanicus Painted RYZA,41,2024-07-22,,,WorthPoint
fulgurite,"Fulgurite Lightning Glass ""Roll Tide"" 37.65 Cts",24,2024-07-22,7.53,3.19,WorthPoint
fulgurite,Fulgurite Fossil,45,2024-07-13,,,WorthPoint
fulgurite,Fulgurite Lightning Glass 65.68 Cts.,34,2024-07-10,13.136,2.59,WorthPoint
fulgurite,Fulgurite Lightning Glass 1 1/4 Lbs. Connecticut Made,29.95,2024-07-10,,,WorthPoint
fulgurite,Fulgurite - Lightning Glass From 1950s Michigan/ Wisconsin Border,15,2024-07-10,,,WorthPoint
fulgurite,Rare Lightning Strike-made Exogenic Fulgurite Glass ~ Extremely Unique!,42.99,2024-07-10,,,WorthPoint
fulgurite,"Fulgurite/Lightning Glass 37.85. ""Sweet Home Alabama""",32,2024-07-09,,,WorthPoint
fulgurite,FULGURITE From Northeast In Big Deposit 16 Grams From Possible Metorite Strike,100,2024-07-08,16,6.25,WorthPoint
fulgurite,"Fulgurite/Lightning Glass 20.75 Cts ""Sweet Home Alabama""",24,2024-07-08,4.15,5.78,WorthPoint
fulgurite,"Fulgurite ( Lightning Glass, Lightning Rock, Petrified Lightning )",35,2024-07-06,,,WorthPoint
fulgurite,Fulgurites,285,2024-07-06,,,WorthPoint
fulgurite,Big! Fulgurite Necklace Or Pendant! Petrified Lighting! 100% Natural 6.42,19.99,2024-07-06,,,WorthPoint
fulgurite,"(r365-22) 1-1/2"" Fulgurite Lightning Strike Beach Sand Glass Georgia Fulgurites",15.99,2024-07-06,,,WorthPoint
fulgurite,Big Lot! 100% Natural HOLLOW FULGURITE S Or Petrified Lighting 14.0gr,29.99,2024-07-03,14,2.14,WorthPoint
fulgurite,FULGURITE Lightning Glass 3 Pieces From Sahara Desert In 5√ó7 Display Case,19,2024-06-29,,,WorthPoint
fulgurite,"PRESERVED LIGHTNING STRIKE FULGURITE CRYSTAL FOSSIL SAND GLASS Amazing Detail 3""",40,2024-06-29,,,WorthPoint
fulgurite,Fulgurite Lightning Glass 67.70 Cts.,44,2024-06-27,13.54,3.25,WorthPoint
fulgurite,"Fulgurite, Fulgurites, Lighting Glass, Petrified Lightning,black Foot Fulgurite",749,2024-06-27,,,WorthPoint
fulgurite,Big! Very RARE 100% Natural FULGURITE Or Petrified Lightning 15.3gr,24.99,2024-06-18,15.3,1.63,WorthPoint
fulgurite,"1.8"" Fulgurite Petrified Lighting Strike Glass Sahara Desert Algeria",14.99,2024-06-16,,,WorthPoint
fulgurite,Adeptus Mechanicus Army Lot Warhammer 40k (huge Collection),1050,2024-06-16,,,WorthPoint
fulgurite,135mm Natural Glass FULGURITE CREATED BY LIGHTNING! Fossil Lightning 60.2g,64,2024-06-10,60.2,1.06,WorthPoint
fulgurite,"(r365-18) 1-1/2"" Fulgurite Lightning Strike Beach Sand Glass Georgia Fulgurites",15.99,2024-06-08,,,WorthPoint
fulgurite,"40 Pcs ""Lightning Strike"" Fulgurites, Merzouga, Morocco, Fused Tubes",75,2024-05-31,,,WorthPoint
fulgurite,"2"" Long Fulgurites ""Lightning Strike"" Fused Sand !! Morocco 10 Pcs 68 Grams",49,2024-05-31,68,0.72,WorthPoint
fulgurite,"Superb Rare, 1 15/16"" Fulgurite, Fused Cast Of Lightning In Sand,polk Co, Fl",26,2024-05-31,,,WorthPoint
fulgurite,"A+++ Rare,""charred"" 2 1/2"" Fulgurite,fused Cast Of Lightning In Sand,polk Co, Fl",26,2024-05-30,,,WorthPoint
fulgurite,"4"" X 6"" X 1/2"" Captured Lightning Vertical Tree Lichtenberg Figure Sculpture",115,2024-05-30,,,WorthPoint
fulgurite,Lightning Glass Fulgurite/1262g/fine Piece!!!,30,2024-05-28,1262,0.02,WorthPoint
fulgurite,"Superb Rare, 2 1/4 "" Fulgurite, Fused Cast Of Lightning In Sand,polk Co, Fl",29,2024-05-27,,,WorthPoint
fulgurite,Fulgurite - Fossilized Lighting,266.8,2024-05-27,,,WorthPoint
fulgurite,Lot Of Three Larger! 100% Natural FULGURITE S Or Petrified Lighting 13.0gr,26.99,2024-05-26,13,2.08,WorthPoint
fulgurite,"(r364-114) 1-1/8"" Fulgurite Lightning Strike Beach Sand Glass Georgia Fulgurites",14.99,2024-05-26,,,WorthPoint
fulgurite,Florida FULGURITE Sand CRYSTALS Molten Glass FOSSIL LIGHTNING Rare Crystal,30,2024-05-23,,,WorthPoint
fulgurite,Citadel Layer: Fulgurite Copper,5.19,2024-05-14,,,WorthPoint
fulgurite,"(r365-43) 1-3/4"" Fulgurite Lightning Strike Beach Sand Glass Georgia Fulgurites",16.49,2024-05-09,,,WorthPoint
fulgurite,"2 Pieces Of FULGURITE Morocco 2"" Long - $11 FOSSILIZED LIGHTNING!",11,2024-05-08,,,WorthPoint
fulgurite,Lot Of Three Long! 100% Natural HOLLOW FULGURITE S Or Petrified Lighting 7.7gr,28.99,2024-05-08,7.7,3.76,WorthPoint
fulgurite,(R310-31) 3 Fulgurites Lightning Strike Beach Sand Glass Sahara Desert Algeria,13.99,2024-05-07,,,WorthPoint
fulgurite,WH 40K-1 0th Edition INDEX CARDS - Adeptus Mechanicus - NEW/SEALED/FREE SHIP(US),23.99,2024-05-07,,,WorthPoint
fulgurite,"(r365-17) 1-1/2"" Fulgurite Lightning Strike Beach Sand Glass Georgia Fulgurites",15.99,2024-05-06,,,WorthPoint
fulgurite,Warhammer 40k Adeptus Mechanicus Fulgurite Electro Priests Well Painted,22.5,2024-05-05,,,WorthPoint
fulgurite,Special Order For Chris Fulgurite Lightning Sand Glass,90,2024-05-04,,,WorthPoint
fulgurite,Lot Of FIVE Tubular HOLLOW FULGURITE S Or Petrified Lighting 100% Natural 10.0gr,34.99,2024-05-04,10,3.5,WorthPoint
fulgurite,BIG Lot! Of 100% Natural FULGURITE's Or Petrified Lightning Algeria 30.6gr,21.99,2024-05-04,30.6,0.72,WorthPoint
fulgurite,BIG Lot! Of HOLLOW 100% Natural FULGURITE's Or Petrified Lightning 10.3gr,21.99,2024-05-04,10.3,2.13,WorthPoint
fulgurite,"7 & 1/2"" 6 Lbs. Fulgurite Lightning Sand Glass Mohave Desert Mineral Rock",120,2024-05-03,,,WorthPoint
fulgurite,4 Pieces Of Lightning Fulgurite All 1 In.,9,2024-04-30,,,WorthPoint
fulgurite,"R362-51) 4 Piece Set 1/2 1-1/8"" Fulgurites Lightning Strike Beach Sand Glass GA",22.99,2024-04-29,,,WorthPoint
fulgurite,Most Beautiful RARE Montana Lightning Glass Fulgurite,299,2024-04-28,,,WorthPoint
fulgurite,Fulgurite Lightning Sand Glass Mohave Desert Mineral Rock,60,2024-04-25,,,WorthPoint
fulgurite,WH40K Adeptus Mechanicus Army Lot,300,2024-04-21,,,WorthPoint
fulgurite,AMAZING FULGURITE Lightning Glass Sand Mineral Specimen FLORIDA,34.99,2024-04-21,,,WorthPoint
fulgurite,"XL Fulgurite, Fossilized Lightning, Hollow, 9 Centimeters, Excellent Quality",35,2024-04-11,,,WorthPoint
fulgurite,"Superb Rare, 2 3/16 "" Fulgurite, Fused Cast Of Lightning In Sand, Polk Co, Fl",23,2024-04-09,,,WorthPoint
fulgurite,HOLLOW SAND FULGURITE - 3.3 Cm - MICHIGAN 28152,9,2024-04-08,,,WorthPoint
fulgurite,Fulgurite Lightning Glass,13.5,2024-04-07,,,WorthPoint
fulgurite,Lot Of FOUR Big! 100% Natural FULGURITE S Or Petrified Lighting 33.7gr,24.99,2024-04-07,33.7,0.74,WorthPoint
fulgurite,Fulgerites Lake Michigan Mineral Specimens 5 Pieces Collected In The 1960's .,15,2024-04-07,,,WorthPoint
fulgurite,Fulgurite In Lucite Paperweight Petrified Lightning Silver Lake Dunes Oceana Mi,27.29,2024-04-06,,,WorthPoint
fulgurite,Citadel Layer 2: Fulgurite Copper 12ml By Games Workshop 22-74 In Stock,7.48,2024-04-06,,,WorthPoint
fulgurite,5 Small Rare Pieces Of Sedona Fulgurite,10.5,2024-04-05,,,WorthPoint
fulgurite,"(r364-130) 1-1/8"" Fulgurite Lightning Strike Beach Sand Glass Georgia Fulgurites",14.99,2024-04-04,,,WorthPoint
fulgurite,TWO Larger! 100% Natural FULGURITE's Or Petrified Lightning Algeria 19.6gr,29.99,2024-04-03,19.6,1.53,WorthPoint
fulgurite,Lot Of FOUR Big! HOLLOW 100% Natural FULGURITE's Or Petrified Lightning 14.1gr,29.99,2024-04-03,14.1,2.13,WorthPoint
fulgurite,Fulgurite Petrified Lightening,224.2,2024-04-02,,,WorthPoint
fulgurite,Lot Of FOUR! Larger 100%Natural FULGURITE S Or Petrified Lighting Algeria 25.5gr,31.99,2024-04-01,25.5,1.25,WorthPoint
fulgurite,TWO Big! HOLLOW 100% Natural FULGURITE's Or Petrified Lightning 21.0gr,29.99,2024-04-01,21,1.43,WorthPoint
fulgurite,Lot Of Big! Of 100% Natural FULGURITE S Or Petrified Lighting Algeria 31.1gr,29.99,2024-04-01,31.1,0.96,WorthPoint
fulgurite,Big Lot! Of Larger 100% Natural FULGURITE S Or Petrified Lighting Algeria 29.5gr,32.99,2024-04-01,29.5,1.12,WorthPoint
fulgurite,"Florida Fulgurite Lightning Strike 2-1/8"" Sand Fused Tubular Glass Specimen",12.75,2024-04-01,,,WorthPoint
fulgurite,100% Natural Lightning California Branched Fulgurite Garnet Hill Fluorescent M91,7.99,2024-03-28,,,WorthPoint
fulgurite,Fulgurite Fossil ( Lightning Rock) From OBX NC,100,2024-03-27,,,WorthPoint
fulgurite,"(r363-20) 2 Fulgurites 1-1/8"" Lightning Strike Beach Sand Glass Georgia Set",18.99,2024-03-27,,,WorthPoint
fulgurite,"(r364-109) 1-1/8"" Fulgurite Lightning Strike Beach Sand Glass Georgia Fulgurites",14.99,2024-03-27,,,WorthPoint
fulgurite,Warhammer 40K Adeptus Mechanicus Army,4500,2024-03-26,,,WorthPoint
fulgurite,Long! 100% Natural HOLLOW FULGURITE Or Petrified Lightning 3.5gr,34.99,2024-03-26,3.5,10,WorthPoint
fulgurite,"4"" X 4"" X 1"" Captured Lightning Lichtenberg Figure Tree & Walnut Lighted Base",160,2024-03-26,,,WorthPoint
fulgurite,"R365-32-2) 1-1/2"" Fulgurite Lightning Strike Beach Sand Glass Georgia Fulgurites",15.99,2024-03-25,,,WorthPoint
fulgurite,Long! 100% Natural TUBULAR FULGURITE Or Petrified Lightning 10.1gr,34.99,2024-03-22,10.1,3.46,WorthPoint
fulgurite,R353-35b) 2-3/4 Fulgurite Lightning Strike Beach Dune Sand Hill Glass West Texas,38.99,2024-03-22,,,WorthPoint
fulgurite,"(r363-14) 2 Fulgurites 1-5/8"" Lightning Strike Beach Sand Glass Georgia Set",18.99,2024-03-22,,,WorthPoint
fulgurite,Large Well Formed Fulgurite Lightning Fused Sand From Gobi Desert 13.4g,26.99,2024-03-20,13.4,2.01,WorthPoint
fulgurite,Lot Of FOUR Big! 100% Natural FULGURITE's Or Petrified Lightning Algeria 29.6gr,24.99,2024-03-18,29.6,0.84,WorthPoint
fulgurite,40k Adeptus Mechanicus Bits Electro Priest Fulgurite Powerpacks X5,9.99,2024-03-18,,,WorthPoint
fulgurite,Big! 100% Natural HOLLOW FULGURITE Or Petrified Lightning 16.1gr,29.99,2024-03-18,16.1,1.86,WorthPoint
fulgurite,Lot Of SIX Larger! 100% Natural FULGURITE S Or Petrified Lighting 20.0gr,25.99,2024-03-18,20,1.3,WorthPoint
fulgurite,1 Fulgurite Petrified Lightning Fossils,30,2024-03-18,,,WorthPoint
fulgurite,Fulgurite. Petrified Lightning. 4.8 Oz. Cool Sample.,20,2024-03-18,136.08,0.15,WorthPoint
fulgurite,"2.4"" Fulgurite Petrified Lighting Strike Glass Sahara Desert Algeria",15.99,2024-03-17,,,WorthPoint
fulgurite,Warhammer 40K Electro-Priests Adeptus Mechanicus NoS Fulgurite Corpuscarii,30,2024-03-15,,,WorthPoint
fulgurite,Warhammer 40k Adeptus Mechanicus Painted,1000,2024-03-15,,,WorthPoint
fulgurite,"2.5"" Fulgurite Petrified Lighting Strike Glass Sahara Desert Algeria",16.99,2024-03-14,,,WorthPoint
fulgurite,TWO Long! 100% Natural FULGURITE's Or Petrified Lightning Algeria 15.5gr,33.99,2024-03-13,15.5,2.19,WorthPoint
fulgurite,Long! 100% Natural HOLLOW FULGURITE Or Petrified Lightning 12.2gr,31.99,2024-03-13,12.2,2.62,WorthPoint
fulgurite,"Outstanding, 3 1/2 "" Fulgurite, Fused Cast Of Lightning In Sand,morocco",25,2024-03-12,,,WorthPoint
fulgurite,Lot Of Various CA SW USA Rocks Fossils Minerals Rough Specimens Crystals Stone,30,2024-03-12,,,WorthPoint
fulgurite,(R310-23) 3 Fulgurites Lightning Strike Beach Sand Glass Sahara Desert Algeria,13.99,2024-03-12,,,WorthPoint
fulgurite,Mechanicus Army 40k Electro-priests (Assembled And Primed),117,2024-03-11,,,WorthPoint
fulgurite,Big Lot Of HOLLOW 100% Natural FULGURITE's Or Petrified Lightning 10.2gr,19.99,2024-03-09,10.2,1.96,WorthPoint
fulgurite,"Enormous FULGURITE FOSSIL LIGHTNING Preserved Strike Molten Thunder Crystal 10""+",190,2024-03-08,,,WorthPoint
fulgurite,Long! 100% Natural HOLLOW FULGURITE Or Petrified Lightning 7.2gr,31.99,2024-03-07,7.2,4.44,WorthPoint
fulgurite,TWO Big! 100% Natural FULGURITE's Or Petrified Lightning Algeria 34.1gr,34.99,2024-03-05,34.1,1.03,WorthPoint
fulgurite,Long! 100% Natural FULGURITE Or Petrified Lightning 8.0gr,29.99,2024-03-05,8,3.75,WorthPoint
fulgurite,4 Rare Pieces Of Sedona Fulgurite See Description!!,15.5,2024-03-04,,,WorthPoint
fulgurite,Long! 100% Natural HOLLOW FULGURITE Or Petrified Lightning 6.1gr,25.99,2024-03-03,6.1,4.26,WorthPoint
fulgurite,TWO Larger! HOLLOW 100% Natural FULGURITE's Or Petrified Lightning 20.7gr,29.99,2024-03-01,20.7,1.45,WorthPoint
fulgurite,Warhammer 40k Index Cards: Adeptus Mechanicus (Eng),15.3,2024-02-27,,,WorthPoint
fulgurite,Adeptus Mechanicus Electro-Priests,46.75,2024-02-27,,,WorthPoint
fulgurite,Huge! Lot Of 100% Natural FULGURITE S Or Petrified Lighting Algeria 36.8gr,24.99,2024-02-26,36.8,0.68,WorthPoint
fulgurite,Kitty's Critters 2007 Heeeyyy! Frog Figurine,6.99,2024-02-26,,,WorthPoint
fulgurite,Special Order For 4 Fulgurites,70,2024-02-23,,,WorthPoint
fulgurite,Fulgurite Stone Petrified Fossilized Lightning 1-Pc,14.99,2024-02-23,,,WorthPoint
fulgurite,‚ö°Ô∏èLechatelierite ‚ö°Ô∏èFulgurite (Lightning Glass) ‚ö°Ô∏èExogenic‚ö°Ô∏èSea Horse!!,50,2024-02-22,,,WorthPoint
fulgurite,"(r364-31) 2 Fulgurites 1-5/8"" Lightning Strike Beach Sand Glass Georgia Set",22.99,2024-02-18,,,WorthPoint
fulgurite,Adeptus Mechanicus Army,800,2024-02-17,,,WorthPoint
fulgurite,"FULGURITE (Petrified Lightning)Fulgurite LIGHTNING GLASS, California Desert 280g",30,2024-02-12,280,0.11,WorthPoint
fulgurite,"Allan McCollum ""The Recognizable Image Drawings"" (2003 Graphite Suite Of 24)",14280,2024-02-10,2003,7.13,WorthPoint
fulgurite,Adeptus Mechanicus - Fulgurite Electro-Priests Bits Box 40k - PRIMED WHITE,9.99,2024-02-09,,,WorthPoint
fulgurite,Games Workshop Warhammer 40K Codex Adeptus Mechanicus - Cult Mechanicus NM,40,2024-02-09,,,WorthPoint
fulgurite,BIG! Lot Of 100% Natural FULGURITE S Or Petrified Lighting Algeria 32.8gr,20.99,2024-02-08,32.8,0.64,WorthPoint
fulgurite,Fulgurite - Frozen Lightning,30,2024-02-07,,,WorthPoint
fulgurite,Lot Of SIX Big! 100% Natural FULGURITE S Or Petrified Lighting 48.3gr,29.99,2024-02-05,48.3,0.62,WorthPoint
fulgurite,"Superb Rare, 2 3/16"" Fulgurite, Fused Cast Of Lightning In Sand,polk Co, Fl",26,2024-02-02,,,WorthPoint
fulgurite,2 Large Long Rare Pieces Of Sedona Fulgurite Chunky See Description!!,18.5,2024-02-02,,,WorthPoint
fulgurite,Skitarii Electro-Priests Adeptus Mechanicus Warhammer 40K NIB! WBGames,46.75,2024-02-02,,,WorthPoint
fulgurite,"(r364-135) 1-1/8"" Fulgurite Lightning Strike Beach Sand Glass Georgia Fulgurites",14.99,2024-01-31,,,WorthPoint
fulgurite,Ad Mech Adeptus Mechanicus 40k Army - Mostly Painted,600,2024-01-30,,,WorthPoint
fulgurite,10.40 Oz -Fulgurite Lightning Sand Glass Mohave Desert Mineral Rock,15,2024-01-30,294.84,0.05,WorthPoint
fulgurite,"Warhammer 40k Adeptus Mechanicus Army, Primed And Mostly Painted",700,2024-01-29,,,WorthPoint
fulgurite,"Fulgurite Wands,Petrified Lightning, Meditation, Healing,Reiki,Gift",55,2024-01-25,,,WorthPoint
fulgurite,Fulgurite Petrified Lighting From The Mojave Desert. 3050 Grams #100011,300,2024-01-24,3050,0.1,WorthPoint
fulgurite,Fulgurite Petrified Lighting From The Mojave Desert. 2300 Grams #100010,300,2024-01-24,2300,0.13,WorthPoint
fulgurite,Warhammer 40K - Adeptus Mechanicus Army Lot,405,2024-01-22,,,WorthPoint
fulgurite,Warhammer 40k Index: Adeptus Mechanicus (10th Edition) GW NEW NIB,15.3,2024-01-22,,,WorthPoint
fulgurite,"Warhammer INDEX CARDS: ADEPTUS MECHANICUS, 10th Edition, Games Workshop, 40k",18,2024-01-17,,,WorthPoint
fulgurite,Adeptus Mechanicus Corpuscarii & Fulgurite Electro-Priests - Well Painted,140,2024-01-16,,,WorthPoint
fulgurite,Fulgurite Lightning Strike Science Display Specimens,5,2024-01-14,,,WorthPoint
fulgurite,Fulgurite Lightning Strike Science Display Specimen,5,2024-01-14,,,WorthPoint
fulgurite,"Fulgurite Lightning Fused Sand 2 Ounce RARE Singing 0.75-2"" 20+ Pieces",49.99,2024-01-13,,,WorthPoint
fulgurite,Lot Of FIVE Larger! 100% Natural FULGURITE S Or Petrified Lighting 29.9gr,19.99,2024-01-10,29.9,0.67,WorthPoint
fulgurite,100% Natural Fulgurite Necklace Or Pendant! Petrified Lighting! 4.38,15.99,2024-01-10,,,WorthPoint
fulgurite,AMAZING FULGURITE Lightning Glass Sand Mineral Specimen MOJAVE DESERT,12.71,2024-01-09,,,WorthPoint
fulgurite,LONG! 100% Natural FULGURITE Or Petrified Lightning 16.4gr,39.99,2024-01-06,16.4,2.44,WorthPoint
fulgurite,Big! 100% Natural HOLLOW FULGURITE Or Petrified Lightning 8.3gr,29.99,2024-01-06,8.3,3.61,WorthPoint
fulgurite,"(r365-26) 1-1/2"" Fulgurite Lightning Strike Beach Sand Glass Georgia Fulgurites",15.99,2024-01-05,,,WorthPoint
fulgurite,"(R352-101) 2-1/4"" Fulgurite Lightning Storm Strike Beach Sand Glass West Texas",26.99,2024-01-05,,,WorthPoint
fulgurite,Fulgurite Lightning Strike Lot Of 2 Science Display Specimens,15.29,2024-01-03,,,WorthPoint
fulgurite,Big! 100% Natural HOLLOW FULGURITE Or Petrified Lightning 11.3gr,29.99,2024-01-03,11.3,2.65,WorthPoint
fulgurite,"(r365-15) 1-1/2"" Fulgurite Lightning Strike Beach Sand Glass Georgia Fulgurites",15.99,2024-01-01,,,WorthPoint
fulgurite,2 Pieces Of Sedona Fulgurite Rare 1 Chunky 1 Skinny,12.5,2024-01-01,,,WorthPoint
fulgurite,"(r364-2) 2 Fulgurites 1-5/8"" Lightning Strike Beach Sand Glass Georgia Set",22.99,2023-12-31,,,WorthPoint
fulgurite,"Fulgurites, Lot Of 2, Litchfield County, Connecticut",110.09,2023-12-31,,,WorthPoint
fulgurite,Adeptus Mechanics 40k Games Workshop Fulgurite Electropriest Lot,62.99,2023-12-29,,,WorthPoint
fulgurite,Fulgurite Electro-Priests (x5) - #106745 - Adeptus Mechanicus,34.5,2023-12-29,,,WorthPoint
fulgurite,"Fulgurite Wands, Lot Of Seven. Petrified Lightning, Gift, Reiki,Meditation.",21,2023-12-25,,,WorthPoint
fulgurite,BIG! 100% Natural HOLLOW FULGURITE Or Petrified Lightning 19.2gr,34.99,2023-12-25,19.2,1.82,WorthPoint
fulgurite,Larger Very Rare 100% Natural HOLLOW FULGURITE Or Petrified Lightning 8.5gr,35.99,2023-12-24,8.5,4.23,WorthPoint
fulgurite,Games Workshop Warhammer 40k Cult Mechanicus Fulgurite Electro-Priests #6 NM,35,2023-12-24,,,WorthPoint
fulgurite,"Superb Rare, 1 13/16"" Fulgurite, Fused Cast Of Lightning In Sand,polk Co, Fl",26,2023-12-24,,,WorthPoint
fulgurite,Warhammer 40k Adeptus Mechanicus 1200 Point Army With Battle Foam 1127-09,650,2023-12-22,,,WorthPoint
fulgurite,"(r365-25) 1-1/2"" Fulgurite Lightning Strike Beach Sand Glass Georgia Fulgurites",15.99,2023-12-22,,,WorthPoint
fulgurite,GIANT! Very RARE 100% Natural HOLLOW FULGURITE Or Petrified Lightning 44.5gr,69.99,2023-12-20,44.5,1.57,WorthPoint
fulgurite,"Libyan Desert Glass, 7g, Sculpted Piece From Meteorite Event Nice Surface",5.6,2023-12-18,7,0.8,WorthPoint
fulgurite,Electro-Priests - ADEPTUS MECHANICUS - Warhammer 40k NIB - Box #3,38,2023-12-17,,,WorthPoint
fulgurite,Warhammer 40k Adeptus Mechanicus 1500 Point Army - Partially Build/painted,320,2023-12-17,,,WorthPoint
fulgurite,Warhammer 40 K Citadel A Lot Of 33 Paints/ Base List In Description. Notes B9,115,2023-12-16,,,WorthPoint
fulgurite,Fulgurite - Lightning Fused Sand - California Desert Found,100,2023-12-15,,,WorthPoint
fulgurite,Arizona Fulgurite Fossilized Lightning 610g (21.5 Oz),200,2023-12-14,610,0.33,WorthPoint
fulgurite,BIG! 100% Natural HOLLOW FULGURITE Or Petrified Lightning 26.1gr,49.99,2023-12-12,26.1,1.92,WorthPoint
fulgurite,"4 Fulgurite Wands, Petrified Lightning. Healing Stone,Reiki Charged, Gift Idea",11.99,2023-12-12,,,WorthPoint
fulgurite,BIG! 100% Natural HOLLOW FULGURITE Or Petrified Lightning 17.0gr,37.99,2023-12-10,17,2.23,WorthPoint
fulgurite,"Lot Of Natural Fulgurite Sand Stone Tubes, Puerto Rico Lightning Fuse Sand Glass",10.5,2023-12-10,,,WorthPoint
fulgurite,"(r352-84) 2-1/8"" Fulgurite Lightning Strike Storm Beach Sand Glass West Texas",22.99,2023-12-10,,,WorthPoint
fulgurite,Lot Of THREE LONG 100% Natural FULGURITE's Or Petrified Lightning Algeria 25.6gr,39.99,2023-12-08,25.6,1.56,WorthPoint
fulgurite,HUGE Lot Of 100% Natural FULGURITE S Or Petrified Lighting Algeria 44.7gr,20.99,2023-12-08,44.7,0.47,WorthPoint
fulgurite,"1.9"" Fulgurite Petrified Lighting Strike Sahara Desert Morocco",15.29,2023-12-08,,,WorthPoint
fulgurite,FULGURITE Mohave Desert Lightning Strike Frozen In Glass 108.8 Grams,9.95,2023-12-06,108.8,0.09,WorthPoint
fulgurite,"(r364-21) 2 Fulgurites 1-5/8"" Lightning Strike Beach Sand Glass Georgia Set",22.99,2023-12-05,,,WorthPoint
fulgurite,"Superb Rare, 2"" Fulgurite, Fused Cast Of Lightning In Sand,polk Co, Fl",20,2023-12-05,,,WorthPoint
fulgurite,Lot Of FIVE Big! HOLLOW 100% Natural FULGURITE's Or Petrified Lightning 23.9gr,39.99,2023-11-30,23.9,1.67,WorthPoint
fulgurite,BIG! 100% Natural HOLLOW FULGURITE Or Petrified Lightning 24.5gr,39.99,2023-11-30,24.5,1.63,WorthPoint
fulgurite,Lot Of Big! HOLLOW 100% Natural FULGURITE's Or Petrified Lightning 29.2gr,34.99,2023-11-30,29.2,1.2,WorthPoint
fulgurite,Big Lot Of Larger! HOLLOW FULGURITE's Or Petrified Lightning 22.8gr,34.99,2023-11-30,22.8,1.53,WorthPoint
fulgurite,"(r364-6) 2 Fulgurites 1-5/8"" Lightning Strike Beach Sand Glass Georgia Set",22.99,2023-11-29,,,WorthPoint
fulgurite,"(r364-17) 2 Fulgurites 1-5/8"" Lightning Strike Beach Sand Glass Georgia Set",22.99,2023-11-29,,,WorthPoint
fulgurite,"(r371-2) 2-3/4"" Fulgurite Lightning Strike Beach Sand Glass Georgia Specimen",29.99,2023-11-29,,,WorthPoint
fulgurite,"(r366-37) 2-1/8"" Fulgurite Lightning Strike Beach Sand Glass Georgia Fulgurites",18.99,2023-11-29,,,WorthPoint
fulgurite,"(r365-31) 1-1/2"" Fulgurite Lightning Strike Beach Sand Glass Georgia Fulgurites",15.99,2023-11-29,,,WorthPoint
fulgurite,"Florida Fulgurite Lightning Strike 2-1/2"" Sand Fused Tubular Glass Specimen",19.75,2023-11-28,,,WorthPoint
fulgurite,"Fulgurite Wands, Lot Of Seven. Petrified Lightning, Gift, Meditation Stone",21,2023-11-26,,,WorthPoint
fulgurite,"Fulgurite Wands, Lot Of Three. Solid Bodied, Petrified Lightning. Healing Stones",21,2023-11-25,,,WorthPoint
fulgurite,Arizona Fulgurite Fossilized Lightning 693g (24.4oz).,150,2023-11-23,693,0.22,WorthPoint
fulgurite,Warhammer 40k Adeptus Mechanicus Electro-priests 10x Painted Melee,65,2023-11-21,,,WorthPoint
fulgurite,Big 100% Natural Fulgurite Necklace Or Pendant! Petrified Lighting! 6.03,19.99,2023-11-21,,,WorthPoint
fulgurite,Lot Of FIVE LONG! 100% Natural FULGURITE S Or Petrified Lighting 9.9gr,32.99,2023-11-21,9.9,3.33,WorthPoint
fulgurite,4 Oz -Fulgurite Lightning Sand Glass Mohave Desert Mineral Rock,10,2023-11-21,113.4,0.09,WorthPoint
fulgurite,LONG! Very RARE 100% Natural FULGURITE Or Petrified Lightning 13.6gr,29.99,2023-11-20,13.6,2.21,WorthPoint
fulgurite,Adeptus Mechanicus Army Painted,440,2023-11-17,,,WorthPoint
fulgurite,"(r365-123) 1-7/8"" Fulgurite Lightning Strike Beach Sand Glass Georgia Fulgurites",16.99,2023-11-16,,,WorthPoint
fulgurite,"4"" X 4"" X 3/4"" Inch Captured Lightning Lichtenberg Figure & Walnut Light Base",160,2023-11-14,,,WorthPoint
fulgurite,"4"" X 4"" X 3/4"" Captured Lightning Lichtenberg Figure Tree & Walnut Lighted Base",160,2023-11-14,,,WorthPoint
fulgurite,Warhammer 40K - 10th Edition INDEX CARDS - ADEPTUS MECHANICUS -NEW/FREE SHIP(US),23.99,2023-11-12,,,WorthPoint
fulgurite,40K Adeptus Mechanicus Electro-Priests Elctroleech Staves Arms Bits 5 Bitz,10.95,2023-11-11,,,WorthPoint
fulgurite,40K Adeptus Mechanicus Electro-Priests Elctroleech Power Packs Bits 5 Bitz,5.95,2023-11-08,,,WorthPoint
fulgurite,Moldavite .74g Natural Impact Glass- Tektite. Good For Meteorite Collections.,6.5,2023-11-06,74,0.09,WorthPoint
fulgurite,Lot Of Larger! HOLLOW 100% Natural FULGURITE's Or Petrified Lightning 28.7gr,39.99,2023-11-05,28.7,1.39,WorthPoint
fulgurite,5 Fulgurites Lightning Sand Glass Mohave Desert Minerals Rocks,10,2023-11-05,,,WorthPoint
fulgurite,1lb. 6.9 Oz -LARGE Fulgurite Lightning Sand Glass Mohave Desert #5,20,2023-11-05,195.615,0.1,WorthPoint
fulgurite,1lb. 8.8 Oz -LARGE Fulgurite Lightning Sand Glass Mohave Desert #3,20,2023-11-04,249.48,0.08,WorthPoint
fulgurite,6.5 Oz 6 Inch Fulgurite Lightning Sand Glass Mohave Desert Mineral Rock,10,2023-11-04,184.275,0.05,WorthPoint
fulgurite,1lb. -LARGE Fulgurite Lightning Sand Glass Mohave Desert #4,20,2023-11-04,,,WorthPoint
fulgurite,1lb. 2.8 Oz -LARGE Fulgurite Lightning Sand Glass Mohave Desert,20,2023-11-04,79.38,0.25,WorthPoint
fulgurite,Moldavite .47g Natural Impact Glass- Tektite. Good For Meteorite Collections.,5.5,2023-11-04,47,0.12,WorthPoint
fulgurite,2 Pieces Of Sedona Fulgurite Rare Unique Pattern,12.5,2023-11-03,,,WorthPoint
fulgurite,"(r365-16) 1-1/2"" Fulgurite Lightning Strike Beach Sand Glass Georgia Fulgurites",15.99,2023-11-01,,,WorthPoint
fulgurite,"4""' X 4"" X 3/4"" Captured Lightning Edge Lichtenberg Figure AND Walnut Light Base",160,2023-11-01,,,WorthPoint
fulgurite,"R365-32-7) 1-1/2"" Fulgurite Lightning Strike Beach Sand Glass Georgia Fulgurites",15.99,2023-10-28,,,WorthPoint
fulgurite,"R365-32-5) 1-1/2"" Fulgurite Lightning Strike Beach Sand Glass Georgia Fulgurites",15.99,2023-10-28,,,WorthPoint
fulgurite,Big Lot Of Larger 100% Natural FULGURITE S Or Petrified Lighting 30.8gr,24.99,2023-10-25,30.8,0.81,WorthPoint
fulgurite,Lot Of Larger! 100% Natural FULGURITE's Or Petrified Lightning 17.4gr,19.99,2023-10-25,17.4,1.15,WorthPoint
fulgurite,BIG! 100% Natural HOLLOW FULGURITE Or Petrified Lightning 13.7gr,39.99,2023-10-25,13.7,2.92,WorthPoint
fulgurite,"Libyan Desert Glass, 4.17g, Sculpted Piece From Meteorite Impact Nice Surface",15.5,2023-10-25,4.17,3.72,WorthPoint
fulgurite,"R353-28E) 2-1/2"" Fulgurite Lightning Strike Beach Sand Glass West Texas Specimen",33.99,2023-10-25,,,WorthPoint
fulgurite,"(r364-128) 1-1/8"" Fulgurite Lightning Strike Beach Sand Glass Georgia Fulgurites",14.99,2023-10-23,,,WorthPoint
fulgurite,"Florida Fulgurite Lightning Strike 1-3/4"" Sand Fused Tubular Glass Specimen",12.75,2023-10-23,,,WorthPoint
fulgurite,"R362-36) 4 Piece Set 1/2 1-1/8"" Fulgurites Lightning Strike Beach Sand Glass GA",22.99,2023-10-23,,,WorthPoint
fulgurite,Moldavite .76g Natural Impact Glass- Tektite. Good For Meteorite Collections.,8,2023-10-13,76,0.11,WorthPoint
fulgurite,FULGURITE Petrified Lightning LIGHTNING GLASS California Desert 305g A6,30,2023-10-12,305,0.1,WorthPoint
fulgurite,Big Lot Of SEVEN! HOLLOW 100% Natural FULGURITE's Or Petrified Lightning 14.9gr,29.99,2023-10-10,14.9,2.01,WorthPoint
fulgurite,HUGE! Very RARE 100% Natural HOLLOW FULGURITE Or Petrified Lightning 30.5gr,59.99,2023-10-10,30.5,1.97,WorthPoint
fulgurite,Listing For Jameg5015,121.95,2023-10-08,,,WorthPoint
fulgurite,"(r364-136) 1-1/8"" Fulgurite Lightning Strike Beach Sand Glass Georgia Fulgurites",14.99,2023-10-07,,,WorthPoint
fulgurite,Moldavite .46g Naturally Formed Glass From A Meteorite Impact. Beautiful Green.,5.5,2023-10-06,46,0.12,WorthPoint
fulgurite,"Libyan Desert Glass, 3.69g, Sculpted Piece From Meteorite Impact Nice Surface",12.55,2023-10-04,3.69,3.4,WorthPoint
fulgurite,12mL Fulgurite Copper Layer Citadel Paint Warhammer 40K Age Of Sigmar NEW,5.19,2023-10-02,,,WorthPoint
fulgurite,Warhammer 40k- Adeptus Mechanicus Fulgurite Electro-priests Painted,45,2023-10-01,,,WorthPoint
fulgurite,Index: Adeptus Mechanicus,15.3,2023-10-01,,,WorthPoint
fulgurite,"(r364-116) 1-1/8"" Fulgurite Lightning Strike Beach Sand Glass Georgia Fulgurites",14.99,2023-09-30,,,WorthPoint
fulgurite,Well Formed Fulgurite Lightning Fused Sand From Gobi Desert 12.5g,24.99,2023-09-29,12.5,2,WorthPoint
fulgurite,LONG! 100% Natural Tubular HOLLOW FULGURITE Or Petrified Lightning 8.7gr,69.99,2023-09-24,8.7,8.04,WorthPoint
fulgurite,GIANT! Very RARE 100% Natural FULGURITE Or Petrified Lightning 56.0gr,99.99,2023-09-18,56,1.79,WorthPoint
fulgurite,"Libyan Desert Glass, 8.1g, Sculpted Piece From Meteorite Impact Nice Surface",8.5,2023-09-18,8.1,1.05,WorthPoint
fulgurite,Moldavite .62g Naturally Formed Glass From A Meteorite Impact. Beautiful Green.,9.49,2023-09-14,62,0.15,WorthPoint
fulgurite,Warhammer 40k Adeptus Mechanicus Fulgurite Electro-Priests Assembled,22.5,2023-09-13,,,WorthPoint
fulgurite,1lb. 10.1 Oz -LARGE Fulgurite Lightning Sand Glass Mohave Desert #6,20,2023-09-11,286.335,0.07,WorthPoint
fulgurite,"(r365-85) 1-7/8"" Fulgurite Lightning Strike Beach Sand Glass Georgia Fulgurites",16.99,2023-09-10,,,WorthPoint
fulgurite,"Rare 1.15"" Natural Fulgurite Lightning Fused *hollow* Sand Pillar Florida Usa *1",18.26,2023-09-09,,,WorthPoint
fulgurite,Moldavite .63g Naturally Formed Glass From A Meteorite Impact. Beautiful Green.,30,2023-09-07,63,0.48,WorthPoint
fulgurite,Fulgurite_Lightning Fused Sand Glass Tube_Florida_3.2 Grams,9.99,2023-09-05,3.2,3.12,WorthPoint
fulgurite,Warhammer 40k Adeptus Mechanicus Electro-Priests -- NEW In BOX --,46.75,2023-09-04,,,WorthPoint
fulgurite,Fulgurite Lightning Glass 2 Qty,19.99,2023-09-01,,,WorthPoint
fulgurite,"Fulgurite, Petrified Lightning, Healing Stone, Lightning Sculpture.",125,2023-08-31,,,WorthPoint
fulgurite,Moldavite .71g Naturally Formed Glass From A Meteorite Impact. Beautiful Green.,5.5,2023-08-31,71,0.08,WorthPoint
fulgurite,Lot Of 7 Natural Fulgurite Necklace Pendants Petrified Lighting From Isabela PR,20,2023-08-22,,,WorthPoint
fulgurite,Big Lot! Of VERY UNIQUE FULGURITE S Or Petrified Lighting 28.3gr,39.99,2023-08-22,28.3,1.41,WorthPoint
fulgurite,Fulgurites Lightning From Sahara Desert Algeria 5x2 Inches,25,2023-08-22,,,WorthPoint
fulgurite,Fulgurite_Lightning Fused Sand Glass Tube_Florida_1.2 Grams,9.99,2023-08-21,1.2,8.33,WorthPoint
fulgurite,"R362-52) 4 Piece Set 1/2 1-1/8"" Fulgurites Lightning Strike Beach Sand Glass GA",22.99,2023-08-20,,,WorthPoint
fulgurite,Moldavite .64g Naturally Formed Glass From A Meteorite Impact. Beautiful Green.,7,2023-08-17,64,0.11,WorthPoint
fulgurite,"Mineral Specimens: Fulgurite, Lightning-Fused Sand Tubes, 5 Tubes/Lot",5.99,2023-08-16,,,WorthPoint
fulgurite,2 Pieces Of Sedona Fulgurite Rare,11.5,2023-08-15,,,WorthPoint
fulgurite,"EB-37 Fulgurite (""Petrified Lightning""), Sonora, Arizona, U.S.A. Rare Mineral",10,2023-08-13,,,WorthPoint
fulgurite,Mini Museum Second Edition,165,2023-08-12,,,WorthPoint
fulgurite,"1 Fossilized Lightning Fulgurite 1-9/16"" - 2-1/4""",8.5,2023-08-11,,,WorthPoint
fulgurite,Large Piece Of Rare Fulgurite - 1 Lb,22.6,2023-08-10,,,WorthPoint
fulgurite,"Fulgurite , 40 Grams , Mohave Desert",5.99,2023-08-10,40,0.15,WorthPoint
fulgurite,"Fulgurite Sculpture , Petrified Lightning, Healing, Art, Collection Piece.",245,2023-08-09,,,WorthPoint
fulgurite,Florida Fossil Fulgurite Lightning Ancient Gem History Fossils Nature Treasure,35,2023-08-08,,,WorthPoint
fulgurite,"HOLLOW FULGURITE Morocco 3.75 ""- $30ea, - FOSSILIZED LIGHTNING - Blow Through",30,2023-08-07,,,WorthPoint
fulgurite,1lb. 7.6 Oz -LARGE Fulgurite Lightning Sand Glass Mohave Desert #2,20,2023-08-04,215.46,0.09,WorthPoint
fulgurite,"Fulgurite Specimen Gray-Green To Black Glass Bubble Formation 3.25"" X 2"" X 1.75""",12,2023-08-02,,,WorthPoint
fulgurite,Fulgurite / Petrified Lightning Pendant,12.95,2023-07-31,,,WorthPoint
fulgurite,Moldavite .51g Naturally Formed Glass From A Meteorite Impact. Beautiful Green.,5.71,2023-07-29,51,0.11,WorthPoint
fulgurite,"(r365-37) 1-3/4"" Fulgurite Lightning Strike Beach Sand Glass Georgia Fulgurites",16.49,2023-07-27,,,WorthPoint
fulgurite,"1.6"" Fulgurite Petrified Lighting Strike Sahara Desert Morocco",13.99,2023-07-25,,,WorthPoint
fulgurite,"2.9"" Fulgurite Petrified Lighting Strike Sahara Desert Morocco",14.99,2023-07-21,,,WorthPoint
fulgurite,Warhammer 40k Adeptus Mechanicus Bits:Electro Priest Fulgurite Crests X5,5.99,2023-07-18,,,WorthPoint
fulgurite,"(r365-110) 1-7/8"" Fulgurite Lightning Strike Beach Sand Glass Georgia Fulgurites",16.99,2023-07-17,,,WorthPoint
fulgurite,"Terrific Rare,2 1/2 "" Fulgurite, Fused Cast Of Lightning In Sand,polk County,fl",25,2023-07-17,,,WorthPoint
fulgurite,Moldavite .73g Naturally Formed Glass From A Meteorite Impact. Beautiful Green.,9.5,2023-07-17,73,0.13,WorthPoint
fulgurite,"2.8"" Fulgurite Petrified Lighting Strike Sahara Desert Morocco",14.99,2023-07-16,,,WorthPoint
fulgurite,"3.1"" Fulgurite Petrified Lighting Strike Sahara Desert Morocco",14.99,2023-07-16,,,WorthPoint
fulgurite,Moldavite .76g Naturally Formed Glass From A Meteorite Impact. Beautiful Green.,10.5,2023-07-10,76,0.14,WorthPoint
fulgurite,Warhammer 40k Adeptus Mechanicus Fulgurite Electro-Priests X5,26.99,2023-07-08,,,WorthPoint
fulgurite,Fulgurites - Natural Glass Tubes Formed By Lightning Strikes On Sand - Set Of 3,13.75,2023-07-08,,,WorthPoint
fulgurite,"Libyan Desert Glass, 3.56g, Sculpted Piece From A Meteorite Event Nice Surface",5.5,2023-07-07,3.56,1.54,WorthPoint
fulgurite,"(r365-46) 1-3/4"" Fulgurite Lightning Strike Beach Sand Glass Georgia Fulgurites",16.49,2023-07-06,,,WorthPoint
fulgurite,Moldavite .5g Naturally Formed Glass From A Meteorite Impact. Beautiful Green.,7.5,2023-07-05,5,1.5,WorthPoint
fulgurite,Missing Link Andara~exogenic Fulgurite Or Impact Glass~twisting Textured Aqua,11.99,2023-07-03,,,WorthPoint
fulgurite,Missing Link Andara~exogenic Fulgurite Or Impact Glass~bending Drop W/inclusions,11.99,2023-07-03,,,WorthPoint
fulgurite,Warhammer 40K: 10th Edition Datacard Index Set - Adeptus Mechanicus,17.95,2023-07-02,,,WorthPoint
fulgurite,Set Of 3 Citadel Paints - Games Workshop - Never Opened,7.99,2023-07-01,,,WorthPoint
fulgurite,13.6 Oz -LARGE Fulgurite Lightning Sand Glass Mohave Desert,27,2023-07-01,385.56,0.07,WorthPoint
fulgurite,Big Lot Of 100% Natural FULGURITE S Or Petrified Lighting 23.7gr,27.99,2023-06-28,23.7,1.18,WorthPoint
fulgurite,HUGE Lot Of 100% Natural FULGURITE S Or Petrified Lighting 53.8gr,34.99,2023-06-28,53.8,0.65,WorthPoint
fulgurite,Mini Museum Limited 2nd Edition (Hans Flex),600,2023-06-27,,,WorthPoint
fulgurite,Moldavite 1.83g Naturally Formed Glass From A Meteorite Impact. Beautiful Green.,5.5,2023-06-27,1.83,3.01,WorthPoint
fulgurite,FULGURITE Petrified Lightning Fulgurite LIGHTNING GLASS California Desert 45g A3,18,2023-06-26,45,0.4,WorthPoint
fulgurite,"R362-49) 4 Piece Set 1/2 1-1/8"" Fulgurites Lightning Strike Beach Sand Glass GA",22.99,2023-06-24,,,WorthPoint
fulgurite,"4.5"" Natural Glass FULGURITE CREATED BY LIGHTNING! Fossil Lightning",9.99,2023-06-23,,,WorthPoint
fulgurite,Moldavite 1.49g Naturally Formed Glass From A Meteorite Impact. Beautiful Green.,17.5,2023-06-18,1.49,11.74,WorthPoint
fulgurite,Warhammer 40k Adeptus Mechanicus Fulgurite Electro Priests,35,2023-06-18,,,WorthPoint
fulgurite,"3 Pcs JUMBO ""Lightning Strike"" Fulgurite Merzouga Morocco 75.7 Gr 3"" Fused Tube",33,2023-06-15,75.7,0.44,WorthPoint
fulgurite,Moldavite 1.11g Naturally Formed Glass From A Meteorite Impact. Beautiful Green.,20,2023-06-14,1.11,18.02,WorthPoint
fulgurite,Missing Link Andara~exogenic Fulgurite Lightning Glass Or Impactite Impact Glass,9.99,2023-06-12,,,WorthPoint
fulgurite,"121pc CRYSTAL MINERAL COLLECTION: MANGANO TANTALITE, LARIMAR, OPAL, DANBURITE *A",248.49,2023-06-10,,,WorthPoint
fulgurite,Lot Of 3 RARE FULGURITE Petrified Lightning California Desert,25,2023-06-09,,,WorthPoint
fulgurite,"-8"" -1 Lbs 15 Oz -LARGE Fulgurite Lightning Sand Glass Mohave Desert",47,2023-06-07,425.25,0.11,WorthPoint
fulgurite,Moldavite .86g Naturally Formed Glass From A Meteorite Impact. Beautiful Green.,15.5,2023-06-07,86,0.18,WorthPoint
fulgurite,"Libyan Desert Glass, 4.2g, Sculpted Piece From A Meteorite Event Great Shape",15.5,2023-06-06,4.2,3.69,WorthPoint
fulgurite,Mixed Lot Of 43 Minerals Some In Perky Boxes!,305,2023-06-04,,,WorthPoint
fulgurite,Fulgurite Specimen 130 Grams.,29.99,2023-06-03,130,0.23,WorthPoint
fulgurite,108mm Natural Glass FULGURITE CREATED BY LIGHTNING! Fossil Lightning 117g,9.99,2023-06-02,117,0.09,WorthPoint
fulgurite,"Large 3-3/8"" Fulgurite Fossil Lightning From Morocco D210",29.99,2023-05-30,,,WorthPoint
fulgurite,"Libyan Desert Glass,Sahara Golden Tektite 100% Natural 45x38mm 4grams FR13",32.99,2023-05-30,4,8.25,WorthPoint
fulgurite,"1.2"" RARE! NATURAL *HOLLOW* SAHARA FULGURITE LIGHTNING FUSED SAND PILLAR 2.8g *2",17.74,2023-05-29,2.8,6.34,WorthPoint
fulgurite,"1.3"" RARE! NATURAL *HOLLOW* SAHARA FULGURITE LIGHTNING FUSED SAND PILLAR 4.2g *1",19.16,2023-05-29,4.2,4.56,WorthPoint
fulgurite,Moldavite .75g Naturally Formed Glass From A Meteorite Impact. Beautiful Green.,13.5,2023-05-29,75,0.18,WorthPoint
fulgurite,"Libyan Desert Glass, 13.5g, Sculpted Piece From A Meteorite Event Nice Surface",7.5,2023-05-29,13.5,0.56,WorthPoint
fulgurite,Fulgurite Museum- Quality Fulgurite-Lightning Glass- Fossilized Lightning-Fused,520,2023-05-29,,,WorthPoint
fulgurite,Lot 878 Fulgurite Electro-priests Painted Warhammer 40k Adeptus Mechanicus,26,2023-05-28,,,WorthPoint
fulgurite,Lot 876 Fulgurite Electro-priests Painted Warhammer 40k Adeptus Mechanicus,28.75,2023-05-28,,,WorthPoint
fulgurite,Lot 877 Fulgurite Electro-priests Painted Warhammer 40k Adeptus Mechanicus,25,2023-05-28,,,WorthPoint
fulgurite,Missing Link Andara~exogenic Fulgurite Or Impact Glass~wavy Aqua Drop W/'teeth',44,2023-05-27,,,WorthPoint
fulgurite,Missing Link Andara~exogenic Fulgurite Or Impact Glass~aqua W/ 'finger Ridges',34,2023-05-27,,,WorthPoint
fulgurite,Glass Formed By Combustion Metamorphism Of Shale - Hand/display Specimen,13.75,2023-05-26,,,WorthPoint
fulgurite,"Games Workshop White Dwarf Weekly 2015 #69 ""The Cult Mechanicus"" EX",9,2023-05-25,,,WorthPoint
fulgurite,Adeptus Mechanicus 40k Painted Lot,220,2023-05-24,,,WorthPoint
fulgurite,"140pc CRYSTAL COLLECTION: PHENACITE, ANATASE, PERIDOT, NATROLITE, OPAL, SUGILITE",340.79,2023-05-23,,,WorthPoint
fulgurite,"Libyan Desert Glass, 5.4g, Sculpted Piece From A Meteorite Event Nice Surface",24.25,2023-05-23,5.4,4.49,WorthPoint
fulgurite,Moldavite 1.44g Naturally Formed Glass From A Meteorite Impact. Beautiful Green.,36,2023-05-22,1.44,25,WorthPoint
fulgurite,BIG! Lot Of 100% Natural FULGURITE S Or Petrified Lighting 28.4gr,21.99,2023-05-21,28.4,0.77,WorthPoint
fulgurite,"Large Fulgurite, Petrified Lightning, Healing Art, Collection Piece.",45,2023-05-15,,,WorthPoint
fulgurite,Moldavite 2.5g Naturally Formed Glass From A Meteorite Impact. Beautiful Green.,53.75,2023-05-15,2.5,21.5,WorthPoint
fulgurite,"Warhammer 40k - ADEPTUS MECHANICUS FULGURITE ELECTRO PRIEST Built, Primed",25,2023-05-14,,,WorthPoint
fulgurite,Moldavite .54g Naturally Formed Glass From A Meteorite Impact. Beautiful Green.,12.5,2023-05-14,54,0.23,WorthPoint
fulgurite,"R362-39) 4 Piece Set 1/2 1-1/8"" Fulgurites Lightning Strike Beach Sand Glass GA",22.99,2023-05-13,,,WorthPoint
fulgurite,"Libyan Desert Glass, 8.27g, Sculpted Piece From A Meteorite Event Nice Surface",10.5,2023-05-13,8.27,1.27,WorthPoint
fulgurite,Desert Geology Mix Rough Specimens Mineral Quartz Jasper Fossils Science Rocks,12.5,2023-05-09,,,WorthPoint
fulgurite,Mini Museum Second Edition By Hans Fex - MM2 - Large 26 Specimens- NEW,850,2023-05-07,,,WorthPoint
fulgurite,Long 100% Natural Fulgurite Necklace Or Pendant! Petrified Lighting! 4.56,19.99,2023-05-07,,,WorthPoint
fulgurite,Moldavite .44g Naturally Formed Glass From A Meteorite Impact. Beautiful Green.,56,2023-05-07,44,1.27,WorthPoint
fulgurite,Electro Priests Fulgurite Or Corpuscarii Adeptus Mechanicus Warhammer 40k - NIB,34.99,2023-05-05,,,WorthPoint
fulgurite,Fulgurite (Lightning Glass),115,2023-05-03,,,WorthPoint
fulgurite,Fulgurite Or Petrified Lighting,9.99,2023-05-03,,,WorthPoint
fulgurite,40k Adeptus Mechanicus Fulgurite Electro-Priests Lot - Warhammer Pre-owned 2 THG,41.99,2023-05-03,,,WorthPoint
fulgurite,"Libyan Desert Glass, 14.8g, Natural Glass From Meteorite Event, Polished Window",33.55,2023-05-01,14.8,2.27,WorthPoint
fulgurite,"4"" X 4"" X 1/2"" Captured Lightning Lichtenberg Figure & Black Metal Base",137,2023-05-01,,,WorthPoint
fulgurite,Moldavite .9g Naturally Formed Glass From A Meteorite Impact. Beautiful Green.,19.5,2023-04-29,9,2.17,WorthPoint
fulgurite,Warhammer 40k Adeptus Mechanicus Built Army Lot,500,2023-04-25,,,WorthPoint
fulgurite,Warhammer 40k Adeptus Mechanicus Electro-Priests Fulgurite/Corpuscarii **New**,39.95,2023-04-25,,,WorthPoint
fulgurite,"(R353-52F) 3"" Fulgurite Lightning Strike Beach Sand Glass West Texas Specimen",42.99,2023-04-23,,,WorthPoint
fulgurite,"3 NATURAL ROUGH 1.5""-2.3"" FULGURITE LIGHTNING FUSED SAND PILLARS ~ 36.4grams *1",16.27,2023-04-22,36.4,0.45,WorthPoint
fulgurite,"Large Fulgurite, Petrified Lightning, Healing Stone, Reiki, Collectors Specimen",35,2023-04-20,,,WorthPoint
fulgurite,Moldavite .93g Naturally Formed Glass From A Meteorite Impact. Beautiful Green.,13.5,2023-04-20,93,0.15,WorthPoint
fulgurite,"(R353-52-D) 3"" Fulgurite Lightning Strike Beach Sand Glass West Texas Specimen",42.99,2023-04-18,,,WorthPoint
fulgurite,Super Rare Vermont Green Mountain Fulgurite Petrified Glass Lightning + Wood Box,175,2023-04-17,,,WorthPoint
fulgurite,Lot 160 Warhammer 40k Adeptus Mechanicus Fulgurite Electro-priests,27,2023-04-17,,,WorthPoint
fulgurite,Big! 100% Natural FULGURITE Or Petrified Lightning 9.8gr,17.99,2023-04-16,9.8,1.84,WorthPoint
fulgurite,"2 Pieces Of FULGURITE Morocco 2.5"" Long - 2pcs Only $15 - FOSSILIZED LIGHTNING!",15,2023-04-15,,,WorthPoint
fulgurite,"6 NATURAL ROUGH 1.3""-1.8"" FULGURITE LIGHTNING FUSED SAND PILLARS ~ 42.7grams *1",17.74,2023-04-15,42.7,0.42,WorthPoint
fulgurite,"Lot Of 2 RARE FULGURITE Natural Petrified Lightning, California Desert",50,2023-04-14,,,WorthPoint
fulgurite,Fulgurite Glass Natural Lightning Tubes From Saharan Desert,7.99,2023-04-14,,,WorthPoint
fulgurite,Lot Of 10 FULGURITE Petrified Lightning LIGHTNING GLASS California Desert 70g A2,25,2023-04-13,70,0.36,WorthPoint
fulgurite,Moldavite .45g Naturally Formed Glass From A Meteorite Impact. Beautiful Green.,10,2023-04-13,45,0.22,WorthPoint
fulgurite,Missing Link Andara~exogenic Fulgurite Or Impact Glass~rounded Flows~nice Form,36,2023-04-12,,,WorthPoint
fulgurite,"8 SMALL RARE HOLLOW! .6""-1"" FULGURITE LIGHTNING FUSED SAND PILLARS ~ 12.4g *3",21.59,2023-04-11,12.4,1.74,WorthPoint
fulgurite,"R365-32-3) 1-1/2"" Fulgurite Lightning Strike Beach Sand Glass Georgia Fulgurites",15.99,2023-04-10,,,WorthPoint
fulgurite,"Fulgurite Wand, Petrified Lightning, Healing Tool, Reiki, Arts",21,2023-04-09,,,WorthPoint
fulgurite,"Fulgurite Wand, Petrified Lightning",21,2023-04-09,,,WorthPoint
fulgurite,"Libyan Desert Glass, 10.9g, Sculpted Piece From A Meteorite Event Nice Surface",10,2023-04-09,10.9,0.92,WorthPoint
fulgurite,Warhammer 40K Adeptus Mechanicus Fulgurite Corpuscarii Electro-Priests New,32.93,2023-04-08,,,WorthPoint
fulgurite,"(r366-44) 2-1/8"" Fulgurite Lightning Strike Beach Sand Glass Georgia Fulgurites",18.99,2023-04-08,,,WorthPoint
fulgurite,"Fulgurite Wands, Lot Of Nine, Solid Bodied, Petrified Lightning. Healing Stones",24,2023-04-07,,,WorthPoint
fulgurite,Big! 100% Natural HOLLOW FULGURITE Or Petrified Lightning 10.9gr,29.99,2023-04-06,10.9,2.75,WorthPoint
fulgurite,"8 NATURAL ROUGH 1.6""-2"" FULGURITE LIGHTNING FUSED SAND PILLARS ~ 54.5grams *1",22,2023-04-05,54.5,0.4,WorthPoint
fulgurite,Moldavite 1.2g Naturally Formed Glass From A Meteorite Impact. Beautiful Green.,10.5,2023-04-05,1.2,8.75,WorthPoint
fulgurite,"100pc+ CRYSTAL COLLECTION: LARIMAR, EMERALD, SAPPHIRE, AZEZTULITE, QUARTZ, OPAL",170.39,2023-04-04,,,WorthPoint
fulgurite,Hollow Fulgurite Petrified Lightning Sand,25,2023-04-02,,,WorthPoint
fulgurite,"Fulgurite Wands, Lot Of Seven. Solid Bodied, Petrified Lightning. Healing Stones",21.5,2023-04-01,,,WorthPoint
fulgurite,HUGE Lot Of Small 100% Natural FULGURITE S Or Petrified Lighting 55.3gr,15.99,2023-03-29,55.3,0.29,WorthPoint
fulgurite,Big! 100% Natural HOLLOW FULGURITE Or Petrified Lightning 7.8gr,23.99,2023-03-29,7.8,3.08,WorthPoint
fulgurite,Warhammer 40k Adeptus Mechanicus Lot Battle Bots And More,200,2023-03-29,,,WorthPoint
fulgurite,Warhammer 40k- Adeptus Mechanicus Fulgurite Electro-Priest 3x Models Built,15,2023-03-28,,,WorthPoint
fulgurite,(R310-12) 3 Fulgurites Lightning Strike Beach Sand Glass Sahara Desert Algeria,13.99,2023-03-25,,,WorthPoint
fulgurite,Moldavite .85g Naturally Formed Glass From A Meteorite Impact. Beautiful Green.,24,2023-03-24,85,0.28,WorthPoint
fulgurite,HUGE! 100% Natural HOLLOW FULGURITE Or Petrified Lightning 34.7gr,99.99,2023-03-23,34.7,2.88,WorthPoint
fulgurite,LONG! 100% Natural HOLLOW FULGURITE Or Petrified Lightning 9.2gr,39.99,2023-03-23,9.2,4.35,WorthPoint
fulgurite,Long! 100% Natural HOLLOW FULGURITE Or Petrified Lightning 2.2gr,29.99,2023-03-23,2.2,13.63,WorthPoint
fulgurite,"Lot Of 4 FULGURITE Petrified Lightning, California Desert",35,2023-03-22,,,WorthPoint
fulgurite,"Lot Of 3 RARE FULGURITE Petrified Lightning Glass, California Desert",20,2023-03-21,,,WorthPoint
fulgurite,Lightening-Fused Sand Fulgurite (surprise Rock With Sale),188,2023-03-20,,,WorthPoint
fulgurite,"Fulgurite From Kimberlite Pipe. 3.7 Ozs. It's Called, ""The Grumpy Monster""....",35,2023-03-20,104.895,0.33,WorthPoint
fulgurite,"Libyan Desert Glass, 14.6g, Sculpted Piece From A Meteorite Event Nice Surface",9.25,2023-03-20,14.6,0.63,WorthPoint
fulgurite,Moldavite .6g Naturally Formed Glass From A Meteorite Impact. Beautiful Green.,17.67,2023-03-15,6,2.95,WorthPoint
fulgurite,"Unknown Specimen--Petrified Bone, Fulgurite???",50,2023-03-13,,,WorthPoint
fulgurite,Long! 100% Natural FULGURITE Or Petrified Lightning 9.1gr,28.99,2023-03-13,9.1,3.19,WorthPoint
fulgurite,"10 X Fulgurite Electro-Priests (green, B) For Warhammer 40k",66,2023-03-13,,,WorthPoint
fulgurite,"-6 3/4"" -316 Grams -Fulgurite Lightning Sand Glass Mohave Desert",47,2023-03-10,316,0.15,WorthPoint
fulgurite,Fulgurite Petrified Lighting From The Mojave Desert. 345 Grams #100007,75,2023-03-08,345,0.22,WorthPoint
fulgurite,"7 NATURAL ROUGH (SOLID) 1-1.5"" FULGURITE LIGHTNING FUSED SAND PILLARS ~ 38.2g *4",17.24,2023-03-07,38.2,0.45,WorthPoint
fulgurite,Sand Glass Lighting Sand Glass Fulgurite Petrified Lightning Unique Dragon Look,54.99,2023-03-07,,,WorthPoint
fulgurite,Moldavite 1.06g Naturally Formed Glass From A Meteorite Impact. Beautiful Green.,33,2023-03-07,1.06,31.13,WorthPoint
fulgurite,Fulgurite. Petrified Lightning. 4 Oz,25,2023-03-06,113.4,0.22,WorthPoint
fulgurite,"9 SMALL RARE HOLLOW! .6""-.8"" FULGURITE LIGHTNING FUSED SAND PILLARS ~ 13.8g *2",20,2023-03-06,13.8,1.45,WorthPoint
fulgurite,"Warhammer 40K: Adeptus Mechanicus Electro-Priests New 40,000",42.5,2023-03-02,,,WorthPoint
fulgurite,"3 Pcs ""Lightning Strike"" Fulgurite, Merzouga, Morocco 31.5 Grams 2"" Fused Tubes",19,2023-03-01,31.5,0.6,WorthPoint
fulgurite,(R310-14) 3 Fulgurites Lightning Strike Beach Sand Glass Sahara Desert Algeria,13.99,2023-02-28,,,WorthPoint
fulgurite,Ad Mech Adeptus Mechanicus Army Painted Warhammer 40k Magnetized Weapon Options,850,2023-02-28,,,WorthPoint
fulgurite,"Libyan Desert Glass, 4.7g, Sculpted Piece From A Meteorite Event Very Small Chip",11.5,2023-02-26,4.7,2.45,WorthPoint
fulgurite,Fulgurite Petrified Lighting From The Mojave Desert. 555 Grams #100009,120,2023-02-23,555,0.22,WorthPoint
fulgurite,Fulgurite Petrified Lighting From The Mohave Desert. ~,70,2023-02-23,,,WorthPoint
fulgurite,Citadel Layer Fulgurite Copper,6.45,2023-02-21,,,WorthPoint
fulgurite,5 X Fulgurite Electro Priests For Warhammer 40k,33,2023-02-21,,,WorthPoint
fulgurite,1 Fulgurite Petrified Lightning. Over 3 Inches,32,2023-02-20,,,WorthPoint
fulgurite,"5 NATURAL ROUGH 1.7""-2.3"" FULGURITE LIGHTNING FUSED SAND PILLARS ~ 42.6grams *1",17.99,2023-02-20,42.6,0.42,WorthPoint
fulgurite,Exogenic Fulgurite Or Impactite/impact Glass~andara~magnetic Black Sheet W/drop,19.99,2023-02-20,,,WorthPoint
fulgurite,"10 NATURAL ROUGH .7""-1"" FULGURITE LIGHTNING FUSED SAND PILLARS MOROCCO 19.9g *4",14.59,2023-02-18,19.9,0.73,WorthPoint
fulgurite,"Florida Fulgurite Lightning Strike Sand Fused 1-1/2"" Tubular Glass Specimen",9.75,2023-02-17,,,WorthPoint
fulgurite,"-8 1/2"" -1004 Grams -8 1/2"" Girth -Fulgurite Lightning Sand Glass Mohave Desert",28,2023-02-15,1004,0.03,WorthPoint
fulgurite,Moldavite 1.12g Naturally Formed Glass From A Meteorite Impact.,26,2023-02-14,1.12,23.21,WorthPoint
fulgurite,Exogenic Fulgurite Or Impactite/impact Glass~andara~seafoam Drop W/'back Wall',48,2023-02-14,,,WorthPoint
fulgurite,Lightning Glass Partially Hollow Fulgurite Specimen,10,2023-02-12,,,WorthPoint
fulgurite,Exogenic Fulgurite Or Impactite/impact Glass~andara~earthy Green Chaotic Flows,49,2023-02-12,,,WorthPoint
fulgurite,Lot 362 Warhammer 40k Adeptus Mechanicus Fulgurite Electro Priests Incomplete,68,2023-02-12,,,WorthPoint
fulgurite,"Libyan Desert Glass, 15.1g, Sculpted Piece From A Meteorite Event, Imperfect",13.35,2023-02-12,15.1,0.88,WorthPoint
fulgurite,Exogenic Fulgurite Or Impactite/impact Glass~andara~aqua Seafoam W/filaments,55,2023-02-12,,,WorthPoint
fulgurite,Exogenic Fulgurite Or Impactite/impact Glass~andara~emerald Green Arch W/incl,24.99,2023-02-12,,,WorthPoint
fulgurite,Fulgurite From Kimberlite Pipe. 3.1 Ozs.,35,2023-02-11,87.885,0.4,WorthPoint
fulgurite,Fulgurite Petrified Lighting From The Mojave Desert. 150 Grams #100002,30,2023-02-10,150,0.2,WorthPoint
fulgurite,"6 1/2"" 260 Grams Fulgurite Lightning Strike Sand Glass Mohave Desert",47,2023-02-08,260,0.18,WorthPoint
fulgurite,Fulgurite AKA Petrified Lightening In Display Case Fresno County.,18,2023-02-07,,,WorthPoint
fulgurite,Fulgurite - Natural Specimen,20,2023-02-07,,,WorthPoint
fulgurite,Moldavite 0.8g Naturally Formed Glass From A Meteorite Impact.,26,2023-02-06,0.8,32.5,WorthPoint
fulgurite,"Florida Fulgurite Lightning Strike Sand Fused 1-5/8"" Tubular Glass Specimen",9.75,2023-02-06,,,WorthPoint
fulgurite,Exogenic Fulgurite Or Impactite/impact Glass~andara~twisting Gemmy Green Drop,19.99,2023-02-06,,,WorthPoint
fulgurite,Exogenic Fulgurite Or Impactite/impact Glass~andara~folded Earthy Green W/curve,19.99,2023-02-06,,,WorthPoint
fulgurite,Exogenic Fulgurite Or Impactite/impact Glass~andara~rare Elongated Tear Drop,19.99,2023-02-06,,,WorthPoint
fulgurite,"Large 3-1/4"" Fulgurite Fossil Lightning From Morocco F210",29.99,2023-02-05,,,WorthPoint
fulgurite,"Libyan Desert Glass, 10.1g, Sculpted Piece From A Meteorite Event",10.5,2023-02-03,10.1,1.04,WorthPoint
fulgurite,Fulgurite/Corpuscarii Electro-Priests 40k Games Workshop Desprued,22.5,2023-02-02,,,WorthPoint
fulgurite,GW Warhammer 40k Adeptus Mechanicus Fulgurite Electro-Priests X5 I09,30,2023-02-02,,,WorthPoint
fulgurite,FULGURITE NV Lightning Strike Frozen In Glass Mineral Specimen 141g,9.95,2023-02-02,141,0.07,WorthPoint
fulgurite,3 Pieces 182 Grams Fulgurite Lightning Strike Sand Glass Mohave Desert,35,2023-02-01,182,0.19,WorthPoint
fulgurite,Fulgurite Petrified Lighting From The Mohave Desert. ~390 Grams #100005,75,2023-02-01,390,0.19,WorthPoint
fulgurite,"FULGURITE,(Blackfoot Fulgurite) Petrified Lighting,Natural",180,2023-02-01,,,WorthPoint
fulgurite,Moldavite 4.2g Hand Selected Variety Lot Of Six Glass From A Meteorite Impact.,67,2023-02-01,4.2,15.95,WorthPoint
fulgurite,BIG Lot Of 100% Natural FULGURITE S Or Petrified Lighting 54.6gr,29.99,2023-01-31,54.6,0.55,WorthPoint
fulgurite,"Fulgurite Lightning Fused Sand Blond Fulgurite 1/8 Pound 8+ Pieces 1-2.25""",22.99,2023-01-31,,,WorthPoint
fulgurite,Large Fulgurite. Petrified Lightning. 12 Oz,20,2023-01-31,340.2,0.06,WorthPoint
fulgurite,Moldavite 1.18g Naturally Formed Glass From A Meteorite Impact.,51,2023-01-30,1.18,43.22,WorthPoint
fulgurite,Exogenic Fulgurite Or Impactite/impact Glass~andara~textured Twisting Ruffles,19.99,2023-01-30,,,WorthPoint
fulgurite,Exogenic Fulgurite Or Impactite/impact Glass~andara~bending Effervescent Aqua,27.5,2023-01-30,,,WorthPoint
fulgurite,Exogenic Fulgurite Or Impactite/impact Glass~andara~flowing Icy Aqua Blue,19.99,2023-01-30,,,WorthPoint
fulgurite,"Libyan Desert Glass, 10.6g, Spectacular Form From A Meteorite Event",46,2023-01-29,10.6,4.34,WorthPoint
fulgurite,3 Beautiful Pieces Of Sedona Fulgurite RARE,5,2023-01-29,,,WorthPoint
fulgurite,"(r365-39) 1-3/4"" Fulgurite Lightning Strike Beach Sand Glass Georgia Fulgurites",16.49,2023-01-28,,,WorthPoint
fulgurite,Adeptus Mechanicus Fulgurite Electro-priests Painted Warhammer 40k #2,50,2023-01-28,,,WorthPoint
fulgurite,"R353-28K) 2-1/2"" Fulgurite Lightning Strike Beach Sand Glass West Texas Specimen",33.99,2023-01-28,,,WorthPoint
fulgurite,(R310-27) 4 Fulgurites Lightning Strike Beach Sand Glass Sahara Desert Algeria,13.99,2023-01-27,,,WorthPoint
fulgurite,"Sedona Fulgurite - 6‚Öù Inches Long - 37.9 Grams Petrified Lightning !! Sedona, AZ",82,2023-01-27,37.9,2.16,WorthPoint
fulgurite,Large Unusual Shape Gobi Desert Fulgurite Lightning Fused Sand Formation 63.8g,59.99,2023-01-25,63.8,0.94,WorthPoint
fulgurite,Exogenic Fulgurite Or Impactite/impact Glass~andara~gemmy Deep Green W/melty Top,19.99,2023-01-25,,,WorthPoint
fulgurite,Games Workshop 40k Adeptus Mechanicus Electro-Priests (2015 Ed) EX,28,2023-01-25,,,WorthPoint
fulgurite,Petrified Lightning Fulgurite 3 Pieces,10,2023-01-24,,,WorthPoint
fulgurite,"Superb Rare, 2 3/8 "" Fulgurite, Fused Cast Of Lightning In Sand,polk Co, Fl",21.5,2023-01-23,,,WorthPoint
fulgurite,Fulgurite Lightning Strike Beach Sand Glass Lake Michigan Fulgurite ( Lot Of 6 ),40,2023-01-21,,,WorthPoint
fulgurite,"Fulgurite Crystal, Natural Lightning Striking Sand Into Glass Onto Stone, 11 Gr.",42.95,2023-01-11,11,3.9,WorthPoint
fulgurite,Exogenic Fulgurite Or Impactite/impact Glass~andara~rippling Wavy Clear/gray,76,2023-01-11,,,WorthPoint
fulgurite,Exogenic Fulgurite Or Impactite/impact Glass~andara~wavy Pale Blue W/filaments,21.5,2023-01-11,,,WorthPoint
fulgurite,"Petrified Lightning,Fulgurite Wand, Heals Chakras, Palm Stone Quartz Lot, Reiki",45,2023-01-08,,,WorthPoint
fulgurite,Big Lot Of 100% Natural FULGURITE S Or Petrified Lighting 9.3gr,26.99,2023-01-08,9.3,2.9,WorthPoint
fulgurite,"Ad Mech Adeptus Mechanicus Army, Painted Warhammer 40k, Magnetized Units 2700pts",1500,2023-01-05,,,WorthPoint
fulgurite,Exogenic Fulgurite From Charleston SC Lightning Strike_Hurricane Dorian Produced,50,2023-01-04,,,WorthPoint
fulgurite,Lot Of 100% Natural FULGURITE S Or Petrified Lighting 23.5gr,15.99,2023-01-03,23.5,0.68,WorthPoint
fulgurite,Lot Of Larger 100% Natural FULGURITE S Or Petrified Lighting 31.0gr,30.99,2023-01-03,31,1,WorthPoint
fulgurite,LIGHTNING GLASS FUSED SAND Desert Fulgurite Specimen SAHARA DESERT W/ ID Card,8.5,2023-01-02,,,WorthPoint
fulgurite,BIG Lot Of 100% Natural FULGURITE S Or Petrified Lightning! 32.3gr,24.99,2022-12-29,32.3,0.77,WorthPoint
fulgurite,"Fulgurite Fossil Lightning Lot Of 4 Specimens 4"" 5"" 6"" And 8"" Petrified Lighting",149.5,2022-12-29,,,WorthPoint
fulgurite,HUGE Lot Of 100% Natural FULGURITE S Or Petrified Lightning! 45.0gr,31.99,2022-12-27,45,0.71,WorthPoint
fulgurite,"6 SMALL NATURAL .5""-1"" *HOLLOW* FULGURITE LIGHTNING FUSED SAND PILLARS ~ 8.6g *1",11.33,2022-12-23,8.6,1.32,WorthPoint
fulgurite,"(r365-54) 1-3/4"" Fulgurite Lightning Strike Beach Sand Glass Georgia Fulgurites",16.49,2022-12-23,,,WorthPoint
fulgurite,"Libyan Desert Glass,Sahara Golden Tektite 100% Natural 43x35mm 5grams FR18",38.99,2022-12-23,5,7.8,WorthPoint
fulgurite,(R356-4) Fulgurite Ball Lightning Strike Sand Dune Glass Cali Desert Specimen,9.09,2022-12-20,,,WorthPoint
fulgurite,(R356-11) Fulgurite Ball Lightning Strike Sand Dune Glass Cali Desert Specimen,9.09,2022-12-20,,,WorthPoint
fulgurite,(R356-5) Fulgurite Ball Lightning Strike Sand Dune Glass Cali Desert Specimen,9.09,2022-12-20,,,WorthPoint
fulgurite,"(r364-124) 1-1/8"" Fulgurite Lightning Strike Beach Sand Glass Georgia Fulgurites",14.99,2022-12-20,,,WorthPoint
fulgurite,Super Unique Fulgurite Specimen. Petrified Lightning,36,2022-12-20,,,WorthPoint
fulgurite,"Unique Specimen! Petrified Lightning, Large Fulgurite.",35,2022-12-18,,,WorthPoint
fulgurite,"(r365-56) 1-3/4"" Fulgurite Lightning Strike Beach Sand Glass Georgia Fulgurites",16.49,2022-12-18,,,WorthPoint
fulgurite,"(r366-50) 2-1/8"" Fulgurite Lightning Strike Beach Sand Dune Glass GA Fulgurites",18.99,2022-12-18,,,WorthPoint
fulgurite,"(r367-3) 2-1/4"" Fulgurite Lightning Strike Beach Sand Glass Georgia Specimen",20.99,2022-12-18,,,WorthPoint
fulgurite,Skitarii Electro-Priests Adeptus Mechanicus Warhammer 40K *NIB* Games Workshop,35,2022-12-18,,,WorthPoint
fulgurite,FULGURITE Petrified Lightning LIGHTNING GLASS Lot Of 7 California Desert 60g A5,30,2022-12-18,60,0.5,WorthPoint
fulgurite,"(r365-38) 1-3/4"" Fulgurite Lightning Strike Beach Sand Glass Georgia Fulgurites",16.49,2022-12-16,,,WorthPoint
fulgurite,"(r365-61) 1-7/8"" Fulgurite Lightning Strike Beach Sand Glass Georgia Fulgurites",16.99,2022-12-14,,,WorthPoint
fulgurite,"Fulgarite? Mineral Specimen, Sand Hills Of Nebraska?, USA B1-221",9.99,2022-12-14,,,WorthPoint
fulgurite,"(r364-18) 2 Fulgurites 1-5/8"" Lightning Strike Beach Sand Glass Georgia Set",22.99,2022-12-13,,,WorthPoint
fulgurite,Lightning Glass Fulgurite From Lake Powell Beach,12,2022-12-12,,,WorthPoint
fulgurite,(R310-16) 3 Fulgurites Lightning Strike Beach Sand Glass Sahara Desert Algeria,13.99,2022-12-12,,,WorthPoint
fulgurite,Fulgurite Wand. Petrified Lightning,5,2022-12-11,,,WorthPoint
fulgurite,1 Fulgurite Petrified Lightning. 3 Inches,20,2022-12-10,,,WorthPoint
fulgurite,Big! 100% Natural FULGURITE Or Petrified Lightning 11.4gr,22.99,2022-12-10,11.4,2.02,WorthPoint
fulgurite,R353-35E) 2-3/4 Fulgurite Lightning Strike Beach Dune Sand Hill Glass West Texas,38.99,2022-12-08,,,WorthPoint
fulgurite,"3.8"" FULGURITE Long Tan Melted Sand Tube From Lightning Strike Morocco For Sale",32.5,2022-12-06,,,WorthPoint
fulgurite,"Libyan Desert Glass,Sahara Golden Tektite 100% Natural 26x36mm 2grams FR17",19.99,2022-12-04,2,9.99,WorthPoint
fulgurite,"(r365-125) 1-7/8"" Fulgurite Lightning Strike Beach Sand Glass Georgia Fulgurites",16.99,2022-12-04,,,WorthPoint
fulgurite,"Fulgurite Wand Lot Of 3, Petrified Lightning. Metaphysical Healing Stones, Reiki",25,2022-12-04,,,WorthPoint
fulgurite,Long! 100% Natural FULGURITE Or Petrified Lightning 6.3gr,19.99,2022-12-04,6.3,3.17,WorthPoint
fulgurite,Rare Fulgurite Found In FL ~Petrified Lighting~ Ancient Artifact Crystals,100,2022-12-01,,,WorthPoint
fulgurite,Beautiful Fulgurite Specimen With Little Gems Speckled Lightning Glass Hawaii,18.99,2022-11-28,,,WorthPoint
fulgurite,Big Lot Of 100% Natural HOLLOW FULGURITE's Or Petrified Lightning 13.3gr,34.99,2022-11-26,13.3,2.63,WorthPoint
fulgurite,"(r369-5) 2-1/2"" Fulgurite Lightning Strike Beach Sand Glass GA Display Specimen",24.99,2022-11-26,,,WorthPoint
fulgurite,"R326-20 2-5/8"" Fulgurite Lightning Strike Beach Sand Glass Sahara Desert Algeria",26.99,2022-11-22,,,WorthPoint
fulgurite,"6 NATURAL 1.1""-2.1"" FULGURITE LIGHTNING FUSED SAND PILLARS MOROCCO ~ 50grams *A1",17.49,2022-11-19,50,0.35,WorthPoint
fulgurite,Warhammer 40k Adeptus Mechanicus (Ad Mech) Army 190+ Models.,910,2022-11-19,,,WorthPoint
fulgurite,"Fulgurite Wand, Petrified Lightning, Metaphysical, Reiki, Healing Tool",24,2022-11-19,,,WorthPoint
fulgurite,"(r365-33) 1-3/4"" Fulgurite Lightning Strike Beach Sand Glass Georgia Fulgurites",16.49,2022-11-12,,,WorthPoint
fulgurite,Authentic Natural Hawaiian Lightning Glass Fulgurite Specimen,19.95,2022-11-08,,,WorthPoint
fulgurite,Big! 100% Natural FULGURITE Or Petrified Lightning 5.0gr,19.99,2022-11-08,5,4,WorthPoint
fulgurite,Fulgurite Petrified Lighting From The Mohave Desert. ~190grams #100003,35,2022-11-05,190,0.18,WorthPoint
fulgurite,"10 NATURAL ROUGH .7-1.2"" FULGURITE LIGHTNING FUSED SAND PILLARS MOROCCO 21.6g *3",21.99,2022-11-03,21.6,1.02,WorthPoint
fulgurite,FULGURITE NV Lightning Strike Frozen In Glass 2 Piece Mineral Specimen Lot,13.3,2022-11-03,,,WorthPoint
fulgurite,"R362-42) 4 Piece Set 1/2 1-1/8"" Fulgurites Lightning Strike Beach Sand Glass GA",22.99,2022-11-02,,,WorthPoint
fulgurite,(R310-1) 3 Fulgurites Lightning Strike Beach Sand Glass Sahara Desert Algeria,13.99,2022-11-02,,,WorthPoint
fulgurite,Big 100% Natural HOLLOW FULGURITE Or Petrified Lightning 15.0gr,29.99,2022-10-30,15,2,WorthPoint
fulgurite,"Terrific Rare,1 7/8 "" Fulgurite, Fused Cast Of Lightning In Sand,augusta, Ga",13,2022-10-30,,,WorthPoint
fulgurite,"Superb Rare, 2 1/8 "" Fulgurite, Fused Cast Of Lightning In Sand,polk Co, Fl",22.5,2022-10-29,,,WorthPoint
fulgurite,"Superb 1 7/8 "" Fulgurite, Fused Cast Of Lightning In Sand,polk Co, Fl",12.95,2022-10-29,,,WorthPoint
fulgurite,"(r364-28) 2 Fulgurites 1-5/8"" Lightning Strike Beach Sand Glass Georgia Set",22.99,2022-10-28,,,WorthPoint
fulgurite,"(r364-125) 1-1/8"" Fulgurite Lightning Strike Beach Sand Glass Georgia Fulgurites",14.99,2022-10-27,,,WorthPoint
fulgurite,Trevor Joyce. Pentahedron X 2 (both With Dedications From Tr...,203.77,2022-10-26,,,WorthPoint
fulgurite,"HOLLOW FULGURITE Morocco 4""- Only $35ea, - FOSSILIZED LIGHTNING - Blow Through",35,2022-10-23,,,WorthPoint
fulgurite,"R353-28G) 2-1/2"" Fulgurite Lightning Strike Beach Sand Glass West Texas Specimen",33.99,2022-10-23,28,1.21,WorthPoint
fulgurite,Wholesale Lot - HOLLOW FULGURITE Lot 50pcs Air Passes Thru Center!,150,2022-10-21,,,WorthPoint
fulgurite,Two Fulgurites (lightning Tektite) Impactite,20,2022-10-20,,,WorthPoint
fulgurite,"5.25"" FULGURITE - Petrified Lightning Strike - Florida Sand - FREE USA SHIPPING",24.99,2022-10-17,,,WorthPoint
fulgurite,Lot Of 12 FULGURITE Petrified Lightning LIGHTNING GLASS California Desert 60g A4,20,2022-10-16,60,0.33,WorthPoint
fulgurite,Cubic Crystals Of Pyrite,28.14,2022-10-13,,,WorthPoint
fulgurite,"R362-40) 4 Piece Set 1/2 1-1/8"" Fulgurites Lightning Strike Beach Sand Glass GA",22.99,2022-10-12,,,WorthPoint
fulgurite,"R362-37) 4 Piece Set 1/2 1-1/8"" Fulgurites Lightning Strike Beach Sand Glass GA",22.99,2022-10-11,,,WorthPoint
fulgurite,HUGE Lot Of 100% Natural FULGURITE S Or Petrified Lighting 33.5gr,21.99,2022-10-09,33.5,0.66,WorthPoint
fulgurite,HUGE Lot Of 100% Natural FULGURITE S Or Petrified Lighting 41.9gr,25.99,2022-10-09,41.9,0.62,WorthPoint
fulgurite,(R310-25) 4 Fulgurites Lightning Strike Beach Sand Glass Sahara Desert Algeria,13.99,2022-10-08,,,WorthPoint
fulgurite,"(r365-45) 1-3/4"" Fulgurite Lightning Strike Beach Sand Glass Georgia Fulgurites",16.49,2022-10-08,,,WorthPoint
fulgurite,Big! Lot Of 100% Natural FULGURITE S Or Petrified Lighting 16.5gr,18.99,2022-10-07,16.5,1.15,WorthPoint
fulgurite,"Fulgurites -petrified Sand Caused By Lightning ! Lot Of12 From Black Rock, Utah",12.95,2022-10-03,,,WorthPoint
fulgurite,"FULGURITE Morocco - Found In Sand Dunes 2.9""- Only $11ea, - FOSSILIZED LIGHTNING",11,2022-10-02,,,WorthPoint
fulgurite,FULGURITE Or Petrified Lightning Big And 100% Natural 14.4gr,13.99,2022-09-30,14.4,0.97,WorthPoint
fulgurite,Warhammer 40 Adeptus Mechanicus Lot BB45,39.99,2022-09-28,,,WorthPoint
fulgurite,FULGURITE COPPER 22-74 Paint Pot (Games Workshop Citadel) New 12ml,6.75,2022-09-28,,,WorthPoint
fulgurite,UNCOMMON FULGURITE - 1.9 Cm - Old Collection - ARIZONA 26574,14,2022-09-26,,,WorthPoint
fulgurite,"R362-38) 4 Piece Set 1/2 1-1/8"" Fulgurites Lightning Strike Beach Sand Glass GA",22.99,2022-09-25,,,WorthPoint
fulgurite,"(r364-27) 2 Fulgurites 1-5/8"" Lightning Strike Beach Sand Glass Georgia Set",22.99,2022-09-25,,,WorthPoint
fulgurite,Long 100% Natural HOLLOW FULGURITE Or Petrified Lightning 3.2gr,17.99,2022-09-22,3.2,5.62,WorthPoint
fulgurite,"3pcs Turtle Dung COPROLITE 1.3"" Long Clean And Very Select Fossils 12m Y Old",11.99,2022-09-20,,,WorthPoint
fulgurite,Adeptus Mechanicus (Admech) Army Lot,211.5,2022-09-17,,,WorthPoint
fulgurite,"R399-19-3) 5.25"" Fossil Fulgurite Petrified Lightning Strike Beach Sand Glass GA",35.99,2022-09-11,,,WorthPoint
fulgurite,100% Natural HOLLOW FULGURITE Or Petrified Lightning 4.9gr,14.99,2022-09-11,4.9,3.06,WorthPoint
fulgurite,"(r352-73-U) 1-7/8"" Fulgurite Lightning Strike Storm Beach Sand Glass West Texas",18.99,2022-09-11,,,WorthPoint
fulgurite,"(r364-9) 2 Fulgurites 1-5/8"" Lightning Strike Beach Sand Glass Georgia Set",22.99,2022-09-08,,,WorthPoint
fulgurite,Petrified Lightning. Fulgurite Wands. Lot Of Seven,35,2022-09-04,,,WorthPoint
fulgurite,Citadel Layer: Fulgurite Copper (12ml),7.49,2022-09-04,,,WorthPoint
fulgurite,"(r364-16) 2 Fulgurites 1-5/8"" Lightning Strike Beach Sand Glass Georgia Set",22.99,2022-09-04,,,WorthPoint
fulgurite,Big 100% Natural FULGURITE Or Petrified Lightning 62.1gr,24.99,2022-09-04,62.1,0.4,WorthPoint
fulgurite,Games Workshop Warhammer 40K Adeptus Mechanicus: Electro-Priests,42.5,2022-09-02,,,WorthPoint
fulgurite,100% Natural HOLLOW FULGURITE Or Petrified Lightning 2.8gr,10.99,2022-09-01,2.8,3.93,WorthPoint
fulgurite,Big! 100% Natural FULGURITE Or Petrified Lightning 7.5gr,17.99,2022-08-30,7.5,2.4,WorthPoint
fulgurite,Fulgurite Glass From Lake Superior Amazing Specimen Real Glass Fulgurite,15.99,2022-08-30,,,WorthPoint
fulgurite,(R310-9) 3 Fulgurites Lightning Strike Beach Sand Glass Sahara Desert Algeria,13.99,2022-08-27,,,WorthPoint
fulgurite,"6 SMALL RARE .7""-.9"" HOLLOW FULGURITE LIGHTNING FUSED SAND PILLARS ~ 8.8grams *A",14.62,2022-08-27,8.8,1.66,WorthPoint
fulgurite,"Sedona Red Fulgurite Wand - 6¬æ Inches Long - Hollow - Sedona, Arizona",135,2022-08-26,,,WorthPoint
fulgurite,"9 NATURAL ROUGH 1""-2.2"" FULGURITE LIGHTNING FUSED SAND PILLARS MOROCCO 47.5g *2",20.51,2022-08-26,47.5,0.43,WorthPoint
fulgurite,HUGE Hawaiian Fulgurite Lightning Glass; 100% Natural Organic Fused Vein Base,181,2022-08-24,,,WorthPoint
fulgurite,"100% Natural FULGURITE Or Petrified Lightning 8"" Long 2"" Wide GA Creekbed",35,2022-08-24,,,WorthPoint
fulgurite,Big! 100% Natural HOLLOW FULGURITE Or Petrified Lightning 5.3gr,15.99,2022-08-23,5.3,3.02,WorthPoint
fulgurite,Minerals - Fossils - Different Areas - Many Pieces,11.55,2022-08-23,,,WorthPoint
fulgurite,"(r365-135) 1-7/8"" Fulgurite Lightning Strike Beach Sand Glass Georgia Fulgurites",16.99,2022-08-21,,,WorthPoint
fulgurite,"(r365-63) 1-7/8"" Fulgurite Lightning Strike Beach Sand Glass GA Fulgurites Piece",16.99,2022-08-21,,,WorthPoint
fulgurite,"(r367-7) 2-1/4"" Fulgurite Lightning Strike Beach Sand Dune Glass GA Specimen",20.99,2022-08-21,,,WorthPoint
fulgurite,"(r365-128) 1-7/8"" Fulgurite Lightning Strike Beach Sand Glass Georgia Fulgurites",16.99,2022-08-21,,,WorthPoint
fulgurite,"(r364-26) 2 Fulgurites 1-5/8"" Lightning Strike Beach Sand Glass Georgia Set",22.99,2022-08-21,,,WorthPoint
fulgurite,"#2, ""wholesale Price"" On 10 Rare Fulgurites Lightning Strikes From Yuma Arizona",29.99,2022-08-20,,,WorthPoint
fulgurite,"11 SMALL NATURAL .5""-1.6"" FULGURITE LIGHTNING FUSED SAND PILLARS MOROCCO ~ 14.7g",9.43,2022-08-19,14.7,0.64,WorthPoint
fulgurite,"Large 4-5/8"" Fulgurite Fossil Lightning From Morocco A210",31.99,2022-08-18,,,WorthPoint
fulgurite,Warhammer 40k Adeptus Mechanicus Electro-Priests NIB,31,2022-08-17,,,WorthPoint
fulgurite,Warhammer 40k Adeptus Mechanicus Corpuscarii Electro-Priests NIB,35,2022-08-17,,,WorthPoint
fulgurite,Warhammer 40k Adeptus Mechanicus Electro-Priests,36,2022-08-17,,,WorthPoint
fulgurite,Larger! 100% Natural FULGURITE Or Petrified Lightning 4.6gr,12.99,2022-08-17,4.6,2.82,WorthPoint
fulgurite,Hollow Fulgurite Specimen Natural Lightning Glass Tube,29.42,2022-08-17,,,WorthPoint
fulgurite,"5 NATURAL ROUGH .9""-1.7"" FULGURITE LIGHTNING FUSED SAND PILLARS MOROCCO 22.3g *2",16.24,2022-08-16,22.3,0.73,WorthPoint
fulgurite,Big 100% Natural FULGURITE Or Petrified Lightning 36.3gr,19.99,2022-08-15,36.3,0.55,WorthPoint
fulgurite,100% Natural HOLLOW FULGURITE Or Petrified Lightning 2.9gr,6.99,2022-08-12,2.9,2.41,WorthPoint
fulgurite,"5 NATURAL ROUGH 1.5""-1.7"" FULGURITE LIGHTNING FUSED SAND PILLARS MOROCCO ~ 26.5g",6.19,2022-08-09,26.5,0.23,WorthPoint
fulgurite,Fulgurite - Lightning Fused Sand Glass Tube - Florida - Grams,30,2022-08-07,,,WorthPoint
fulgurite,Warhammer 40k Army Lot,510,2022-08-06,,,WorthPoint
fulgurite,Lot Of 20+ Fulgurites From Lake Superior Amazing Specimen Real Glass Fulgurite,9.99,2022-08-06,,,WorthPoint
fulgurite,100% Natural HOLLOW FULGURITE Or Petrified Lightning 3.4gr,12.99,2022-08-05,3.4,3.82,WorthPoint
fulgurite,"5 NATURAL ROUGH 1""-1.8"" FULGURITE LIGHTNING FUSED SAND PILLARS MOROCCO 35.8g *1",17.75,2022-08-03,35.8,0.5,WorthPoint
fulgurite,Big! 100% Natural FULGURITE Or Petrified Lightning 13.9gr,20.99,2022-08-01,13.9,1.51,WorthPoint
fulgurite,Ad Mech 40k Army,625,2022-07-31,,,WorthPoint
fulgurite,"Rare 1.2"" Natural Fulgurite Lightning Fused *hollow* Sand Pillar Florida, Usa *5",21.74,2022-07-31,,,WorthPoint
fulgurite,"Superb Solid Rare,2 1/4 "" Fulgurite, Fused Cast Of Lightning In Sand,polk Co, Fl",25,2022-07-28,,,WorthPoint
fulgurite,Natural Fulgurite Or Petrified Lightning From Polk County Florida 31 Gram Lot,22.5,2022-07-25,31,0.73,WorthPoint
fulgurite,"7 SMALL NATURAL .7-1.1"" *HOLLOW* FULGURITE LIGHTNING FUSED SAND PILLARS 14.5g *3",22.49,2022-07-25,14.5,1.55,WorthPoint
fulgurite,"4 NATURAL ROUGH 1.6""-2"" FULGURITE LIGHTNING FUSED SAND PILLARS FROM MOROCCO 41g",14.5,2022-07-25,41,0.35,WorthPoint
fulgurite,Big! 100% Natural FULGURITE Or Petrified Lightning 63.4gr,29.99,2022-07-24,63.4,0.47,WorthPoint
fulgurite,Warhammer 40K Adeptus Mechanicus Painted Fulgurite Electro-priest H3a-7,57.6,2022-07-24,,,WorthPoint
fulgurite,3 NATURAL ROUGH FULGURITE LIGHTNING FUSED SAND PILLARS FROM MOROCCO ~ 10.2grams,7.5,2022-07-23,10.2,0.74,WorthPoint
fulgurite,"Natural Fulgurite Or Petrified Lightning From Polk County, Florida 1.82 Grams",5.5,2022-07-22,1.82,3.02,WorthPoint
fulgurite,"Superb Rare, 2 5/8 "" Fulgurite, Fused Cast Of Lightning In Sand,polk Co, Fl",25,2022-07-22,,,WorthPoint
fulgurite,Big! 100% Natural FULGURITE Or Petrified Lightning 11.8gr,17.99,2022-07-22,11.8,1.52,WorthPoint
fulgurite,Lot Of 10 Fulgurites From Lake Superior Amazing Specimen Real Glass Fulgurite,19.99,2022-07-20,,,WorthPoint
fulgurite,"10 SMALL RARE HOLLOW! .6""-.8"" FULGURITE LIGHTNING FUSED SAND PILLARS ~ 14.2g *1",18.89,2022-07-20,14.2,1.33,WorthPoint
fulgurite,"14 SMALL NATURAL .6""-.8"" FULGURITE LIGHTNING FUSED SAND PILLARS MOROCCO ~ 23.1g",16.19,2022-07-20,23.1,0.7,WorthPoint
fulgurite,"(r365-124) 1-7/8"" Fulgurite Lightning Strike Beach Sand Glass Georgia Fulgurites",16.99,2022-07-18,,,WorthPoint
fulgurite,Big 100% Natural FULGURITE Or Petrified Lightning 52.9gr,19.99,2022-07-17,52.9,0.38,WorthPoint
fulgurite,Natural Fulgurite Or Petrified Lightning From Egypt 24 Grams,33,2022-07-16,24,1.38,WorthPoint
fulgurite,"Large 3-3/4"" Fulgurite Fossil Lightning From Morocco C210",29.99,2022-07-16,,,WorthPoint
fulgurite,"(R309-7) 1.5"" Fulgurite Lightning Strike Beach Fused Sand Sahara Desert Morocco",13.99,2022-07-15,,,WorthPoint
fulgurite,"(r365-129) 1-7/8"" Fulgurite Lightning Strike Beach Sand Glass Georgia Fulgurites",16.99,2022-07-15,,,WorthPoint
fulgurite,"Tintic Fissures W/Rarer-Like; Trevorite,Tyrolite,Phillipsite,Calcite C C V5 H",14.99,2022-07-15,,,WorthPoint
fulgurite,Cool Fulgurite Lightning Glass Vein W/Branch,24,2022-07-14,,,WorthPoint
fulgurite,"FULGURITE (Petrified Lightning) Fulgurite LIGHTNING GLASS, Natural",275,2022-07-12,,,WorthPoint
fulgurite,Big 100% Natural FULGURITE Or Petrified Lightning 12.0gr,17.99,2022-07-11,12,1.5,WorthPoint
fulgurite,Warhammer 40K Painted Adeptus Mechanicus Corpuscarii Electro-Priests Fulgurite,35,2022-07-10,,,WorthPoint
fulgurite,"(r365-32) 1-1/2"" Fulgurite Lightning Strike Beach Sand Glass Georgia Fulgurites",15.99,2022-07-10,,,WorthPoint
fulgurite,Fulgurite Glass From Lake Superior Northern Michigan,22,2022-07-09,,,WorthPoint
fulgurite,"Fulgurite Wands, Petrified Lightning. Unique, One Of A Kind. Lot Of 3.",39.99,2022-07-09,,,WorthPoint
fulgurite,"HOLLOW FULGURITE Morocco 2.75""- Only $13 Each - FOSSILIZED LIGHTNING",13,2022-07-09,,,WorthPoint
fulgurite,Fulgurite Blue Glass From Lake Superior Amazing Specimen Real Glass Fulgurite,18.99,2022-07-08,,,WorthPoint
fulgurite,Big! 100% Natural HOLLOW FULGURITE Or Petrified Lightning 14.3gr,22.99,2022-07-08,14.3,1.61,WorthPoint
fulgurite,Warhammer 40k Adeptus Mechanicus - Fulgurite Electro Priests,34.95,2022-07-07,,,WorthPoint
fulgurite,"Rare Pyroclastic Rock-Like; Meliphanite,Mcalpieneite,Polyhalite,Tennantite, W T",10,2022-07-07,,,WorthPoint
fulgurite,"(R399-8-9) 2"" Fossil Fulgurite Petrified Lightning Strike Beach Sand Glass GA",18.99,2022-07-07,,,WorthPoint
fulgurite,"5 NATURAL 1.1""-1.5"" FULGURITE LIGHTNING FUSED SAND PILLARS MOROCCO ~ 13.6g *A1",10.04,2022-07-04,13.6,0.74,WorthPoint
fulgurite,Adeptus Mechanicus - Fulgurite Electropriests (x5) - #66224,32.2,2022-07-04,,,WorthPoint
fulgurite,"Petrified Lightning, Fulgurites And Healing Quartz Crystal Lot Of 9 Peices.",25,2022-07-04,,,WorthPoint
fulgurite,Fulgurite - Lightning Fused Sand Glass Tube - Florida - 5.3 Grams,15,2022-07-04,5.3,2.83,WorthPoint
fulgurite,Lightning Glass Hawaiian Fulgurite,29.3,2022-07-02,,,WorthPoint
fulgurite,"3 NATURAL 2.6""-2.8"" FULGURITE LIGHTNING FUSED SAND PILLARS FROM MOROCCO ~ 24.7g",5.5,2022-07-02,24.7,0.22,WorthPoint
fulgurite,"(r365-35) 1-3/4"" Fulgurite Lightning Strike Beach Sand Glass Georgia Fulgurites",16.49,2022-07-01,,,WorthPoint
fulgurite,"10 NATURAL ROUGH .7-1.3"" FULGURITE LIGHTNING FUSED SAND PILLARS MOROCCO 16.9g *2",12.57,2022-06-29,16.9,0.74,WorthPoint
fulgurite,"7 NATURAL .9""-1.8"" FULGURITE LIGHTNING FUSED SAND PILLARS MOROCCO ~ 17.9g *A2",12.91,2022-06-26,17.9,0.72,WorthPoint
fulgurite,Fossilized Lightning Glass Fulgurite 3 Pieces,32,2022-06-25,,,WorthPoint
fulgurite,Adeptus Mechanicus Electro Priests New In Box,40,2022-06-25,,,WorthPoint
fulgurite,"(r364-24) 2 Fulgurites 1-5/8"" Lightning Strike Beach Sand Glass Georgia Set",22.99,2022-06-22,,,WorthPoint
fulgurite,"R326-22 2-5/8"" Fulgurite Lightning Strike Beach Sand Glass Sahara Desert Algeria",26.99,2022-06-22,,,WorthPoint
fulgurite,Admech Cohort Warhammer 40K Fully Painted Parade Standard Army,1400,2022-06-20,,,WorthPoint
fulgurite,Lot Of 12 Dolomite Fulgurite Ulexite Tourmaline Chalcanthite Beryl Minerals,67.99,2022-06-17,,,WorthPoint
fulgurite,"FULGURITE Large Tan Fossilized Lightning Strike Morocco 2.81""",18,2022-06-16,,,WorthPoint
fulgurite,Frozen Lightning Vein Glass Fulgurite,21,2022-06-15,,,WorthPoint
fulgurite,WOW! Fulgurite Blue Glass From Lake Superior Amazing Specimen,15.99,2022-06-11,,,WorthPoint
fulgurite,Cool Gobi Desert Fulgurite Lightning Fused Sand Formation 12.2g,19.99,2022-06-11,12.2,1.64,WorthPoint
fulgurite,BIG Lot Of 100% Natural FULGURITE S Or Petrified Lighting 24.4gr,15.99,2022-06-11,24.4,0.66,WorthPoint
fulgurite,Adeptus Mechanicus Skitarii ELECTRO-PRIESTS Warhammer 40K NIB! WBGames,42.5,2022-06-11,,,WorthPoint
fulgurite,"Petrified Lightning, Fulgurites Lot",15,2022-06-10,,,WorthPoint
fulgurite,"Petrified Lightning, Fulgurite Wands, Lot Of 9 Peices.",18,2022-06-06,,,WorthPoint
fulgurite,BIG Lot Of 100% Natural FULGURITE S Or Petrified Lighting 13.4gr,25.99,2022-06-04,13.4,1.94,WorthPoint
fulgurite,"Petrified Lightning, Large Fulgurite",36,2022-06-04,,,WorthPoint
fulgurite,"114pc CRYSTAL COLLECTION! BIXBITE RED BERYL, SUGILITE, NUUMMITE, LARIMAR & MORE!",215.99,2022-06-03,,,WorthPoint
fulgurite,"Rare! 1.7"" Natural Fulgurite Lightning Fused *hollow* Sand Pillar Florida Usa *3",20.87,2022-06-03,,,WorthPoint
fulgurite,Warhammer 40K Adeptus Mechanicus: ELECTRO-PRIESTS (x5) ‚Ä¢ NIB 59-15,42.5,2022-06-03,,,WorthPoint
fulgurite,Listing For Xi311876,130,2022-06-02,,,WorthPoint
fulgurite,"3 Specimens FULGURITE Morocco 2.25"" Long - 3pcs For $18 - FOSSILIZED LIGHTNING!",18,2022-06-02,,,WorthPoint
fulgurite,Fulgurite Copper Layer Citadel Paint Warhammer 40K Flipside,6.1,2022-05-31,,,WorthPoint
fulgurite,"8 NATURAL .7""-1.2"" FULGURITE LIGHTNING FUSED SAND PILLARS MOROCCO ~ 13.7g *A3",10.79,2022-05-28,13.7,0.79,WorthPoint
fulgurite,"(r365-132) 1-7/8"" Fulgurite Lightning Strike Beach Sand Glass Georgia Fulgurites",16.99,2022-05-26,,,WorthPoint
fulgurite,"(R353-52E) 3"" Fulgurite Lightning Strike Beach Sand Glass West Texas Specimen",42.99,2022-05-26,,,WorthPoint
fulgurite,"(R353-53) 3"" Fulgurite Lightning Strike Beach Sand Glass West Texas Specimen",42.99,2022-05-26,,,WorthPoint
fulgurite,"R353-28b) 2-1/2"" Fulgurite Lightning Strike Beach Sand Glass West Texas Specimen",33.99,2022-05-26,,,WorthPoint
fulgurite,"(r364-19) 2 Fulgurites 1-5/8"" Lightning Strike Beach Sand Glass Georgia Set",22.99,2022-05-26,,,WorthPoint
fulgurite,Larger! 100% Natural FULGURITE Or Petrified Lightning 8.9gr,14.99,2022-05-26,8.9,1.68,WorthPoint
fulgurite,"Petrified Lightning, Large Fulgurite Wand",35,2022-05-25,,,WorthPoint
fulgurite,Big 100% Natural FULGURITE Or Petrified Lightning 17.9gr,29.99,2022-05-23,17.9,1.68,WorthPoint
fulgurite,Large FULGURITE 'Fossil' Lightning Strike All Natural W/ Floating Display,40,2022-05-22,,,WorthPoint
fulgurite,Fulgurite Glass From Lake Superior Northern Michigan. + ONE FREE,15.99,2022-05-21,,,WorthPoint
fulgurite,Larger! 100% Natural FULGURITE Or Petrified Lightning 9.2gr,12.99,2022-05-21,9.2,1.41,WorthPoint
fulgurite,Fulgurite. Very Large Petrified Lighting From The Mojave Desert.,75,2022-05-20,,,WorthPoint
fulgurite,Huge Fulgurite Glass From Lake Superior Northern Michigan +ONE FREE,76.99,2022-05-20,,,WorthPoint
fulgurite,Desert Geology Mix Rough Specimen Mineral Quartz Jasper Fossils Science Rocks,11.8,2022-05-20,,,WorthPoint
fulgurite,"4 NATURAL ROUGH 1.5""-2"" FULGURITE LIGHTNING FUSED SAND PILLARS MOROCCO 40.7g *1",17.27,2022-05-18,40.7,0.42,WorthPoint
fulgurite,Adeptus Mechanicus - Fulgurite Electropriests (x7) - #66223,44.85,2022-05-16,,,WorthPoint
fulgurite,5 USA Lightning Strike FULGURITES From Arizona Desert * 2.8 To 6.3 Cm * Science,12.95,2022-05-14,,,WorthPoint
fulgurite,(R320-8) 2 Fulgurites Lightning Strike Beach Sand Glass Sahara Desert Algeria,12.99,2022-05-14,,,WorthPoint
fulgurite,Citadel Paint 50+ Paint Lot New And Used Warhammer 40K AOS,102,2022-05-12,,,WorthPoint
fulgurite,"Petrified Lightning, Fulgurites And Red Jasper Lot Of 9 Peices.",15,2022-05-12,,,WorthPoint
fulgurite,Rare 1940s GATHERING FULGURITE FLORA DALE MEARS MICHIGAN LAKE BEACH Photo Vtg P1,47.5,2022-05-06,,,WorthPoint
fulgurite,"(r365-34) 1-3/4"" Fulgurite Lightning Strike Beach Sand Glass Georgia Fulgurites",16.49,2022-05-06,,,WorthPoint
fulgurite,Long! 100% Natural HOLLOW FULGURITE Or Petrified Lightning 8.4gr,18.99,2022-05-06,8.4,2.26,WorthPoint
fulgurite,"FOsSiL-2"" Young Rare Australia Thalassina Anomala Mangrove Lobster W Bonus",7.5,2022-05-02,,,WorthPoint
fulgurite,"6 NATURAL ROUGH 1.3-1.7"" FULGURITE LIGHTNING FUSED SAND PILLARS MOROCCO 29.2g *4",22.49,2022-05-02,29.2,0.77,WorthPoint
fulgurite,"Old Gas Fissures W/Rarer-Like; Calaverite,Tyrolite,Phillipsite,Calcite C C V5 H",14.99,2022-05-02,,,WorthPoint
fulgurite,A HUGE! 100% Natural FULGURITE Or Petrified Lightning 112gr,59.99,2022-04-30,112,0.54,WorthPoint
fulgurite,"Large 3-7/8"" Fulgurite Fossil Lightning From Morocco B210",29.99,2022-04-28,,,WorthPoint
fulgurite,Big FULGURITE Lightning Strike Fulgarite From Sahara Desert Algeria For Sale,348.5,2022-04-25,,,WorthPoint
fulgurite,Fulgurite Petrified Lighting From The Mojave Desert.,32,2022-04-25,,,WorthPoint
fulgurite,"Fulgurite Wands, Petrified Lightning Lot Of 3",27,2022-04-25,,,WorthPoint
fulgurite,Lapidary Rough,7.5,2022-04-22,,,WorthPoint
fulgurite,Big 100% Natural FULGURITE Or Petrified Lightning 72.5gr,29.99,2022-04-22,72.5,0.41,WorthPoint
fulgurite,Harder Longer Chime Fulgurite+#7Lil Ones+Picture Stone+Trilobite+fish Flint M F,18.6,2022-04-22,,,WorthPoint
fulgurite,A 100% Natural Fulgurite Necklace Or Pendant! Petrified Lighting! 6.07,13.99,2022-04-19,,,WorthPoint
fulgurite,Big! 100% Natural HOLLOW FULGURITE Or Petrified Lightning 36.1gr,29.99,2022-04-18,36.1,0.83,WorthPoint
fulgurite,"(r364-127) 1-1/8"" Fulgurite Lightning Strike Beach Sand Glass Georgia Fulgurites",14.99,2022-04-18,,,WorthPoint
fulgurite,"(r365-44) 1-3/4"" Fulgurite Lightning Strike Beach Sand Glass Georgia Fulgurites",16.49,2022-04-17,,,WorthPoint
fulgurite,Big 100% Natural HOLLOW FULGURITE Or Petrified Lightning 10.1gr,24.99,2022-04-17,10.1,2.47,WorthPoint
fulgurite,"(r364-13) 2 Fulgurites 1-5/8"" Lightning Strike Beach Sand Glass Georgia Set",22.99,2022-04-17,,,WorthPoint
fulgurite,"Fulgurite Wand, Petrified Lightning, Collectors Specimen, Healing Stone.",15,2022-04-12,,,WorthPoint
fulgurite,"R365-32-6) 1-1/2"" Fulgurite Lightning Strike Beach Sand Glass Georgia Fulgurites",15.99,2022-04-08,,,WorthPoint
fulgurite,"‚òòÔ∏èRR‚öí: Natural Lightening Caused Fulgurites, Arizona Desert, 15 G ‚ö°Ô∏è‚ö°Ô∏è",6.5,2022-04-08,15,0.43,WorthPoint
fulgurite,Fulgurite Glass From Lake Superior Northern Michigan. Fossil Lightning! +1 FREE,32.99,2022-04-07,,,WorthPoint
fulgurite,"‚òòÔ∏èRR‚öí: 5 Natural Lightening Caused Fulgurites, Arizona Desert, 161 Grams",17,2022-04-06,161,0.11,WorthPoint
fulgurite,"R325-15 1-1/2"" Fulgurite Lightning Strike Beach Sand Glass Sahara Desert Algeria",14.99,2022-04-05,,,WorthPoint
fulgurite,"Fulgurite Lightning Fused Sand Blond Fulgurite 1/8 Pound 7 Plus Pieces 1-2.25""",22.39,2022-04-04,,,WorthPoint
fulgurite,Warhammer 40k Adeptus Mechanicus Fulgurite Electro-Priest Unit (5x Unpainted),10.5,2022-04-04,,,WorthPoint
fulgurite,A Larger! 100% Natural FULGURITE Or Petrified Lightning 13.2gr,15.99,2022-04-02,13.2,1.21,WorthPoint
fulgurite,(R310-3) 3 Fulgurites Lightning Strike Beach Sand Glass Sahara Desert Algeria,13.99,2022-04-02,,,WorthPoint
fulgurite,(R320-2) 2 Fulgurites Lightning Strike Beach Sand Glass Sahara Desert Algeria,12.99,2022-04-02,,,WorthPoint
fulgurite,Fulgurite Glass From Crystal River Florida Fossil Lightning! + ONE FREE!,69,2022-04-02,,,WorthPoint
fulgurite,Warhammer 40k Adeptus Mechanicus Cult Mechanicus Fulgurite Electro-Priests (x5),30,2022-04-02,,,WorthPoint
fulgurite,"R365-32-8) 1-1/2"" Fulgurite Lightning Strike Beach Sand Glass Georgia Fulgurites",15.99,2022-04-01,,,WorthPoint
fulgurite,"(r364-123) 1-1/8"" Fulgurite Lightning Strike Beach Sand Glass Georgia Fulgurites",14.99,2022-04-01,,,WorthPoint
fulgurite,"(r365-53) 1-3/4"" Fulgurite Lightning Strike Beach Sand Glass Georgia Fulgurites",16.49,2022-04-01,,,WorthPoint
fulgurite,"(r365-57) 1-3/4"" Fulgurite Lightning Strike Beach Sand Glass Georgia Fulgurites",16.49,2022-04-01,,,WorthPoint
fulgurite,"(r364-122) 1-1/8"" Fulgurite Lightning Strike Beach Sand Glass Georgia Fulgurites",14.99,2022-04-01,,,WorthPoint
fulgurite,Big 100% Natural HOLLOW FULGURITE Or Petrified Lightning 22.3gr,30.99,2022-03-31,22.3,1.39,WorthPoint
fulgurite,Big 100% Natural HOLLOW FULGURITE Or Petrified Lightning 36.7gr,35.99,2022-03-31,36.7,0.98,WorthPoint
fulgurite,Big 100% Natural FULGURITE Or Petrified Lightning 15.8gr,27.99,2022-03-31,15.8,1.77,WorthPoint
fulgurite,HOLLOW ! FULGURITE Or Petrified Lightning 100% Natural 4.2gr,10.99,2022-03-31,4.2,2.62,WorthPoint
fulgurite,Fulgurite - Lightning Fused Sand Glass Tube - Florida - 7 Grams,12,2022-03-30,7,1.71,WorthPoint
fulgurite,"7 SMALL RARE NATURAL ROUGH .6""-1"" FULGURITE LIGHTNING FUSED SAND PILLARS ~ 11.8g",8.5,2022-03-28,11.8,0.72,WorthPoint
fulgurite,(R310-21) 3 Fulgurites Lightning Strike Beach Sand Glass Sahara Desert Algeria,13.99,2022-03-27,,,WorthPoint
fulgurite,"Fulgurite Glass Light Blue Glass From Lake Superior, + ONE FREE",23.99,2022-03-24,,,WorthPoint
fulgurite,Big! 100% Natural HOLLOW FULGURITE Or Petrified Lightning 32.3gr,29.99,2022-03-24,32.3,0.93,WorthPoint
fulgurite,Fulgurite Glass From Lake Superior Northern Michigan Frozen Lightning,15.99,2022-03-23,,,WorthPoint
fulgurite,Larger HOLLOW ! FULGURITE Or Petrified Lightning 100% Natural 7.2gr,12.99,2022-03-23,7.2,1.8,WorthPoint
fulgurite,Fulgurite Petrified Lighting From The Mohave Desert. ~156grams #100004,33,2022-03-21,156,0.21,WorthPoint
fulgurite,Lightning Glass Fulgurite From Hawai'i Island,99.99,2022-03-19,,,WorthPoint
fulgurite,"(r364-14) 2 Fulgurites 1-5/8"" Lightning Strike Beach Sand Glass Georgia Set",22.99,2022-03-18,,,WorthPoint
fulgurite,Warhammer 40K Electro-Priests Adeptus Mechanicus NEW N BOX Fulgurite Corpuscarii,54.9,2022-03-15,,,WorthPoint
fulgurite,"7 SMALL RARE NATURAL ROUGH .8""-1.1"" FULGURITE LIGHTNING FUSED SAND PILLARS 13.9g",13.5,2022-03-14,13.9,0.97,WorthPoint
fulgurite,Fulgurite Fossils,119,2022-03-07,,,WorthPoint
fulgurite,Fulgurite From New Milford Connecticut,20,2022-03-07,,,WorthPoint
fulgurite,"6 SMALL NATURAL .6""-.9"" FULGURITE LIGHTNING FUSED SAND PILLARS MOROCCO ~ 13.3g",11.5,2022-03-07,13.3,0.86,WorthPoint
fulgurite,Campo Del Cielo Meteorite Tektite Fulgurite Petrified Lightning Floating Frame,9.95,2022-03-06,,,WorthPoint
fulgurite,Genuine Fulgurite Lightning Fused Sand In Display Box,36,2022-03-05,,,WorthPoint
fulgurite,Warhammer 40k Adeptus Mechanicus Fulgurite Electro-Priests Painted (B),40,2022-03-04,,,WorthPoint
fulgurite,"(r365-23) 1-1/2"" Fulgurite Lightning Strike Beach Sand Glass Georgia Fulgurites",15.99,2022-03-02,,,WorthPoint
fulgurite,"(r364-129) 1-1/8"" Fulgurite Lightning Strike Beach Sand Glass Georgia Fulgurites",14.99,2022-03-02,,,WorthPoint
fulgurite,Warhammer 40k Adeptus Mechanicus FULLY PRO PAINTED MARS ARMY,1000,2022-02-28,,,WorthPoint
fulgurite,"(r365-50) 1-3/4"" Fulgurite Lightning Strike Beach Sand Glass Georgia Fulgurites",16.49,2022-02-27,,,WorthPoint
fulgurite,Fulgurite From Daytona Beach Florida Fossil Lightning!,49.99,2022-02-23,,,WorthPoint
fulgurite,Awesome White Fulgurite With Biogenic Inclusion Crazy Discharge Points,69.99,2022-02-23,,,WorthPoint
fulgurite,(R310-20) 3 Fulgurites Lightning Strike Beach Sand Glass Sahara Desert Algeria,13.99,2022-02-22,,,WorthPoint
fulgurite,"R325-13 1-1/2"" Fulgurite Lightning Strike Beach Sand Glass Sahara Desert Algeria",14.99,2022-02-18,,,WorthPoint
fulgurite,"HOLLOW FULGURITE Morocco 2.25""- Only $8.50ea, - FOSSILIZED LIGHTNING",8.5,2022-02-16,,,WorthPoint
fulgurite,"1"" Rare Natural Fulgurite Lightning Fused *hollow* Sand Pillar Florida, Usa *6",21.74,2022-02-13,,,WorthPoint
fulgurite,1 Great Plains Petrified Lightning Strike - Fulgurite,9.99,2022-02-13,1,9.99,WorthPoint
fulgurite,"Rare 1.3"" Natural Fulgurite Lightning Fused *hollow* Sand Pillar Florida, Usa *4",21.74,2022-02-13,,,WorthPoint
fulgurite,"Saharan Fulgurite Lightning Glass, 7.75"" Long, 30 Grams",200,2022-02-13,30,6.67,WorthPoint
fulgurite,"üëç4 & 5/8"" Natural Glass FULGURITE CREATED BY LIGHTNING! Fossil Lightning 19.0g",34.99,2022-02-12,19,1.84,WorthPoint
fulgurite,"5 SMALL NATURAL .6-1.3"" *HOLLOW* FULGURITE LIGHTNING FUSED SAND PILLARS 11.4g *2",22.99,2022-02-11,11.4,2.02,WorthPoint
fulgurite,"(r365-51) 1-3/4"" Fulgurite Lightning Strike Beach Sand Glass Georgia Fulgurites",16.49,2022-02-11,,,WorthPoint
fulgurite,"(r365-41) 1-3/4"" Fulgurite Lightning Strike Beach Sand Glass Georgia Fulgurites",16.49,2022-02-11,,,WorthPoint
fulgurite,Hawaiian Lightning Glass Fulgurite,420,2022-02-11,,,WorthPoint
fulgurite,Special Sale For Gaosheng,45,2022-02-09,,,WorthPoint
fulgurite,"40k Admech Army Lot, Adeptus Mechanicus",175.5,2022-02-08,,,WorthPoint
fulgurite,"Rare! 1.3"" Natural Fulgurite Lightning Fused *hollow* Sand Pillar Florida Usa *2",21.74,2022-02-07,,,WorthPoint
fulgurite,Warhammer 40K Adeptus Mechanicus Fulgurite Electro-priests (ten),25,2022-02-07,,,WorthPoint
fulgurite,"‚òòÔ∏èRR‚öí: Natural Lightning Caused Fulgarite From Arizona, 21 Grams ‚ö°Ô∏è‚ö°Ô∏è",5,2022-02-06,21,0.24,WorthPoint
fulgurite,"‚òòÔ∏èRR‚öí: Natural Lightning Caused Fulgarite From Arizona, 28 Grams ‚ö°Ô∏è‚ö°Ô∏è",5,2022-02-06,28,0.18,WorthPoint
fulgurite,"Rare! 1.5"" Natural Fulgurite Lightning Fused *hollow* Sand Pillar Florida Usa *4",21.74,2022-02-05,,,WorthPoint
fulgurite,"(r368-2) 2-3/8"" Fulgurite Lightning Strike Beach Sand Dune Glass GA Specimen",22.99,2022-02-05,,,WorthPoint
fulgurite,"Fulgurite Lightning Fused Sand Blond Fulgurite 1/8 Pound 9-18 Pieces 1-2.25""",21.99,2022-02-03,,,WorthPoint
fulgurite,"(r364-15) 2 Fulgurites 1-5/8"" Lightning Strike Beach Sand Glass Georgia Set",22.99,2022-02-03,,,WorthPoint
fulgurite,(R310-15) 3 Fulgurites Lightning Strike Beach Sand Glass Sahara Desert Algeria,13.99,2022-02-03,,,WorthPoint
fulgurite,Very Rare Fulgurite Found In Pennsylvania Mountains Not Beach Very Dense,36,2022-02-03,,,WorthPoint
fulgurite,Pretty Piece Of Fulgurite Lightning Fused/Melted Sand. Rose Quartz Glass.,32,2022-02-01,,,WorthPoint
fulgurite,FULGURITE FOSSIL PETRIFIED LIGHTNING LOT OF 3 Pieces California Desert 85 Grams,25,2022-01-29,85,0.29,WorthPoint
fulgurite,Biogenic Fulgurite From Warren Dunes Lake Michigan,38.4,2022-01-28,,,WorthPoint
fulgurite,Massive Fulgurite From Lake Superior Northern Michigan. Fossil Lightning!,129.9,2022-01-27,,,WorthPoint
fulgurite,BIG Lot Of Small 100% Natural FULGURITE S Or Petrified Lighting 31.2gr,15.99,2022-01-24,31.2,0.51,WorthPoint
fulgurite,Admech Full Army $1600 All Painted All Assembled Magnetized,1000,2022-01-23,,,WorthPoint
fulgurite,HUGE Lot Of Little 100% Natural FULGURITE S Or Petrified Lightning! 40.6gr,15.99,2022-01-23,40.6,0.39,WorthPoint
fulgurite,Fulgurite Lot Of 2 Pcs Blackroot CA DESERT LIMITED TIME ONLY,10,2022-01-23,,,WorthPoint
fulgurite,"(R353-52-H) 3"" Fulgurite Lightning Strike Beach Sand Glass West Texas Specimen",42.99,2022-01-21,,,WorthPoint
fulgurite,"2.25"" Fulgurite Fossil Lightning From Morocco 55mm",8.99,2022-01-18,,,WorthPoint
fulgurite,4 Glass Fulgurites From Payson Arizona Petrified Mountain Lightning,39.99,2022-01-18,4,10,WorthPoint
fulgurite,"4 & 5/8"" Natural Glass FULGURITE CREATED BY LIGHTNING! Fossil Lightning 47.7güëç",39.99,2022-01-18,47.7,0.84,WorthPoint
fulgurite,Warhammer 40k - 5x Adeptus Mechanicus FULGURITE ELECTRO PRIEST (10/8),30,2022-01-16,,,WorthPoint
fulgurite,"‚òòÔ∏èRR‚öí: 10 Natural Lightening Caused Fulgarites From Arizona, 11.4 Oz ‚ö°Ô∏è‚ö°Ô∏è‚ö°Ô∏è",12.5,2022-01-16,323.19,0.04,WorthPoint
fulgurite,"(r365-55) 1-3/4"" Fulgurite Lightning Strike Beach Sand Glass Georgia Fulgurites",16.49,2022-01-14,,,WorthPoint
fulgurite,Adeptus Mechanicus Lot Unpainted,131.5,2022-01-11,,,WorthPoint
fulgurite,130mm Natural Glass FULGURITE CREATED BY LIGHTNING! Fossil Lightning 99.3g,49,2022-01-11,99.3,0.49,WorthPoint
fulgurite,"#1. ""wholesale Price"" On 4 Rare Fulgurites Lightning Strikes From Arizona Usa",24.99,2022-01-09,,,WorthPoint
fulgurite,"R362-43) 4 Piece Set 1/2 1-1/8"" Fulgurites Lightning Strike Beach Sand Glass GA",22.99,2022-01-09,,,WorthPoint
fulgurite,"(r365-65) 1-7/8"" Fulgurite Lightning Strike Beach Sand Glass Georgia Fulgurites",16.99,2022-01-08,,,WorthPoint
fulgurite,"(r365-49) 1-3/4"" Fulgurite Lightning Strike Beach Sand Glass Georgia Fulgurites",16.49,2022-01-06,,,WorthPoint
fulgurite,Fulgurite Lightning Fused Sand Blond Fulgurite 1/4 Pound 11 + Pieces 1-2.2 Inch,28.99,2022-01-06,,,WorthPoint
fulgurite,Fulgurite Lightning Fused Sand Singing Type Sahara 24 Pieces In 12 Boxes Per Lot,59.99,2022-01-05,,,WorthPoint
fulgurite,"FULGURITE Morocco - Found In Sand Dunes 2.75""- Only $9ea, - FOSSILIZED LIGHTNING",9,2022-01-04,,,WorthPoint
fulgurite,"(two) 1-3/4"" Fulgurites Lightning Strike Beach Sand Glass Georgia Fulgurites",32,2022-01-03,,,WorthPoint
fulgurite,"(r365-48) 1-3/4"" Fulgurite Lightning Strike Beach Sand Glass Georgia Fulgurites",16.49,2022-01-03,,,WorthPoint
fulgurite,"(r364-115) 1-1/8"" Fulgurite Lightning Strike Beach Sand Glass Georgia Fulgurites",14.99,2022-01-03,,,WorthPoint
fulgurite,"(r365-64) 1-7/8"" Fulgurite Lightning Strike Beach Sand Glass Georgia Fulgurites",16.99,2022-01-03,,,WorthPoint
fulgurite,"(R353-52-i) 3"" Fulgurite Lightning Strike Beach Sand Glass West Texas Specimen",42.99,2022-01-03,,,WorthPoint
fulgurite,"(r367-19) 2-1/4"" Fulgurite Lightning Strike Beach Sand Dune Glass GA Specimen",20.99,2022-01-03,,,WorthPoint
fulgurite,"(r365-133) 1-7/8"" Fulgurite Lightning Strike Beach Sand Glass Georgia Fulgurites",16.99,2022-01-03,,,WorthPoint
fulgurite,"(r353-52b) 3"" Fulgurite Lightning Strike Beach Sand Glass West Texas Fulgurites",42.99,2022-01-03,,,WorthPoint
fulgurite,Lightning Glass Fulgurite Found In Pennsylvania Mountain Not Beach Very Rare...,35,2022-01-03,,,WorthPoint
fulgurite,Lightning Glass Fulgurite Found In Pennsylvania Mountains Very Dense There's 2,60.01,2022-01-03,,,WorthPoint
fulgurite,"Large 10 Inch Fulgurite Stone Petrified Fossilized Lightning, Almost 2 Lbs!",39,2022-01-01,,,WorthPoint
fulgurite,"FULGURITE Morocco 3.5"" - $20 Each FOSSILIZED LIGHTNING!",20,2022-01-01,,,WorthPoint
fulgurite,Adeptius Mechanicus Army 1 Of 2,500,2021-12-31,,,WorthPoint
fulgurite,Lightning Glass Fulgurite 3 Found In Pennsylvania Mountains Very Dense Cool,80.01,2021-12-30,,,WorthPoint
fulgurite,"(r365-127) 1-7/8"" Fulgurite Lightning Strike Beach Sand Glass Georgia Fulgurites",16.99,2021-12-29,,,WorthPoint
fulgurite,"(r364-11) 2 Fulgurites 1-5/8"" Lightning Strike Beach Sand Glass Georgia Set",22.99,2021-12-29,,,WorthPoint
fulgurite,"Fulgurite Lightning Fused Sand 2 Ounce RARE Bigger Singing 1-2.5"" 20+ Pieces",49.99,2021-12-28,,,WorthPoint
fulgurite,A 100% Natural HOLLOW FULGURITE Or Petrified Lightning 2.1gr,9.99,2021-12-28,2.1,4.76,WorthPoint
fulgurite,A Larger! 100% Natural FULGURITE Or Petrified Lightning 11.1gr,21.99,2021-12-24,11.1,1.98,WorthPoint
fulgurite,"(r365-126) 1-7/8"" Fulgurite Lightning Strike Beach Sand Glass Georgia Fulgurites",16.99,2021-12-23,,,WorthPoint
fulgurite,"(r364-113) 1-1/8"" Fulgurite Lightning Strike Beach Sand Glass Georgia Fulgurites",14.99,2021-12-22,,,WorthPoint
fulgurite,"4.25"" Natural FULGURITE ""Octopus"" CREATED BY LIGHTNING Fossil Lightning 112mm",75,2021-12-22,,,WorthPoint
fulgurite,"(r365-42) 1-3/4"" Fulgurite Lightning Strike Beach Sand Glass Georgia Fulgurites",16.49,2021-12-20,,,WorthPoint
fulgurite,Fulgurite Glass LOT Blackroot CA,16.1,2021-12-19,,,WorthPoint
fulgurite,10x Adeptus Mechanicus Fulgurite Electro Priests 40k Partially Painted Ad Mech,90,2021-12-18,,,WorthPoint
fulgurite,Lightning Glass Fulgurite From Pennsylvania,20,2021-12-17,,,WorthPoint
fulgurite,Lot Of FOUR! Larger 100% Natural FULGURITE S Or Petrified Lightning! 29.7gr,25.99,2021-12-17,29.7,0.88,WorthPoint
fulgurite,"(r363-24) 2 Fulgurites 1-1/8"" Lightning Strike Beach Sand Glass Georgia Set",18.99,2021-12-16,,,WorthPoint
fulgurite,Florida Fulgurite Lightning Strike Glass Fused Sand East Coast,9.49,2021-12-16,,,WorthPoint
fulgurite,Lightning Obsidian Glass Fulgurite RARE,180,2021-12-15,,,WorthPoint
fulgurite,Fulgurite Glass Lot Of 4 Pcs,10,2021-12-15,,,WorthPoint
fulgurite,Lightning Glass Fulgurite CA,10,2021-12-15,,,WorthPoint
fulgurite,Fulgurite Blackroot CA Lot Of 4pc,10,2021-12-15,,,WorthPoint
fulgurite,Lightning Glass Fulgurite Found In Pennsylvania,21.7,2021-12-14,,,WorthPoint
fulgurite,Fulgurite Specimen,6.5,2021-12-10,,,WorthPoint
fulgurite,Warhammer 40k Adeptus Mechanicus 5 FULGURITE ELECTRO-PRIEST Built (9/30),30,2021-12-10,,,WorthPoint
fulgurite,"(R309-11) 2"" Fulgurite Lightning Strike Beach Fused Sand Sahara Desert Morocco",18.99,2021-12-09,,,WorthPoint
fulgurite,Fulgurite Fossil Lightning From Morocco 62mm,9.99,2021-12-08,,,WorthPoint
fulgurite,FULGURITE FOSSIL PETRIFIED LIGHTNING LOT OF 18 Pieces California Desert 195 Gram,40,2021-12-07,195,0.21,WorthPoint
fulgurite,FULGURITE FOSSIL PETRIFIED LIGHTNING LOT OF 20 Pieces California Desert 110 Gram,30,2021-12-07,110,0.27,WorthPoint
fulgurite,Lightning Glass Fulgurite Found In PA,7.5,2021-12-07,,,WorthPoint
fulgurite,A Larger! 100% Natural HOLLOW FULGURITE Or Petrified Lightning 7.3gr,24.99,2021-12-06,7.3,3.42,WorthPoint
fulgurite,"HOLLOW FULGURITE Morocco 3.25 ""- $20ea. - FOSSILIZED LIGHTNING - Blow Through",20,2021-12-06,,,WorthPoint
fulgurite,"R326-27 2-5/8"" Fulgurite Lightning Strike Beach Sand Glass Sahara Desert Algeria",26.99,2021-12-04,,,WorthPoint
fulgurite,A Long! HOLLOW 100% Natural FULGURITE Or Petrified Lightning 6.5gr,20.99,2021-12-04,6.5,3.23,WorthPoint
fulgurite,A Big 100% Natural Fulgurite Necklace Or Pendant! Petrified Lighting! 6.42,15.99,2021-12-02,,,WorthPoint
fulgurite,Fulgurite From Warren Dunes Lake Michigan,89.99,2021-12-01,,,WorthPoint
fulgurite,"(r365-52) 1-3/4"" Fulgurite Lightning Strike Beach Sand Glass Georgia Fulgurites",16.49,2021-11-29,,,WorthPoint
fulgurite,Massive Fulgurite Lake Superior Northern Michigan Beach Lightning WOW! AWESOME!,189,2021-11-29,,,WorthPoint
fulgurite,FULGURITE FOSSIL PETRIFIED LIGHTNING LOT OF 11 Pieces California Desert 110 Gram,30,2021-11-27,110,0.27,WorthPoint
fulgurite,"(r364-138) 1-1/8"" Fulgurite Lightning Strike Beach Sand Glass Georgia Fulgurites",14.99,2021-11-26,,,WorthPoint
fulgurite,Games Workshop Citadel Layer Paint Fulgurite Copper New,5.49,2021-11-21,,,WorthPoint
fulgurite,#6 Quartz-Agate Chalcedony Pudding Stones. D F Fin Great Experimental Specimens,7,2021-11-19,,,WorthPoint
fulgurite,"Lot Of 2 Different Fulgurites! (Rare Black ROCK FULGURITE From Texas), Morocco",9.99,2021-11-18,,,WorthPoint
fulgurite,Biogenic Fulgurite Lake Superior Northern Michigan Beach Lightning,14.99,2021-11-17,,,WorthPoint
fulgurite,"(r366-30) 2-1/8"" Fulgurite Lightning Strike Beach Sand Glass Georgia Fulgurites",18.99,2021-11-17,,,WorthPoint
fulgurite,(R353-90) Fulgurite Lightning Strike Beach Sand Glass West Texas Specimen,58.99,2021-11-17,,,WorthPoint
fulgurite,Fulgurite Rock Stone Lapidary Specimen,14.4,2021-11-15,,,WorthPoint
fulgurite,A Larger! HOLLOW 100% Natural FULGURITE Or Petrified Lightning 8.2gr,14.99,2021-11-15,8.2,1.83,WorthPoint
fulgurite,Big Lot Of Long 100% Natural TUBULAR FULGURITE S Or Petrified Lightning 9.8gr,29.99,2021-11-15,9.8,3.06,WorthPoint
fulgurite,Big Lot Of EIGHT! Larger 100% Natural FULGURITE S Or Petrified Lightning! 51.4gr,29.99,2021-11-15,51.4,0.58,WorthPoint
fulgurite,"(r352-63) 1-7/8"" Fulgurite Lightning Strike Storm Beach Sand Glass West Texas",18.99,2021-11-15,,,WorthPoint
fulgurite,"(r352-73-W) 1-7/8"" Fulgurite Lightning Strike Storm Beach Sand Glass West Texas",18.99,2021-11-15,,,WorthPoint
fulgurite,"(R327-3) 3"" Fulgurite Lightning Strike Beach Sand Glass Sahara Desert Algeria",33.99,2021-11-15,,,WorthPoint
fulgurite,"(r352-73-q) 1-7/8"" Fulgurite Lightning Strike Storm Beach Sand Glass West Texas",18.99,2021-11-15,,,WorthPoint
fulgurite,"(r352-73-A) 1-7/8"" Fulgurite Lightning Strike Storm Beach Sand Glass West Texas",18.99,2021-11-15,,,WorthPoint
fulgurite,Warhammer 40k Adeptus Mechanicus Admech Skitarii Army - Over 70 Models - Dune,295,2021-11-15,,,WorthPoint
fulgurite,"3.8"" Fused Sand FULGURITE Melted By Lightning Sahara Desert Morocco For Sale",85,2021-11-14,,,WorthPoint
fulgurite,"(R353-52-T) 3"" Fulgurite Lightning Strike Beach Sand Glass West Texas Specimen",35.99,2021-11-11,,,WorthPoint
fulgurite,"(R353-64) 3-1/8"" Fulgurite Lightning Strike Beach Sand Glass West Texas Specimen",44.99,2021-11-10,,,WorthPoint
fulgurite,L57-13 Warhammer 40k Adeptus Mechanicus Fulgurite Electropriests (10) Primed,60,2021-11-10,,,WorthPoint
fulgurite,"Superb Rare Fulgurite,( 3 1/16 "") Fused Cast Of Lightning In Sand,polk Co, Fl",27,2021-11-09,,,WorthPoint
fulgurite,"3.7"" Lightning Strike In Sand Melted Glass Tan-Red FULGURITE Morocco For Sale",70,2021-11-09,,,WorthPoint
fulgurite,Fulgurite Pure White From Warren Dunes Michigan Absolutely Beautiful,89,2021-11-09,,,WorthPoint
fulgurite,(R310-17) 3 Fulgurites Lightning Strike Beach Sand Glass Sahara Desert Algeria,13.99,2021-11-09,,,WorthPoint
fulgurite,Fulgurite Electro-Priests Partial Paint Adeptus Mechanicus Warhammer 40K C2,29.99,2021-11-07,,,WorthPoint
fulgurite,Fulgurite Lightning Fossil Petrified In Utah Unique Bronze Brown & Copper Colors,34,2021-11-04,,,WorthPoint
fulgurite,Fulgurite Stone Petrified Fossilized Lightning Hollow Crystallized Sand,16.17,2021-11-03,,,WorthPoint
fulgurite,Big Lot Of 100% Natural FULGURITE S Or Petrified Lighting 27.3gr,18.99,2021-11-03,27.3,0.7,WorthPoint
fulgurite,"Warhammer 40k Adeptus Mechanicus Army, Over 3400 Points Of Models (MSRP $1887)",650,2021-11-01,,,WorthPoint
fulgurite,Fulgurite FULGURITE LIGHTNING GLASS (Petrified Lightning),175,2021-11-01,,,WorthPoint
fulgurite,Big Lot Of 100% Natural FULGURITE S Or Petrified Lighting 35.0gr,20.99,2021-10-30,35,0.6,WorthPoint
fulgurite,"(r362-42) 4 Fulgurites 1/2-1-1/8"" Lightning Strike Beach Sand Glass GA Specimens",22.99,2021-10-30,,,WorthPoint
fulgurite,"(R353-23) 2-1/2"" Fulgurite Lightning Strike Beach Sand Glass West Texas Display",33.99,2021-10-28,,,WorthPoint
fulgurite,Fulgurite Lake Superior Northern Michigan Beach Lightning,32,2021-10-27,,,WorthPoint
fulgurite,"(r365-47) 1-3/4"" Fulgurite Lightning Strike Beach Sand Glass Georgia Fulgurites",16.49,2021-10-26,,,WorthPoint
fulgurite,Citadel Metallic Paint Lot (read Listing),30,2021-10-26,,,WorthPoint
fulgurite,Lot Of 3 Fulgurites Lake Superior Northern Michigan Beach Lightning,45,2021-10-23,,,WorthPoint
fulgurite,Big Lot Of 100% Natural FULGURITE S Or Petrified Lighting 17.8gr,11.99,2021-10-22,17.8,0.67,WorthPoint
fulgurite,Lot Of FIVE Larger 100% Natural FULGURITE S Or Petrified Lightning! 31.5gr,23.99,2021-10-20,31.5,0.76,WorthPoint
fulgurite,"(r365-140) 1-7/8"" Fulgurite Lightning Strike Beach Sand Glass Georgia Fulgurites",16.99,2021-10-20,,,WorthPoint
fulgurite,"(r363-17) 2 Fulgurites 1-1/8"" Lightning Strike Beach Sand Glass Georgia Set",18.99,2021-10-20,,,WorthPoint
fulgurite,"R362-47) 4 Fulgurites 1/2to1-1/8"" Lightning Strike Beach Sand Glass GA Specimens",22.99,2021-10-20,,,WorthPoint
fulgurite,"(r366-40) 2-1/8"" Fulgurite Lightning Strike Beach Sand Glass Georgia Fulgurites",18.99,2021-10-20,,,WorthPoint
fulgurite,Warhammer 40K Adeptus Mechanicus Squat Army,493,2021-10-19,,,WorthPoint
fulgurite,Huge Warhammer 40K Adeptus Mechanicus Army,4000,2021-10-16,,,WorthPoint
fulgurite,"Dugway Geode Qtr.+Fresh""Lightning-fulgurite Sickles""&1 Hollow+Gifts T F I R D",8,2021-10-14,,,WorthPoint
fulgurite,"(r371-7) 2-3/4"" Fulgurite Lightning Strike Beach Sand Glass Georgia Specimen",29.99,2021-10-14,,,WorthPoint
fulgurite,"(r367-14) 2-1/4"" Fulgurite Lightning Strike Beach Sand Dune Glass GA Specimen",20.99,2021-10-13,,,WorthPoint
fulgurite,"(r365-138) 1-7/8"" Fulgurite Lightning Strike Beach Sand Glass Georgia Fulgurites",16.99,2021-10-11,,,WorthPoint
fulgurite,"R365-32-4) 1-1/2"" Fulgurite Lightning Strike Beach Sand Glass Georgia Fulgurites",15.99,2021-10-11,,,WorthPoint
fulgurite,"(r365-60) 1-7/8"" Fulgurite Lightning Strike Beach Sand Glass Georgia Fulgurites",16.99,2021-10-11,,,WorthPoint
fulgurite,Adeptus Mechanicus Fulgurite Electo-Priests Pro-Painted A-171,40,2021-10-10,,,WorthPoint
fulgurite,"SWEET LOT Of 7 FULGURITES , COACHELLA VALLEY,PALM SPRINGS, CALIF",9.95,2021-10-10,,,WorthPoint
fulgurite,Big Lot Of 100% Natural FULGURITE S Or Petrified Lighting 16.7gr,19.99,2021-10-09,16.7,1.2,WorthPoint
fulgurite,Lot Of EIGHT! Larger 100% Natural FULGURITE S Or Petrified Lightning! 33.6gr,26.99,2021-10-05,33.6,0.8,WorthPoint
fulgurite,Adeptus Mechanicus Lot Mostly Painted Warhammer 40K Games Workshop,90,2021-10-05,,,WorthPoint
fulgurite,Big Lot Of 100% Natural FULGURITE S Or Petrified Lighting 15.8gr,21.99,2021-10-05,15.8,1.39,WorthPoint
fulgurite,Big Lot Of Smaller 100% Natural FULGURITE S Or Petrified Lighting 35.1gr,18.99,2021-10-05,35.1,0.54,WorthPoint
fulgurite,Huge Fulgurite Lake Superior Northern Michigan Beach Lightning,80,2021-10-05,,,WorthPoint
fulgurite,Morrisonite Jasper+Sanidine+Selenite+Serpentine W/Jarosewichite& Caryopilite M,7.5,2021-10-04,,,WorthPoint
fulgurite,Lot Of FIVE! Big 100% Natural FULGURITE S Or Petrified Lightning! 40.8gr,30.99,2021-10-03,40.8,0.76,WorthPoint
fulgurite,Mini Museum 2 Large Touch -- Hans Fex,650,2021-10-02,,,WorthPoint
fulgurite,Fulgurite/Corpuscarii Electro-Priests,38.25,2021-10-01,,,WorthPoint
fulgurite,"(r365-78) 1-7/8"" Fulgurite Lightning Strike Beach Sand Glass Georgia Fulgurites",16.99,2021-10-01,,,WorthPoint
fulgurite,"(r364-120) 1-1/8"" Fulgurite Lightning Strike Beach Sand Glass Georgia Fulgurites",14.99,2021-10-01,,,WorthPoint
fulgurite,"(r365-19) 1-1/2"" Fulgurite Lightning Strike Beach Sand Glass Georgia Fulgurites",15.99,2021-10-01,,,WorthPoint
fulgurite,"(r365-93) 1-7/8"" Fulgurite Lightning Strike Beach Sand Glass Georgia Fulgurites",16.99,2021-10-01,,,WorthPoint
fulgurite,"(r367-18) 2-1/4"" Fulgurite Lightning Strike Beach Sand Dune Glass GA Specimen",20.99,2021-10-01,,,WorthPoint
fulgurite,Showy Fissure-rarer Minerals Found Near Smelly Vent W/1oz.Goin N Your Bag R | G,8,2021-09-30,28.35,0.28,WorthPoint
fulgurite,"(R309-5) 2"" Fulgurite Lightning Strike Beach Fused Sand Sahara Desert Morocco",16.99,2021-09-26,,,WorthPoint
fulgurite,(R310-11) 3 Fulgurites Lightning Strike Beach Sand Glass Sahara Desert Algeria,13.99,2021-09-24,,,WorthPoint
fulgurite,Lightning Glass Fulgurite LARGE SPECIMEN Extremely Rare Find Coachella Valley CA,500,2021-09-24,,,WorthPoint
fulgurite,"HOLLOW FULGURITE Morocco 1.75""- 2pcs For Only $15, - FOSSILIZED LIGHTNING",15,2021-09-23,,,WorthPoint
fulgurite,"HOLLOW FULGURITE Morocco 2.5""- Only $9.99 Each - FOSSILIZED LIGHTNING",9.99,2021-09-23,,,WorthPoint
fulgurite,"(r365-134) 1-7/8"" Fulgurite Lightning Strike Beach Sand Glass Georgia Fulgurites",16.99,2021-09-23,,,WorthPoint
fulgurite,(R310-19) 3 Fulgurites Lightning Strike Beach Sand Glass Sahara Desert Algeria,13.99,2021-09-23,,,WorthPoint
fulgurite,WH40K Adeptus Mechanicus Forgeworld Mezoa Army Battlefoam,651,2021-09-22,,,WorthPoint
fulgurite,"Dry Oceanic-Fissures W/Rarities Like Frankhawthorneite, Tyrolite, Parnauite, Etc",16.99,2021-09-21,,,WorthPoint
fulgurite,"(R309-6) 1.75"" Fulgurite Lightning Strike Beach Fused Sand Sahara Desert Morocco",15.99,2021-09-21,,,WorthPoint
fulgurite,"R309-8) 1-1/8"" Fulgurite Lightning Strike Beach Fused Sand Sahara Desert Morocco",12.99,2021-09-20,,,WorthPoint
fulgurite,Lot Of FOUR! Big 100% Natural FULGURITE S Or Petrified Lightning! 44.0gr,30.99,2021-09-16,44,0.7,WorthPoint
fulgurite,FULGURITE FOSSIL PETRIFIED LIGHTNING LARGE LOT OF 14 Pieces California Desert,50,2021-09-15,,,WorthPoint
fulgurite,Warhammer 40k Adeptus Mechanicus Electro-Priests -->NEW In BOX<--,38.25,2021-09-14,,,WorthPoint
fulgurite,"SWEET LOT Of 10 FULGURITES , COACHELLA VALLEY,PALM SPRINGS, CALIF",9.95,2021-09-14,,,WorthPoint
fulgurite,Adeptus Mechanicus Fulgurite Electro-Priests HT-12,35,2021-09-13,,,WorthPoint
fulgurite,Fulgurite Electro-Priests Primed Silver Adeptus Mechanicus Warhammer 40K B6,30,2021-09-08,,,WorthPoint
fulgurite,Rare Large FULGURITE Fossil Lightning Strike From Florida All Natural Mineral,23,2021-09-05,,,WorthPoint
fulgurite,L57-12 Warhammer 40k Adeptus Mechanicus Fulgurite Electropriests (10) Primed,66.97,2021-09-05,,,WorthPoint
fulgurite,‚òòÔ∏èRR‚öí: 21 Small Natural Lightning Caused Fulgarites From Arizona ‚ö°Ô∏è‚ö°Ô∏è‚ö°Ô∏è,7.27,2021-09-04,,,WorthPoint
fulgurite,‚òòÔ∏èRR‚öí: 17 Small Natural Lightning Caused Fulgarites From Arizona ‚ö°Ô∏è‚ö°Ô∏è‚ö°Ô∏è,6.5,2021-09-04,,,WorthPoint
fulgurite,"FULGURITE FOSSIL PETRIFIED LIGHTNING 70 Grams Over 4""L X 1""W California Desert G",20,2021-09-04,70,0.29,WorthPoint
fulgurite,Lot 11V Fulgurite Electoropriests Adeptus Mechanicus,35,2021-09-01,,,WorthPoint
fulgurite,"Warhammer 40k Adeptus Mechanicus Army PAINTED And Includes Codex, Data Cards++++",400,2021-08-31,,,WorthPoint
fulgurite,Adeptus Mechanicus Warhammer 40k Fulgurite Electro-priests X 5 (E),41,2021-08-29,,,WorthPoint
fulgurite,"Superb Rare Fulgurite,( 2 3/8 "") Fused Cast Of Lightning In Sand,polk Co, Fl",29.95,2021-08-27,,,WorthPoint
fulgurite,"Superb Rare, 1 7/8 "" Fulgurite, Fused Cast Of Lightning In Sand,polk Co, Fl",25,2021-08-27,,,WorthPoint
fulgurite,>> Adeptus Mechanicus Skitarii Electro-Priests Warhammer 40K NIB!,38.25,2021-08-27,,,WorthPoint
fulgurite,"‚òòÔ∏èRR‚öí: Natural Lightning Caused Fulgarite With Attached Rock, Arizona Desert ‚ö°Ô∏è",5,2021-08-25,,,WorthPoint
fulgurite,"Adeptus Mechanicus Full Army, Roughly 5k/6k Pts, Assembled, Unpainted (AD MECH)",1400,2021-08-25,,,WorthPoint
fulgurite,Adeptus Mechanicus Fulgurite Electro Priests Warhammer 40k,38,2021-08-24,,,WorthPoint
fulgurite,Warhammer Citadel Paint MEGA Lot X15 - Balthazar Gold Sigmarite + More! Lot #18,44.99,2021-08-21,,,WorthPoint
fulgurite,Fulgurites Lightening In A Box 4 Different,31.24,2021-08-20,,,WorthPoint
fulgurite,(R310-18) 3 Fulgurites Lightning Strike Beach Sand Glass Sahara Desert Algeria,13.99,2021-08-20,,,WorthPoint
fulgurite,Full Adeptus Mechanicus Army + Extras,810,2021-08-18,,,WorthPoint
fulgurite,"U-get 2 ""Accident-made"" Freshly-made {Hole In One} Fulgurite Mini's P D R R G",6,2021-08-15,,,WorthPoint
fulgurite,"‚òòÔ∏èRR‚öí: Lot Of 3 Natural Lightning Caused Fulgarites, Arizona Desert, ‚ö°Ô∏è‚ö°Ô∏è",5,2021-08-15,,,WorthPoint
fulgurite,"U-get 2 Of ""Electrical-Accidents"" Freshly-made {Hole In One} Fulgurite Mini's L",6,2021-08-15,,,WorthPoint
fulgurite,Adeptus Mechanicus Fulgurite Electro-Priests EK-1,35,2021-08-14,,,WorthPoint
fulgurite,"(R399-8) 2.5"" Fossil Fulgurite Petrified Lightning Strike Beach Sand Glass GA",18.99,2021-08-12,,,WorthPoint
fulgurite,Rarer EBay Clinking-Chime Fulgurite+Commentary Mcalpineite L P D R R G+Gifts 4,5.5,2021-08-11,,,WorthPoint
fulgurite,Rarer EBay Clinking-Chime Fulgurite+Commentary Willemseite L P D C G+Gifts 4,5.5,2021-08-11,,,WorthPoint
fulgurite,RARE LIGHTNING STRIKE-MADE EXOGENIC FULGURITE GLASS ~ Beautiful Amber Color. NR,11.95,2021-08-10,,,WorthPoint
fulgurite,"Warhammer 40,000: Adeptus Mechanicus Electro-Priests (59-15) NIB",38.25,2021-08-10,,,WorthPoint
fulgurite,V-Shape! Natural Glass FULGURITE CREATED BY LIGHTNING! Fossil Lightning,12,2021-08-09,,,WorthPoint
fulgurite,Imperial Knights FW Mechanicus Warhammer 40k Skitarii Kastelan Sicarian Armiger,15,2021-08-09,,,WorthPoint
fulgurite,"‚òòÔ∏èRR‚öí: Large Natural Lightning Caused Fulgarite, Arizona Desert",15.5,2021-08-09,,,WorthPoint
fulgurite,Adeptus Mechanicus Fulgurite Electro-Priests EJ-12,35,2021-08-08,,,WorthPoint
fulgurite,194 Citadel Paint Auction Games Workshop Warhammer,399.99,2021-08-07,,,WorthPoint
fulgurite,40k Admech Skitarii Electro Priest Bits - 80% Complete Sprues (Dark Mechnicum),11.7,2021-08-06,,,WorthPoint
fulgurite,"R353-75D) 3-1/2"" Fulgurite Lightning Strike Beach Sand Glass West Texas Specimen",50.99,2021-08-02,,,WorthPoint
fulgurite,"(r365-131) 1-7/8"" Fulgurite Lightning Strike Beach Sand Glass Georgia Fulgurites",16.99,2021-08-02,,,WorthPoint
fulgurite,"(R309-4) 2"" Fulgurite Lightning Strike Beach Fused Sand Sahara Desert Morocco",16.99,2021-07-31,,,WorthPoint
fulgurite,"Fulgurite Fossil, CT Large 8.5"" Rare Lightening Tube, 3 Glass Openings",129,2021-07-28,3,43,WorthPoint
fulgurite,"FULGURITE FOSSIL PETRIFIED LIGHTNING 145 Grams 4"" L X 1.5""W California Desert D",24,2021-07-28,145,0.17,WorthPoint
fulgurite,Admech Corpuscarii Electro Priest BITS,5,2021-07-26,,,WorthPoint
fulgurite,"FULGURITE FOSSIL PETRIFIED LIGHTNING 225 Grams 4"" L X 2""W. California Desert K",30,2021-07-26,225,0.13,WorthPoint
fulgurite,"FULGURITE FOSSIL PETRIFIED LIGHTNING 105 Grams 4.5""L X 1.5""W California Desert A",24,2021-07-26,105,0.23,WorthPoint
fulgurite,Lot Of HOLLOW 100% Natural FULGURITE's Or Petrified Lightning 11.7gr,19.99,2021-07-26,11.7,1.71,WorthPoint
fulgurite,"FULGURITE FOSSIL PETRIFIED LIGHTNING 95 Grams 5"" L X 1""W. California Desert B",24,2021-07-20,95,0.25,WorthPoint
fulgurite,‚òòÔ∏èRR‚öí: 5 Natural Lightning Caused Fulgarites From Arizona,9.5,2021-07-18,,,WorthPoint
fulgurite,‚òòÔ∏èRR‚öí: Detailed Natural Lightening Caused Fulgarite ‚ö°Ô∏è‚ö°Ô∏è,10.5,2021-07-17,,,WorthPoint
fulgurite,"(r365-29) 1-1/2"" Fulgurite Lightning Strike Beach Sand Glass Georgia Fulgurites",15.99,2021-07-15,,,WorthPoint
fulgurite,Fulgurite Copper,5.35,2021-07-14,,,WorthPoint
fulgurite,"(r363-21) 2 Fulgurites 1-1/8"" Lightning Strike Beach Sand Dune Glass Georgia",18.99,2021-07-14,,,WorthPoint
fulgurite,"Large (7"") Fulgurite Analog - Unique Object, Great Detail. Conversation Piece!",50,2021-07-13,,,WorthPoint
fulgurite,"(r364-121) 1-1/8"" Fulgurite Lightning Strike Beach Sand Glass Georgia Fulgurites",14.99,2021-07-12,,,WorthPoint
fulgurite,"(r364-3) 2 Fulgurites 1-5/8"" Lightning Strike Beach Sand Glass Georgia Set",22.99,2021-07-12,,,WorthPoint
fulgurite,"(r364-13o) 1-1/8"" Fulgurite Lightning Strike Beach Sand Glass Georgia Fulgurites",14.99,2021-07-12,,,WorthPoint
fulgurite,GW / Citadel Layer Paints - Fulgurite Copper 22-74 - 12ml Metallic Paint 40k THG,5.49,2021-07-11,,,WorthPoint
fulgurite,Fulgurite Lightning Fused Sand Singing Type Sahara 6 Pieces In 2 Boxes Per Lot,16.99,2021-07-11,,,WorthPoint
fulgurite,"R399-14-4 Fossil Fulgurite 3-1/4"" Petrified Lightning Strike Beach Sand Glass GA",22.99,2021-07-11,,,WorthPoint
fulgurite,Fl Fulgurite Tube Fused Quartz Sand Lightning Strike Glass,11.49,2021-07-09,,,WorthPoint
fulgurite,REILLY'S ROCKS: 43 Detailed Arizona Natural Lightening Fulgurite Specimens,50,2021-07-09,,,WorthPoint
fulgurite,"Awesome Solid 3 1/2 "" Fulgurite , Coachella Valley,palm Springs, Calif",125,2021-07-08,,,WorthPoint
fulgurite,FULGURITE FOSSIL PETRIFIED LIGHTNING RARE BIG MUSEUM QUALITY 435 Grams U.S.A.,100,2021-07-04,435,0.23,WorthPoint
fulgurite,"(r365-70) 1-7/8"" Fulgurite Lightning Strike Beach Sand Glass Georgia Fulgurites",16.99,2021-07-03,,,WorthPoint
fulgurite,"Awesome 7 3/4 "" Fulgurite , Coachella Valley,palm Springs, Calif",150,2021-07-03,,,WorthPoint
fulgurite,Huge Lot Of Smaller 100% Natural FULGURITE S Or Petrified Lighting 25.8gr,20.99,2021-07-02,25.8,0.81,WorthPoint
fulgurite,"(r362-23) 4 Fulgurites 1/2-1-1/8"" Lightning Strike Beach Sand Dune Glass Georgia",22.99,2021-07-01,,,WorthPoint
fulgurite,"Superb Rare Fulgurite,( 2 5/8 "") Fused Cast Of Lightning In Sand,polk Co, Fl",27.5,2021-06-29,,,WorthPoint
fulgurite,FULGURITE FOSSIL PETRIFIED LIGHTNING 150 Grams 9 Plus Inches Long California,60,2021-06-28,150,0.4,WorthPoint
fulgurite,Fulgurite - Set Of Three Sand Tubes Fused By Lightning Strikes On Sand,13.75,2021-06-28,,,WorthPoint
fulgurite,Human Parts Fulgurite Fun Shapes GF Rare Sands Of Black Rock Area By IBex Well,14,2021-06-25,,,WorthPoint
fulgurite,"(r352-90b) 2-1/4"" Fulgurite Lightning Strike Storm Beach Sand Glass West Texas",27.99,2021-06-24,,,WorthPoint
fulgurite,"5Fresh-Lightning Proof""Accident""fulgurite Minis Flying Serpent+Biting Dog+Gifts",8,2021-06-24,,,WorthPoint
fulgurite,"Fulgurite - Exotic, Natural Specimen",20,2021-06-23,,,WorthPoint
fulgurite,"6 Fulgurite,(1w/Diamonds)+1 Petrified Wood+Picasso Marble+Picture Stone+etc- W S",31.43,2021-06-23,,,WorthPoint
fulgurite,RARE Bent Natural Glass FULGURITE CREATED BY LIGHTNING Fossil Lightning 77mm,15.99,2021-06-20,,,WorthPoint
fulgurite,"(R353-52-O) 3"" Fulgurite Lightning Strike Beach Sand Glass West Texas Specimen",42.99,2021-06-19,,,WorthPoint
fulgurite,"(R353-85) 3+"" Fulgurite Lightning Strike Beach Sand Dune Glass West Texas Piece",57.99,2021-06-19,,,WorthPoint
fulgurite,"(r364-8) 2 Fulgurites 1-5/8"" Lightning Strike Beach Sand Glass Georgia Set",22.99,2021-06-19,,,WorthPoint
fulgurite,"(r371-6) 2-3/4"" Fulgurite Lightning Strike Beach Sand Glass Georgia Specimen",29.99,2021-06-19,,,WorthPoint
fulgurite,"(r366-41) 2-1/8"" Fulgurite Lightning Strike Beach Sand Glass Georgia Fulgurites",18.99,2021-06-19,,,WorthPoint
fulgurite,Lightning Glasslass Fulgurite,999,2021-06-19,,,WorthPoint
fulgurite,A Big Lot Of 100% Natural FULGURITE Specimens Or Petrified Lightning! 31.2gr,24.99,2021-06-19,31.2,0.8,WorthPoint
fulgurite,Lot Of Larger 100% Natural FULGURITE Specimens Or Petrified Lightning! 33.1gr,24.99,2021-06-19,33.1,0.75,WorthPoint
fulgurite,REILLY'S ROCKS: Excellent Large Arizona Natural Lightening Fulgurite ‚ö°Ô∏è‚ö°Ô∏è‚ö°Ô∏è,22,2021-06-18,,,WorthPoint
fulgurite,"REILLY'S ROCKS: Excellent Lightening Caused Natural Fulgurite, Arizona",12,2021-06-17,,,WorthPoint
fulgurite,"(r374-2) 3-1/8"" Fulgurite Lightning Strike Beach Sand Glass GA Display Specimen",36.99,2021-06-16,,,WorthPoint
fulgurite,Big Lot Of Smaller 100% Natural FULGURITE Specimens Or Petrified Lightning! 32.9,24.99,2021-06-16,,,WorthPoint
fulgurite,"4 Fresh-Lightning Proof ""Godzilla Made Him-possibly An Accident"" Fulgurite Minis",6,2021-06-13,,,WorthPoint
fulgurite,"Outstanding Fulgurite, ,cypresshead Formation , Fl",10,2021-06-12,,,WorthPoint
fulgurite,"(R353-53-C) 3"" Fulgurite Lightning Strike Beach Sand Glass West Texas Specimen",42.99,2021-06-09,,,WorthPoint
fulgurite,Mini Museum - Second Edition (large - 26 Specimens) Kickstarter Hans Fex Limited,500,2021-06-08,,,WorthPoint
fulgurite,"Warhammer 40k Adeptus Mechanicus Electro-Priests NoS Corpuscarii, Fulgurite",41,2021-06-07,,,WorthPoint
fulgurite,Fulgurite All Natural Sahara Desert Africa 1/4 Pound 10 + Pieces 1-2.2 Inch,28.99,2021-06-06,,,WorthPoint
fulgurite,150mm Natural Glass FULGURITE CREATED BY LIGHTNING! Fossil Lightning 100g,9.99,2021-06-04,100,0.1,WorthPoint
fulgurite,"(r366-43) 2-1/8"" Fulgurite Lightning Strike Beach Sand Dune Glass GA Fulgurites",18.99,2021-06-03,,,WorthPoint
fulgurite,"(R353-52-Q) 3"" Fulgurite Lightning Strike Beach Sand Glass West Texas Specimen",42.99,2021-06-03,,,WorthPoint
fulgurite,REILLY'S ROCKS: 12 Lightening Caused Natural Fulgurites From Arizona + Pet Wood,9.05,2021-06-03,,,WorthPoint
fulgurite,"U-Get#4-6 Harder Chime Fulgurite Similar Or Better-Look'n Glass,bit,crystal W W",6.99,2021-06-02,,,WorthPoint
fulgurite,"Fulgurite - 56g Petrified Lightning From Mohave County, Arizona",18,2021-06-02,56,0.32,WorthPoint
fulgurite,REILLY'S ROCKS: 10 Lightening Caused Natural Fulgurites Arizona Desert,10,2021-06-02,,,WorthPoint
fulgurite,"REILLY'S ROCKS: Lightening Caused Natural Fulgurite, Arizona, 145 Grams",7,2021-06-01,145,0.05,WorthPoint
fulgurite,(R310-13) 3 Fulgurites Lightning Strike Beach Sand Glass Sahara Desert Algeria,13.99,2021-05-31,,,WorthPoint
fulgurite,"3.3"" MeltedSand Glass FULGURITE +Hole Caused ByLightning Strike Morocco For Sale",65,2021-05-30,,,WorthPoint
fulgurite,"(r364-4) 2 Fulgurites 1-5/8"" Lightning Strike Beach Sand Glass Georgia Set",22.99,2021-05-30,,,WorthPoint
fulgurite,Games Workshop 40k Adeptus Mechanicus Electro-Priests SW,40.95,2021-05-30,,,WorthPoint
fulgurite,>> Adeptus Mechanicus Fulgurite / Corpuscarii Electro-Priests Warhammer 40k NIB!,54.8,2021-05-29,,,WorthPoint
fulgurite,Warhammer 40k Adeptus Mechanicus Fulgurite Priests X 15,100,2021-05-22,,,WorthPoint
fulgurite,Fulgurites Lot Of 3 Three Petrified Lightning Fused Quartz Nevada & Arizona #8,13.99,2021-05-22,,,WorthPoint
fulgurite,REILLY'S ROCKS: 10 Lightening Caused Natural Fulgurites From Arizona,16.5,2021-05-22,,,WorthPoint
fulgurite,>> Astra Militarum LEMAN RUSS Battle Tank Warhammer 40k NIB!,50.15,2021-05-19,,,WorthPoint
fulgurite,Fulgurite - Exotic Natural Specimen,56,2021-05-18,,,WorthPoint
fulgurite,93mm Natural Glass FULGURITE CREATED BY LIGHTNING! Fossil Lightning,9.99,2021-05-18,,,WorthPoint
fulgurite,"Adeptus Mechanicus Electro-Priests Warhammer 40,000",38.25,2021-05-16,,,WorthPoint
fulgurite,"4 Specimens Of Fulgurite ""Petrified Lightening"" Lot - F002",15,2021-05-14,,,WorthPoint
fulgurite,FULGURITE Lot 27.9gr,20.99,2021-05-10,27.9,0.75,WorthPoint
fulgurite,"Warhammer 40K, Adeptus Mechanicus Army, 2,000 Points, Mars",1000,2021-05-10,,,WorthPoint
fulgurite,REILLY'S ROCKS: 4 Lightening Caused Fulgurites Arizona Desert,12.5,2021-05-10,,,WorthPoint
fulgurite,"Outstanding Intricate Fulgurite , Coachella Valley,palm Springs, Calif",30,2021-05-10,,,WorthPoint
fulgurite,"Superb Rare Fulgurite,( 2 1/2 "") Fused Cast Of Lightning In Sand,polk Co, Fl",27,2021-05-08,,,WorthPoint
fulgurite,"R353-28d) 2-1/2"" Fulgurite Lightning Strike Beach Sand Glass West Texas Specimen",33.99,2021-05-08,,,WorthPoint
fulgurite,REILLY'S ROCKS: 8 Lightening Caused Fulgurites Arizona Desert,26.21,2021-05-08,,,WorthPoint
fulgurite,A Big Lot Of Larger 100% Natural FULGURITE S Or Petrified Lighting 37.5gr,29.99,2021-05-05,37.5,0.8,WorthPoint
fulgurite,"SWEET LOT Of 3 FULGURITES ( 1 1/2 - 4 "") , COACHELLA VALLEY,PALM SPRINGS, CALIF",75,2021-05-01,,,WorthPoint
fulgurite,"SEDONA FULGURITE PETRIFIED LIGHTNING 31 Mm 1.25"" Natural Red Rock Vortex Energy",13.99,2021-04-30,,,WorthPoint
fulgurite,"(r362-45) 4 Fulgurites 1/2-1-1/8"" Lightning Strike Beach Sand Glass GA Specimens",22.99,2021-04-30,,,WorthPoint
fulgurite,1 Rough Sand Glass Bullet-Speed Made Fulgurite +Hand Writ Details By Finder AMYX,11.9,2021-04-28,,,WorthPoint
fulgurite,"(r364-7) 2 Fulgurites 1-5/8"" Lightning Strike Beach Sand Glass Georgia Set",22.99,2021-04-26,,,WorthPoint
fulgurite,"(r364-119) 1-1/8"" Fulgurite Lightning Strike Beach Sand Glass Georgia Fulgurites",14.99,2021-04-25,,,WorthPoint
fulgurite,"TOTALLY TUBULAR! 6.75"" Natural Glass FULGURITE From LIGHTNING 169mm",299.99,2021-04-25,,,WorthPoint
fulgurite,Lightning Glass Fulgurite. Weight 28.8 Grams. Healing Crystals. Unique. Florida,45,2021-04-25,28.8,1.56,WorthPoint
fulgurite,Fulgurite - Petrified Lightning 70g From Arizona,20,2021-04-24,70,0.29,WorthPoint
fulgurite,Rare Red Exogenic Fulgurite Lightning Struck Sand Of Lake Superior Quarter Size,37.82,2021-04-22,,,WorthPoint
fulgurite,"(r353-1g) 2-3/8"" Fulgurite Lightning Strike Beach Sand Glass West Texas Specimen",28.99,2021-04-20,1,28.99,WorthPoint
fulgurite,Petrified Lightning Fulgurite From The Sands Of Lake Superior Found This Year,32.99,2021-04-19,,,WorthPoint
fulgurite,"(r365-10) 1-1/2"" Fulgurite Lightning Strike Beach Sand Glass Georgia Fulgurites",15.99,2021-04-18,,,WorthPoint
fulgurite,"(R353-31) 2-5/8"" Long Fulgurite Lightning Strike Beach Sand Glass West Texas",40.99,2021-04-18,,,WorthPoint
fulgurite,REILLY'S ROCKS: Excellent Lightening Caused Fulgurite Arizona Desert,8.5,2021-04-18,,,WorthPoint
fulgurite,"FULGURITE FOSSIL Lighting Strike Sand Mineral Specimen 2.65"" Mother Natures Best",24.88,2021-04-18,,,WorthPoint
fulgurite,FULGURITE Lot 26.8gr,20.99,2021-04-17,26.8,0.78,WorthPoint
fulgurite,Citadel Layer Paint: Fulgurite Copper (12ml),6.49,2021-04-16,,,WorthPoint
fulgurite,Lightning Glass Fulgurite. Weight 65.5 Grams. Healing Crystals. Unique. Florida,40,2021-04-16,65.5,0.61,WorthPoint
fulgurite,"THE LARGEST FULGURITE Morocco 4.25"" Long And Only $28 Each PETRIFIED LIGHTNING!",28,2021-04-14,,,WorthPoint
fulgurite,"2.75"" Natural Glass FULGURITE CREATED BY LIGHTNING! Fossil Lightning 11.3g",9.99,2021-04-07,11.3,0.88,WorthPoint
fulgurite,Warhammer 40k Adeptus Mechanicus Electro-Priests Fulgurite 3x Kill Team,30,2021-04-05,,,WorthPoint
fulgurite,A Big Lot Of 100% Natural FULGURITE S Or Petrified Lighting 24.8gr,20.99,2021-04-04,24.8,0.85,WorthPoint
fulgurite,"4 Fulgurite ""Petrified Lightning"" From Vero Beach, Florida",10,2021-04-02,,,WorthPoint
fulgurite,Jd FULGURITE FOSSIL LIGHTNING MINERALS CRYSTALS GEMS,6.99,2021-04-01,,,WorthPoint
fulgurite,"(R399-9) 3-1/4"" Fossil Fulgurite Petrified Lightning Strike Beach Sand Glass GA",22.99,2021-04-01,,,WorthPoint
fulgurite,HUGE! 180mm Natural Glass FULGURITE CREATED BY LIGHTNING! Fossil Lightning,200,2021-04-01,,,WorthPoint
fulgurite,Lot Of 2 DIFFERENT Natural Glass FULGURITES LIGHTNING! Petrified Lightning,8.99,2021-04-01,,,WorthPoint
fulgurite,Fulgurite Natural Fossil,28,2021-03-31,,,WorthPoint
fulgurite,"(r371-14) 2-3/4"" Fulgurite Lightning Strike Beach Sand Glass Georgia Specimen",29.99,2021-03-31,,,WorthPoint
fulgurite,"Superb Rare Fulgurite,( 2 1/4 "") Fused Cast Of Lightning In Sand,polk Co, Fl",26,2021-03-30,,,WorthPoint
fulgurite,"(r362-49) 4 Fulgurites 1/2-1-1/8"" Lightning Strike Beach Sand Dune Glass Georgia",22.99,2021-03-29,,,WorthPoint
fulgurite,"FULGURITE Morocco 3.3"" Only $16 Each! FOSSILIZED LIGHTNING!",16,2021-03-28,,,WorthPoint
fulgurite,Warhammer Citadel Paint MEGA Lot X15 - Reikland Necron Nuln Oil + More! Lot #20,65.99,2021-03-26,,,WorthPoint
fulgurite,"(r364-101) 1-1/8"" Fulgurite Lightning Strike Beach Sand Glass Georgia Fulgurites",14.99,2021-03-24,,,WorthPoint
fulgurite,Fulgurite Healing Piece,6,2021-03-23,,,WorthPoint
fulgurite,Fulgurite Natural Fossil Extra Large,50,2021-03-23,,,WorthPoint
fulgurite,"(r364-23) 2 Fulgurites 1-5/8"" Lightning Strike Beach Sand Glass Georgia Set",22.99,2021-03-23,,,WorthPoint
fulgurite,"(r362-40) 4 Fulgurites 1/2-1/1-8"" Lightning Strike Beach Sand Glass GA Specimen",22.99,2021-03-23,,,WorthPoint
fulgurite,8 Fulgurite+1Uncultured Pearl Fossil+Belly Pouch Fossil Boney Gup+Coprolite FM T,16,2021-03-23,,,WorthPoint
fulgurite,"(r362-37) 4 Fulgurites 1/2-1-1/8"" Lightning Strike Beach Sand Glass GA Specimens",22.99,2021-03-22,,,WorthPoint
fulgurite,"(r363-15) 2 Fulgurites 1-1/8"" Lightning Strike Beach Sand Glass Georgia Set",18.99,2021-03-22,,,WorthPoint
fulgurite,Warhammer 40k Adeptus Mechanicus Electro-Priests NEW In BOX,40,2021-03-21,,,WorthPoint
fulgurite,"SEDONA FULGURITE PETRIFIED LIGHTNING 85 Mm 3.25"" Natural Red Rock Vortex Energy",19.99,2021-03-20,,,WorthPoint
fulgurite,"Fulgurite Electro Priests (5x), Adeptus Mechanicus, Warammer 40k",36,2021-03-20,,,WorthPoint
fulgurite,"Fulgurite Electro Priests (5x), Adeptus Mechanicus, Warhammer 40k",40,2021-03-18,,,WorthPoint
fulgurite,"(r365-101) 1-7/8"" Fulgurite Lightning Strike Beach Sand Glass Georgia Fulgurites",16.99,2021-03-17,,,WorthPoint
fulgurite,"(r362-33) 4 Fulgurites 1/2-1-1/8"" Lightning Strike Beach Sand Glass GA Display",22.99,2021-03-17,,,WorthPoint
fulgurite,"(r365-98) 1-7/8"" Fulgurite Lightning Strike Beach Sand Glass Georgia Fulgurites",16.99,2021-03-15,,,WorthPoint
fulgurite,RARE! Complete Set Of Mini Museums 1-4 + Dino With Stands + 14 Samples & Scope,6000,2021-03-15,,,WorthPoint
fulgurite,Warhammer 40k Adeptus Mechanicus Army No Reserve,122.5,2021-03-13,,,WorthPoint
fulgurite,"(r364-118) 1-1/8"" Fulgurite Lightning Strike Beach Sand Glass Georgia Fulgurites",14.99,2021-03-12,,,WorthPoint
fulgurite,"(r364-108) 1-1/8"" Fulgurite Lightning Strike Beach Sand Glass Georgia Fulgurites",14.99,2021-03-10,,,WorthPoint
fulgurite,"(r363-16) 2 Fulgurites 1-1/8"" Lightning Strike Beach Sand Glass Georgia Set",18.99,2021-03-09,,,WorthPoint
fulgurite,Warhammer 40k Adeptus Mechanicus Army Games Workshop,800,2021-03-08,,,WorthPoint
fulgurite,"FULGURITE--IMOGENE PASS, OURAY COUNTY, COLORADO 1 5/8"" X 1 1/4"" X 1""",20,2021-03-08,,,WorthPoint
fulgurite,"SWEET LOT Of 8 FULGURITES , COACHELLA VALLEY,PALM SPRINGS, CALIF",13.5,2021-03-07,,,WorthPoint
fulgurite,Citadel Layer: Fulgurite Copper GAW 22-74-S,8.28,2021-03-05,,,WorthPoint
fulgurite,Warhammer 40k Adeptus Mechanicus Army Well Painted,900,2021-02-28,,,WorthPoint
fulgurite,Warhammer 40K Adeptus Mechanicus Force,600,2021-02-28,,,WorthPoint
fulgurite,"(r364-25) 2 Fulgurites 1-5/8"" Lightning Strike Beach Sand Glass GA Specimens",22.99,2021-02-28,,,WorthPoint
fulgurite,Warhammer 40K Adeptus Mechanicus Electro-priests (10 Models),80,2021-02-26,,,WorthPoint
fulgurite,"(r362-38) 4 Fulgurites 1/2-1-1/8"" Lightning Strike Beach Sand Glass GA Specimens",22.99,2021-02-25,,,WorthPoint
fulgurite,"Intricate Fulgurite ( 3 "" ) , Coachella Valley,palm Springs, Calif",25,2021-02-25,,,WorthPoint
fulgurite,"4"", 3.3 OZ Natural Glass FULGURITE From LIGHTNING Fossil Lightning, OK, USA",27.5,2021-02-25,93.555,0.29,WorthPoint
fulgurite,"Fulgurite ""Petrified Lightning"" From Central Florida",10,2021-02-24,,,WorthPoint
fulgurite,"Superb Rare Tan, 2 "" Fulgurite, Fused Cast Of Lightning In Sand,polk Co, Fl",20,2021-02-20,,,WorthPoint
fulgurite,"Ross, Nolan",126,2021-02-18,,,WorthPoint
fulgurite,Up For Bid 83mm Natural Glass FULGURITE BY LIGHTNING! Fossil Lightning 13.25g,6.5,2021-02-11,13.25,0.49,WorthPoint
fulgurite,Up For Bid 78mm Natural Glass FULGURITE BY LIGHTNING! Fossil Lightning 16.96g,6.5,2021-02-11,16.96,0.38,WorthPoint
fulgurite,Warhammer 40k Mechanicus Fulgurite Electro-Priests Or Corpuscarii New Opened Box,40,2021-02-11,,,WorthPoint
fulgurite,Fulgurite Electro-Priests Painted Warhammer 40k Adeptus Mechanicus - L@@K!,80,2021-02-11,,,WorthPoint
fulgurite,Negavolt Cultists X 4 Warhammer 40k BlackStone Fortress - L@@K!,11,2021-02-11,,,WorthPoint
fulgurite,"(R399-2) 2.5"" Fossil Fulgurite Petrified Lightning Strike Beach Sand Glass GA",18.99,2021-02-09,,,WorthPoint
fulgurite,U-Get 3-5 Pieces Of Willrmite W/rarer Tyrolite & Zinwaldite Mix W/in Rare Rocks,9.99,2021-02-08,,,WorthPoint
fulgurite,"Superb Rare Fulgurite,( 2 1/16 "") Fused Cast Of Lightning In Sand,polk Co, Fl",11,2021-02-06,,,WorthPoint
fulgurite,"Superb Rare,2 3/8 "" Fulgurite, Fused Cast Of Lightning In Sand,polk Co, Fl",16,2021-02-06,,,WorthPoint
fulgurite,"Superb Rare,2 1/4 "" Fulgurite, Fused Cast Of Lightning In Sand,polk Co, Fl",22,2021-02-06,,,WorthPoint
fulgurite,(R352-94) Fulgurite Lightning Storm Wild Strike Beach Sand Glass West Texas,26.99,2021-02-02,,,WorthPoint
fulgurite,"(R352-93) 2-1/4"" Fulgurite Lightning Storm Strike Beach Sand Glass West Texas",26.99,2021-02-02,,,WorthPoint
fulgurite,"(r365-66) 1-7/8"" Fulgurite Lightning Strike Beach Sand Glass Georgia Fulgurites",16.99,2021-02-01,,,WorthPoint
fulgurite,"R326-25 2-5/8"" Fulgurite Lightning Strike Beach Sand Glass Sahara Desert Algeria",26.99,2021-02-01,,,WorthPoint
fulgurite,MINI MUSEUM - SECOND EDITION (SMALL - 10 SPECIMENS) Hans Fex,349,2021-01-31,,,WorthPoint
fulgurite,"Intricate Fulgurite , Coachella Valley,palm Springs, Calif",15,2021-01-30,,,WorthPoint
fulgurite,"Superb Rare Fulgurite,( 1 3/4 "") Fused Cast Of Lightning In Sand,polk Co, Fl",9,2021-01-29,,,WorthPoint
fulgurite,Bitumen+Strontianite+Tyrolite+Eosphorite+Varlamoffite ~Fine Rare Rock~ Fn W W C,20,2021-01-27,,,WorthPoint
fulgurite,Citadel Paint - Layer: Fulgurite Copper,5.18,2021-01-25,,,WorthPoint
fulgurite,"8"", 8.5 OZ Natural Glass FULGURITE From LIGHTNING Fossil Lightning, OK, USA",25.5,2021-01-24,240.975,0.11,WorthPoint
fulgurite,83mm Natural Glass FULGURITE CREATED BY LIGHTNING! Fossil Lightning 16.34g,14.99,2021-01-23,16.34,0.92,WorthPoint
fulgurite,"(r366-48) 2-1/8"" Fulgurite Lightning Strike Beach Sand Glass Georgia Fulgurites",18.99,2021-01-22,,,WorthPoint
fulgurite,Fulgurite Natural Fossil 100% Goes To Charity,8.01,2021-01-22,,,WorthPoint
fulgurite,"Superb Rare Fulgurite,( 2 1/8 "") Fused Cast Of Lightning In Sand,polk Co, Fl",18,2021-01-21,,,WorthPoint
fulgurite,"Awesome Fulgurite , Coachella Valley,palm Springs, Calif",15,2021-01-21,,,WorthPoint
fulgurite,"Fulgurite ""Lightning Stone"" Natural Specimen 242 Grams",51,2021-01-21,242,0.21,WorthPoint
fulgurite,"9"", 1 Lb. 13 OZ Natural Glass FULGURITE From LIGHTNING Fossil Lightning, OK, USA",38.5,2021-01-20,368.55,0.1,WorthPoint
fulgurite,Mini Museum 2ND SMALL 10 Specimens- Hans Fex - LIMITED,128.7,2021-01-19,,,WorthPoint
fulgurite,"R353-75A) 3-1/2"" Fulgurite Lightning Strike Beach Sand Glass West Texas Specimen",50.99,2021-01-17,,,WorthPoint
fulgurite,"R327-20 3-1/8"" Fulgurite Lightning Strike Beach Sand Glass Sahara Desert Algeria",35.99,2021-01-17,,,WorthPoint
fulgurite,Fulgurite Natural,24,2021-01-16,,,WorthPoint
fulgurite,FULGURITE Lot 24.6gr,20.99,2021-01-16,24.6,0.85,WorthPoint
fulgurite,Big Lot Of TWENTY! HOLLOW 100% Natural FULGURITE's Or Petrified Lightning 7.5gr,22.99,2021-01-15,7.5,3.07,WorthPoint
fulgurite,"(r365-122) 1-7/8"" Fulgurite Lightning Strike Beach Sand Glass Georgia Fulgurites",16.99,2021-01-15,,,WorthPoint
fulgurite,Fulgurite Electro-Priests New Sealed,45,2021-01-15,,,WorthPoint
fulgurite,"Fulgurite Mescalero Sand Dunes, Near Artesia, Eddy County, New Mexico 7.49 Grams",5,2021-01-14,7.49,0.67,WorthPoint
fulgurite,"(r352-82) 2-1/8"" Fulgurite Lightning Strike Storm Beach Sand Glass West Texas",22.99,2021-01-13,,,WorthPoint
fulgurite,7.80 Grams NWA UNCLASSIFIED METEORITE HIT BY LIGHTNING GLASS FULGURITE INFUSED,54.6,2021-01-12,7.8,7,WorthPoint
fulgurite,(R320-7) 2 Fulgurites Lightning Strike Beach Sand Glass Sahara Desert Algeria,12.99,2021-01-12,,,WorthPoint
fulgurite,40k Adeptus Mechanicus Corpuscarii/Fulgurite Electro-Priests,40,2021-01-10,,,WorthPoint
fulgurite,AWESOME FLORIDA FOSSIL COLLECTION Suwanee River NICE!,26,2021-01-10,,,WorthPoint
fulgurite,"Superb Rare,2 5/16 "" Fulgurite, Fused Cast Of Lightning In Sand,polk Co, Fl",20,2021-01-10,,,WorthPoint
fulgurite,"(R327-5) 3"" Fulgurite Lightning Strike Beach Sand Glass Sahara Desert Algeria",33.99,2021-01-09,,,WorthPoint
fulgurite,FULGURITE Lot 27.0gr,19.99,2021-01-09,27,0.74,WorthPoint
fulgurite,"Warhammer 40k Adeptus Mechanicus Ironstrider/Dragoon, Daedalosus, Electro-Priest",115,2021-01-07,,,WorthPoint
fulgurite,Fulgurite Petrofied Lightning,100,2021-01-07,,,WorthPoint
fulgurite,Awesome Fulgurite From Lake Maracaibo Venezuela Lightning Capitol Of The World,14.79,2021-01-05,,,WorthPoint
fulgurite,Thick Fulgurite From Lake Maracaibo Venezuela Lightning Capitol Of The World,8.99,2021-01-05,,,WorthPoint
fulgurite,2 Fulgurites From Lake Maracaibo Venezuela Lightning Capitol Of The World,15,2021-01-05,,,WorthPoint
fulgurite,Warhammer 40k Adeptus Mechanicus Electro Priests FULGURITE ONLY READ DESCRIPTION,65,2021-01-05,,,WorthPoint
fulgurite,Fulgurite Electro Priests,60,2021-01-05,,,WorthPoint
fulgurite,Big Lot Of TWENTY! 100% Natural FULGURITE's Or Petrified Lightning 29.2gr,24.99,2021-01-04,29.2,0.86,WorthPoint
fulgurite,Warhammer 40k Adeptus Mechanicus Electro-Priests *NEW* **FAST SHIP**,44.95,2021-01-03,,,WorthPoint
fulgurite,8.26 Grams NWA UNCLASSIFIED METEORITE STRUCK BY LIGHTNING FULGURITE FUSED ON TOP,58,2021-01-03,8.26,7.02,WorthPoint
fulgurite,Fl Nine Tube Fulgurite Specimens Lightning Strike Glass,11.99,2021-01-03,,,WorthPoint
fulgurite,"(r365-112) 1-7/8"" Fulgurite Lightning Strike Beach Sand Glass Georgia Fulgurites",16.99,2021-01-03,,,WorthPoint
fulgurite,"(r365-36) 1-3/4"" Fulgurite Lightning Strike Beach Sand Glass Georgia Fulgurites",16.49,2021-01-03,,,WorthPoint
fulgurite,FULGURITE Lightning Strike Stone Tube,14.99,2021-01-02,,,WorthPoint
fulgurite,"Psuedo Fulgurite Rare Large One Of A Kind ""Heart Of The Desert""",300,2020-12-30,,,WorthPoint
fulgurite,"(r364-117) 1-1/8"" Fulgurite Lightning Strike Beach Sand Glass Georgia Fulgurites",14.99,2020-12-30,,,WorthPoint
fulgurite,Fl Fulgurite Tube Fused Quartz Sand Lightning Strike Glass Cat#1930,7.99,2020-12-30,,,WorthPoint
fulgurite,Fl Tube Fulgurite Specimen Fused Quartz Sand Lightning Strike Glass #6013,8.99,2020-12-30,,,WorthPoint
fulgurite,HOLLOW 3.8g Natural Glass BLACK FULGURITE LIGHTNING Fossil Lightning Texas,12,2020-12-30,3.8,3.16,WorthPoint
fulgurite,Warhammer 40k Age Of Sigmar Games Workshop Citadel Paints Lot Used / New,75,2020-12-29,,,WorthPoint
fulgurite,"4.4"", 3.4 OZ Natural Glass FULGURITE From LIGHTNING Fossil Lightning, OK, USA",20,2020-12-29,96.39,0.21,WorthPoint
fulgurite,"Rare Sedona Fulgurite~red Rocks Sand 'petrified Lightning'~4"" Hand Gathered",9.99,2020-12-28,,,WorthPoint
fulgurite,One Natural Fulgurite Formed By Lighting Strikes On Sand- 2.6 Grams,5,2020-12-28,2.6,1.92,WorthPoint
fulgurite,3 Inch Fulgurite From Lake Maracaibo Venezuela Lightning Capitol Of The World,15,2020-12-26,,,WorthPoint
fulgurite,Fulgurite Electro-Priests - Powerpack Bits - Warhammer 40k,7.89,2020-12-25,,,WorthPoint
fulgurite,Warhammer 40k Adeptus Mechanicus Electro-Priests Fulgurite / Corpuscarii (5) NiB,51,2020-12-23,,,WorthPoint
fulgurite,"Mineral: Lighting Strike Fulgurite Thumbnail From Polk Co, Florida",12,2020-12-18,,,WorthPoint
fulgurite,"4"" X 4"" X 3/4"" Beveled Captured Lightning Lichtenberg Figure & Black Metal Base",131,2020-12-17,,,WorthPoint
fulgurite,"(r362-39) 4 Fulgurites 1/2-1-1/8"" Lightning Strike Beach Sand Glass GA Specimens",22.99,2020-12-15,,,WorthPoint
fulgurite,"(r362-46) 4 Fulgurites 1/2-1-1/8"" Lightning Strike Beach Sand Glass GA Specimens",22.99,2020-12-15,,,WorthPoint
fulgurite,"(r365-114) 1-7/8"" Fulgurite Lightning Strike Beach Sand Glass Georgia Fulgurites",16.99,2020-12-15,,,WorthPoint
fulgurite,HUGE! 127mm Natural Glass FULGURITE CREATED BY LIGHTNING! Fossil Lightning,50,2020-12-15,,,WorthPoint
fulgurite,"(r362-48) 4 Fulgurites 1/2-1-1/8"" Lightning Strike Beach Sand Dune Glass Georgia",22.99,2020-12-14,,,WorthPoint
fulgurite,Warhammer 40k - Adeptus Mechanicus Corpuscarii Or Fulgurite Electro-Priests NOS,38,2020-12-14,,,WorthPoint
fulgurite,"Superb Rare Fulgurite,( 2 "") Fused Cast Of Lightning In Sand,polk Co, Fl",10,2020-12-14,,,WorthPoint
fulgurite,"(r373-12) 3"" Fulgurite Lightning Strike Beach Sand Glass GA Display Specimen",33.99,2020-12-13,,,WorthPoint
fulgurite,"3.25"" Natural Glass FULGURITE CREATED BY LIGHTNING! Fossil Lightning 83mm",14,2020-12-13,,,WorthPoint
fulgurite,"(r365-117) 1-7/8"" Fulgurite Lightning Strike Beach Sand Glass Georgia Fulgurites",16.99,2020-12-11,,,WorthPoint
fulgurite,"U-Get#3-5 Chime Fulgurite Similar Or Better-Lookin' Rock,glass,bit,crystal W W D",6.7,2020-12-11,,,WorthPoint
fulgurite,Fl Four Complete Tube Fulgurite Fused Quartz Sand Lightning Strike Glass #6015,11.49,2020-12-09,,,WorthPoint
fulgurite,"(r304-c) 1-1/2"" Fulgurite Lightning Strike Beach Sand Glass Australia Specimen",22.99,2020-12-09,,,WorthPoint
fulgurite,"Rare(5 1/2 "") Spectacular Fulgurite, Coachella Valley,palm Springs, Calif",169,2020-12-09,,,WorthPoint
fulgurite,"2x2"" Fused ROCK Glass BLACK FULGURITE LIGHTNING Fossil Lightning Texas",29.99,2020-12-05,,,WorthPoint
fulgurite,RARE Natural Glass FULGURITE CREATED BY LIGHTNING Fossil Lightning 95mm,11.99,2020-12-04,,,WorthPoint
fulgurite,"White Fulgurite - 2"" Mineral",10,2020-12-04,,,WorthPoint
fulgurite,A BIG! Lot Of Small 100% Natural FULGURITE's Or Petrified Lightning 22.3gr,14.99,2020-12-04,22.3,0.67,WorthPoint
fulgurite,Fl Fulgurite Fused Quartz Sand Lightning Strike Glass Cat#1931,7.99,2020-12-02,,,WorthPoint
fulgurite,Fulgurite Fossil Natural,14.5,2020-12-01,,,WorthPoint
fulgurite,"BIG 4.75"" Natural Glass FULGURITE CREATED BY LIGHTNING Fossil Lightning 124x38mm",79.99,2020-11-30,,,WorthPoint
fulgurite,"BiG! 5"" Natural Glass FULGURITE From LIGHTNING 65mm Fossil Lightning",64.99,2020-11-30,,,WorthPoint
fulgurite,"FULGURITE Lightning Strike Stone Tube - Mini, S, M, Or L - Fused Glass E1101",15.99,2020-11-29,,,WorthPoint
fulgurite,"Fulgurite ""Lightning Stone"" Natural Specimen 12 Grams",9.99,2020-11-27,12,0.83,WorthPoint
fulgurite,"(R399-20) 6-3/8"" Fossil Fulgurite Petrified Lightning Strike Beach Sand Glass GA",48.99,2020-11-26,,,WorthPoint
fulgurite,"BIG 3 & 7/8"" Natural Glass FULGURITE CREATED BY LIGHTNING Fossil Lightning 99mm",22,2020-11-26,,,WorthPoint
fulgurite,Fulgurite Electro-priests 40k,28.8,2020-11-19,,,WorthPoint
fulgurite,"Lustrous Black Fulgurite: Gila County, Arizona",10,2020-11-18,,,WorthPoint
fulgurite,"(R353-70-B) 3-1/4"" Long Fulgurite Lightning Strike Beach Sand Glass West Texas",46.99,2020-11-17,,,WorthPoint
fulgurite,"(R353-73A) 3-3/8"" Long Fulgurite Lightning Strike Beach Sand Glass West Texas",48.99,2020-11-17,,,WorthPoint
fulgurite,Fl Complete Tube Fulgurite Specimen Lightning Strike Glass #6014,9.99,2020-11-16,,,WorthPoint
fulgurite,Ad Mech Fulgurite Electro Priests Partial Paint 40k,34,2020-11-16,,,WorthPoint
fulgurite,Adeptus Mechanicus Warhammer 40k 5 Fulgurite Electro Priests C LIQUIDATION SALE!,30,2020-11-14,,,WorthPoint
fulgurite,"Rare(solid 3 1/4 "") Spectacular Fulgurite, Coachella Valley,palm Springs, Calif",105,2020-11-13,,,WorthPoint
fulgurite,"(r362-53) 4 Fulgurites 1/2-1-1/8"" Lightning Strike Beach Sand Dune Glass Georgia",22.99,2020-11-12,,,WorthPoint
fulgurite,(R320-1) 2 Fulgurites Lightning Strike Beach Sand Glass Sahara Desert Algeria,12.99,2020-11-12,,,WorthPoint
fulgurite,Fulgurite Large Lightning Struck Sand Meditation Stone Southern Utah,29.99,2020-11-11,,,WorthPoint
fulgurite,"13"", 1 Lb 13 OZ Natural Glass FULGURITE From LIGHTNING Fossil Lightning, OK, USA",55,2020-11-11,368.55,0.15,WorthPoint
fulgurite,Fulgurite Fossilized Lightning,148.5,2020-11-10,,,WorthPoint
fulgurite,Fulgurite Fossil Lightning,102.5,2020-11-10,,,WorthPoint
fulgurite,Fulgurite Electro-Priests Adeptus Mechanicus Warhammer 40k Plastic Unprimed,37.5,2020-11-09,,,WorthPoint
fulgurite,Fl Complete Tube Fulgurite Specimen Fused Quartz Sand Lightning Glass #6012,9.99,2020-11-08,,,WorthPoint
fulgurite,"(r365-89) 1-7/8"" Fulgurite Lightning Strike Beach Sand Glass Georgia Fulgurites",16.99,2020-11-05,,,WorthPoint
fulgurite,"4"", 5.35 OZ Natural Glass FULGURITE From LIGHTNING Fossil Lightning, OK, USA",26,2020-11-03,151.672,0.17,WorthPoint
fulgurite,Rare Lightning Strike-made Fulgurite Glass ~ Extremely Unusual Form,32,2020-11-03,,,WorthPoint
fulgurite,"9.5"", 12 OZ Natural Glass FULGURITE From LIGHTNING Fossil Lightning, OK, USA",37,2020-10-31,340.2,0.11,WorthPoint
fulgurite,Lightning Glass Fulgurite Natural,9.5,2020-10-29,,,WorthPoint
fulgurite,"Fulgurite ""Lightning Stone"" Natural Specimen 6 Grams",14.5,2020-10-27,6,2.42,WorthPoint
fulgurite,RARE FULGURITE NATURAL LIGHTNING FUSED SAND CRYSTAL PAIR SAHARAH DESERT 1.6g,5,2020-10-23,1.6,3.13,WorthPoint
fulgurite,Adeptus Mechanicus Army Lot Warhammer 40k Assembled Some Paint/prime W/foam Tray,400,2020-10-22,,,WorthPoint
fulgurite,"Fulgurite ""Lightning Stone"" Natural Specimens 14 Grams",9.99,2020-10-22,14,0.71,WorthPoint
fulgurite,Dinosaur Bone Fossil Rock Genuine Fulgurite Sahara Desert,24,2020-10-21,,,WorthPoint
fulgurite,10x Fulgurite Electro-Priests - Warhammer 40K - Adeptus Mechanicus,80,2020-10-18,,,WorthPoint
fulgurite,Big Lot Of TEN! Larger 100% Natural FULGURITE's Or Petrified Lightning 19.2gr,21.99,2020-10-17,19.2,1.15,WorthPoint
fulgurite,"Fulgurite ""Lightning Stone"" Natural Specimen 16 Grams",15.5,2020-10-17,16,0.97,WorthPoint
fulgurite,"4.4"" Natural Glass FULGURITE From LIGHTNING 110mm Fossil Lightning",59,2020-10-16,,,WorthPoint
fulgurite,"Sedona Fulgurite~lightning Strike In Red Rocks Sand~'petrified Lightning' 2.50""",13.5,2020-10-15,,,WorthPoint
fulgurite,"Fulgurite ""Lightning Stone"" Natural Specimens 10 Grams",20.5,2020-10-14,10,2.05,WorthPoint
fulgurite,"Fulgurite ""Lightning Stone"" Natural Specimen 7.48 Grams",9.99,2020-10-10,7.48,1.34,WorthPoint
fulgurite,"Fulgurite ""Lightning Stone"" Natural Specimen 36 Grams",9.99,2020-10-09,36,0.28,WorthPoint
fulgurite,"Fulgurite ""Lightning Stone"" Natural Specimens 18 Grams",11.5,2020-10-06,18,0.64,WorthPoint
fulgurite,"Warhammer 40k Adeptus Mechanicus Army, Fully Pro Painted And Based High Quality",1150,2020-10-04,,,WorthPoint
fulgurite,Fulgurite Natural AZ.,10,2020-10-04,,,WorthPoint
fulgurite,"Lighting Strike Fulgurite Thumbnail From Polk Co, Florida",12,2020-10-03,,,WorthPoint
fulgurite,Warhammer 40k Adeptus Mechanicus Army AdMech,600,2020-10-03,,,WorthPoint
fulgurite,"Adeptus Mechanicus Army (Used, Ad Mech, Warhammer 40k)",530,2020-10-02,,,WorthPoint
fulgurite,"(R399-14) 3-1/4"" Fossil Fulgurite Petrified Lightning Strike Beach Sand Glass GA",22.99,2020-10-02,,,WorthPoint
fulgurite,"Fulgurite ""Lightning Stone"" Natural Specimen 5.2 Grams",9.99,2020-10-01,5.2,1.92,WorthPoint
fulgurite,Listing For Tam,150,2020-09-30,,,WorthPoint
fulgurite,RARE LARGE MULTI-COLOR NATURAL LIGHTNING MADE FULGURITE GLASS 269 Grams,18.5,2020-09-29,269,0.07,WorthPoint
fulgurite,(R310-10) 3 Fulgurites Lightning Strike Beach Sand Glass Sahara Desert Algeria,13.99,2020-09-28,,,WorthPoint
fulgurite,(R320-6) 2 Fulgurites Lightning Strike Beach Sand Glass Sahara Desert Algeria,12.99,2020-09-28,,,WorthPoint
fulgurite,Fulgurite Aka Lightning Strike Formation. 3in To 5in Long-5 Pieces Total,40,2020-09-27,,,WorthPoint
fulgurite,"R353-28i) 2-1/2"" Fulgurite Lightning Strike Beach Sand Glass West Texas Specimen",33.99,2020-09-26,,,WorthPoint
fulgurite,"(r304-b) 1-1/2"" Fulgurite Lightning Strike Beach Sand Glass Australia Specimen",22.99,2020-09-26,,,WorthPoint
fulgurite,Warhammer 40k Adeptus Mechanicus - 5 Fulgurite Electro-Priests,35,2020-09-26,,,WorthPoint
fulgurite,"Superb Rare Fulgurite,( 3 1/8 "") Fused Cast Of Lightning In Sand,polk Co, Fl",23,2020-09-25,,,WorthPoint
fulgurite,"U-Get 3:(1-2"")GOLD HILL Surprises W/RARER Microline ROCKS Like Tyrolite+More ETC",8,2020-09-24,,,WorthPoint
fulgurite,"(R352-90-H) 2-1/4"" Fulgurite Lightning Storm Strike Beach Sand Glass West Texas",26.99,2020-09-23,,,WorthPoint
fulgurite,"(r352-73-V) 1-7/8"" Fulgurite Lightning Strike Storm Beach Sand Glass West Texas",18.99,2020-09-23,,,WorthPoint
fulgurite,"(r352-73z) 1-7/8"" Fulgurite Lightning Strike Storm Beach Sand Glass West Texas",18.99,2020-09-23,,,WorthPoint
fulgurite,"Fulgurite ""Lightning Stone"" Natural Specimen 14 Grams",9.99,2020-09-23,14,0.71,WorthPoint
fulgurite,35mm Fused ROCK Glass BLACK FULGURITE LIGHTNING Fossil Lightning Texas,12,2020-09-22,,,WorthPoint
fulgurite,"(r365-116) 1-7/8"" Fulgurite Lightning Strike Beach Sand Glass Georgia Fulgurites",16.99,2020-09-21,,,WorthPoint
fulgurite,"Adeptus Mechanicus SERBERYS RAIDERS, KASTELAN ROBOTS, ELECTRO-PRIESTS, SICARIANS",41.65,2020-09-19,,,WorthPoint
fulgurite,Fl 17 Pieces Fulgurite Fused Quartz Sand Lightning Strike Glass,12.49,2020-09-18,,,WorthPoint
fulgurite,Electro-priests - RESIN - Adeptus Mechanicus Warhammer 40K LOOK Fulgurite,32,2020-09-18,,,WorthPoint
fulgurite,Fulgurite Fossil Lightning Minerals Crystals Gems-min,6.99,2020-09-16,,,WorthPoint
fulgurite,"FULGURITE Lightning Struck Sand-Found Oregon Coast (7.7 Ounces) Approx 4""x3""",14.5,2020-09-15,,,WorthPoint
fulgurite,"Fulgurite ""Lightning Stone"" Natural Specimen 40 Grams",19.99,2020-09-15,40,0.5,WorthPoint
fulgurite,"(r365-120) 1-7/8"" Fulgurite Lightning Strike Beach Sand Glass Georgia Fulgurites",16.99,2020-09-13,,,WorthPoint
fulgurite,Mini Museum 2nd Limited Edition - Large 26 Rare Specimens Hans Fex 901/5000,750,2020-09-13,,,WorthPoint
fulgurite,"(R399-17-5) 4"" Fossil Fulgurite Petrified Lightning Strike Beach Sand Glass GA",26.99,2020-09-13,,,WorthPoint
fulgurite,Warhammer 40k Adeptus Mechanicus Fulgurite Electro-Priests Lot#2,20,2020-09-12,,,WorthPoint
fulgurite,(R352-90-D) Fulgurite Lightning Storm Wild Strike Beach Sand Glass West Texas,26.99,2020-09-12,,,WorthPoint
fulgurite,Warhammer 40k Electro-Priests,40.5,2020-09-11,,,WorthPoint
fulgurite,"Large Natural FULGURITE, With Certification Papers, Museum Quality. Very Rare.",76,2020-09-10,,,WorthPoint
fulgurite,Fulgurite Natural AZ,9.5,2020-09-10,,,WorthPoint
fulgurite,"(r362-52) 4 Fulgurites 1/2-1-1/8"" Lightning Strike Beach Sand Dune Glass Georgia",22.99,2020-09-09,,,WorthPoint
fulgurite,Fulgurite From Southwestern AZ,10,2020-09-08,,,WorthPoint
fulgurite,"BIG 3 & 5/8"" Natural Glass FULGURITE CREATED BY LIGHTNING Fossil Lightning 93mm",34.99,2020-09-08,,,WorthPoint
fulgurite,"Superb Rare,large( 3 3/4"")fulgurite, Fused Cast Of Lightning In Sand,polk Co, Fl",33.95,2020-09-08,,,WorthPoint
fulgurite,Adeptus Mechanicus - Electro-Priests | (Corpuscarii/Fulgurite),38.25,2020-09-07,,,WorthPoint
fulgurite,Big Lot Of TEN! 100% Natural FULGURITE Specimens Or Petrified Lightning! 15.4gr,25.99,2020-09-06,15.4,1.69,WorthPoint
fulgurite,"Superb Rare Fulgurite,( 2 3/16 "") Fused Cast Of Lightning In Sand,polk Co, Fl",18,2020-09-04,,,WorthPoint
fulgurite,"Fulgurite ""Lightning Stone"" Natural Specimen 46 Grams",19.99,2020-09-04,46,0.43,WorthPoint
fulgurite,"FULGURITE Lightning Stuck Sand -Found On Oregon Coast - (1 Lb 9.7 Ounces. 7""X4""",15.5,2020-09-03,,,WorthPoint
fulgurite,"(R353-52-N) 3"" Fulgurite Lightning Strike Beach Sand Glass West Texas Specimen",42.99,2020-09-02,,,WorthPoint
fulgurite,"(r363-10) 2 Fulgurites 1-5/8"" Lightning Strike Beach Sand Glass Georgia Set",18.99,2020-09-02,,,WorthPoint
fulgurite,"(r365-74) 1-7/8"" Fulgurite Lightning Strike Beach Sand Glass Georgia Fulgurites",16.99,2020-09-02,,,WorthPoint
fulgurite,(R310-7) 3 Fulgurites Lightning Strike Beach Sand Glass Sahara Desert Algeria,13.99,2020-08-28,,,WorthPoint
fulgurite,"(r364-5) 2 Fulgurites 1-5/8"" Lightning Strike Beach Dune Sand Glass Georgia",22.99,2020-08-26,,,WorthPoint
fulgurite,"(r365-11) 1-1/2"" Fulgurite Lightning Strike Beach Sand Glass Georgia Fulgurites",15.99,2020-08-26,,,WorthPoint
fulgurite,Rare Lightning Strike Made Fulgurite Glass- Extremely Unusual Form,41,2020-08-23,,,WorthPoint
fulgurite,(r352-47) Fulgurite Lightning Strike Beach Sand Glass West Texas Specimen Piece,14.99,2020-08-23,,,WorthPoint
fulgurite,"(r352-81) 2-1/8"" Fulgurite Lightning Strike Storm Beach Sand Glass West Texas",22.99,2020-08-23,,,WorthPoint
fulgurite,111pc NATURAL CRYSTAL COLLECTION: EMERALD AZEZTULITE NATROLITE SHUNGITE TOPAZ *2,191.39,2020-08-19,,,WorthPoint
fulgurite,"(r365-92) 1-7/8"" Fulgurite Lightning Strike Beach Sand Glass Georgia Fulgurites",16.99,2020-08-17,,,WorthPoint
fulgurite,"(r365-24) 1-3/4"" Fulgurite Lightning Strike Beach Sand Glass Georgia Fulgurites",16.49,2020-08-17,,,WorthPoint
fulgurite,A Big Lot Of HOLLOW 100% Natural FULGURITE's Or Petrified Lightning 12.0gr,21.99,2020-08-16,12,1.83,WorthPoint
fulgurite,Vintage Fulgurites Glass Mermaid Earrings,12.5,2020-08-16,,,WorthPoint
fulgurite,Dinosaur Chewed-Bone+#1 Aircraft Carrier Shaped Fulgurite + Primitive Tools ‚àÜc P,5.66,2020-08-15,,,WorthPoint
fulgurite,"FULGURITE Lightning Strike Fused Glass - 10g Lot, S, M, L - Reiki Stone E1102",11.2,2020-08-15,10,1.12,WorthPoint
fulgurite,"(r367-29) 2-1/4"" Fulgurite Lightning Strike Beach Sand Dune Glass GA Specimen",20.99,2020-08-14,,,WorthPoint
fulgurite,Fulgurite - Set Of Three Sand Tubes Fused By Lightning From The Sahara,12.5,2020-08-13,,,WorthPoint
fulgurite,"Outstanding, Must See, Large Fulgurite, Cypresshead Formation , Fl",42,2020-08-13,,,WorthPoint
fulgurite,"(r363-16) 2 Fulgurites 1-5/8"" Lightning Strike Beach Sand Dune Glass Georgia",18.99,2020-08-12,,,WorthPoint
fulgurite,"(r365-32) 1-3/4"" Fulgurite Lightning Strike Beach Sand Glass Georgia Fulgurites",16.49,2020-08-10,,,WorthPoint
fulgurite,FULGURITE Lightning Strike Stone Tube - 17 Grams,25,2020-08-06,17,1.47,WorthPoint
fulgurite,Fulgurite - Genuine * Authentic * Colorado,34.99,2020-08-05,,,WorthPoint
fulgurite,"(r365-28) 1-3/4"" Fulgurite Lightning Strike Beach Sand Glass Georgia Fulgurites",16.49,2020-08-04,,,WorthPoint
fulgurite,"(r362-54) 4 Fulgurites 1/2-1-1/8"" Lightning Strike Beach Sand Dune Glass Georgia",22.99,2020-08-04,,,WorthPoint
fulgurite,"Fulgurite Blond Variety Lightning Fused Sand 1/8 Pound 6 + Pieces 1/2-2.25""",16.99,2020-08-04,,,WorthPoint
fulgurite,Florida Fulgurite Collection Fused Quartz Sand Tubes Lightning Strike Glass,19,2020-08-04,,,WorthPoint
fulgurite,A Larger! Nice And 100% Natural Fulgurite Or Petrified Lightning! Algeria 6.4gr,10.99,2020-08-03,6.4,1.72,WorthPoint
fulgurite,A Larger! Nice And 100% Natural BRANCH Fulgurite Or Petrified Lightning! 4.8gr,12.99,2020-08-03,4.8,2.71,WorthPoint
fulgurite,"(R327-4) 3"" Fulgurite Lightning Strike Beach Sand Glass Sahara Desert Algeria",33.99,2020-08-02,,,WorthPoint
fulgurite,"(r365-121) 1-7/8"" Fulgurite Lightning Strike Beach Sand Glass Georgia Fulgurites",16.99,2020-08-01,,,WorthPoint
fulgurite,"(R399-13) 3-1/4"" Fossil Fulgurite Petrified Lightning Strike Beach Sand Glass GA",22.99,2020-08-01,,,WorthPoint
fulgurite,"Awesome,large( 2 5/8"")fulgurite, Fused Cast Of Lightning In Sand,polk Co, Fl",25,2020-07-31,,,WorthPoint
fulgurite,"(r363-13) 2 Fulgurites 1-5/8"" Lightning Strike Beach Sand Glass Georgia Set",18.99,2020-07-28,,,WorthPoint
fulgurite,"(r365-119) 1-7/8"" Fulgurite Lightning Strike Beach Sand Glass Georgia Fulgurites",16.99,2020-07-28,,,WorthPoint
fulgurite,HUGE Natural Glass BLACK FULGURITE CREATED BY LIGHTNING! Fossil Lightning,360,2020-07-23,,,WorthPoint
fulgurite,Pyrite Or Fulgurite ? Paperweight In Glass Metal Holder Felt Bottom,35,2020-07-23,,,WorthPoint
fulgurite,Rare Clear Fulgurite Lightning Glass With Bubbles And Vegetation Arizona Find,99,2020-07-22,,,WorthPoint
fulgurite,"(r352-68) 1-7/8"" Fulgurite Lightning Strike Storm Beach Sand Glass West Texas",18.99,2020-07-21,,,WorthPoint
fulgurite,"2pcs COPROLITE 2"" Long! Clean And Very Select Specimens From Toledo, WA USA",14.99,2020-07-21,,,WorthPoint
fulgurite,"(r365-3) 1-1/2"" Fulgurite Lightning Strike Beach Sand Glass Georgia Fulgurites",15.99,2020-07-19,,,WorthPoint
fulgurite,Warhammer/Citadel Paint Lot,111.99,2020-07-11,,,WorthPoint
fulgurite,"Superb Rare,large( 2 1/2"")fulgurite, Fused Cast Of Lightning In Sand,polk Co, Fl",35,2020-07-10,,,WorthPoint
fulgurite,Super Awesome Fulgurite Lightning ‚õà Strike Stone From Alta Near Auburn Ca,89.95,2020-07-09,,,WorthPoint
fulgurite,TWO! Larger HOLLOW 100% Natural FULGURITE's Or Petrified Lightning 5.3gr,11.99,2020-07-09,5.3,2.26,WorthPoint
fulgurite,Fulgurites Lightning In A Box,10,2020-07-07,,,WorthPoint
fulgurite,Big Lot Of Larger 100% Natural FULGURITE Specimens Or Petrified Lightning 42.0gr,31.99,2020-07-06,42,0.76,WorthPoint
fulgurite,"(r367-4) 2-1/4"" Fulgurite Lightning Strike Beach Sand Glass Georgia Specimen",20.99,2020-07-01,,,WorthPoint
fulgurite,Fulgurite Lightning Fused Sand Blond Fulgurite 1/4 Pound 25-65 Pieces 1-2.2 Inch,28.99,2020-07-01,,,WorthPoint
fulgurite,"(R353-52-R) 3"" Fulgurite Lightning Strike Beach Sand Glass West Texas Specimen",42.99,2020-06-30,,,WorthPoint
fulgurite,"Hollow Fulgurite Genuine Natural Display Feng Shui Wicca 40mm 3.8gm 2"" Morocco#2",19.99,2020-06-25,3.8,5.26,WorthPoint
fulgurite,"(r367-28) 2-1/4"" Fulgurite Lightning Strike Beach Sand Dune Glass GA Specimen",20.99,2020-06-25,,,WorthPoint
fulgurite,Natrolite+Thorite+Strontianite+(Pos.Nsutite On Back) Fr/Tintic Old Utah Mine W W,60,2020-06-25,,,WorthPoint
fulgurite,A Larger! 100% Natural HOLLOW Tubular Fulgurite Or Petrified Lightning! 6.7gr,21.99,2020-06-21,6.7,3.28,WorthPoint
fulgurite,Natural Fulgurite - Sand Fused Into Glass - Lightning & Ethereal Energy,10.5,2020-06-20,,,WorthPoint
fulgurite,"(r365-118) 1-7/8"" Fulgurite Lightning Strike Beach Sand Glass Georgia Fulgurites",16.99,2020-06-17,,,WorthPoint
fulgurite,"(r364-107) 1-1/8"" Fulgurite Lightning Strike Beach Sand Glass Georgia Fulgurites",14.99,2020-06-16,,,WorthPoint
fulgurite,"(r373-8) 3"" Fulgurite Lightning Strike Beach Sand Hill Glass GA Display Specimen",33.99,2020-06-16,,,WorthPoint
fulgurite,"Special,large( 2 3/4"")fulgurite, Fused Cast Of Lightning In Sand,polk Co, Fl",25,2020-06-14,,,WorthPoint
fulgurite,"Fulgurite Lightning Fused Sand Blond Fulgurite 1/8 Pound 10-23 Pieces 1-2.25""",16.99,2020-06-09,,,WorthPoint
fulgurite,In-depth Tyrolite W/tintic-rarity Gemstone Armenite N Microline Cavities AMYX Fn,14,2020-06-08,,,WorthPoint
fulgurite,World's Ugliest Mineral #7 Highly-irregular Chime Fulgurite /c F S Crystals Rock,10,2020-06-08,,,WorthPoint
fulgurite,"Outstanding, Rare,large(3"")fulgurite,fused Cast Of Lightning In Sand,polk Co, Fl",25,2020-06-07,,,WorthPoint
fulgurite,Fulgurite In Shape Of A Skull Petrified Lightening,250,2020-06-06,,,WorthPoint
fulgurite,Citadel Layer 76 Paint Set With Case NEW And Sealed GW 65-49,329.99,2020-06-06,,,WorthPoint
fulgurite,"(r352-96) 2-1/4"" Fulgurite Lightning Strike Beach Sand Glass West Texas Specimen",26.99,2020-06-06,,,WorthPoint
fulgurite,"9 SMALL NATURAL ROUGH .4-1.6"" FULGURITE LIGHTNING FUSED SAND PILLARS MOROCCO 20g",21.99,2020-06-03,20,1.1,WorthPoint
fulgurite,"R362-26) 4 Piece Set 1/2 1-1/8"" Fulgurites Lightning Strike Beach Sand Glass GA",22.99,2020-05-30,,,WorthPoint
fulgurite,Big Natural Fulgurite Crystal Sahara Desert Lightning Sand Specimen Large,18,2020-05-29,,,WorthPoint
fulgurite,"(r364-106) 1-1/8"" Fulgurite Lightning Strike Beach Sand Glass Georgia Fulgurites",14.99,2020-05-28,,,WorthPoint
fulgurite,"Psilomelane (Manganese Fulgurite) Chugwater Creek, Laramie County, WY (2.2 Oz.)",15,2020-05-25,62.37,0.24,WorthPoint
fulgurite,"RARE 2 & 7/8"" Natural Glass FULGURITE CREATED BY LIGHTNING Fossil Lightning 75mm",16.99,2020-05-24,,,WorthPoint
fulgurite,A Big Lot Of Natural TUBULAR FULGURITE Specimens Or Petrified Lightning 10.6gr,24.99,2020-05-21,10.6,2.36,WorthPoint
fulgurite,Genuine Fulgurite Lighting Fused Sand In Display Box,36,2020-05-20,,,WorthPoint
fulgurite,Mounted Fulgurite,16,2020-05-19,,,WorthPoint
fulgurite,"Superb Rare,large( 2 5/8"")fulgurite, Fused Cast Of Lightning In Sand,polk Co, Fl",22.5,2020-05-19,,,WorthPoint
fulgurite,"Charred,large( 2 9/16 "")fulgurite, Fused Cast Of Lightning In Sand,polk Co, Fl",25,2020-05-19,,,WorthPoint
fulgurite,"Sedona Vortex Fulgurite~hand Gathered Red Rocks Sand 'petrified Lightning'3.50""",55,2020-05-18,,,WorthPoint
fulgurite,"(r365-113) 1-7/8"" Fulgurite Lightning Strike Beach Sand Glass Georgia Fulgurites",16.99,2020-05-18,,,WorthPoint
fulgurite,Games Workshop Warhammer 40k Adeptus Mechanicus Electro Priests Miniature NIB,38.25,2020-05-17,,,WorthPoint
fulgurite,"(r365-45) 1-7/8"" Fulgurite Lightning Strike Beach Sand Dune Glass GA Fulgurites",16.99,2020-05-16,,,WorthPoint
fulgurite,"R325-16 1-1/2"" Fulgurite Lightning Strike Beach Sand Glass Sahara Desert Algeria",14.99,2020-05-13,,,WorthPoint
fulgurite,"(r364-105) 1-1/8"" Fulgurite Lightning Strike Beach Sand Glass Georgia Fulgurites",14.99,2020-05-12,,,WorthPoint
fulgurite,"(r385-1) 4-5/8"" Fulgurite Lightning Strike Beach Sand Glass GA Display Specimen",58.99,2020-05-10,,,WorthPoint
fulgurite,A Larger! 100% Natural FULGURITE Or Petrified Lightning! Found In Algeria 14.7gr,14.99,2020-05-06,14.7,1.02,WorthPoint
fulgurite,A Big! Lot Of Natural BRANCH FULGURITE Specimens Or Petrified Lightning! 14.1gr,19.99,2020-05-06,14.1,1.42,WorthPoint
fulgurite,"Exogenic Fulgurite ""Burning Bush"" Elko Hills Nevada",299.95,2020-05-05,,,WorthPoint
fulgurite,Large 4 Pound Fulgurite Lightning Glass Melted Sand Saratoga Springs NY,50,2020-05-04,,,WorthPoint
fulgurite,"2"" Fused ROCK Glass BLACK FULGURITE LIGHTNING Fossil Lightning Texas",45,2020-04-26,,,WorthPoint
fulgurite,"(R399-12) 3-1/4"" Fossil Fulgurite Petrified Lightning Strike Beach Sand Glass GA",22.99,2020-04-26,,,WorthPoint
fulgurite,Natural Fulgurite Lot 4 Pieces Petrified Lightning R27,15.5,2020-04-24,,,WorthPoint
fulgurite,Fulgurite All Natural Sahara Desert Africa 1/4 Pound 24-60 Pieces 1-2.2 Inch,28.99,2020-04-23,,,WorthPoint
fulgurite,GW Citadel Layer Paint Set,245,2020-04-22,,,WorthPoint
fulgurite,"Fulgurite From West Oahu BIG BEAUTIFUL Piece, Petrified Lightning 18"", 3.3lbs",148,2020-04-19,,,WorthPoint
fulgurite,"Fulgurite From West Oahu Gigantic Piece, Unique Petrified Lightning 11"", 0.9lbs",96,2020-04-19,,,WorthPoint
fulgurite,"Fulgurite From West Oahu HUGE Piece, Unique Petrified Lightning 12.5"", 3.0lbs",106,2020-04-19,,,WorthPoint
fulgurite,"(r365-105) 1-7/8"" Fulgurite Lightning Strike Beach Sand Glass Georgia Fulgurites",16.99,2020-04-17,,,WorthPoint
fulgurite,Zincite + Pyroaurite Fine Rock W/Quartz Micro Collector's Choice Crystal AMYX Fn,16,2020-04-17,,,WorthPoint
fulgurite,Fulgurite Lightning Fused Sand Blond Fulgurite 100 Grams 24-50 Pieces 1-2.2 Inch,26.99,2020-04-11,100,0.27,WorthPoint
fulgurite,Huge Mixed Lot Kyanite Garnet Emerald Peridot Pyrite 9 Types Of Gems Minerals Nr,15,2020-04-10,,,WorthPoint
fulgurite,"R325-17 1-1/2"" Fulgurite Lightning Strike Beach Sand Glass Sahara Desert Algeria",14.99,2020-04-10,,,WorthPoint
fulgurite,54 Gemstones Minerals Mixed Lot Aqua Garnet Kyanite Peridot Amonite Chalcedony,19.99,2020-04-06,54,0.37,WorthPoint
fulgurite,Natural Fulgurite 9 Piece Lot Petrified Lightning,10.99,2020-04-05,,,WorthPoint
fulgurite,Natural Fulgurite 5 Specimen Lot White Petrified Lightning,11.99,2020-04-05,,,WorthPoint
fulgurite,Natural Fulgurite Lot 3 Pieces Big 3 Inch Petrified Lightning,10.99,2020-04-05,,,WorthPoint
fulgurite,"Awesome,large( 2 9/16 "")fulgurite, Fused Cast Of Lightning In Sand,polk Co, Fl",20,2020-04-04,,,WorthPoint
fulgurite,New Mexico Fulgurite Lightning Strike Sand Glass Specimen - F01,15,2020-04-03,,,WorthPoint
fulgurite,A Huge Lot Of 100% Natural FULGURITE Specimens Or Petrified Lightning 48.2gr,18.99,2020-04-01,48.2,0.39,WorthPoint
fulgurite,"Natural Fulgurite Large 4"" Specimen Petrified Lightning",12.99,2020-04-01,,,WorthPoint
fulgurite,"(R399-8-8) 2"" Fossil Fulgurite Petrified Lightning Strike Beach Sand Glass GA",18.99,2020-03-31,,,WorthPoint
fulgurite,Natural Fulgurite Lot Of 8 Quality Specimens,13.99,2020-03-21,,,WorthPoint
fulgurite,LIGHTNING BOLT GLASS FUSED SAND Desert Fulgurite Sahara Morocco Africa AMAZING,24.95,2020-03-19,,,WorthPoint
fulgurite,(R352-92) Fulgurite Lightning Storm Wild Strike Beach Sand Glass West Texas,26.99,2020-03-18,,,WorthPoint
fulgurite,"R353-28C) 2-1/2"" Fulgurite Lightning Strike Beach Sand Glass West Texas Specimen",33.99,2020-03-18,,,WorthPoint
fulgurite,"(r378-3) 3-5/8"" Fulgurite Lightning Strike Beach Sand Glass GA Display Specimen",46.99,2020-03-18,,,WorthPoint
fulgurite,"(r366-45) 2-1/8"" Fulgurite Lightning Strike Beach Sand Glass Georgia Fulgurites",18.99,2020-03-15,,,WorthPoint
fulgurite,"Outstanding,large( 3 1/2"")fulgurite, Fused Cast Of Lightning In Sand,polk Co, Fl",20,2020-03-06,,,WorthPoint
fulgurite,"U-Get#5-7 Chime Fulgurite Similar Or Better-Lookin' [rock,glass,bit,crystal] B M",37.5,2020-03-02,,,WorthPoint
fulgurite,"(r365-54) 1-7/8"" Fulgurite Lightning Strike Beach Sand Glass Georgia Fulgurites",16.99,2020-03-01,,,WorthPoint
fulgurite,"(r372-14) 2-7/8"" Fulgurite Lightning Strike Beach Sand Glass GA Display Specimen",31.99,2020-03-01,,,WorthPoint
fulgurite,"Outstanding Fulgurite, Fused Cast Of Lightning In Sand,polk Co, Fl",10,2020-02-28,,,WorthPoint
fulgurite,(R356-9) Fulgurite Ball Lightning Strike Sand Dune Glass Cali Desert Specimen,12.99,2020-02-26,,,WorthPoint
fulgurite,"(r366-52) 2-1/8"" Fulgurite Lightning Strike Beach Sand Dune Glass GA Fulgurites",18.99,2020-02-26,,,WorthPoint
fulgurite,Citadel Paint Lot (OPENED & UNOPENED),220,2020-02-21,,,WorthPoint
fulgurite,"(r370-4) 2-5/8"" Fulgurite Lightning Strike Beach Sand Glass Georgia Specimen",27.99,2020-02-20,,,WorthPoint
fulgurite,"(R399-17-3) 4"" Fossil Fulgurite Petrified Lightning Strike Beach Sand Glass GA",26.99,2020-02-20,,,WorthPoint
fulgurite,"Fulgurite Specimen, Frozen Lightning, Divine Connection, Morocco 14-3613",14.4,2020-02-19,,,WorthPoint
fulgurite,"BIG 4 & 5/8"" Natural Glass FULGURITE CREATED BY LIGHTNING Fossil Lightning 120mm",39.99,2020-02-18,,,WorthPoint
fulgurite,"Superhero Crystal Lamp, The Incredible Hulk, Energy Device",170,2020-02-17,,,WorthPoint
fulgurite,A Big! 100% Natural FULGURITE Or Petrified Lightning! Found In Algeria 12.7gr,18.99,2020-02-16,12.7,1.5,WorthPoint
fulgurite,(R320-4) 2 Fulgurites Lightning Strike Beach Sand Glass Sahara Desert Algeria,12.99,2020-02-16,,,WorthPoint
fulgurite,A Big 100% Natural Hollow Tubular Fulgurite Or Petrified Lightning 26.9gr,21.99,2020-02-16,26.9,0.82,WorthPoint
fulgurite,"(r365-95) 1-7/8"" Fulgurite Lightning Strike Beach Sand Glass Georgia Fulgurites",16.99,2020-02-14,,,WorthPoint
fulgurite,"1.8"" Fused Glass FULGURITE Tube Due To Lightning Strike In Sand Algeria For Sale",45,2020-02-14,,,WorthPoint
fulgurite,"(r363-15) 2 Fulgurites 1-5/8"" Lightning Strike Beach Sand Glass Georgia Set",18.99,2020-02-06,,,WorthPoint
fulgurite,"RARE 3 & 3/4"" Natural Glass FULGURITE CREATED BY LIGHTNING Fossil Lightning 96mm",16.99,2020-02-04,,,WorthPoint
fulgurite,RARE Rock Fulgurite!! Natural Rock Struck By Lightning 263.2 Grams. Wonderful,65,2020-02-04,263.2,0.25,WorthPoint
fulgurite,"(R353-52-G) 3"" Fulgurite Lightning Strike Beach Sand Glass West Texas Specimen",42.99,2020-01-27,52,0.83,WorthPoint
fulgurite,FULGURITE LIGHTNING BOLT GLASS Fused Beach Sand Florida AMAZING,19.95,2020-01-21,,,WorthPoint
fulgurite,"Outstanding,large( 2 3/4"")fulgurite, Fused Cast Of Lightning In Sand,polk Co, Fl",20,2020-01-19,,,WorthPoint
fulgurite,"FULGURITE LIGHTENING SAND SPIKE/ SPECIMEN FROM NEVADA 1.62OZ 2.9"" X 1.25""",16.5,2020-01-19,45.927,0.36,WorthPoint
fulgurite,"Fulgurite Lightning Fused Sand Singing Fulgurite Sahara 1 Ounce 5-20 Piece 1-2""",25.99,2020-01-18,,,WorthPoint
fulgurite,"(r365-107) 1-7/8"" Fulgurite Lightning Strike Beach Sand Glass Georgia Fulgurites",16.99,2020-01-17,,,WorthPoint
fulgurite,"""Fulgurite"" From Windsor, Connecticut.",10,2020-01-14,,,WorthPoint
fulgurite,"Fulgurite In A Bottle, Fused Casts Of Lightning In Sand, Shores Of Lake Mich.",10,2020-01-09,,,WorthPoint
fulgurite,Natural Fulgurite Crystal Sahara Desert Lightning Sand Specimen,12,2020-01-05,,,WorthPoint
fulgurite,"(R399-17-6) 4"" Fossil Fulgurite Petrified Lightning Strike Beach Sand Glass GA",26.99,2020-01-03,,,WorthPoint
fulgurite,Lot Of SIX Big! 100% Natural FULGURITE Specimens Or Petrified Lightning 69.8gr E,29.99,2019-12-19,69.8,0.43,WorthPoint
fulgurite,A Long! 100% Natural FULGURITE Or Petrified Lightning! Found In Algeria 18.6gr,19.99,2019-12-19,18.6,1.07,WorthPoint
fulgurite,New Mexico Fulgurite Lightning Strike Sand Glass - 3 Specimens - #10,14,2019-12-17,,,WorthPoint
fulgurite,Rare Exogenic Fulgurite Specimen #26- Authentic Lightning Glass From Texas,40,2019-12-16,,,WorthPoint
fulgurite,53mm Natural Glass FULGURITE CREATED BY LIGHTNING! Fossil Lightning 13.3g,15.99,2019-12-16,13.3,1.2,WorthPoint
fulgurite,"Mini Museum 2, Large 26 Specimen Second Edition, Hans Fex, Kickstarter,#412/5000",1299,2019-12-16,,,WorthPoint
fulgurite,Rare Exogenic Fulgurite Specimen #37- Authentic Lightning Glass From Texas,75,2019-12-10,,,WorthPoint
fulgurite,A Big Lot Of Natural HOLLOW FULGURITES Or Petrified Lightning! 24.7gr,29.99,2019-12-10,24.7,1.21,WorthPoint
fulgurite,"Warhammer 40,000 40k Adeptus Mechanicus Electro Priests NIB",35,2019-12-06,,,WorthPoint
fulgurite,Wholesale Flat 11 Pieces FULGURITE Lightning Strike Glass Algeria @$5 For Sale,36.85,2019-11-30,,,WorthPoint
fulgurite,"(r365-1) 1-1/2"" Fulgurite Lightning Strike Beach Sand Glass Georgia Fulgurites",15.99,2019-11-30,,,WorthPoint
fulgurite,Lot Of SIX Big 100% Natural FULGURITE Specimens Or Petrified Lightning 47.6gr E,29.99,2019-11-28,47.6,0.63,WorthPoint
fulgurite,Fulgurite Lot 3 Petrified Lightning Strike Mojave Desert Fused Sand 13 Grams #8F,11.99,2019-11-24,13,0.92,WorthPoint
fulgurite,A GIANT Lot Of 100% Natural FULGURITE Specimens Or Petrified Lightning 101gr E,39.99,2019-11-17,101,0.4,WorthPoint
fulgurite,Rare Prayer Pipe Lightening Strike Saraha Desert Fulgurite Crystal June207,33.33,2019-11-17,,,WorthPoint
fulgurite,Lot Of Various Collectible Rocks Stones,12.1,2019-11-17,,,WorthPoint
fulgurite,"Sonoran Desert Hollow Sand Fulgurite From La Paz County, Arizona 5 Inches Long",21,2019-11-13,,,WorthPoint
fulgurite,(R320-3) 2 Fulgurites Lightning Strike Beach Sand Glass Sahara Desert Algeria,12.99,2019-11-13,,,WorthPoint
fulgurite,"(r363-11) 2 Fulgurites 1-5/8"" Lightning Strike Beach Sand Glass Georgia Set",18.99,2019-11-13,,,WorthPoint
fulgurite,"(r363-19) 2 Fulgurites 1-5/8"" Lightning Strike Beach Sand Glass Georgia Set",18.99,2019-11-13,,,WorthPoint
fulgurite,A Big Lot Of Larger Natural FULGURITE Specimens Or Petrified Lightning 63.7gr E,24.99,2019-11-13,63.7,0.39,WorthPoint
fulgurite,Rare Exogenic Fulgurite Specimen #20- Authentic Lightning Glass From Texas,30,2019-11-11,,,WorthPoint
fulgurite,"Fulgurite Authentic 2.5"" In Lightning Strike Glass From Washington 08",13,2019-11-08,,,WorthPoint
fulgurite,"2 Hollow American Sonoran Desert Sand Fulgurites La Paz County, Arizona 2.75""",21,2019-11-06,,,WorthPoint
fulgurite,Rare Exogenic Fulgurite Specimen #43- Authentic Lightning Glass From Texas,40,2019-11-06,,,WorthPoint
fulgurite,A Lot Of SIX Larger Tubular FULGURITE Specimens Or Petrified Lightning 11.2gr E,21.99,2019-11-04,11.2,1.96,WorthPoint
fulgurite,Natural Sedona Fulgurite Free Form Crystal Pendant Necklace,22,2019-11-03,,,WorthPoint
fulgurite,A Lot Of Big 100% Natural FULGURITE Specimens Or Petrified Lightning! 40.8gr E,29.99,2019-11-02,40.8,0.74,WorthPoint
fulgurite,A Lot Of SIX Larger HOLOW FULGURITE Specimens Or Petrified Lightning 16.9gr E,19.99,2019-10-28,16.9,1.18,WorthPoint
fulgurite,Rare Unusual Prayer Pipe Lightening Strike Saraha Desert Fulgurite Crystal #127,29.5,2019-10-26,,,WorthPoint
fulgurite,Fulgurite Lightning Strike Quartz Melted Sand Africa Hollow Tube Unique 13g,40.5,2019-10-23,13,3.12,WorthPoint
fulgurite,A Larger 100% Natural Hollow Tubular Fulgurite Or Petrified Lightning 5.2gr E,10.99,2019-10-22,5.2,2.11,WorthPoint
fulgurite,"Exogenic Fulgurite (1)- Large 3"" X 2.5"" With Colorful Green Glass. Charleston,SC",75,2019-10-21,,,WorthPoint
fulgurite,Lot Of Larger! 100% Natural FULGURITE Specimens Or Petrified Lightning 48.5gr E,21.99,2019-10-20,48.5,0.45,WorthPoint
fulgurite,A Big Lot Of Small Natural FULGURITE Specimens Or Petrified Lightning 31.1gr E,12.99,2019-10-14,31.1,0.42,WorthPoint
fulgurite,"Outstanding Quality Fulgurite, Fused Cast Of Lightning In Sand,polk Co, Fl",15,2019-10-12,,,WorthPoint
fulgurite,"(r365-19) 1-3/4"" Fulgurite Lightning Strike Beach Sand Glass Georgia Fulgurites",16.49,2019-10-10,,,WorthPoint
fulgurite,Rare Exogenic Fulgurite Specimen #25- Authentic Lightning Glass From Texas,100,2019-10-08,,,WorthPoint
fulgurite,"(R353-52-P) 3"" Fulgurite Lightning Strike Beach Sand Glass West Texas Specimen",42.99,2019-10-07,,,WorthPoint
fulgurite,(R352-90-E) Fulgurite Lightning Storm Wild Strike Beach Sand Glass West Texas,26.99,2019-10-07,,,WorthPoint
fulgurite,A Big 100% Natural Tubular Fulgurite Or Petrified Lightning 21.3gr E,18.99,2019-10-06,21.3,0.89,WorthPoint
fulgurite,28 Pc. HIGH QUALITY DEALER LOT Shamanic 5‚Äù Hollow 100% Natural Fulgurite Tubes!,29.57,2019-10-06,,,WorthPoint
fulgurite,Shamanic 5‚Äù Hollow 100% Natural Fulgurite - Petrified Lightning 25.5 Grams NR !,17.16,2019-10-06,25.5,0.67,WorthPoint
fulgurite,"2.5"" Natural Glass FULGURITE CREATED BY LIGHTNING! Fossil Lightning 64mm",10.99,2019-10-05,,,WorthPoint
fulgurite,Lot Of Algeria Fulgurite Lightning Strike Sand Glass - 4 Specimens,13,2019-10-02,,,WorthPoint
fulgurite,A BIG! 100% Natural Fulgurite Or Petrified Lightning! From Algeria 19.8gr E,15.99,2019-10-02,19.8,0.81,WorthPoint
fulgurite,"Rle Granitic Fulgurite Lightning Strike Tahoe Basin NICE, VERY RARE!",49.98,2019-10-02,,,WorthPoint
fulgurite,Rare Large Hans Fex Mini Museum 2 Second Edition Low Number! 378/5000 Sold Out!,1299.99,2019-10-01,,,WorthPoint
fulgurite,Mundrabilla Campo Meteorites-5 GobiBeads Fulgurite Red Topaz Hyalite Opal CUSTOM,79.99,2019-09-29,5,16,WorthPoint
fulgurite,TWO! HUGE 100% Natural FULGURITE Specimens Or Petrified Lightning 57.8gr E,26.99,2019-09-29,57.8,0.47,WorthPoint
fulgurite,"Lot Of 134 Citadel Paint Warhammer 40K Base, Layer, Contrast Shade",560,2019-09-29,,,WorthPoint
fulgurite,Rare Exogenic Fulgurite Specimen #24- Authentic Lightning Glass From Texas,40,2019-09-26,,,WorthPoint
fulgurite,(R320-5) 2 Fulgurites Lightning Strike Beach Sand Glass Sahara Desert Algeria,12.99,2019-09-24,,,WorthPoint
fulgurite,"(r362-35) 4 Fulgurites 1/2-1-1/8"" Lightning Strike Beach Sand Glass GA Specimens",22.99,2019-09-23,,,WorthPoint
fulgurite,A Lot Of FIVE Big! Natural FULGURITE Specimens Or Petrified Lightning 59.4gr E,30.99,2019-09-23,59.4,0.52,WorthPoint
fulgurite,Wholesale Bulk Fulgurite Crystal Petrified Lightning Sand,100,2019-09-22,,,WorthPoint
fulgurite,Rare Exogenic Fulgurite Specimen #45- Authentic Lightning Glass From Texas,100,2019-09-22,,,WorthPoint
fulgurite,A Big Lot Of Larger Tubular FULGURITE Specimens Or Petrified Lightning 30.2gr E,23.99,2019-09-17,30.2,0.79,WorthPoint
fulgurite,American Sonoran Desert Sand Fulgurite On Matrix From La Paz County Arizona,10,2019-09-17,,,WorthPoint
fulgurite,"2 American Sonoran Desert Sand Fulgurites From La Paz County, Arizona 5""",15,2019-09-16,,,WorthPoint
fulgurite,"Hans Fex 2nd Edition Mini Museum, Size Large, Original Kickstarter Model!",664,2019-09-04,,,WorthPoint
fulgurite,"""I"" A VERY RARE BLACK FULGURITE 100.00a Chandelerite Sale",100,2019-09-04,,,WorthPoint
fulgurite,Rare Exogenic Fulgurite Specimen #42- Authentic Lightning Glass From Texas,80,2019-09-03,,,WorthPoint
fulgurite,"3 Sonoran Desert Sand Fulgurites From La Paz County, Arizona 5.5 Inches Long",12.5,2019-09-03,,,WorthPoint
fulgurite,"Large Outstanding Quality Fulgurite, Fused Cast Of Lightning In Sand,polk Co, Fl",35,2019-09-02,,,WorthPoint
fulgurite,Florida Fulgurite Lightning Strike Sand Glass Large Display Specimen Tube,15.49,2019-09-02,,,WorthPoint
fulgurite,A Long! 100% Natural Hollow Tubular Fulgurite Or Petrified Lightning 8.0gr E,18.99,2019-09-02,8,2.37,WorthPoint
fulgurite,Rare Exogenic Fulgurite Specimen #36- Authentic Lightning Glass From Texas,60,2019-09-02,,,WorthPoint
fulgurite,Rare Exogenic Fulgurite Specimen #16- Authentic Lightning Glass From Texas,25,2019-09-01,,,WorthPoint
fulgurite,Big Lot Of Larger Tubular FULGURITE Specimens Or Petrified Lightning 21.5gr E,34.99,2019-08-30,21.5,1.63,WorthPoint
fulgurite,Big Lot Of HOLLOW Tubular FULGURITE Specimens Or Petrified Lightning 21.8gr E,19.99,2019-08-30,21.8,0.92,WorthPoint
fulgurite,"(R304-A) 1-1/2"" Fulgurite Lightning Strike Beach Sand Dune Glass Yowah Australia",22.99,2019-08-29,,,WorthPoint
fulgurite,"Hans Fex 2st Edition Mini Museum Size Large, Rare!",1010.01,2019-08-29,,,WorthPoint
fulgurite,Fulgurite Lightning Strike Fused Glass/sand Tube Huge Almost 6 Inches Florida A+,14.99,2019-08-28,,,WorthPoint
fulgurite,"Fulgurite Authentic 1.5"" In Lightning Strike Glass From Washington 021",15,2019-08-28,,,WorthPoint
fulgurite,(R320-9) 2 Fulgurites Lightning Strike Beach Sand Glass Sahara Desert Algeria,12.99,2019-08-28,,,WorthPoint
fulgurite,#8 184gram CALIFORNIA BLACK FULGURITE 100.00 Michael Salim Only,100,2019-08-27,184,0.54,WorthPoint
fulgurite,New Mexico Fulgurite Lightning Strike Sand Glass - 4 Specimens - #11,14,2019-08-27,,,WorthPoint
fulgurite,Fl Fulgurite Fused Quartz Sand Lightning Strike Glass Cat#a899,11.49,2019-08-27,,,WorthPoint
fulgurite,"(r368-8) 2-3/8"" Fulgurite Lightning Strike Beach Sand Glass Georgia Specimen",22.99,2019-08-26,,,WorthPoint
fulgurite,"3 RARE NATURAL 1.2""-1.7"" FULGURITE LIGHTNING FUSED SAND PILLARS MOROCCO - 17.5gr",12.25,2019-08-26,17.5,0.7,WorthPoint
fulgurite,"(r365-106) 1-7/8"" Fulgurite Lightning Strike Beach Sand Glass Georgia Fulgurites",16.99,2019-08-25,,,WorthPoint
fulgurite,"9""long BLACK FULGURITE ONLY 100.00a CHANDELERITE",100,2019-08-21,,,WorthPoint
fulgurite,A Larger Nice And 100% Natural HOLLOW FULGURITE Or Petrified Lightning 20.1gr E,11.99,2019-08-21,20.1,0.6,WorthPoint
fulgurite,"(r365-109) 1-7/8"" Fulgurite Lightning Strike Beach Sand Glass Georgia Fulgurites",16.99,2019-08-20,,,WorthPoint
fulgurite,Rare Fulgurite Darwin Glass Meteorite Specimen 78 Gram All Natural,170,2019-08-18,78,2.18,WorthPoint
fulgurite,"FULGURITE LIGHTENING SAND SPIKE/ SPECIMEN FROM NEVADA 4.25OZ 3.2 X 1.75""",20,2019-08-18,120.488,0.17,WorthPoint
fulgurite,Fulgurite Electropreists,15,2019-08-16,,,WorthPoint
fulgurite,"Fantastic HUGE Fulgurite From Mediterranean Beach At Netanya, Israel 264.8g",54.99,2019-08-15,264.8,0.21,WorthPoint
fulgurite,"Fulgurite Authentic Lightning Strike Glass From Washington 3"" In Piece",16,2019-08-14,,,WorthPoint
fulgurite,Warhammer 40K Pro-painted Adeptus Mechanicus Fulgurite Electro-Priests,61,2019-08-13,,,WorthPoint
fulgurite,TWO! 100% Natural Hollow Tubular Fulgurites Or Petrified Lightning! 16.9gr E,17.99,2019-08-13,16.9,1.06,WorthPoint
fulgurite,Fulgurite Lot 2 Petrified Lightning Strike Mojave Desert Fused Sand 12 Grams #8E,11.99,2019-08-13,12,1,WorthPoint
fulgurite,Fl Nice Fulgurite Lightning Strike Fused Quartz Sand Display Specimen Tube,22,2019-08-12,,,WorthPoint
fulgurite,"(r365-22) 1-3/4"" Fulgurite Lightning Strike Beach Sand Glass Georgia Fulgurites",16.49,2019-08-11,,,WorthPoint
fulgurite,Rare Exogenic Fulgurite Specimen #7- Authentic Lightning Glass From Texas,20,2019-08-10,,,WorthPoint
fulgurite,Rare Exogenic Fulgurite Specimen #27- Authentic Lightning Glass From Texas,15,2019-08-10,,,WorthPoint
fulgurite,3 Large Fulgurite Petrified Lighting. Are Created When Lighting Strikes Sand.,14,2019-08-07,,,WorthPoint
fulgurite,"(r365-108) 1-7/8"" Fulgurite Lightning Strike Beach Sand Glass Georgia Fulgurites",16.99,2019-08-05,,,WorthPoint
fulgurite,Fl Fulgurite Fused Quartz Sand Lightning Strike Glass Cat#432,10.49,2019-08-05,,,WorthPoint
fulgurite,Rare! Crystal Stone Mineral Collection .labeled - Larimar Isua Azeztulite Quartz,217.49,2019-08-05,,,WorthPoint
fulgurite,"""d"" Petrified Lightning Specimen Tube!",10,2019-08-02,,,WorthPoint
fulgurite,"Fulgurite Authentic Lightning Strike Glass From Washington 4"" In Piece",26,2019-08-02,,,WorthPoint
fulgurite,"(r365-82) 1-7/8"" Fulgurite Lightning Strike Beach Sand Glass Georgia Fulgurites",16.99,2019-07-31,,,WorthPoint
fulgurite,"(r365-8) 1-1/2"" Fulgurite Lightning Strike Beach Sand Glass Georgia Fulgurites",15.99,2019-07-30,,,WorthPoint
fulgurite,"Set Of 3 FULGURITE Twigs--nr Redmond, Oregon--Collected In 1999--D Shannon Label",14,2019-07-29,,,WorthPoint
fulgurite,"2 Sonoran Desert Sand Fulgurites From La Paz County, Arizona 4 Inches Long",16,2019-07-28,,,WorthPoint
fulgurite,"Fulgurite Authentic 3"" In Lightning Strike Glass From Washington 05",15,2019-07-27,,,WorthPoint
fulgurite,"Fulgurite Authentic 2"" In Lightning Strike Glass From Washington 022",15,2019-07-27,,,WorthPoint
fulgurite,"Fulgurite In A Bottle, Fused Casts Of Lightning In Sand, Morocco",10,2019-07-25,,,WorthPoint
fulgurite,"(r365-75) 1-7/8"" Fulgurite Lightning Strike Beach Sand Glass Georgia Fulgurites",16.99,2019-07-23,,,WorthPoint
fulgurite,"(r364-29) 2 Fulgurites 1-5/8"" Lightning Strike Beach Dune Sand Glass Georgia",22.99,2019-07-22,,,WorthPoint
fulgurite,"Fulgurite Authentic 3.5"" In Lightning Strike Glass From Washington 010",15,2019-07-20,,,WorthPoint
fulgurite,"Fulgurite Blond Variety Lightning Fused Sand 1/8 Pound 10-21 Pieces 1/2-2.25""",16.99,2019-07-17,,,WorthPoint
fulgurite,"Sonoran Desert Double Sand Fulgurite From La Paz County, Arizona 5.5 Inches Long",14,2019-07-15,,,WorthPoint
fulgurite,"1942 Press Photo Westinghouse High Voltage Laboratory, Sharon Pennsylvania",19.99,2019-07-15,,,WorthPoint
fulgurite,A Larger! 100% Natural Fulgurite Or Petrified Lightning 13.4gr E,13.99,2019-07-13,13.4,1.04,WorthPoint
fulgurite,FULGURITE LIGHTENING SAND SPIKE/ SPECIMEN FROM NEVADA 8.25OZ 4.75 X 2 X 1.25,102.5,2019-07-07,233.888,0.44,WorthPoint
fulgurite,"Sedona Fulgurite - Very Rare Re-Convergent Branch - 18.1 Grams - Sedona, Arizona",35,2019-07-06,18.1,1.93,WorthPoint
fulgurite,"9""long BLACK FULGURITE 75.00",75,2019-07-04,,,WorthPoint
fulgurite,Rare Exogenic Fulgurite Specimen #14- Authentic Lightning Glass From Texas,20,2019-07-04,,,WorthPoint
fulgurite,Rare Exogenic Fulgurite Specimen #29- Authentic Lightning Glass From Texas,30,2019-07-04,,,WorthPoint
fulgurite,"Awesome Fulgurite, Fused Cast Of Lightning In Sand, Polk Co, Fl",10,2019-07-03,,,WorthPoint
fulgurite,"(r363-12) 2 Fulgurites 1-5/8"" Lightning Strike Beach Sand Glass Georgia Set",18.99,2019-07-02,,,WorthPoint
fulgurite,Rare Exogenic Fulgurite Specimen #23- Authentic Lightning Glass From Texas,60,2019-06-30,,,WorthPoint
fulgurite,Lot Of 100% Natural HOLLOW FULGURITE Specimens Or Petrified Lightning 25.9gr E,24.99,2019-06-30,25.9,0.96,WorthPoint
fulgurite,A GIANT! 100% Natural HOLLOW FULGURITE Or Petrified Lightning! Algeria 72.9gr E,59.99,2019-06-29,72.9,0.82,WorthPoint
fulgurite,"American Sonoran Desert Sand Fulgurite From La Paz County, Arizona 6.75 Inches",15,2019-06-29,,,WorthPoint
fulgurite,"(r365-111) 1-7/8"" Fulgurite Lightning Strike Beach Sand Glass Georgia Fulgurites",16.99,2019-06-28,,,WorthPoint
fulgurite,"4x4 Inch Beveled ""Captured Lightning"" Sculpture In Black Brushed Aluminum Base",59.25,2019-06-28,,,WorthPoint
fulgurite,A Long! Nice And 100% Natural HOLLOW FULGURITE Or Petrified Lightning 18.0gr E,19.99,2019-06-26,18,1.11,WorthPoint
fulgurite,"Fulgurite Authentic 4"" In Lightning Strike Glass From Washington 02",15,2019-06-25,,,WorthPoint
fulgurite,"(r365-9) 1-1/2"" Fulgurite Lightning Strike Beach Sand Glass Georgia Fulgurites",15.99,2019-06-23,,,WorthPoint
fulgurite,A Lot Of Four BIG Natural FULGURITE Specimens Or Petrified Lightning 71.0gr E,44.99,2019-06-23,71,0.63,WorthPoint
fulgurite,A Lot Of BIG! 100% Natural FULGURITE Specimens Or Petrified Lightning 91.1gr E,39.99,2019-06-23,91.1,0.44,WorthPoint
fulgurite,A Huge! 100% Natural FULGURITE Or Petrified Lightning! Found In Algeria 37.6gr E,24.99,2019-06-22,37.6,0.66,WorthPoint
fulgurite,2 Large Fulgurite Petrified Lighting. Are Created When Lighting Strikes Sand.,14,2019-06-21,,,WorthPoint
fulgurite,"(r365-4) 1-1/2"" Fulgurite Lightning Strike Beach Sand Glass Georgia Fulgurites",15.99,2019-06-18,,,WorthPoint
fulgurite,Listing For Alekmark0,105.95,2019-06-18,,,WorthPoint
fulgurite,"Magnificent Transparent Fulgurite, Fused Cast Of Lightning In Sand, Polk Co, Fl",20,2019-06-15,,,WorthPoint
fulgurite,"Palm Springs Fulgurite. Rare Specimen One Of A Kind, Fused On Granite Rock",10.5,2019-06-14,,,WorthPoint
fulgurite,"Piece Of Lucite W/ ''fulgurite'' Inside , 3'' X 1 1/4'' X 1 1/4 ''",13.5,2019-06-13,,,WorthPoint
fulgurite,"Fulgurite Authentic 2.75"" In Lightning Strike Glass From Washington 014",15,2019-06-13,,,WorthPoint
fulgurite,"500 Lightning Balls 0nly 75.00 """,75,2019-06-12,,,WorthPoint
fulgurite,A Lot Of Four HUGE! FULGURITE Specimens Or Petrified Lightning 107gr E,59.99,2019-06-12,107,0.56,WorthPoint
fulgurite,A Long! Nice And 100% Natural Tubular FULGURITE Or Petrified Lightning 10.0gr E,20.99,2019-06-11,10,2.1,WorthPoint
fulgurite,Rare Exogenic Fulgurite Specimen #9- Authentic Lightning Glass From Texas,100,2019-06-11,,,WorthPoint
fulgurite,"(r364-104) 1-1/8"" Fulgurite Lightning Strike Beach Sand Glass Georgia Fulgurites",14.99,2019-06-10,,,WorthPoint
fulgurite,A BIG! 100% Natural Tubular FULGURITE Or Petrified Lightning 36.4gr E,20.99,2019-06-09,36.4,0.58,WorthPoint
fulgurite,Fulgurite Authentic Lightning Strike Glass From Washington 06,15,2019-06-09,,,WorthPoint
fulgurite,"4x4"" ""Captured Lightning"" Lichtenberg Figure Electron Tree Acrylic Art Sculpture",67,2019-06-08,,,WorthPoint
fulgurite,"(r364-111) 1-1/8"" Fulgurite Lightning Strike Beach Sand Glass Georgia Fulgurites",14.99,2019-06-07,,,WorthPoint
fulgurite,"Awesome Fulgurite,fused Cast Of Lightning In Sand, Polk Co, Fl.gr8 Glass Cavity!",25,2019-06-07,8,3.13,WorthPoint
fulgurite,"4x4 Inch ""Captured Lightning"" Edge-Discharged Sculpture AND Walnut Light Base",137,2019-06-05,,,WorthPoint
fulgurite,Rare Exogenic Fulgurite Specimen #8- Authentic Lightning Glass From Texas,20,2019-06-05,,,WorthPoint
fulgurite,"50 Gem & Mineral Samples‚ÄîIncludes Fulgurite, Moldavite, Shiva Lingham * MUST SEE",19.95,2019-06-03,50,0.4,WorthPoint
fulgurite,Rare Exogenic Fulgurite Specimen #39- Authentic Lightning Glass From Texas,40,2019-06-02,,,WorthPoint
fulgurite,"Fulgurite In A Bottle, Fused Casts Of Lightning In Sand, Arizona",10,2019-06-01,,,WorthPoint
fulgurite,"Red Fulgurite Genuine Natural Display Feng Shui Wicca Sedona 3 1/4"" 82x41x20 Mm",13.99,2019-05-31,,,WorthPoint
fulgurite,A Lot Of 100% Natural Branch Shaped FULGURITEs Or Petrified Lightning! 15.9gr,21.99,2019-05-30,15.9,1.38,WorthPoint
fulgurite,"(r365-7) 1-1/2"" Fulgurite Lightning Strike Beach Sand Glass Georgia Fulgurites",15.99,2019-05-28,,,WorthPoint
fulgurite,1/8 Pound Lb Fulgurites Petrified Lighting. Created When Lighting Strikes Sand,15.98,2019-05-27,,,WorthPoint
fulgurite,"Outstanding,large ( > 3"")fulgurite, Fused Cast Of Lightning In Sand, Polk Co, Fl",35,2019-05-26,,,WorthPoint
fulgurite,"FULGURITE LIGHTENING SAND SPIKE/ SPECIMEN FROM NEVADA 3.2OZ 3.4 X 1.75""",20,2019-05-26,90.72,0.22,WorthPoint
fulgurite,FULGURITE LIGHTENING SAND SPIKE/ SPECIMEN FROM NEVADA 3.2 OZ 3 X 1.75,16,2019-05-26,90.72,0.18,WorthPoint
fulgurite,"Fulgurite Authentic Lightning Strike Glass Tube Holefrom Washington 8"" Piece",150,2019-05-22,,,WorthPoint
fulgurite,A Big Lot Of Natural HOLLOW FULGURITE Specimens Or Petrified Lightning 15.4gr,14.99,2019-05-21,15.4,0.97,WorthPoint
fulgurite,"50 Gem & Mineral Samples‚ÄîIncludes Moldavite, Shiva Lingam, Fulgurite * MUST SEE",19.95,2019-05-21,50,0.4,WorthPoint
fulgurite,A Lot Of Long Natural HOLLOW FULGURITE Specimens Or Petrified Lightning 28.2gr E,24.99,2019-05-21,28.2,0.89,WorthPoint
fulgurite,Great Basin Coyote FULGURITE Petrified Fused Sand From Nevada Lightning Strikes,22,2019-05-21,,,WorthPoint
fulgurite,"5.3"" Tan FULGURITE Part-Hollow Tube From Lightning Strike Sahara Desert For Sale",75,2019-05-20,,,WorthPoint
fulgurite,"(r365-77) 1-7/8"" Fulgurite Lightning Strike Beach Sand Glass Georgia Fulgurites",16.99,2019-05-16,,,WorthPoint
fulgurite,"X Rare Fused ROCK Natural Glass ""Y"" BLACK FULGURITE Fossil Lightning Texas",16.49,2019-05-12,,,WorthPoint
fulgurite,Rare Exogenic Fulgurite Specimen #12- Authentic Lightning Glass From Texas,30,2019-05-11,,,WorthPoint
fulgurite,A GIANT! 100% Natural FULGURITE Or Petrified Lightning! Algeria 74.3gr E,69.99,2019-05-10,74.3,0.94,WorthPoint
fulgurite,A BIG! 100% Natural HOLLOW Tubular FULGURITE Or Petrified Lightning 22.4gr E,34.99,2019-05-09,22.4,1.56,WorthPoint
fulgurite,Natural Rough Sand Sculpture - Arizona - Over 7 Pounds,18.99,2019-05-06,,,WorthPoint
fulgurite,"Extremely Rare Fused Natural Glass ""Y"" BLACK FULGURITE Fossil Lightning Mexico",49,2019-05-04,,,WorthPoint
fulgurite,"4 X 6 X 1/2"" Captured Lightning Lichtenberg Figure Electron/Beam Tree Sculpture",91,2019-05-04,,,WorthPoint
fulgurite,100% Natural Fulgurite-petrified Lightning,99.99,2019-05-03,,,WorthPoint
fulgurite,A Lot Of Four HUGE Natural FULGURITE Specimens Or Petrified Lightning 73.9gr E,49.99,2019-05-03,73.9,0.68,WorthPoint
fulgurite,"1.3"" Rare!!! High Quality Natural *hollow* Fulgurite Lightning Fused Sand Pillar",24.99,2019-04-22,,,WorthPoint
fulgurite,"4x4 Inch ""Captured Lightning"" Interior-Discharge Sculpture AND Walnut Light Base",135,2019-04-18,,,WorthPoint
fulgurite,"Fulgurite Authentic Lightning Strike Glass From Washington 5"" In Piece",19.5,2019-04-16,,,WorthPoint
fulgurite,5pcs Large Wholesale Bulk Fulgurite Crystals Petrified Lightning Sand,30,2019-04-15,,,WorthPoint
fulgurite,"4 X 6 X 1/2"" Captured Lightning Lichtenberg Figure AND Matching Lighted Base",142,2019-04-14,,,WorthPoint
fulgurite,"100 Pcs ""Lightning Strikes"" Fulgurites Merzouga, Morocco 1/2"" To 1-1/2"" 149 Gr",23.5,2019-04-11,149,0.16,WorthPoint
fulgurite,"Fulgurite Authentic Lightning Strike Glass From Washington 7"" In Piece",47.5,2019-04-10,,,WorthPoint
