material_slug,title,price_usd,sale_date,weight_grams,price_per_gram,source
gallium,Meteorite And Display Cube 6.8 Gram Genuine Campo Del Cielo Meteorite With COA,29.99,2026-01-23,6.8,4.41,WorthPoint
gallium,Large Muonionalusta Meteorite Slice Slab Etched 100 Gms Sweden Stand Rings,236.55,2026-01-21,100,2.37,WorthPoint
gallium,Large Muonionalusta Meteorite Slice Etched 141 Gms Sweden Stand Rings,331.55,2026-01-21,141,2.35,WorthPoint
gallium,Large Muonionalusta Meteorite Triple Cut Etched 191 Gms Sweden Stand Rings,474.05,2026-01-18,191,2.48,WorthPoint
gallium,Large 2206 Gm Muonionalusta Iron Meteorite Aaa Grade 5 Lbs Jal Sweden,2969.1,2026-01-16,2206,1.35,WorthPoint
gallium,3I306M Switching Tunnel Diode Ga-As Military USSR.Lot Of 10 Pcs.,10,2026-01-11,,,WorthPoint
gallium,"Data Punch Cards? ASTM Typing On Cards About Rocks, 6\\\"" X 4\\\"", McBee Keysort 100+",13.5,2026-01-09,,,WorthPoint
gallium,"Muonionalusta Meteorite Pendant Amulet‚ÄìWidmanst√§tten Pattern, 33√ó22√ó2.5mm. 14.1g",50,2026-01-09,14.1,3.55,WorthPoint
gallium,Gallium 99.99% Purity 97g In Test Tubes,99.99,2026-01-08,97,1.03,WorthPoint
gallium,13 Muonionalusta Slices And End Pieces Etched Total Weight 1468 Gms,3145,2026-01-05,1468,2.14,WorthPoint
gallium,Smithsonian CPU History Kilby Intel 4004 256 Bit RAM Z80 6502 MC68000 Apollo AGC,55,2026-01-04,,,WorthPoint
gallium,Meteorite And Display Cube 15.1 Gram Genuine Campo Del Cielo Meteorite With COA,44.99,2025-12-27,15.1,2.98,WorthPoint
gallium,Spektrum Accessories S100 1x100W USB-C Smart Charger 65W USB-C GaN Power Supp...,36.04,2025-12-25,,,WorthPoint
gallium,Pair Of Sphalerite Skulls Collectible Crystals Rare,44.99,2025-12-24,,,WorthPoint
gallium,LOT Of 2 Bowmar R7H-172-9B Optostic 7 Segment RED Hybrid COB LED Display 9 Digit,24.99,2025-12-21,,,WorthPoint
gallium,LOT Of 2 Bowmar R7H-172-9 Optostic 7 Segment RED Hybrid COB LED Display 9 Digit,24.99,2025-12-21,,,WorthPoint
gallium,LOT Of 2 Bowmar R7H-172-11B Optostic 7 Segment RED Hybrid COB Display 11 Digit,26.99,2025-12-21,,,WorthPoint
gallium,Spektrum SPMXPSS210 G2 Powerstage Bundle 2S Smart 50C LiPo Battery 810mAh IC2,79.99,2025-12-21,210,0.38,WorthPoint
gallium,Campo Del Cielo Genuine Iron Nickel Meteorite Pendant Necklace 6.51 Grams,22.27,2025-12-19,6.51,3.42,WorthPoint
gallium,Tin Metal Element 99.95% (3N5) Min Purity 50g Domes 50g-250g Sent 1st Class FREE,12.03,2025-12-16,50,0.24,WorthPoint
gallium,Meteorite And Display Cube 11.8 Gram Genuine Campo Del Cielo Meteorite With COA,37.99,2025-12-15,11.8,3.22,WorthPoint
gallium,Shimmering Dioptase Beauty From The Tsumeb Mine-Dioptase On & In Calcite,65,2025-12-14,,,WorthPoint
gallium,Spektrum Spektrum 65W USB-C GaN Power Supply - SPMX-1027,17.99,2025-12-13,,,WorthPoint
gallium,CPU Photo History Intel 8008 PACE Moore's Law TMS9900 Fairchild UA709 Bell Labs,55,2025-12-12,,,WorthPoint
gallium,Spektrum X-1027 65W USB-C GaN Power Supply,32.99,2025-12-11,,,WorthPoint
gallium,Tsumeb Mine Ghost Mottramite Included In Calcite W. Mottramite On Galena,54,2025-12-11,,,WorthPoint
gallium,Meteorite And Display Cube 7.0 Gram Genuine Campo Del Cielo Meteorite With COA,29.99,2025-12-10,7,4.28,WorthPoint
gallium,X262-351) 9+ G Campo Del Cielo Iron Meteorite 1576 Octahedrite Fragment Specimen,22.99,2025-12-09,,,WorthPoint
gallium,5pcs. ALS320A / –ê–õ–°320–ê Numitrons RED Indicator On Board PULLED,27.9,2025-12-09,,,WorthPoint
gallium,Spektrum SPMXC2090P S100 1x100W USB-C Smart Charger 65W USB-C Power Supply Combo,49.99,2025-12-08,,,WorthPoint
gallium,X-37b Orbital Test Vehicle Otv 3 Atlas V Boeing Ula Usaf Dod Space Plane Patch,14.95,2025-12-07,,,WorthPoint
gallium,Meteorite And Display Cube 7.1 Gram Genuine Campo Del Cielo Meteorite With COA,29.99,2025-12-05,7.1,4.22,WorthPoint
gallium,Meteorite And Display Cube 6.3 Gram Genuine Campo Del Cielo Meteorite With COA,34.99,2025-12-05,6.3,5.55,WorthPoint
gallium,Genuine Meteorite And Display Cube 11.1 Gram Campo Del Cielo Meteorite With COA,34.99,2025-12-02,11.1,3.15,WorthPoint
gallium,AGOUDAL Iron Meteorite Specimen Natural Patina Authentic IMILCHIL MOROCCO,13.59,2025-12-02,,,WorthPoint
gallium,Nikon FM 35mm SLR Film Camera W/ Nikkor Lens,82,2025-12-01,,,WorthPoint
gallium,Spektrum RC 65W USB-C GaN Power Supply W/Type-C Charge Cable,32.99,2025-11-30,,,WorthPoint
gallium,10pcs. 3I306J / 3–ò306–ñ Tunnel Diodes - Gallium Arsenide Switching Diodes. NEW,35.9,2025-11-30,,,WorthPoint
gallium,(x262-74) 5 G Campo Del Cielo Iron Meteorite 1576 Shrapnel Fragment Specimen,10.49,2025-11-29,5,2.1,WorthPoint
gallium,X262-350) 9 G Campo Del Cielo Iron Meteorite 1576 Octahedrite Fragment Specimen,16.09,2025-11-29,9,1.79,WorthPoint
gallium,Dropfleet Commander Shaltari Light Ships (*See Per Order Flat Rate Shipping),31.03,2025-11-27,,,WorthPoint
gallium,Spektrum RC Smart G2 2S Powerstage Bundle For Arrma Groms (2s LiPo/S100 Charger),89.99,2025-11-23,,,WorthPoint
gallium,Silver Military Value Medal The Major Spice Apple Gallium Asiago Uniform,100.87,2025-11-21,,,WorthPoint
gallium,Genuine Meteorite And Display Cube 16.2 Gram Campo Del Cielo Meteorite With COA,39.99,2025-11-21,16.2,2.47,WorthPoint
gallium,Campo Del Cielo Iron Meteorite Crystal: Under 2 Grams,11,2025-11-20,2,5.5,WorthPoint
gallium,Meteorite And Display Cube 6.1 Gram Genuine Campo Del Cielo Meteorite With COA,29.99,2025-11-20,6.1,4.92,WorthPoint
gallium,Meteorite And Display Cube 6.5 Gram Genuine Campo Del Cielo Meteorite With COA,29.99,2025-11-20,6.5,4.61,WorthPoint
gallium,Meteorite And Display Cube 11.1 Gram Genuine Campo Del Cielo Meteorite With COA,34.99,2025-11-20,11.1,3.15,WorthPoint
gallium,4pcs. ALS339A (ALC339A) / –ê–õ–°339–ê Numitrons Indicator NEW,59.9,2025-11-19,,,WorthPoint
gallium,"Rare Mine! Rogerburg Mine-Rare Dioptase Specimen-Oshikoto Region, Namibia",83,2025-11-17,,,WorthPoint
gallium,Shaltari - Light Ships: TT Combat Dropfleet Commander,34.68,2025-11-16,,,WorthPoint
gallium,7 Pcs 8 Segment AL304B LED Display Numeric Symbol 3mm Gren Gold Pin USSR,22.6,2025-11-16,,,WorthPoint
gallium,Meteorite Collection Lot Three Different Types Labeled With Display Box,74.75,2025-11-15,,,WorthPoint
gallium,Genuine Meteorite And Display Cube 8.8 Gram Campo Del Cielo Meteorite With COA,32.99,2025-11-15,8.8,3.75,WorthPoint
gallium,Spektrum SPMX-1027 65W USB-C GaN Power Supply,19.99,2025-11-14,,,WorthPoint
gallium,Campo Del Cielo Iron Nickel Meteorite Argentina 19.57 Grams,29.75,2025-11-11,19.57,1.52,WorthPoint
gallium,"SPMXC2090P S100 1x100W USB-C Smart Charger, 65W USB-C GaN Power Supply Combo",24.99,2025-11-10,,,WorthPoint
gallium,"Spektrum S100 1x100W USB-C Smart Charger, 65W USB-C GaN Power Supply Combo",24.99,2025-11-07,,,WorthPoint
gallium,Meteorite And Display Cube 7.5 Gram Genuine Campo Del Cielo Meteorite With COA,29.99,2025-11-06,7.5,4,WorthPoint
gallium,Meteorite And Display Cube 10.5 Gram Genuine Campo Del Cielo Meteorite With COA,34.99,2025-11-04,10.5,3.33,WorthPoint
gallium,Spektrum SPMX-1027 65W USB-C GaN Power Supply W/Type-C Charge Cable,32.99,2025-10-31,,,WorthPoint
gallium,Campo Del Cielo Iron Nickel Meteorite Argentina 3.92 Grams,12.75,2025-10-30,3.92,3.25,WorthPoint
gallium,Campo Del Cielo Iron Nickel Meteorite Argentina 16.26 Grams,32.75,2025-10-30,16.26,2.01,WorthPoint
gallium,Western Electric Original 1974 Print Ad Crystal Growth LED Technology,16.77,2025-10-30,,,WorthPoint
gallium,Meteorite And Display Cube 9.9 Gram Genuine Campo Del Cielo Meteorite With COA,32.99,2025-10-29,9.9,3.33,WorthPoint
gallium,LEGO Jurassic World Sets,125,2025-10-27,,,WorthPoint
gallium,Meteorite And Display Cube 8.3 Gram Genuine Campo Del Cielo Meteorite With COA,32.99,2025-10-26,8.3,3.97,WorthPoint
gallium,"Spektrum Accessories S100 1x100W USB-C Smart Charger, 65W USB-C GaN Power",39.99,2025-10-24,,,WorthPoint
gallium,4pcs. D603 / –î603 High-performance Gallium Arsenide (GaAs) Tunnel Diode. NEW,22.5,2025-10-22,,,WorthPoint
gallium,Iridescent Bismuth Rainbow Hopper Crystal Cluster Mineral Specimen W/ ID Card,6.5,2025-10-20,,,WorthPoint
gallium,Spektrum Accessories Smart G2 Powerstage Bundle 810mAh 2S 50C LiPo Battery IC2,79.99,2025-10-18,,,WorthPoint
gallium,"""Campo Del Cielo Iron Meteorite Piece 1"""" Holocene Argentina COA 6405""",34.95,2025-10-17,,,WorthPoint
gallium,Campo Del Cielo Iron Nickel Meteorite Argentina 6.90 Grams,12.75,2025-10-09,6.9,1.85,WorthPoint
gallium,Cray Super Computer Modules,800,2025-10-07,,,WorthPoint
gallium,BISMUTH Rainbow Iridescent Crystal Cluster Mineral Specimen Element,10.39,2025-10-07,,,WorthPoint
gallium,"Rich Native Silver Min Gold Baryte, Bulldog Mountain Mine, Creede Colorado Rare",12.5,2025-10-07,,,WorthPoint
gallium,Tsumeb Mine Rare And Beautiful Classic-Amazing Olivenite & Zincolivenite,120,2025-09-26,,,WorthPoint
gallium,X260-23) 4.6g Campo Del Cielo Meteorite Natural Shape Space Pendant Iron Nickel,34.99,2025-09-19,4.6,7.61,WorthPoint
gallium,"Gallium Liquid Metal 50 Grams, 99.99% Pure Melting - 50g Multicolor",92.41,2025-09-18,50,1.85,WorthPoint
gallium,"Accessories 65W USB-C Gan Power Supply, SPMX-1027",36.99,2025-09-17,,,WorthPoint
gallium,Exquisite Gem Dioptase & Zinc-bearing Dolomite-Tsumeb Mine-Namibia,110,2025-09-14,,,WorthPoint
gallium,"Tsumeb Mine Eye Catching Display- Gem Azurite, Malachite Ps. Azurite & Calcite",83,2025-09-14,,,WorthPoint
gallium,"43 Gm Muonionalusta Meteorite Piece Sweden, Iron Nickel AAA Gd JAL",71.95,2025-09-11,43,1.67,WorthPoint
gallium,Campo Del Cielo Iron Nickel Meteorite Argentina 3.64 Grams,12.75,2025-09-11,3.64,3.5,WorthPoint
gallium,Campo Del Cielo Iron Nickel Meteorite Argentina 5.75 Grams,12.75,2025-09-11,5.75,2.22,WorthPoint
gallium,Meteorite And Display Cube 8.2 Gram Genuine Campo Del Cielo Meteorite With COA,32.99,2025-09-08,8.2,4.02,WorthPoint
gallium,"Mining And Scientific Press January 1, 1876. American Progress By Gast; Gallium",75,2025-09-08,,,WorthPoint
gallium,ML-Direct Plus Method Lights,75,2025-09-02,,,WorthPoint
gallium,Tsumeb Mine Classic-Brilliant Blue Crystalline Azurite Crystals- Namibia,42,2025-09-02,,,WorthPoint
gallium,"""Meteorite Necklace Laser Cut Muonionalusta Meteor And 20"""" Silver Chain With COA""",34.99,2025-08-29,,,WorthPoint
gallium,"Tsumeb Mine Cabinet ~ Cuprian Smithsonite, Rosasite, Hematite, Cuprite & Calcite",74,2025-08-25,,,WorthPoint
gallium,Sun Dial - Return Journey 90/91 Uk Psych Gary Ramon Gallium Arsenide Oop Us Cd,19.95,2025-08-22,,,WorthPoint
gallium,Cray Computer Black Lanyard With White Lettering-VINTAGE,35,2025-08-21,,,WorthPoint
gallium,"102 Gm Muonionalusta Meteorite Slice Slab Sweden, Iron Nickel Ring ETCHED STAND",269.95,2025-08-21,102,2.65,WorthPoint
gallium,Meteorite And Display Cube 6.4 Gram Genuine Campo Del Cielo Meteorite With COA,29.99,2025-08-17,6.4,4.69,WorthPoint
gallium,Campo Del Cielo Iron Meteorite From Space Found In Argentina,13.99,2025-08-17,,,WorthPoint
gallium,Rich Rare & Amazing! Tsumeb Mine Classic-Cuprite & Duftite & Much More!,83,2025-08-14,,,WorthPoint
gallium,Meteorite And Display Cube 9.0 Gram Genuine Campo Del Cielo Meteorite With COA,32.99,2025-08-06,9,3.67,WorthPoint
gallium,Tsumeb Mine Gem Rainbow Cerussite & Mottramite On Hematite Rich Matrix,72,2025-08-04,,,WorthPoint
gallium,NHX RC B6 Nex 50W AC /200W DC Charger + 3S 11.1V 6500mAh 60C Lipo Battery W/XT60,119.95,2025-08-03,,,WorthPoint
gallium,Spektrum RC S100 Smart Charger W/USB-C Power Supply Combo SPMXC2090P,54.95,2025-08-01,,,WorthPoint
gallium,"99.99% GALLIUM--Apex Mine, Utah--Glass Vial With October, 1986 Label! Unique!",49,2025-08-01,,,WorthPoint
gallium,Campo Del Cielo Iron Nickel Meteorite Lot Argentina 26.02 Grams,31.27,2025-07-26,26.02,1.2,WorthPoint
gallium,Campo Del Cielo Iron Nickel Meteorite Lot Argentina 25.24 Grams,31.27,2025-07-26,25.24,1.24,WorthPoint
gallium,Campo Del Cielo Iron Nickel Meteorite Argentina 3.84 Grams,12.75,2025-07-24,3.84,3.32,WorthPoint
gallium,"Tsumeb Mine Dazzling Crystalline Aragonite, Cuprite & Gem Malachite Amazing View",45,2025-07-21,,,WorthPoint
gallium,"3296 Gm Muonionalusta Meteorite Sweden, 7.2 Lb Iron Nickel BEAUTIFUL JAL",3999.95,2025-07-17,3296,1.21,WorthPoint
gallium,"60 Gm Muonionalusta Meteorite Slice Slab Sweden, Iron Nickel Ring ETCHED STAND",161.95,2025-07-16,60,2.7,WorthPoint
gallium,Campo Del Cielo Iron Nickel Meteorite Argentina 4.04 Grams,12.75,2025-07-14,4.04,3.16,WorthPoint
gallium,"77 Gm Muonionalusta Meteorite Slab Sweden, Iron Nickel Ring ETCHED STAND",206.95,2025-07-14,77,2.69,WorthPoint
gallium,"Meteorite**Seymchan, Pallasite**3.800 Grams, Gorgeous Olivine Crystals!!!",78.77,2025-07-14,3.8,20.73,WorthPoint
gallium,"2310 Gm Muonionalusta Meteorite Sweden, 15+ Lbs Iron Nickel AAA Gd JAL",3149.95,2025-07-13,2310,1.36,WorthPoint
gallium,"63 Gm Muonionalusta Meteorite Slice Slab Sweden, Iron Nickel Ring ETCHED STAND",170.95,2025-07-10,63,2.71,WorthPoint
gallium,"Bonum Gohym 1 Delta Ii Satcom Space Launch Nov. 22, 1998 Patch (afh) Nasa Usaf",15,2025-07-08,,,WorthPoint
gallium,Meteorite And Display Cube 8.7 Gram Genuine Campo Del Cielo Meteorite With COA,32.99,2025-07-07,8.7,3.79,WorthPoint
gallium,"Gallium Liquid Metal 100 Grams, 99.99% Pure Melting - Two 50g Silver",134.41,2025-07-06,100,1.34,WorthPoint
gallium,"45 Gm Muonionalusta Meteorite Slice Slab Sweden, Iron Nickel Ring ETCHED STAND",125.96,2025-07-05,45,2.8,WorthPoint
gallium,"65 Gm Muonionalusta Meteorite End Piece Sweden, Iron Nickel Ring ETCHED STAND",179.95,2025-07-04,65,2.77,WorthPoint
gallium,"94 Gm Muonionalusta Meteorite Slab Sweden, Iron Nickel Ring ETCHED STAND",260.95,2025-07-03,94,2.78,WorthPoint
gallium,Sun Dial - Other Way Out (Gallium Arsenide) CD Album Psych Rock,14.99,2025-07-01,,,WorthPoint
gallium,"124 Gm Muonionalusta Meteorite End Piece Sweden, Iron Nickel Ring ETCHED STAND",341.96,2025-06-29,124,2.76,WorthPoint
gallium,"85 Gm Muonionalusta Meteorite End Piece Sweden, Iron Nickel Ring ETCHED STAND",233.95,2025-06-29,85,2.75,WorthPoint
gallium,Ussf-7- X-37b Orbital Test Vehicle Otv 7 Atlas-v Boeing Ula Usaf Dod Space Patch,12.95,2025-06-28,,,WorthPoint
gallium,Campo Del Cielo Meteorite Slice Widmanst√§tten Patterns Argentina COA 6244,39.95,2025-06-28,,,WorthPoint
gallium,"50 Gm Muonionalusta Meteorite Slice Slab Sweden, Iron Nickel Ring ETCHED STAND",134.96,2025-06-22,50,2.7,WorthPoint
gallium,"35 Gm Muonionalusta Meteorite Slice Slab Sweden, Iron Nickel Ring ETCHED STAND",98.96,2025-06-21,35,2.83,WorthPoint
gallium,"112 Gm Muonionalusta Meteorite Slice Slab Sweden, Iron Nickel Ring ETCHED STAND",305.96,2025-06-16,112,2.73,WorthPoint
gallium,NHX RC B6 Nex 50W AC / 200W DC Bluetooth Battery Charger Lipo Life LiHV Nimh,69.95,2025-06-16,,,WorthPoint
gallium,10.46kg Campo Del Cielo Iron Meteorite,5520,2025-06-15,10460,0.53,WorthPoint
gallium,Millennium Mimetite-Tsumeb Mine Classic-Malachite Spheres,140,2025-06-10,,,WorthPoint
gallium,Rare GGG Gadolinium Gallium Garnet #44 #38 EXCLUSIVE FOR Ohagi_saito,26.94,2025-06-09,,,WorthPoint
gallium,AFSPC-5 - OTV-4 - X-37B ORBITAL TEST VEHICLE - VAFB 30SW USAF DOD Launch PATCH,15.95,2025-06-08,,,WorthPoint
gallium,Amazing Tsumeb Mine Rarity! Spectacular Show Specimen! Rare Minerals!,165,2025-06-08,,,WorthPoint
gallium,"130 Gm Muonionalusta Meteorite Slice Slab Sweden, Iron Nickel Ring ETCHED STAND",269.95,2025-06-07,130,2.08,WorthPoint
gallium,Pristine Prisms Of Emerald Green Grandeur-Dioptase & Calcite-Tsumeb Mine,65,2025-06-03,,,WorthPoint
gallium,AGOUDAL Iron Meteorite IMILCHIL Individual Specimen Natural Patina MOROCCO,6.99,2025-06-02,,,WorthPoint
gallium,Stunning! Tsumeb Mine Small Cabinet! Calcite & Malachite Incl. Calcite & Duftite,180,2025-06-01,,,WorthPoint
gallium,Famous Tsumeb Mine Classic Study Of Mineral Metamorphosis-Included Calcite,47,2025-06-01,,,WorthPoint
gallium,Campo Del Cielo Iron Nickel Meteorite Lot Argentina 25.32 Grams,34.75,2025-06-01,25.32,1.37,WorthPoint
gallium,"50 Gm Muonionalusta Meteorite Slab Sweden, Iron Nickel Ring ETCHED STAND",152.95,2025-05-28,50,3.06,WorthPoint
gallium,"41 Gm Muonionalusta Meteorite End Piece Sweden, Iron Nickel Ring ETCHED STAND",116.96,2025-05-27,41,2.85,WorthPoint
gallium,ITT Defense Phased Array Radar Gallium Arsenide Chip Vintage Print Ad 1989,9.99,2025-05-26,,,WorthPoint
gallium,Meteorite Pendant Laser Cut Muonionalusta Meteorite & 20 Inch Silver Chain,34.99,2025-05-25,,,WorthPoint
gallium,Campo Del Cielo Iron Nickel Meteorite Argentina 3.78 Grams,12.75,2025-05-23,3.78,3.37,WorthPoint
gallium,Tsumeb Mine Ball Form Malachite & Duftite On Crystalline Aragonite Aesthetic !,63,2025-05-21,,,WorthPoint
gallium,"100 Gm Muonionalusta Meteorite Slab Sweden, Iron Nickel Ring ETCHED STAND",269.95,2025-05-20,100,2.7,WorthPoint
gallium,"158 Gm Muonionalusta Etched Meteorite Triple Cut Sweden, .3 Lb Iron Nickel",359.96,2025-05-19,158,2.28,WorthPoint
gallium,Spektrum 65W USB-C Power Supply,24.99,2025-05-18,,,WorthPoint
gallium,**FREE SHIPPING** Ga Metal In Ampoule 0.9999 Purity 1g**FREE SHIPPING**,7.5,2025-05-17,1,7.5,WorthPoint
gallium,"216 Gm Muonionalusta Meteorite Slab Sweden, Iron Nickel Ring ETCHED",494.96,2025-05-15,216,2.29,WorthPoint
gallium,Spektrum 65W USB-C GaN Power Supply SPMX-1027,19.59,2025-05-11,,,WorthPoint
gallium,"Gallium Metal 50 Grams, 99.99% Pure Melting - 50g Vial Silver",76.5,2025-05-11,50,1.53,WorthPoint
gallium,10 Grams Of .999999 Ultra High Purity Gallium Metal - Glass Vial - Grimm Metals,29.99,2025-05-09,10,3,WorthPoint
gallium,1960 Press Photo LA Calif GE Tunnel Diode Made Of Gallium Arsenide,24.99,2025-05-09,,,WorthPoint
gallium,"New Upgrade Electric Lead Melting Pot, Metal Melting Pot For Fishing Weight A...",74.95,2025-05-09,,,WorthPoint
gallium,60+ SOLAR POWER Photovoltaic Energy Cell Design Manuals 1991 - 2014 On CD,12.99,2025-05-09,,,WorthPoint
gallium,Gallium Liquid,900,2025-05-06,,,WorthPoint
gallium,Campo Del Cielo Iron Nickel Meteorite Argentina 6.11 Grams,12.11,2025-05-05,6.11,1.98,WorthPoint
gallium,"Meteorite**Seymchan, Pallasite**11.974 Grams, Gorgeous Olivine Crystals!!!",225,2025-04-26,11.974,18.79,WorthPoint
gallium,"""Meteorite Necklace Laser Cut Genuine Muonionalusta Meteor & 20"""" Sterling Chain""",29.99,2025-04-25,,,WorthPoint
gallium,"172 Gm Muonionalusta Meteorite Slab Sweden, Iron Nickel Ring ETCHED",386.96,2025-04-22,172,2.25,WorthPoint
gallium,Campo Del Cielo Iron Nickel Meteorite Argentina 6.55 Grams,11.86,2025-04-20,6.55,1.81,WorthPoint
gallium,X260-15 Campo Del Cielo Meteorite 5 Gr Slice Pendant Widmanstatten Iron Nickel,25.99,2025-04-17,5,5.2,WorthPoint
gallium,"""Meteorite Necklace Large Sliced Genuine Muonionalusta Meteor & 20"""" Silver Chain""",44.99,2025-04-16,,,WorthPoint
gallium,Genuine Meteorite And Display Cube 6.5 Gram Campo Del Cielo Meteorite And Magnet,29.99,2025-04-16,6.5,4.61,WorthPoint
gallium,"Spektrum SPMX-1027 - USB-C Power Supply, 65@",18.22,2025-04-14,,,WorthPoint
gallium,Campo Del Cielo Iron Nickel Meteorite Lot Argentina 25.28 Grams,33.01,2025-04-13,25.28,1.31,WorthPoint
gallium,Campo Del Cielo Iron Nickel Meteorite Lot Argentina 50.28 Grams,59.75,2025-04-11,50.28,1.19,WorthPoint
gallium,Campo Del Cielo Iron Nickel Meteorite Argentina 10.16 Grams,15.75,2025-04-08,10.16,1.55,WorthPoint
gallium,1961 Alcoa Chemicals GALLIUM Vintage Print Ad,9.99,2025-04-04,,,WorthPoint
gallium,Spektrum Accessories Spektrum 65W USB-C GaN Power Supply SPMX-1027,19.59,2025-04-04,,,WorthPoint
gallium,Campo Del Cielo Iron Nickel Meteorite Lot Argentina 25.23 Grams,34.75,2025-04-01,25.23,1.38,WorthPoint
gallium,"Meteorite**Seymchan, Pallasite**6.194 Grams, Gorgeous Olivine Crystals!!!",78,2025-03-29,6.194,12.59,WorthPoint
gallium,6IN1 MINI 4 Pro Battery Charger Charging Hub 120W For DJI MINI 3 Pro Accessories,35.9,2025-03-27,,,WorthPoint
gallium,6 IN 1 Battery Charger Charging Hub 120W For DJI MINI 3 4 Pro Drone Accessories,35.98,2025-03-27,,,WorthPoint
gallium,Campo Del Cielo Iron Nickel Meteorite Lot Argentina 25.55 Grams,34.75,2025-03-25,25.55,1.36,WorthPoint
gallium,Campo Del Cielo Iron Nickel Meteorite Lot Argentina 50.24 Grams,59.75,2025-03-25,50.24,1.19,WorthPoint
gallium,"Meteorite**Seymchan, Pallasite**7.643 Grams, Gorgeous Olivine Crystals!!!",82,2025-03-24,7.643,10.73,WorthPoint
gallium,"Meteorite**Turpan 003; Iron IIIAB**12.293 Grams, Super Rare Flash Melted!!!!!!",699,2025-03-19,12.293,56.86,WorthPoint
gallium,An Important Collection Of Early English Silicon Microchip Wafers,258.95,2025-03-12,,,WorthPoint
gallium,Spektrum RC Spektrum 65W USB-C GaN Power Supply [SPMX-1027],27.99,2025-03-12,,,WorthPoint
gallium,"Meteorite**Seymchan, Pallasite**5.850 Grams, Gorgeous Olivine Crystals!!!",20.5,2025-03-10,5.85,3.5,WorthPoint
gallium,Iron Metal Space Meteorite Mineral Campo Del Cielo Argentina,19.99,2025-03-08,,,WorthPoint
gallium,"Meteorite**Seymchan, Pallasite**26.247 Grams, Gorgeous Olivine/Acid Etch Iron!!!",420,2025-03-06,26.247,16,WorthPoint
gallium,Descloizite Specimen,14.95,2025-02-28,,,WorthPoint
gallium,Muonionalusta Meteorite In Collector's Box,46.69,2025-02-28,,,WorthPoint
gallium,Tsumeb Mine Sparkler- Calcite Crystals On & Included With Malachite,65,2025-02-27,,,WorthPoint
gallium,"Meteorite**Seymchan, Pallasite**5.938 Grams, Gorgeous Olivine Crystals!!!",50.6,2025-02-24,5.938,8.52,WorthPoint
gallium,"Tsumeb Mine Emerald Isles Of Ha Long Bay Duftite On Stalactic Dolomite, Namibia",120,2025-02-22,,,WorthPoint
gallium,Pure Gallium Bottle 1KG ‚Äì 99.99% Lab-Grade ‚Äì Sealed & Unopened,650,2025-02-22,1000,0.65,WorthPoint
gallium,"Meteorite**Seymchan, Pallasite**4.651 Grams, Gorgeous Olivine Crystals!!!",35,2025-02-17,4.651,7.53,WorthPoint
gallium,Tsumeb Mine Beautiful Association-Gem Dioptase On Gem Cobaltoan Dolomite‚Ä¶Rare,63,2025-02-16,,,WorthPoint
gallium,Tsumeb Mine Beautiful Display-Conichalcite & Gem Crystalline Dolomite W. Cuprite,110,2025-02-16,,,WorthPoint
gallium,Tsumeb Mine Crystalline Beauty! Gem Cuproadamite & Calcite Crystals!,30,2025-02-14,,,WorthPoint
gallium,Tsumeb Mine Classic! Gem Cerussite Adorned W. Native Copper & Galena Crystals,34.5,2025-02-14,,,WorthPoint
gallium,"Tsumeb Mine Copper Crystal Included Calcite, Native Copper & Quartz",10,2025-02-14,,,WorthPoint
gallium,Stunning & Aesthetic Tsumeb Sparkler! Gem Mimetite On Crystaline Dolomite,10,2025-02-14,,,WorthPoint
gallium,"Rare! Tsumeb Mine Sceptered Gem Calcite On Matrix-Otavi Foothills, Namibia",10,2025-02-14,,,WorthPoint
gallium,Campo Del Cielo Meteorite Necklace Pendant LüëÄüëÄK,9.95,2025-02-11,,,WorthPoint
gallium,3 In 1 Mini 2 Battery Charger Hub For DJI MINI / Mini SE / MINI 2 Accessories US,25.9,2025-02-11,,,WorthPoint
gallium,For DJI MINI / Mini SE / MINI 2 Battery Charger Charging Hub Drone Accessories,25.95,2025-02-11,,,WorthPoint
gallium,Super Rare! Tsumeb Cuprite Micro-Crystals On Massive Cuprite Crystal & Cerussite,650,2025-02-09,,,WorthPoint
gallium,Tsumeb Mine Unique & Bizarre Mineral Formations-Wulfenite & Mimetite,83,2025-02-04,,,WorthPoint
gallium,"Rare! Tsumeb Mine Arsentsumebite Included Anglesite, Anglesite & Arsentsumebite",140,2025-02-03,,,WorthPoint
gallium,Stunning Small Cabinet!!! Tsumeb Mine Gem Dioptase On Snow White Calcite,140,2025-02-03,,,WorthPoint
gallium,Tsumeb Mine Golden Sparkler Mimetite W. Rare Bayldonite & Quartz,56,2025-02-03,,,WorthPoint
gallium,"Tsumeb Treasure-Brilliant Silver On A Chalcocite/Bornite Matrix-Tsumeb Mine, Nam",37,2025-01-31,,,WorthPoint
gallium,Balambala IIF Iron Meteorite 10.5 Gram Part Slice,42,2025-01-31,10.5,4,WorthPoint
gallium,Spektrum S100 1x100W USB-C Smart Charger W/ 65W USB-C Power Supply Combo,39.99,2025-01-30,,,WorthPoint
gallium,"Rich & Rare Tsumeb Mine Sparkling Zincolivenite, Quartz & Calcite Prime Display",65,2025-01-18,,,WorthPoint
gallium,Balambala IIF Iron Meteorite 6.9 Gram Part Slice,16.5,2025-01-15,6.9,2.39,WorthPoint
gallium,"Indium Metal Shot 99.99% Pure, 100 Grams",132.8,2025-01-14,100,1.33,WorthPoint
gallium,Stunning Tsumeb Mine Dioptase Crystal W. Duftite On Pristine White Calcite,120,2025-01-10,,,WorthPoint
gallium,Tsumeb Mine Unusual Echidna Form Malachite Crystals & Calcite,34,2025-01-06,,,WorthPoint
gallium,"Tsumeb Mine Pastel, Pearly-Pink Cobaltoan Dolomite W. Wulfenite & More!",38,2025-01-06,,,WorthPoint
gallium,Tsumeb Mine Gem Cuproadamite & Calcite Crystals Stunning !,42,2025-01-05,,,WorthPoint
gallium,"Tsumeb Mine Illusion Smithsonite, Duftite & Hematite-Through The Looking Glass",65,2025-01-05,,,WorthPoint
gallium,Campo Del Cielo Iron Nickel Meteorite Pendant Necklace Gold Plated 6.15 Grams,29.75,2025-01-04,6.15,4.84,WorthPoint
gallium,Tsumeb Mine Sparkler! Classic Association! Duftite & Malachite On Cubic Calcite,40,2024-12-27,,,WorthPoint
gallium,Spectacular & Rare Tsumeb Mine Combination! Amazing Loop Views!,150,2024-12-20,,,WorthPoint
gallium,"82 Gm Muonionalusta Meteorite TRIPLE CUT Sweden, Iron Nickel Ring ETCHED",179.95,2024-12-18,82,2.19,WorthPoint
gallium,33 US Dept Of The Interior Geo Surveys Arkansas Bauxite Deposits 299 #s1-8 15-39,56.95,2024-12-15,,,WorthPoint
gallium,Stunning! Tsumeb Mine Cuprite & Native Copper Crystals On Dolomite Rare!,45,2024-12-13,,,WorthPoint
gallium,~Tsumeb Christmas Tree~ Aesthetic Dolomite After Calcite W. Malachite,42,2024-12-11,,,WorthPoint
gallium,Campo Del Cielo Iron Nickel Meteorite Argentina 3.24 Grams,12.75,2024-12-11,3.24,3.94,WorthPoint
gallium,Stones And Minerals Collection #21: Tumbled Stones And Shards,2.36,2024-12-10,,,WorthPoint
gallium,15 Piece Metal Element Cubes - Density Cube Set For A Periodic Table Of Elements,88.53,2024-12-08,,,WorthPoint
gallium,Genuine Meteorite And Display Cube 7.4 Gram Campo Del Cielo Meteorite And Magnet,29.99,2024-12-08,7.4,4.05,WorthPoint
gallium,Rare & Beautiful! Tsumeb Mine Calcite Included W. Malachite Crystals,120,2024-12-07,,,WorthPoint
gallium,Genuine Meteorite And Display Cube 9.1 Gram Campo Del Cielo Meteorite And Magnet,32.99,2024-12-06,9.1,3.63,WorthPoint
gallium,Exquisite! Tsumeb Mine Gem Quality Dioptase Small Cabinet,122,2024-12-06,,,WorthPoint
gallium,Genuine Meteorite And Display Cube 7.8 Gram Campo Del Cielo Meteorite And Magnet,29.99,2024-12-05,7.8,3.84,WorthPoint
gallium,AGOUDAL ORIENTED Iron Meteorite IMILCHIL Specimen Natural Patina MOROCCO,34.39,2024-12-03,,,WorthPoint
gallium,Tsumeb Mine Sparkling Beauty! Hematite Included Transparent Calcite Cubes,45,2024-12-02,,,WorthPoint
gallium,LEGO Jurassic World: Gallimimus And Pteranodon Breakout (75940),28,2024-11-30,,,WorthPoint
gallium,Tsumeb Mine Royal Red Beauty-Gem Cuprite Crystals On Massive Cuprite,65,2024-11-29,,,WorthPoint
gallium,Tsumeb Mine Gem Rarity! Linarite On Gem Cerussite & Included In Dolomite & More!,63,2024-11-29,,,WorthPoint
gallium,Gem Quality Cuprian Smithsonite Tsumeb Mine Classic!!! Namibia,64,2024-11-23,,,WorthPoint
gallium,Tsumeb Mine Cadmium Smithsonite Included In Transparent Calcite & Willemite,45,2024-11-21,,,WorthPoint
gallium,Rich W. Brilliance & Texture! Tsumeb Mine Beauty-Calcite On Mottramite,28,2024-11-21,,,WorthPoint
gallium,"Tsumeb Mine Complex Associations: Cobaltoan Smithsonite, Tennantite & Galena",54,2024-11-21,,,WorthPoint
gallium,MINI 4 Pro Battery Charger 120W Charging Hub For DJI MINI 3 Pro Accessories US,39.95,2024-11-19,,,WorthPoint
gallium,8.0Grams IRON METAL SPACE METEORITE MINERAL CAMPO DEL CIELO ARGENTINA,9.95,2024-11-19,8,1.24,WorthPoint
gallium,"Tsumeb Mine -Sawdo Collection- Dioptase, Duftite & Dolomite Cabinet!",125,2024-11-18,,,WorthPoint
gallium,Spektrum RC Spektrum 65W USB-C GaN Power Supply SPMX-1027 SPMX1027 : For S100,27.95,2024-11-15,,,WorthPoint
gallium,"Stunning! Tsumeb Mine Rich & Rare-Azurite, Cuprian Adamite & Arsentsumebite",83,2024-11-13,,,WorthPoint
gallium,Genuine Meteorite And Display Cube 4.8 Gram Campo Del Cielo Meteorite And Magnet,27.99,2024-11-12,4.8,5.83,WorthPoint
gallium,Campo Del Cielo Iron Nickel Meteorite Argentina 73.05 Grams,77.75,2024-11-10,73.05,1.06,WorthPoint
gallium,"Rare & Exquisite! Tsumeb Mine Gem Azurite, Malachite & The Rare Arsentsumebite",56,2024-11-07,,,WorthPoint
gallium,Meteorite Pendant & 20 Inch Silver Chain Necklace - Real Muonionalusta Meteorite,29.99,2024-11-06,,,WorthPoint
gallium,Tsumeb Mine Azurite With Brilliant Faces & Wonderful Contrasts,65,2024-11-02,,,WorthPoint
gallium,"Keychain Pools Famous 8 Ball Made Out Of Elements NI, CU, ZN, GE, CO",10,2024-11-01,,,WorthPoint
gallium,Military Light Emitting Diode Green JANM19500/52101 M1950052101 5980-01-207-9586,26.99,2024-10-30,,,WorthPoint
gallium,"Historical Brochantite, Serperierite & Linarite-Tsumeb Mine-Ex Warren Taylor",49,2024-10-27,,,WorthPoint
gallium,Rich & Rare Tsumeb Mine Classic! Tarnowitzite Included W. Malachite,65,2024-10-27,,,WorthPoint
gallium,1960's NEMS ENT LTD. The Beatles Gold Tone Charm Bracelet - Missing George Charm,15.5,2024-10-25,,,WorthPoint
gallium,Balambala IIF Iron Meteorite 13.1 Gram Part Slice,102.5,2024-10-24,13.1,7.82,WorthPoint
gallium,"125 Gm Muonionalusta Meteorite Slab Sweden, Iron Nickel Ring ETCHED",287.95,2024-10-24,125,2.3,WorthPoint
gallium,PENDANT 8.1grams IRON METAL SPACE METEORITE MINERAL CAMPO DEL CIELO ARGENTINA,7.95,2024-10-23,8.1,0.98,WorthPoint
gallium,"136 Gm Muonionalusta Meteorite WEDGE CUT Sweden, Iron Nickel Ring ETCHED",296.96,2024-10-17,136,2.18,WorthPoint
gallium,"120 Gm Muonionalusta Meteorite Slab Sweden, Iron Nickel Ring ETCHED",269.95,2024-10-16,120,2.25,WorthPoint
gallium,Campo Del Cielo Iron Nickel Meteorite Lot Argentina 25.27 Grams,29.75,2024-10-13,25.27,1.18,WorthPoint
gallium,Balambala IIF Iron Meteorite 14.6 Gram Part Slice,104.5,2024-10-04,14.6,7.16,WorthPoint
gallium,"Tsumeb Mine Classic! Gem Azurite On Cerussite Crystals, Namibia",45,2024-10-03,,,WorthPoint
gallium,3 In 1 Mini 2 Battery Charger Hub For DJI MINI/mini SE /MINI 2 Drone Accessories,29.5,2024-09-22,,,WorthPoint
gallium,"84 Gm Muonionalusta Meteorite End Cut Sweden, Iron Nickel Ring ETCHED",188.95,2024-09-22,84,2.25,WorthPoint
gallium,"111 Gm Muonionalusta Meteorite Slab Sweden, Iron Nickel Ring ETCHED",251.95,2024-09-20,111,2.27,WorthPoint
gallium,Rare Tsumeb Classic!!! Bayldonite With Minor Cuprian Adamite On Matrix,52,2024-09-20,,,WorthPoint
gallium,Campo Del Cielo Iron Nickel Meteorite Argentina 54.77 Grams,58.75,2024-09-18,54.77,1.07,WorthPoint
gallium,Campo Del Cielo Iron Nickel Meteorite Argentina 73.51 Grams,77.75,2024-09-16,73.51,1.06,WorthPoint
gallium,Genuine Meteorite And Display Cube 6.4 Gram Campo Del Cielo Meteorite And Magnet,29.99,2024-09-16,6.4,4.69,WorthPoint
gallium,Campo Del Cielo Iron Nickel Meteorite Argentina 58.69 Grams,62.75,2024-09-14,58.69,1.07,WorthPoint
gallium,HOTA H24 245W GaN Gallium Nitride AC Adapter,69,2024-09-14,,,WorthPoint
gallium,"165 Gm Muonionalusta Meteorite Slab Sweden, Iron Nickel Ring ETCHED",359.96,2024-09-03,165,2.18,WorthPoint
gallium,"115 Gm Muonionalusta Meteorite Slab Sweden, Iron Nickel Ring ETCHED",269.95,2024-08-31,115,2.35,WorthPoint
gallium,Tsumeb Mine Crimson Pyramids-Spectacular Gem Cuprite Crystals With Cerussite,56,2024-08-30,,,WorthPoint
gallium,Spectacular Tsumeb Mine Gem Cuprite Crystals! Conichalcite & Calcite Crystals,57,2024-08-29,,,WorthPoint
gallium,Genuine Meteorite And Display Cube 7.6 Gram Campo Del Cielo Meteorite And Magnet,29.99,2024-08-24,7.6,3.95,WorthPoint
gallium,Perkins Sams Style Sharkskin Azurite-Tsumeb Mine - Very Rare! Ex Armin Schoeler,90,2024-08-23,,,WorthPoint
gallium,OTV 4 - X-37B ORBITAL TEST VEHICLE - VAFB 30SW USAF DOD SPACE PLANE Launch PATCH,14.95,2024-08-21,,,WorthPoint
gallium,"141 Gm Muonionalusta Meteorite Slab Sweden, Iron Nickel Ring ETCHED",323.96,2024-08-20,141,2.3,WorthPoint
gallium,1950s Dekatron NIXIE Tube Counter Radio Op Amp CK-722 Analog Transistor Circuits,48,2024-08-15,,,WorthPoint
gallium,Balambala IIF Iron Meteorite 9.4 Gram Part Slice,62,2024-08-15,9.4,6.6,WorthPoint
gallium,Military Light Emitting Diode Green JANM19500/52101 M[REDACTED] 5980-01-207-9586,26.99,2024-08-08,,,WorthPoint
gallium,Tsumeb Jeweled Fan Perfect Pink Cobaltoan Smithsonite On Calcite,32,2024-08-08,,,WorthPoint
gallium,Vintage Bell System Technical Journal 1959 Digital Servo Laddic Radio Logic More,25,2024-08-07,,,WorthPoint
gallium,"157 Gm Muonionalusta Meteorite Slab Sweden, Iron Nickel Ring ETCHED",220,2024-07-29,157,1.4,WorthPoint
gallium,South American Silver & Gold Yerba Mate Gourd & Bombilla With Stand,299,2024-07-28,,,WorthPoint
gallium,"Campo Del Cielo Meteorite Gran Chaco Gualamba Argentina COA, Display 12 Grams",29.99,2024-07-25,12,2.5,WorthPoint
gallium,Balambala IIF Iron Meteorite 13.6 Gram Part Slice,78,2024-07-25,13.6,5.74,WorthPoint
gallium,"Tsumeb Mine Malachite, Copper Crystals, Cuprite & Calcite-Florescent!",56,2024-07-19,,,WorthPoint
gallium,Beautiful Rich & Rare! Tsumeb Mine Tri-Form Willemite Classic!,57,2024-07-18,,,WorthPoint
gallium,"Idarado Gold Mine Rich Silver Ore Slab Heavy In Pure Silver, Specimen Or Cab",96,2024-07-18,,,WorthPoint
gallium,Sierra Leone - 2022 Chemist Dmitri Mendeleev - 4 Stamp Sheet - SRL220161a,14.15,2024-07-17,,,WorthPoint
gallium,Balambala IIF Iron Meteorite 20.3 Gram Part Slice,152.5,2024-07-17,20.3,7.51,WorthPoint
gallium,Sphalerite Crystal Aura Rainbow Lunar Moon Crazy Deep Colors Approx. 123 Grams,8,2024-07-15,123,0.07,WorthPoint
gallium,"92 Gm Muonionalusta Meteorite Slab Sweden, Iron Nickel Ring ETCHED",206.95,2024-07-14,92,2.25,WorthPoint
gallium,Spektrum SMART S100 1x100W USB-C Smart Charger 65W USB-C GaN Power Supply Combo,39.99,2024-07-14,,,WorthPoint
gallium,Campo Del Cielo Iron Nickel Meteorite Argentina 65.77 Grams,69.75,2024-07-12,65.77,1.06,WorthPoint
gallium,Brilliant Tsumeb Mine Dioptase Frosted W. Crystalline Conichalcite,48,2024-07-11,,,WorthPoint
gallium,Highly Lustrous Tsumeb Classic!!! Dioptase On Calcite W. Duftite Cabinet,280,2024-07-10,,,WorthPoint
gallium,6800 GM. NEW CAMPO DEL CIELO METEORITE ; AAA GRADE 15 LBs.,1999,2024-07-10,6800,0.29,WorthPoint
gallium,6IN1 Battery Charger 120W Charging Hub For DJI Mavic AIR 2 2S Drone Accessories,48.9,2024-07-07,,,WorthPoint
gallium,Campo Del Cielo Iron Nickel Meteorite Lot Argentina 100.29 Grams,106.75,2024-07-03,100.29,1.06,WorthPoint
gallium,Tsumeb Mine Classic! Rosy To Peachy Cobaltoan Smithsonite & Pyrite,54,2024-07-03,,,WorthPoint
gallium,A Top-quality Specimen Of SPHALERITE (an Important Volcanogenic...,274.41,2024-07-03,,,WorthPoint
gallium,Pack Of 10 Sticky Gel Carrier Boxes (75x55x15 Mm) For Delicate Materials Storage,68.95,2024-06-30,,,WorthPoint
gallium,"62 Gm Muonionalusta Meteorite End Cut Sweden, Iron Nickel Ring ETCHED",143.96,2024-06-29,62,2.32,WorthPoint
gallium,(x262-690) 330 G Campo Del Cielo Iron Meteorite 1576 Argentina Fragment Specimen,218.99,2024-06-28,330,0.66,WorthPoint
gallium,6IN1 Intelligent Battery Charger Hub 120W For DJI Mavic AIR 2 2S Drone Accessory,48.95,2024-06-27,,,WorthPoint
gallium,6IN1 Battery Charger Charging Hub 120W For DJI Mavic AIR 2 2S Drone Accessories,48.99,2024-06-27,,,WorthPoint
gallium,"Stunningly Rich Tsumeb Classic! Azurite, Malachite Ps. Azurite & Dolomite",40,2024-06-19,,,WorthPoint
gallium,"Idarado Gold Mine, Rich Silver Ore Slab, Heavy In Pure Silver, Specimen Or Cab",82.01,2024-06-19,,,WorthPoint
gallium,"114 Gm Muonionalusta Etched Meteorite Triple Cut Sweden, .3 Lb Iron Nickel",269.95,2024-06-18,114,2.37,WorthPoint
gallium,Balambala IIF Iron Meteorite 28 Gram Part Slice,105.5,2024-06-15,28,3.77,WorthPoint
gallium,"2142 Gm Muonionalusta Meteorite Sweden, 4.7 Lb Iron Nickel Patina",2249.95,2024-06-12,2142,1.05,WorthPoint
gallium,(x262-430) 14 G Campo Del Cielo Meteorite 1576 Octahedrite Fragment Specimen,31.99,2024-06-11,14,2.28,WorthPoint
gallium,"Press Photo Wesley R. Collins Finds Gallium In Ground Dug For Swimming Pool, CA",9.99,2024-06-10,,,WorthPoint
gallium,"171 Gm Muonionalusta Meteorite Slab Sweden, Iron Nickel Ring ETCHED",404.96,2024-06-09,171,2.37,WorthPoint
gallium,Russia Famous Chemistry Scientist Mendeleev Periodic Table Stamp 1934 A-11,5.99,2024-06-03,,,WorthPoint
gallium,Tsumeb! Rare & Unusual Malachite Replacing Prismatic Gem Azurites,143,2024-06-03,,,WorthPoint
gallium,1960 JAMAICA $10 World Currency Note Grades Extremely Fine (NUM6866),20,2024-06-01,,,WorthPoint
gallium,"Meteorite Pendant Genuine Muonionalusta Space Gem & 20"" Silver Chain Necklace",34.99,2024-06-01,,,WorthPoint
gallium,Tsumeb Classic-Ex: Christian Rewitzer-Rare Willemite Crystals With Dolomite,42,2024-06-01,,,WorthPoint
gallium,Tsumeb Mine Pastel Beauty Classic! Cobaltoan Smithsonite & Aragonite!,40,2024-05-30,,,WorthPoint
gallium,Brilliant! Tsumeb Mine Classic-Gem Azurite On Cerussite Rich Matrix,42,2024-05-30,,,WorthPoint
gallium,Tsumeb Mine Crystalline Beauty! Cubic Calcite On Gem Mottramite!,110,2024-05-29,,,WorthPoint
gallium,Balambala IIF Iron Meteorite 22.4 Gram Part Slice,77.2,2024-05-29,22.4,3.45,WorthPoint
gallium,"97 Gm Muonionalusta Meteorite Slab Sweden, Iron Nickel Ring ETCHED",224.95,2024-05-24,97,2.32,WorthPoint
gallium,"306 Gm Muonionalusta Meteorite Slab Sweden, .7 Lb Iron Nickel Ring ETCHED",674.95,2024-05-24,306,2.21,WorthPoint
gallium,"78 Gm Muonionalusta Meteorite Slab Sweden, Iron Nickel Ring ETCHED",179.95,2024-05-24,78,2.31,WorthPoint
gallium,"69 Gm Muonionalusta Meteorite Slab Sweden, Iron Nickel Ring ETCHED",170.95,2024-05-24,69,2.48,WorthPoint
gallium,Two Henbury Metorites,600,2024-05-14,,,WorthPoint
gallium,"71 Gm Muonionalusta Meteorite Slab Sweden, Iron Nickel Ring ETCHED",153.85,2024-05-14,71,2.17,WorthPoint
gallium,Balambala IIF Iron Meteorite 15.4 Gram Part Slice,117.5,2024-05-13,15.4,7.63,WorthPoint
gallium,Tsumeb Mine Pink Beauty! Duftite On Cobaltoan Dolomite Matrix!,64,2024-05-09,,,WorthPoint
gallium,"51 Gm Muonionalusta Etched Meteorite MULTI Cut Sweden, Iron Nickel",111.11,2024-05-08,51,2.18,WorthPoint
gallium,Fascinating! Tsumeb Mine Dioptase And Crystalline Fibrous Malachite,46,2024-05-07,,,WorthPoint
gallium,Gallium Element Cube,97.58,2024-05-03,,,WorthPoint
gallium,"53 Gm Muonionalusta Meteorite Slab Sweden, Iron Nickel Ring ETCHED",119.66,2024-05-02,53,2.26,WorthPoint
gallium,Tsumeb Mine Crystalline Fantasy-Gem Quality Dioptase And Duftite W. Quartz,60,2024-05-02,,,WorthPoint
gallium,Aesthetic Tsumeb Display: Copper Saturated Rosasite On Pristine Calcite Crystals,47,2024-05-02,,,WorthPoint
gallium,Gold Plated Intricately Detailed Ornate Religious Cross Wall Hanging W/ Box,16.99,2024-04-27,,,WorthPoint
gallium,Tsumeb Classic! Richly Covered- Mimetite With Chalcotrichite & Aragonite,38,2024-04-26,,,WorthPoint
gallium,Balambala IIF Iron Meteorite 25.8 Gram Part Slice,242.5,2024-04-25,25.8,9.4,WorthPoint
gallium,57 Gm Muonionalusta Meteorite Slice Sweden Iron Nickel Ring,112.46,2024-04-21,57,1.97,WorthPoint
gallium,"Vintage ""CRAY RESEARCH - Cray 3 (2 PCB) Option Chip- 1991. RARE",25,2024-04-20,,,WorthPoint
gallium,Campo Del Cielo Iron Meteorite Crystal ~ Attractive Shape ~ 0.44 Grams,9.25,2024-04-11,0.44,21.02,WorthPoint
gallium,Campo Del Cielo Iron Nickel Meteorite Argentina 6.20 Grams,12.75,2024-04-09,6.2,2.06,WorthPoint
gallium,Campo Del Cielo Iron Nickel Meteorite Argentina 10.40 Grams,15.75,2024-04-08,10.4,1.51,WorthPoint
gallium,200 Grams !!! 99.9% Pure. Lab Grade. Melts In Your Hand!,140.99,2024-04-05,200,0.7,WorthPoint
gallium,"79 Gm Muonionalusta Meteorite Slab Sweden, Iron Nickel Ring ETCHED",179.95,2024-04-04,79,2.28,WorthPoint
gallium,"Genuine Meteorite And Display Cube, 8.5 Gram Campo Del Cielo Meteorite W/magnet",29.99,2024-04-04,8.5,3.53,WorthPoint
gallium,47 Gm Muonionalusta Meteorite Slice Sweden Iron Nickel Ring,89.96,2024-03-28,47,1.91,WorthPoint
gallium,Harmon Kardon Citation A Peamplifier,275,2024-03-28,,,WorthPoint
gallium,2 Muonionalusta Meteorite Cut End Pieces 150 Gms Total,225,2024-03-27,150,1.5,WorthPoint
gallium,"91 Gm Muonionalusta Meteorite Slab Sweden, Iron Nickel Ring ETCHED",224.95,2024-03-26,91,2.47,WorthPoint
gallium,2 Muonionalusta Meteorite Cut End Pieces 178 Gms Total,267,2024-03-21,178,1.5,WorthPoint
gallium,"208 Gm Muonionalusta Meteorite END PIECE Sweden, ETCHED .5LBS",449.96,2024-03-21,208,2.16,WorthPoint
gallium,"72 Gm Muonionalusta Meteorite Slab Sweden, .15 Lb Iron Nickel Ring ETCHED",179.95,2024-03-21,72,2.5,WorthPoint
gallium,"102 Gm Muonionalusta Meteorite END PIECE Sweden, ETCHED",233.95,2024-03-21,102,2.29,WorthPoint
gallium,"65 Gm Muonionalusta Meteorite END PIECE Sweden, ETCHED",134.96,2024-03-21,65,2.08,WorthPoint
gallium,"66 Gm Muonionalusta Meteorite Slab Sweden, .14 Lb Iron Nickel Ring ETCHED",161.95,2024-03-21,66,2.45,WorthPoint
gallium,"77 Gm Muonionalusta Meteorite Slab Sweden, .14 Lb Iron Nickel Ring ETCHED",188.95,2024-03-21,77,2.45,WorthPoint
gallium,"84 Gm Muonionalusta Meteorite Slab Sweden, .17 Lb Iron Nickel Ring ETCHED",197.95,2024-03-21,84,2.36,WorthPoint
gallium,"60 Gm Muonionalusta Meteorite Slab Sweden, .13 Lb Iron Nickel Ring ETCHED",161.95,2024-03-21,60,2.7,WorthPoint
gallium,"81 Gm Muonionalusta Meteorite Slab Sweden, .17 Lb Iron Nickel Ring ETCHED",197.95,2024-03-21,81,2.44,WorthPoint
gallium,Campo Del Cielo Iron Nickel Meteorite Lot Argentina 50.12 Grams,56.75,2024-03-20,50.12,1.13,WorthPoint
gallium,5.5gram CAMPO DEL CIELO IRON METEORITE FROM SPACE FOUND IN ARGENTINA,9.99,2024-03-19,5.5,1.82,WorthPoint
gallium,"92 Gm Muonionalusta Meteorite END PIECE Sweden, .7 Lb ETCHED",224.95,2024-03-19,92,2.45,WorthPoint
gallium,100 Grams 99.9% Pure. Lab Grade. Melts In Your Hand!,89.99,2024-03-18,100,0.9,WorthPoint
gallium,Galium Metal 50g Of 99.99% Pure Liquid Melting Metal,57.99,2024-03-15,50,1.16,WorthPoint
gallium,Campo Del Cielo Iron Nickel Meteorite Argentina 10.77 Grams,15.75,2024-03-10,10.77,1.46,WorthPoint
gallium,Campo Del Cielo Iron Nickel Meteorite Lot Argentina 50.19 Grams,56.75,2024-03-10,50.19,1.13,WorthPoint
gallium,"232 Gm Muonionalusta Meteorite Sweden ETCHED SLICE, Iron Nickel AAA Gd .5 LB",539.96,2024-03-09,232,2.33,WorthPoint
gallium,Campo Del Cielo Iron Nickel Meteorite Argentina 3.57 Grams,12.75,2024-03-04,3.57,3.57,WorthPoint
gallium,"128 Gm Muonionalusta Meteorite Sweden ETCHED SLICE, Iron Nickel AAA Gd",301.46,2024-02-29,128,2.36,WorthPoint
gallium,Lot Of (12) Vintage Books Microwaves Phase Locked Loops Oscillators Circuits,40,2024-02-22,,,WorthPoint
gallium,"134 Gm Muonionalusta Meteorite Sweden ETCHED SLICE, Iron Nickel AAA Gd",301.46,2024-02-21,134,2.25,WorthPoint
gallium,"256 Gm Muonionalusta Meteorite Sweden ETCHED PAIR, Iron Nickel AAA Gd",449.96,2024-02-17,256,1.76,WorthPoint
gallium,100g Galium Metal 50g X 2 Of 99.99% Pure Liquid Melting Metal,97.99,2024-02-17,100,0.98,WorthPoint
gallium,"438 Gm Muonionalusta Meteorite Sweden, 1 Lb Iron Nickel",476.96,2024-02-14,438,1.09,WorthPoint
gallium,Ancient Silver Coin Horse Head On One Side,62,2024-02-13,,,WorthPoint
gallium,"Meteorite Heart Necklace Laser Cut Muonionalusta Meteor & 20"" Sterling Chain",34.99,2024-02-06,,,WorthPoint
gallium,"Meteorite Heart Necklace Give Her The Stars - Genuine Pendant & 20"" Silver Chain",34.99,2024-02-02,,,WorthPoint
gallium,Meteorite Necklace Genuine Sliced Muonionalusta Meteor & 20 Inch Silver Chain,37.99,2024-01-31,,,WorthPoint
gallium,Balambala IIF Iron Meteorite 4.1 Gram Part Slice,26,2024-01-31,4.1,6.34,WorthPoint
gallium,Smithsonian IC History Kilby 68000 Intel 4004 1101 RAM Z80 RCA 1802 Fairchild F8,55,2024-01-23,,,WorthPoint
gallium,NATIVE SILVER On Calcite Specimen Crystal Cluster Natural Mineral MOROCCO RARE,179.99,2024-01-22,,,WorthPoint
gallium,12.2grams IRON METAL SPACE METEORITE MINERAL CAMPO DEL CIELO ARGENTINA,19.5,2024-01-20,12.2,1.6,WorthPoint
gallium,Campo Del Cielo Iron Meteorite Crystal: 15-25 Grams,30,2024-01-14,25,1.2,WorthPoint
gallium,Galium Metal Science Experiment 10g Of 99.99% Pure,20,2024-01-13,10,2,WorthPoint
gallium,Unique Gibeon Meteorite Envelope Opener 46.3 G,202.5,2024-01-13,46.3,4.37,WorthPoint
gallium,PENDANT 4.8grams IRON METAL SPACE METEORITE MINERAL CAMPO DEL CIELO ARGENTINA,7.99,2024-01-13,4.8,1.66,WorthPoint
gallium,Campo Del Cielo Iron Meteorite Crystal: 81.6g,2523,2024-01-08,81.6,30.92,WorthPoint
gallium,Balambala IIF Iron Meteorite 14.8 Gram Part Slice,159.1,2024-01-07,14.8,10.75,WorthPoint
gallium,CPU Photo History Bell Labs Intel 4004 1103 RAM RCA 1802 Z80 TMS9900 MC68000 IBM,55,2024-01-06,,,WorthPoint
gallium,PENDANT 2.5grams IRON METAL SPACE METEORITE MINERAL CAMPO DEL CIELO ARGENTINA,7.5,2024-01-03,2.5,3,WorthPoint
gallium,PENDANT! 3.4grams IRON METAL SPACE METEORITE MINERAL CAMPO DEL CIELO ARGENTINA,7.5,2024-01-01,3.4,2.21,WorthPoint
gallium,Campo Del Cielo Iron Nickel Meteorite Argentina 6.15 Grams,12.75,2023-12-31,6.15,2.07,WorthPoint
gallium,RARE SPACE SHUTTLE Original PATCH NASA WAKE SHIELD FACILITY FLIGHT PROGRAM,26,2023-12-31,,,WorthPoint
gallium,Campo Del Cielo Iron Meteorite Crystal: 45.9g,47,2023-12-28,45.9,1.02,WorthPoint
gallium,Galium Metal Science Experiment 50g Of 99.99% Pure,59.99,2023-12-27,50,1.2,WorthPoint
gallium,PENDANT 11.8grams IRON METAL SPACE METEORITE MINERAL CAMPO DEL CIELO ARGENTINA,15,2023-12-27,11.8,1.27,WorthPoint
gallium,Campo Del Cielo Iron Nickel Meteorite Argentina 3.47 Grams,10.84,2023-12-23,3.47,3.12,WorthPoint
gallium,Campo Del Cielo Iron Nickel Meteorite Lot Argentina 50.15 Grams,56.75,2023-12-18,50.15,1.13,WorthPoint
gallium,"Meteorite Heart Necklace Laser Cut Muonionalusta Space Rock & 20"" Sterling Chain",34.99,2023-12-16,,,WorthPoint
gallium,Balambala IIF Iron Meteorite 3.6 Gram Part Slice,51,2023-12-13,3.6,14.17,WorthPoint
gallium,6 IN 1 Battery Charger Charging Hub 120W For DJI MINI 3 Pro Drone Accessories US,45.99,2023-12-10,,,WorthPoint
gallium,"GIBEON METEORITE 3,050 G 6.725 Lbs",4500,2023-12-10,50,90,WorthPoint
gallium,Meteorite & Display Cube Real Campo Del Cielo 6.0 Gram Argentina Space Rock,38,2023-12-09,6,6.33,WorthPoint
gallium,Meteorite & Display Cube Real Campo Del Cielo 7.1 Gram Argentina Space Rock,29.99,2023-12-06,7.1,4.22,WorthPoint
gallium,"NASA, 8x10 Photo, Crew Of Space Shuttle Mission STS-77, Endeavor, #JSCCL-151",14.96,2023-12-04,,,WorthPoint
gallium,Smithsonian IC History Kilby Intel 4004 MC68000 Fairchild Micrologic Apollo AGC,59.99,2023-12-04,,,WorthPoint
gallium,Meteorite & Display Cube Real 10.5 Gram Campo Del Cielo Argentina Space Rock,41,2023-12-03,10.5,3.9,WorthPoint
gallium,Meteorite And Display Cube Real Campo Del Cielo 7.8 Gram Argentina Space Rock,27.99,2023-12-01,7.8,3.59,WorthPoint
gallium,Argentina Meteorite & Display Cube Genuine 6.2 Gram Campo Del Cielo Meteorite,27.99,2023-12-01,6.2,4.51,WorthPoint
gallium,"Vintage Bicycle Head Badge,Ôøº Ôøº Cycles Gallium Ôøº French Company",29.25,2023-11-19,,,WorthPoint
gallium,"GIBEON METEORITE SPHERE 32 Mm, 1.25"" 139 Grams",700,2023-11-18,139,5.04,WorthPoint
gallium,"Gallium 99.99% Pure - 1,000g 1 Kilogram Ga - Sealed Single Container",600,2023-11-16,,,WorthPoint
gallium,Meteorite & Display Cube Real 16.0 Gram Genuine Campo Del Cielo Meteorite,35.99,2023-11-15,16,2.25,WorthPoint
gallium,"Meteorite**NWA Unc., IRON**770.10 Gram Individual, NEW FULLY REGMAGLYPTED IRON!!",3899.99,2023-11-13,770.1,5.06,WorthPoint
gallium,SkyRC B6 Nex AC/DC Battery Charger (6S/10A/50W) [SKY-100174],99.99,2023-11-11,,,WorthPoint
gallium,Ganesha Statuette,5.72,2023-11-10,,,WorthPoint
gallium,Meteorite With Display Cube Real 13.2 Gram Campo Del Cielo Argentina Meteorite,32.99,2023-11-09,13.2,2.5,WorthPoint
gallium,CPU Photo History Moore's Law Intel 4004 8008 1103 RAM MC68000 TMS9900 Fairchild,48,2023-11-05,,,WorthPoint
gallium,TT Combat Dropfleet Commander Shaltari Caesium Cutters Pack New,27.95,2023-11-01,,,WorthPoint
gallium,"Meteorite Heart Necklace Genuine Sliced Muonionalusta Meteor & 20"" Silver Chain",29.99,2023-10-28,,,WorthPoint
gallium,Campo Del Cielo Meteorite With Display Cube Real 14.9 Gm Educational Gift,32.99,2023-10-26,14.9,2.21,WorthPoint
gallium,"Gallium Metal 50 Grams, 99.99% Pure Melting - 50g Vial",62.7,2023-10-26,50,1.25,WorthPoint
gallium,Meteorite Heart Necklace Laser Cut Muonionalusta Pendant & 20 Inch Silver Chain,29.99,2023-10-13,,,WorthPoint
gallium,Campo Del Cielo Iron Nickel Meteorite Argentina 4.51 Grams,12.75,2023-10-13,4.51,2.83,WorthPoint
gallium,Campo Del Cielo Iron Nickel Meteorite Argentina 3.96 Grams,12.75,2023-10-13,3.96,3.22,WorthPoint
gallium,Geeking Galliun Gaffs & Gimmicks By Shawn Evans - Book,24.99,2023-10-07,,,WorthPoint
gallium,Campo Del Cielo Iron Nickel Meteorite Argentina 10.31 Grams,15.75,2023-10-06,10.31,1.53,WorthPoint
gallium,"SUN DIAL ""Other Way Out"" '90 GaAs Psychedelic Acid Rock CD GARY RAMON",12,2023-10-04,90,0.13,WorthPoint
gallium,Meteor 3lb 1oz Campo Del Cielo Argentina METEORITE Iron+ Outer Space ROCK,395,2023-10-02,28.35,13.93,WorthPoint
gallium,Campo Del Cielo Iron Nickel Meteorite Lot Argentina 25.03 Grams,29.75,2023-09-28,25.03,1.19,WorthPoint
gallium,Campo Del Cielo Iron Nickel Meteorite Argentina 3.05 Grams,12.75,2023-09-28,3.05,4.18,WorthPoint
gallium,Meteorite With Display Cube 18.2 Gram Genuine Campo Del Cielo Meteorite,37.99,2023-09-27,18.2,2.09,WorthPoint
gallium,"SUN DIAL ""Return Journey"" '91 GaAs Psychedelic Rock CD GARY RAMON NEW/ SEALED",12,2023-09-26,91,0.13,WorthPoint
gallium,Campo Del Cielo Meteorite & Display Cube Genuine 17.0 Gram Argentina Space Rock,37.99,2023-09-26,17,2.23,WorthPoint
gallium,6IN1 MINI 3 Pro Battery Charger Charging Hub 120W For DJI MINI 3 Pro Accessories,49.9,2023-09-22,,,WorthPoint
gallium,Campo Del Cielo Iron Nickel Meteorite Argentina 6.91 Grams,12.75,2023-09-20,6.91,1.85,WorthPoint
gallium,55 Elements Sample Set Periodic Table Collection,139.99,2023-09-18,,,WorthPoint
gallium,"Meteorite Campo Del Cielo 6 Lbs, 2721+ Grams! Beautiful Iron Meteorite!",999.99,2023-09-15,,,WorthPoint
gallium,Campo Del Cielo Meteorite & Display Cube Real 18.2 Gram Argentina Meteorite Gift,37.99,2023-09-01,18.2,2.09,WorthPoint
gallium,"Genuine Meteorite Necklace Laser Cut Muonionalusta Meteor & 20"" Sterling Chain",29.99,2023-08-31,,,WorthPoint
gallium,Campo Del Cielo Meteorite & Display Cube Real 18.1 Gram Argentina Meteorite,37.99,2023-08-28,18.1,2.1,WorthPoint
gallium,Campo Del Cielo Iron Nickel Meteorite Argentina 10.17 Grams,15.75,2023-08-25,10.17,1.55,WorthPoint
gallium,Campo Del Cielo Meteorite With Display Cube Real 7.0 Gram Argentina Space Rock,27.99,2023-08-25,7,4,WorthPoint
gallium,Campo Del Cielo Meteorite & Display Cube Genuine 18.4 Gram Argentina Space Rock,37.99,2023-08-24,18.4,2.06,WorthPoint
gallium,ORIENTED AGOUDAL BULLET Iron Meteorite IMILCHIL Specimen Natural Patina MOROCCO,49.45,2023-08-23,,,WorthPoint
gallium,(x262-32) 4 G Campo Del Cielo Iron Meteorite 1576 Shrapnel Fragments Specimen,12.99,2023-08-22,4,3.25,WorthPoint
gallium,(x262-42) 4 G Campo Del Cielo Iron Meteorite 1576 Shrapnel Fragments Specimen,12.99,2023-08-22,4,3.25,WorthPoint
gallium,10 Grams Galinstan Liquid Metal Alloy In Plastic Bottle Melting Point 11¬∞C/52¬∞F,22.89,2023-08-14,10,2.29,WorthPoint
gallium,Vintage Bell System Technical Journal 1978 Analytical Modulation Systems,25,2023-08-13,,,WorthPoint
gallium,Campo Del Cielo Meteorite & Display Cube Genuine 21.0 Gram Argentina Space Rock,39.99,2023-08-12,21,1.9,WorthPoint
gallium,"Rock, Mineral, Crystal, Fossil & More Estate Lot Collection - No Reserve!!",23.5,2023-08-12,,,WorthPoint
gallium,Bismuth (XXL Ultra-Vivid) Crystal Cluster Rainbow Mineral Specimen Lab-Grown,39.99,2023-08-08,,,WorthPoint
gallium,Campo Del Cielo Iron Nickel Meteorite Argentina 51.25 Grams,55.75,2023-08-05,51.25,1.09,WorthPoint
gallium,Campo Del Cielo Meteorite With Display Cube Real 19.3 Gram Argentina Space Rock,39.99,2023-07-30,19.3,2.07,WorthPoint
gallium,"Genuine Meteorite Necklace Sliced Muonionalusta Meteor & 20"" Silver Chain",29.99,2023-07-26,,,WorthPoint
gallium,Locksport Lot Of Locks,41,2023-07-17,,,WorthPoint
gallium,(30) Indium Foil Metal Squares 99.995% 25x25x0.004mm,525,2023-07-09,,,WorthPoint
gallium,Bismuth (XL Ultra-Vivid) Crystal Cluster Rainbow Mineral Specimen Lab-Grown,27.99,2023-07-09,,,WorthPoint
gallium,Iridescent Bismuth Specimen Rainbow Hopper Crystal Cluster Mineral W/ ID Card,6.99,2023-07-05,,,WorthPoint
gallium,Balambala IIF Iron Meteorite 4.3g Etched Part Slice With Carbonaceous Traits,71.1,2023-07-02,4.3,16.53,WorthPoint
gallium,Balambala IIF Iron Meteorite 106.8g Etched End Cut With Carbonaceous Traits,3700,2023-07-02,106.8,34.64,WorthPoint
gallium,X260-45) 7g Campo Del Cielo Meteorite Natural Shape Space Pendant Iron Nickel,45.99,2023-06-30,7,6.57,WorthPoint
gallium,X260-25) 4.6g Campo Del Cielo Meteorite Natural Shape Space Pendant Iron Nickel,34.99,2023-06-30,4.6,7.61,WorthPoint
gallium,Campo Del Cielo Iron Nickel Meteorite Argentina 2.91 Grams,12.75,2023-06-30,2.91,4.38,WorthPoint
gallium,4 In 1 Battery Charging Hub Smart Charger For DJI MAVIC AIR 2 /2S Drone Battery,49.98,2023-06-30,,,WorthPoint
gallium,Smithsonian IC History Bell Labs Intel 8008 1101 RAM Z80 MC68000 Fairchild UA709,55,2023-06-25,,,WorthPoint
gallium,Campo Del Cielo Iron Nickel Meteorite Lot Argentina 25.05 Grams,29.75,2023-06-25,25.05,1.19,WorthPoint
gallium,"Vintage ""CRAY RESEARCH - Cray 3-Mother Board Connector, KT Options + 16 Chips+++",310,2023-06-25,,,WorthPoint
gallium,"Ten Ounce (10 Oz.) Indium Bar, One Of The Ten Most Precious Metals.",66,2023-06-23,283.5,0.23,WorthPoint
gallium,"TOOLKITRC Mini (30V, AC100W, DC200W, 10A0 High Power Charger Adapter P200",89.99,2023-06-22,,,WorthPoint
gallium,Pack Of 10 Sticky Gel Carrier Boxes (55x55x10 Mm) For Delicate Materials Storage,56.95,2023-06-21,,,WorthPoint
gallium,"Genuine Meteorite Necklace! Sliced Muonionalusta Meteor & 20"" Silver Chain",29.99,2023-06-17,,,WorthPoint
gallium,Campo Del Cielo Genuine Meteorite Pendant Necklace 3 Grams - Iron Nickel Cobalt,7.25,2023-06-13,3,2.42,WorthPoint
gallium,Campo Del Cielo Iron Nickel Meteorite Argentina 9.35 Grams,14.75,2023-06-11,9.35,1.58,WorthPoint
gallium,Campo Del Cielo Iron Nickel Meteorite Argentina 9.29 Grams,14.75,2023-06-11,9.29,1.59,WorthPoint
gallium,Big Argentina Meteorite W/Display Cube! Real 20.5 Gram Campo Del Cielo Meteorite,39.99,2023-06-08,20.5,1.95,WorthPoint
gallium,Big Argentina Meteorite W/Display Cube! Real 19.1 Gram Campo Del Cielo Meteorite,39.99,2023-06-01,19.1,2.09,WorthPoint
gallium,Campo Del Cielo Iron Nickel Meteorite Lot Argentina 25.16 Grams,26.77,2023-05-29,25.16,1.06,WorthPoint
gallium,1950s Nixie Tube Amp Dekatron CK722 Radio Tunnel Diode Analog Computer Circuits,39.99,2023-05-29,,,WorthPoint
gallium,1950 Mining Record-Utah & Colorado Uranium Mines-Geiger Counters-Alma Gold Mines,10.5,2023-05-27,,,WorthPoint
gallium,Vintage 1974 Metal Advertising Sign HOBO Kidney & Bladder Remedy USA 98% Water,18.99,2023-05-24,,,WorthPoint
gallium,6 IN 1 Battery Charger 120W Charging Hub Dual USB For DJI Air 2S /Mavic Air 2,55.68,2023-05-22,,,WorthPoint
gallium,Big Argentina Meteorite W/Display Cube! Real 17.1 Gram Campo Del Cielo Meteorite,35.99,2023-05-17,17.1,2.1,WorthPoint
gallium,Big Argentina Meteorite W/Display Cube! Real 18.7 Gram Campo Del Cielo Meteorite,37.99,2023-05-16,18.7,2.03,WorthPoint
gallium,"Selenium Metal, 5 Grams, 99.999% For Element Collections, USA Shipping, BYS2K",7.35,2023-05-16,5,1.47,WorthPoint
gallium,LARGE BISMUTH Rainbow Iridescent Crystal Cluster Mineral Specimen Element,44.99,2023-05-09,,,WorthPoint
gallium,2pcs Campo Del Cielo Iron Meteorite From Space Found In Argentina,12.99,2023-05-05,,,WorthPoint
gallium,Campo Del Cielo Iron Nickel Meteorite Argentina 4.05 Grams,10.75,2023-05-04,4.05,2.65,WorthPoint
gallium,21.4gram CAMPO DEL CIELO IRON METEORITE FROM SPACE FOUND IN ARGENTINA,19.95,2023-05-04,21.4,0.93,WorthPoint
gallium,"Vintage Cray Research Inc. 3 Ring Binder 2"" - Plus Original Cray-3 Design Pages",100,2023-05-02,,,WorthPoint
gallium,SULFUR Specimen Crystal Cluster BRIMSTONE Mineral Sulphur BOLIVIA W/ ID Card,6.99,2023-05-01,,,WorthPoint
gallium,Campo Del Cielo Iron Nickel Meteorite Argentina 5.92 Grams,10.75,2023-04-29,5.92,1.82,WorthPoint
gallium,Campo Del Cielo Iron Nickel Meteorite Lot Argentina 25.11 Grams,29.75,2023-04-18,25.11,1.18,WorthPoint
gallium,MINI 3 Pro Battery Charger 120W Charging Hub For DJI MINI 3 Pro Accessories,49.95,2023-04-14,,,WorthPoint
gallium,Big Argentina Meteorite W/Display Cube! Real 20.8 Gram Campo Del Cielo Meteorite,39.99,2023-04-13,20.8,1.92,WorthPoint
gallium,Gadolinium Gallium Garnet Facet Rough Parcel 2 Stones 11.804 Grans,26,2023-04-11,11.804,2.2,WorthPoint
gallium,"GIBEON METEORITE 3,900g 8.6 Lbs",10725,2023-04-10,900,11.92,WorthPoint
gallium,Balambala IIF Iron Meteorite 13.3g Etched Part Slice With Carbonaceous Traits,168.5,2023-04-09,13.3,12.67,WorthPoint
gallium,Campo Del Cielo Iron Meteorite Pendant Space Found In Argentina,9.98,2023-04-04,,,WorthPoint
gallium,Scotte Acrylic Cigar Humidor JarcaseBox With Humidifier And Hygrometerhumidor Th,33.4,2023-04-03,,,WorthPoint
gallium,Big Argentina Meteorite W/Display Cube! Real 19.4 Gram Campo Del Cielo Meteorite,39.99,2023-04-02,19.4,2.06,WorthPoint
gallium,"Vintage ""CRAY RESEARCH - Cray 3 -- Main Mother Board, (4) PCB Module + 33 Chips++",406,2023-03-30,,,WorthPoint
gallium,Rare CAMPO DEL CIELO IRON METEORITE SPACE FOUND IN ARGENTINA,9.95,2023-03-28,,,WorthPoint
gallium,Rare! Campo Del Cielo Iron Meteorite Space Found In Argentina,10.5,2023-03-28,,,WorthPoint
gallium,Campo Del Cielo Iron Nickel Meteorite Lot Argentina 25.10 Grams,29.75,2023-03-27,25.1,1.19,WorthPoint
gallium,Genuine Meteorite Necklace! Large Sliced Muonionalusta Meteor Pendant W/Chain!,37.99,2023-03-25,,,WorthPoint
gallium,"Nice! Mercury Metal ""Cube"" 15 -+ GRAMS",75,2023-03-24,,,WorthPoint
gallium,Balambala IIF Iron Meteorite 12.8g Etched Part Slice With Carbonaceous Traits,265,2023-03-19,12.8,20.7,WorthPoint
gallium,"Selenium Metal, 10 Grams, 99.999% For Element Collections, USA Shipping, BYS2K",13.55,2023-03-18,10,1.36,WorthPoint
gallium,Campo Del Cielo Iron Pendant Meteorite From Space Found In Argentina,7.95,2023-03-17,,,WorthPoint
gallium,Campo Del Cielo Iron Nickel Meteorite Argentina 7.51 Grams,12.75,2023-03-14,7.51,1.7,WorthPoint
gallium,Campo Del Cielo Iron Nickel Meteorite Argentina 7.29 Grams,12.75,2023-03-14,7.29,1.75,WorthPoint
gallium,Campo Del Cielo Iron Nickel Meteorite Argentina 6.86 Grams,12.75,2023-03-14,6.86,1.86,WorthPoint
gallium,Campo Del Cielo Iron Nickel Meteorite Argentina 2.90 Grams,9.75,2023-03-08,2.9,3.36,WorthPoint
gallium,PENDANT! 4.7grams IRON METAL SPACE METEORITE MINERAL CAMPO DEL CIELO ARGENTINA,7.95,2023-03-07,4.7,1.69,WorthPoint
gallium,8.9gram CAMPO DEL CIELO IRON METEORITE FROM SPACE FOUND IN ARGENTINA,12.95,2023-03-05,8.9,1.46,WorthPoint
gallium,Big Argentina Meteorite W/Display Cube! Real 17.9 Gram Campo Del Cielo Meteorite,37.99,2023-03-04,17.9,2.12,WorthPoint
gallium,"OLD WORLD WEAVERS ""GALLIUM/Indigo"" Indigo/Tan-Heavy Abstract Chenille-$156-27""SQ",15,2023-03-01,,,WorthPoint
gallium,"OLD WORLD WEAVERS ""GALLIUM/Silver Screen""-Heavy Abstract Chenille-$156-27""SQ",15,2023-03-01,,,WorthPoint
gallium,Balambala IIF Iron Meteorite 12g Etched Part Slice With Carbonaceous Traits,73,2023-02-25,12,6.08,WorthPoint
gallium,Campo Del Cielo Meteorite With Display Cube! Real 6.8 Gram Argentina Meteorite!,24.99,2023-02-24,6.8,3.68,WorthPoint
gallium,(x262-ooak) 25 SPECIMENS Campo Del Cielo Iron Meteorite 1576 Shrapnel Fragment,200,2023-02-23,,,WorthPoint
gallium,"Vintage ""CRAY RESEARCH - Cray 3 -- Main Mother Board, PCB Module, 21-Type KL",1025,2023-02-16,,,WorthPoint
gallium,Big Argentina Meteorite W/Display Cube! Real 17.3 Gram Campo Del Cielo Meteorite,37.99,2023-02-12,17.3,2.2,WorthPoint
gallium,Argentina Meteorite Camo Del Cielo Meteorite ( Large 16 Grams 1' ) With Display,12.95,2023-02-07,16,0.81,WorthPoint
gallium,Meteorite Genuine Nickel-Iron Crystal 112 Grams Campo Del Cielo Space Rock,23.5,2023-02-06,112,0.21,WorthPoint
gallium,"Bullion Precious Metals Set: 1 Oz Indium Bar, 1 Oz Silver Bar, 1 Oz Bismuth Bar.",125,2023-02-01,28.35,4.41,WorthPoint
gallium,Campo Del Cielo Meteorite With Display Cube! Real 8.1 Gram Argentina Meteorite!,27.99,2023-02-01,8.1,3.46,WorthPoint
gallium,Big Argentina Meteorite W/Display Cube! Real 18.5 Gram Campo Del Cielo Meteorite,37.99,2023-01-31,18.5,2.05,WorthPoint
gallium,Big Argentina Meteorite W/Display Cube! Real 16.4 Gram Campo Del Cielo Meteorite,35.99,2023-01-26,16.4,2.19,WorthPoint
gallium,"Selenium Metal, 28 Grams, 99.999% For Element Collections, USA Shipping, BYS2K",28.95,2023-01-26,28,1.03,WorthPoint
gallium,Big Argentina Meteorite W/Display Cube! Real 18.1 Gram Campo Del Cielo Meteorite,37.99,2023-01-22,18.1,2.1,WorthPoint
gallium,Balambala IIF Iron Meteorite 68.5g Etched Part Slice With Carbonaceous Traits,510,2023-01-21,68.5,7.45,WorthPoint
gallium,Campo Del Cielo Meteorite With Display Cube! Real 8.6 Gram Argentina Meteorite!,27.99,2023-01-20,8.6,3.25,WorthPoint
gallium,Big Argentina Meteorite W/Display Cube! Real 17.2 Gram Campo Del Cielo Meteorite,37.99,2023-01-09,17.2,2.21,WorthPoint
gallium,Big Argentina Meteorite W/Display Cube! Real 17.6 Gram Campo Del Cielo Meteorite,37.99,2023-01-09,17.6,2.16,WorthPoint
gallium,Big Argentina Meteorite W/Display Cube! Real 17.5 Gram Campo Del Cielo Meteorite,37.99,2023-01-06,17.5,2.17,WorthPoint
gallium,Big Argentina Meteorite W/Display Cube! Real 11.4 Gram Campo Del Cielo Meteorite,31.99,2023-01-06,11.4,2.81,WorthPoint
gallium,Big Argentina Meteorite W/Display Cube! Real 17.0 Gram Campo Del Cielo Meteorite,35.99,2023-01-06,17,2.12,WorthPoint
gallium,1920s ERLA Fixed Crystal Detector For Battery Radios,30,2023-01-02,,,WorthPoint
gallium,Campo Del Cielo Meteorite With Display Cube! Real 17.7 Gram Argentina Meteorite!,37.99,2022-12-22,17.7,2.15,WorthPoint
gallium,Argentina Meteorite With Display Cube! Real 5.8 Gram Campo Del Cielo Meteorite!!,24.99,2022-12-22,5.8,4.31,WorthPoint
gallium,(x260-6) 6.5 G Campo Del Cielo Meteorite Slice Pendant Widmanstatten Iron Nickel,33.99,2022-12-19,6.5,5.23,WorthPoint
gallium,Lanthanum (III) Oxide (La Sub 2 /sub O Sub 3 /sub ) 99.999% 5N Powder,385.95,2022-12-18,,,WorthPoint
gallium,Campo Crystal! Campo Del Cielo Meteorite 57.9 Gram Marvelous Shape!,52,2022-12-16,57.9,0.9,WorthPoint
gallium,Campo Del Cielo Meteorite With Display Cube! Big 16.4 Gram Argentina Meteorite!,35.99,2022-12-15,16.4,2.19,WorthPoint
gallium,Real Argentina Meteorite W/Display Cube! Big 16.5 Gram Campo Del Cielo Meteorite,35.99,2022-12-13,16.5,2.18,WorthPoint
gallium,"Vintage ""CRAY RESEARCH"" CRAY 3 - ""Uncut Wafer"" 16 GA Gallium Arsenide RARE",245,2022-12-13,16,15.31,WorthPoint
gallium,Real Argentina Meteorite W/Display Cube! Big 17.5 Gram Campo Del Cielo Meteorite,37,2022-12-13,17.5,2.11,WorthPoint
gallium,Campo Del Cielo Iron Nickel Meteorite Pendant Necklace Argentina 18 - 20 Inches,14.75,2022-12-09,,,WorthPoint
gallium,Argentina Meteorite W/Display Cube! Real 19.0 Gram Campo Del Cielo Meteorite!,39.99,2022-12-07,19,2.1,WorthPoint
gallium,"254g Genuine METEORITE Natural Healing Mineral Argentina Campo Del Cielo 2.36""",160,2022-12-02,254,0.63,WorthPoint
gallium,PENDANT 8.6grams IRON METAL SPACE METEORITE MINERAL CAMPO DEL CIELO ARGENTINA,13.99,2022-12-02,8.6,1.63,WorthPoint
gallium,Big Argentina Meteorite W/Display Cube! Real 14.2 Gram Campo Del Cielo Meteorite,32.99,2022-12-02,14.2,2.32,WorthPoint
gallium,Big Argentina Meteorite W/Display Cube! Real 19.2 Gram Campo Del Cielo Meteorite,39.99,2022-11-25,19.2,2.08,WorthPoint
gallium,Big Argentina Meteorite W/Display Cube! Real 18.6 Gram Campo Del Cielo Meteorite,37.99,2022-11-23,18.6,2.04,WorthPoint
gallium,Big Argentina Meteorite W/Display Cube! Real 13.3 Gram Campo Del Cielo Meteorite,32.99,2022-11-19,13.3,2.48,WorthPoint
gallium,PMN-PT (111) 5x5x0.5 Mm^3 DSP,97.95,2022-11-12,,,WorthPoint
gallium,Argentina Meteorite With Display Cube! Real 5.6 Gram Campo Del Cielo Meteorite!!,24.99,2022-11-03,5.6,4.46,WorthPoint
gallium,ORIENTED AGOUDAL Iron Meteorite IMILCHIL Specimen Natural Patina MOROCCO,29.95,2022-10-31,,,WorthPoint
gallium,"48.9cts Genuine METEORITE Natural Healing Mineral Argentina Campo Del Cielo .82""",9.99,2022-10-27,9.78,1.02,WorthPoint
gallium,2 Western Electric Early Satellite Semiconductor Gold Ga As FET 131T Bell Labs,200,2022-10-25,,,WorthPoint
gallium,1958+ CPU Photo History Kilby Intel 4004 8008 Fairchild F8 1101 RAM Z80 MC68000,55,2022-10-19,,,WorthPoint
gallium,Indium Foil Metal 99.995% 63.5x50.8x0.3mm Thick (2.5x2.0x0.012inch),59.99,2022-10-19,,,WorthPoint
gallium,NASA EDUCATIONAL BRIEFS (28) FROM MSC (MANNED SPACECRAFT CENTER) HOUSTON (1960s),25,2022-10-08,,,WorthPoint
gallium,Big Argentina Meteorite W/Display Cube! Real 18.4 Gram Campo Del Cielo Meteorite,39.99,2022-10-07,18.4,2.17,WorthPoint
gallium,(x262-37) 4 G Campo Del Cielo Iron Meteorite 1576 Shrapnel Fragments Specimen,12.99,2022-10-07,4,3.25,WorthPoint
gallium,(x262-39) 4 G Campo Del Cielo Iron Meteorite 1576 Shrapnel Fragment Specimen,12.99,2022-10-07,4,3.25,WorthPoint
gallium,"Sphalerite Sphere,Quartz Crytal,Metaphysical,Healing,Unique Gift,",68,2022-10-02,,,WorthPoint
gallium,"Single Tube Soft Silvery Metal 50 Grams, 99.99% Pure",28.95,2022-09-29,50,0.58,WorthPoint
gallium,Argentina Meteorite With Display Cube! Real 9.0 Gram Campo Del Cielo Meteorite!,27.99,2022-09-29,9,3.11,WorthPoint
gallium,Campo Crystal! Campo Del Cielo Meteorite 53.9 Gram Marvelous Shape!,15.5,2022-09-26,53.9,0.29,WorthPoint
gallium,PENDANT 5.2grams IRON METAL SPACE METEORITE MINERAL CAMPO DEL CIELO ARGENTINA,14.5,2022-09-24,5.2,2.79,WorthPoint
gallium,Argentina Meteorite With Display Cube! Real 6.2 Gram Campo Del Cielo Meteorite!,24.99,2022-09-23,6.2,4.03,WorthPoint
gallium,Big Argentina Meteorite W/Display Cube! Real 19.3 Gram Campo Del Cielo Meteorite,39.99,2022-09-22,19.3,2.07,WorthPoint
gallium,"43.5cts Genuine METEORITE Natural Healing Mineral Argentina Campo Del Cielo .86""",12.5,2022-09-19,8.7,1.44,WorthPoint
gallium,"55.1cts Genuine METEORITE Natural Healing Mineral Argentina Campo Del Cielo .82""",13.63,2022-09-18,11.02,1.24,WorthPoint
gallium,"57.95cts Genuine METEORITE Natural Healing Mineral Argentina Campo Del Cielo 1""",20,2022-09-18,11.59,1.73,WorthPoint
gallium,SPACE SHUTTLE ENDEAVOUR STS-77. Three Pieces Of Flown Thermal Protection Blanket,25,2022-09-17,,,WorthPoint
gallium,SPACE SHUTTLE ENDEAVOUR STS-77. 1996 Piece Of Flown Thermal Protection Blanket.,25,2022-09-17,,,WorthPoint
gallium,"60.6cts Genuine METEORITE Natural Healing Mineral Argentina Campo Del Cielo 1.1""",16.24,2022-09-17,12.12,1.34,WorthPoint
gallium,(x262-349) 9 G Campo Del Cielo Iron Meteorite 1576 Octahedrite Fragment Specimen,22.99,2022-09-15,9,2.55,WorthPoint
gallium,Indium Kilo Bar 99.99 Fine 1000 Grams,275,2022-09-12,1000,0.28,WorthPoint
gallium,Argentina Meteorite With Display Cube! Real 6.8 Gram Campo Del Cielo Meteorite!,24.99,2022-09-11,6.8,3.68,WorthPoint
gallium,48.5cts Genuine METEORITES Lot Natural Healing Mineral Argentina Campo Del Cielo,14.95,2022-08-27,9.7,1.54,WorthPoint
gallium,Campo Del Cielo Iron Nickel Meteorite Argentina 4.87 Grams,9.75,2022-08-23,4.87,2,WorthPoint
gallium,PENDANT 5.8grams IRON METAL SPACE METEORITE MINERAL CAMPO DEL CIELO ARGENTINA,11,2022-08-22,5.8,1.9,WorthPoint
gallium,Campo Del Cielo Iron Nickel Meteorite Lot Argentina 29.59 Grams,32.75,2022-08-21,29.59,1.11,WorthPoint
gallium,Red Sports Car Kid Connection Fantasy Collection #14309-1601 Collectible Rare,11.24,2022-08-10,,,WorthPoint
gallium,SkyRC B6 Nex AC/DC Battery Charger (6S/10A/200W) [SKY-100174],99.99,2022-08-08,,,WorthPoint
gallium,X260-11 Campo Del Cielo Meteorite 4.2 G Slice Pendant Widmanstatten Iron Nickel,22.99,2022-08-04,4.2,5.47,WorthPoint
gallium,Smithsonian IC History Intel 4004 Bell Labs Transistor MOS 6502 Z80 256 Bit RAM,48,2022-08-03,,,WorthPoint
gallium,Argentina Meteorite With Display Cube! Real 7.7 Gram Campo Del Cielo Meteorite!,27.99,2022-07-23,7.7,3.64,WorthPoint
gallium,"Genuine Meteorite Dog Tag Necklace! Large Muonionalusta Pendant With 20"" Chain!",49.99,2022-07-15,,,WorthPoint
gallium,Muonionalusta Meteorite Specimen Riker Display Sweden Meteorites 14.2 Grams,30.99,2022-07-13,14.2,2.18,WorthPoint
gallium,Campo Del Cielo Iron Nickel Meteorite Lot Argentina 29.58 Grams,32.75,2022-07-11,29.58,1.11,WorthPoint
gallium,ToolkitRC P200 Mini Adjustable Smart Desktop Power Supply With GaN Technology,114.99,2022-07-07,,,WorthPoint
gallium,Mounionalusta Meteorite Etched Slice From Norhern Sweden In Collectors Box,32.99,2022-07-07,,,WorthPoint
gallium,Campo Del Cielo Iron Nickel Meteorite Lot Argentina 29.57 Grams,32.75,2022-07-07,29.57,1.11,WorthPoint
gallium,Vintage Ronson Diana Silver Plated Table Lighter,19.99,2022-07-07,,,WorthPoint
gallium,(x262-274) 7 G Campo Del Cielo Iron Meteorite 1576 Shrapnel Fragment Specimen,18.99,2022-07-02,7,2.71,WorthPoint
gallium,PENDANT 5.7grams IRON METAL SPACE METEORITE MINERAL CAMPO DEL CIELO ARGENTINA,7.95,2022-06-28,5.7,1.39,WorthPoint
gallium,Campo Del Cielo Meteorite Specimen Riker Display Argentina Meteorites 18.5 Grams,30.99,2022-06-27,18.5,1.68,WorthPoint
gallium,Campo Del Cielo Iron Nickel Meteorite Lot Argentina 26.78 Grams,29.75,2022-06-27,26.78,1.11,WorthPoint
gallium,Campo Del Cielo Iron Nickel Meteorite Argentina 6.45 Grams,10.75,2022-06-24,6.45,1.67,WorthPoint
gallium,1958+ CPU Photo History Kilby Intel 4004 8008 1702 EPROM 256 Bit RAM Z80 MC68000,48,2022-06-23,,,WorthPoint
gallium,20g Galllium Metal Element 99.99% Pure,18,2022-06-21,20,0.9,WorthPoint
gallium,Campo Del Cielo Iron Nickel Meteorite Argentina 30.20 Grams,34.75,2022-06-15,30.2,1.15,WorthPoint
gallium,(x260-3) 6.3 G Campo Del Cielo Meteorite Slice Pendant Widmanstatten Iron Nickel,26.03,2022-06-06,6.3,4.13,WorthPoint
gallium,Space Rock,142.6,2022-06-02,,,WorthPoint
gallium,Campo Del Cielo Iron Nickel Meteorite Lot Argentina 25.12 Grams,29.75,2022-05-26,25.12,1.18,WorthPoint
gallium,Ga Metal 50 Grams 99.99% Liquid Metal,35,2022-05-18,50,0.7,WorthPoint
gallium,A Sculptural Campo Del Cielo Meteorite,213.55,2022-05-12,,,WorthPoint
gallium,Campo Del Cielo Meteorite,183.04,2022-05-12,,,WorthPoint
gallium,Balambala IIF Iron Meteorite 8.5g Etched Part Slice With Carbonaceous Traits,66,2022-05-11,8.5,7.76,WorthPoint
gallium,CRAY RESEARCH What's All This About Gallium Arsenide VHS TAPE Seymour Cray 1988,93.1,2022-05-10,,,WorthPoint
gallium,AGOUDAL Iron Meteorite Specimen IMILCHIL Individual Natural Patina MOROCCO,34.95,2022-05-08,,,WorthPoint
gallium,Space Aerophilately. Soyuz TM-17 FLOWN. 1993 Soviet Cover. 2 Autographs. Rare!,149.99,2022-05-07,,,WorthPoint
gallium,Big Argentina Meteorite W/Display Cube! Real 18.0 Gram Campo Del Cielo Meteorite,37.99,2022-05-06,18,2.11,WorthPoint
gallium,100 Grams Galllium Metal Liquid Metal Purity 99.99% Melting 29.8‚ÑÉ,63,2022-04-30,100,0.63,WorthPoint
gallium,PENDANT 3.8grams IRON METAL SPACE METEORITE MINERAL CAMPO DEL CIELO ARGENTINA,9,2022-04-27,3.8,2.37,WorthPoint
gallium,Pryzm Supermaterials Element Collection,200,2022-04-13,,,WorthPoint
gallium,Antique Hydrargyrum Zivo Srebro Por Analysi (Mercury) Poison Drug Bottle,19.95,2022-04-05,,,WorthPoint
gallium,"¬ª""PENDANT 3.8grams IRON METAL SPACE METEORITE MINERAL CAMPO DEL CIELO ARGENTINA",6.99,2022-04-04,3.8,1.84,WorthPoint
gallium,Galllium- Solid Metal Bar- 1 Kilo- Purity 99.99% -Liquid Metal At 86 Degrees,650,2022-04-01,,,WorthPoint
gallium,PENDANT 3.9 Grams IRON METAL SPACE METEORITE MINERAL ARGENTINA,6.95,2022-03-24,3.9,1.78,WorthPoint
gallium,SULFUR Crystal Cluster BRIMSTONE Mineral Specimen Sulphur BOLIVIA W/ ID Card,9.95,2022-03-21,,,WorthPoint
gallium,Big Argentina Meteorite W/Display Cube! Real 21.0 Gram Campo Del Cielo Meteorite,39.99,2022-03-15,21,1.9,WorthPoint
gallium,Argentina Meteorite With Display Cube! Real 6.9 Gram Campo Del Cielo Meteorite!,24.99,2022-03-02,6.9,3.62,WorthPoint
gallium,"Gallium Metal 50 Grams, 99.99% Pure Melting Gallium - 50g Vial",35,2022-02-27,50,0.7,WorthPoint
gallium,Campo Del Cielo Iron Nickel Meteorite Argentina 6.05 Grams,10.75,2022-02-26,6.05,1.78,WorthPoint
gallium,Campo Del Cielo Iron Nickel Meteorite Argentina 34.68 Grams,38.75,2022-02-26,34.68,1.12,WorthPoint
gallium,Campo Del Cielo Iron Nickel Meteorite Argentina 6.82 Grams,11.75,2022-02-26,6.82,1.72,WorthPoint
gallium,Campo Del Cielo Iron Nickel Meteorite Argentina 9.31 Grams,13.75,2022-02-26,9.31,1.48,WorthPoint
gallium,"Genuine Meteorite Necklace! Sliced Muonionalusta Meteor On A 20"" Silver Chain!",29.99,2022-02-25,,,WorthPoint
gallium,Balambala IIF Iron Meteorite 25g Etched Part Slice With Carbonaceous Traits,260,2022-02-24,25,10.4,WorthPoint
gallium,Indium Foil Metal 99.995% 25x25x0.3mm Thick (1x1x0.012inch),34.99,2022-02-23,,,WorthPoint
gallium,"Beautiful, Colorful, Vintage/Antique Galle Glass Lamp Shade",126,2022-02-19,,,WorthPoint
gallium,"R-159 - 1950's Rockabilly & R&b Recordings #7 On 7"" Reel To Reel Tape",9,2022-02-15,,,WorthPoint
gallium,Indium Corporation Gallium Ingot 100 Gram 99.999% Purity Sealed,209.95,2022-02-12,100,2.1,WorthPoint
gallium,"2 Pcs Meteorite, Campo Del Cielo, Iron Coarse Octahedrite Argentina 14.1 Gr # P",20,2022-02-08,14.1,1.42,WorthPoint
gallium,"Beautiful, Colorful, Vintage/Antique Gallium? Glass Lamp Shade",33,2022-02-06,,,WorthPoint
gallium,Big Argentina Meteorite W/Display Cube! Real 17.4 Gram Campo Del Cielo Meteorite,37.99,2022-02-06,17.4,2.18,WorthPoint
gallium,Big Argentina Meteorite W/Display Cube! Real 19.9 Gram Campo Del Cielo Meteorite,39.99,2022-02-05,19.9,2.01,WorthPoint
gallium,Balambala IIF Iron Meteorite 50.7g Etched Part Slice With Carbonaceous Traits,355,2022-02-03,50.7,7,WorthPoint
gallium,BISMUTH Iridescent Rainbow Hopper Crystal Cluster Mineral Specimen Colorful,19.95,2022-01-31,,,WorthPoint
gallium,Large Collection Of Periodic Table Of Elements Samples Including Rare Polonium,400,2022-01-31,,,WorthPoint
gallium,Sulfur VOLCANO Crystal Cluster Yellow BRIMSTONE Mineral Specimen Sulphur BOLIVIA,5.5,2022-01-31,,,WorthPoint
gallium,Philips Technical Review Journal 1974 Vol 34 #1-12 Vtg Chemistry Engineering,49.99,2022-01-26,,,WorthPoint
gallium,Campo Del Cielo Iron Nickel Meteorite Lot Argentina 25.57 Grams,29.75,2022-01-20,25.57,1.16,WorthPoint
gallium,15.5grams IRON METAL SPACE METEORITE MINERAL CAMPO DEL CIELO ARGENTINA,14.99,2022-01-20,15.5,0.97,WorthPoint
gallium,Genuine Meteorite Necklace! Sliced Muonionalusta Meteor In A Stainless Pendant!,27.99,2022-01-19,,,WorthPoint
gallium,Balambala IIF Iron Meteorite 79.9g Etched Part Slice With Carbonaceous Traits,500,2022-01-15,79.9,6.26,WorthPoint
gallium,Campo Del Cielo Iron Nickel Meteorite Piece Meteor Big Space Rock Asteroid,55,2022-01-08,,,WorthPoint
gallium,Balambala IIF Iron Meteorite 55.7g Etched Part Slice With Carbonaceous Traits,390,2022-01-07,55.7,7,WorthPoint
gallium,"Germanium Oxide (GeO2) Powder, 99.9999% (6N) (Metal Basis), Ultra-Hig",377.95,2021-12-30,,,WorthPoint
gallium,Balambala IIF Iron Meteorite 74g Etched End Cut With Carbonaceous Traits,740,2021-12-29,74,10,WorthPoint
gallium,Balambala IIF Iron Meteorite 13.4g Etched Part Slice With Carbonaceous Traits,139.19,2021-12-24,13.4,10.39,WorthPoint
gallium,MgAl2O4 Magnesium Aluminate (Spinel) Crystal Substrates,50.95,2021-12-24,,,WorthPoint
gallium,100 Grams Galllium Liquid Metal Ga Purity 99.99% 4N Element,79.99,2021-12-20,100,0.8,WorthPoint
gallium,Iron Metal Space Meteorite Pendant Mineral Campo Del Cielo Argentina,6.95,2021-12-19,,,WorthPoint
gallium,Big Argentina Meteorite W/Display Cube! Real 13.0 Gram Campo Del Cielo Meteorite,32.99,2021-12-18,13,2.54,WorthPoint
gallium,Big Argentina Meteorite W/Display Cube! Real 20.0 Gram Campo Del Cielo Meteorite,39.99,2021-12-17,20,2,WorthPoint
gallium,EUC Argon 18 TDS Race Carbon Road Bike Seatpost 27.2mm Seat Post Gallium Krypton,59.99,2021-12-17,,,WorthPoint
gallium,50 Grams Galllium Metal Liquid Metal Purity 99.99% Melting 29.8‚ÑÉ,45,2021-12-16,50,0.9,WorthPoint
gallium,Campo Del Cielo Iron Nickel Meteorite Lot Argentina 25.34 Grams,29.75,2021-12-14,25.34,1.17,WorthPoint
gallium,1983 Smithsonian IC History Intel 4004 CPU 1103 RAM Moore's Law Z80 Fairchild F8,48,2021-12-12,,,WorthPoint
gallium,Balambala IIF Iron Meteorite 30.7g Etched Part Slice With Carbonaceous Traits,600,2021-12-11,30.7,19.54,WorthPoint
gallium,Campo Del Cielo Iron Nickel Meteorite Argentina 7.49 Grams,11.75,2021-12-09,7.49,1.57,WorthPoint
gallium,Campo Del Cielo Iron Nickel Meteorite Lot Argentina 25.64 Grams,29.75,2021-12-06,25.64,1.16,WorthPoint
gallium,(x262-640) 59 G Campo Del Cielo Iron Meteorite 1576 Argentina Fragment Specimen,80,2021-12-06,59,1.36,WorthPoint
gallium,Balambala IIF Iron Meteorite 17.7g Etched Part Slice With Carbonaceous Traits,231.99,2021-12-02,17.7,13.11,WorthPoint
gallium,Big Argentina Meteorite W/Display Cube! Real 19.7 Gram Campo Del Cielo Meteorite,39.99,2021-12-02,19.7,2.03,WorthPoint
gallium,Big Argentina Meteorite W/Display Cube! Real 20.7 Gram Campo Del Cielo Meteorite,39.99,2021-12-01,20.7,1.93,WorthPoint
gallium,PENDANT! 4grams IRON METAL SPACE METEORITE MINERAL CAMPO DEL CIELO ARGENTINA,6.95,2021-11-29,4,1.74,WorthPoint
gallium,Derailleur Hanger Dropout #96 Diamondback Fuji GT Raleigh Blue Kestrel Marin,5.49,2021-11-27,,,WorthPoint
gallium,"Derailleur Hanger 96 GT, Fuji, Litespeed, Marin, Diamondback, Cinelli",9.99,2021-11-25,96,0.1,WorthPoint
gallium,Big Argentina Meteorite W/Display Cube! Real 20.1 Gram Campo Del Cielo Meteorite,39.99,2021-11-25,20.1,1.99,WorthPoint
gallium,Pendant Campo Del Cielo Iron Meteorite From Space Found In Argentina,12.5,2021-11-23,,,WorthPoint
gallium,Campo Del Cielo Iron Nickel Meteorite Lot Argentina 25.40 Grams,29.75,2021-11-19,25.4,1.17,WorthPoint
gallium,Campo Del Cielo Iron Nickel Meteorite Lot Argentina 25.47 Grams,29.75,2021-11-18,25.47,1.17,WorthPoint
gallium,Balambala IIF Iron Meteorite 20g Etched Part Slice With Carbonaceous Traits,256.99,2021-11-17,20,12.85,WorthPoint
gallium,"JH18716 Calcite From The Abril Mine, AZ",25,2021-11-08,,,WorthPoint
gallium,Big Argentina Meteorite W/Display Cube! Real 20.2 Gram Campo Del Cielo Meteorite,39.99,2021-11-06,20.2,1.98,WorthPoint
gallium,Balambala IIF Iron Meteorite 15.3g Etched Part Slice With Carbonaceous Traits,105.5,2021-10-30,15.3,6.9,WorthPoint
gallium,Dan Dee Chirping Palm Chick Bunny Ears Yellow Purple Pink Gallium LED Lot Set 2,10,2021-10-25,,,WorthPoint
gallium,"Derailleur Hanger,96,Foundry,LaPierre,LiteSpeed,Louis Garneau,Marin,Olmo,Origin8",14.95,2021-10-24,,,WorthPoint
gallium,"Galinstan Liquid Metal, Non Toxic 50 Grams",49,2021-10-22,50,0.98,WorthPoint
gallium,Campo Del Cielo Iron Nickel Meteorite Argentina 5.82 Grams,10.75,2021-10-22,5.82,1.85,WorthPoint
gallium,Campo Del Cielo Iron Nickel Meteorite Argentina 8.62 Grams,12.75,2021-10-22,8.62,1.48,WorthPoint
gallium,Balambala IIF Iron Meteorite 14.5g Etched Part Slice With Carbonaceous Traits,175.25,2021-10-15,14.5,12.09,WorthPoint
gallium,Campo Del Cielo Iron Nickel Meteorite Lot Argentina 25.76 Grams,29.75,2021-10-10,25.76,1.15,WorthPoint
gallium,"Derailleur Hanger,96,Argon18,BH,Bianchi,Blue,BMC,Boardman,Cinelli,Devinci,Fetish",14.95,2021-10-08,,,WorthPoint
gallium,Big Argentina Meteorite W/Display Cube! Real 18.3 Gram Campo Del Cielo Meteorite,37.99,2021-10-07,18.3,2.08,WorthPoint
gallium,Campo Del Cielo Iron Nickel Meteorite Lot Argentina 25.96 Grams,29.75,2021-09-27,25.96,1.15,WorthPoint
gallium,20 X 1 Gr Periodic Element Metal Ingots Bullion Tantalum Cobalt Zirconium US05,140.92,2021-09-24,1,140.92,WorthPoint
gallium,Wheels Manufacturing # 96 Rear Bicycle Derailleur Hanger-gt-raleigh-masi-etc.,19.81,2021-09-15,,,WorthPoint
gallium,2010 Jakks Pacific SpyNet Infrared Night Vision Goggles - Tested & Working!,39.95,2021-09-14,,,WorthPoint
gallium,Wheels Manufacturing # 96 Rear Derailleur Hanger-gt-raleigh-masi-etc.-no Package,15,2021-09-14,,,WorthPoint
gallium,Agoudal Iron Meteorite Individual Specimen Imilchil Natural Patina MOROCCO,12.95,2021-09-06,,,WorthPoint
gallium,Campo Del Cielo Iron Nickel Meteorite Argentina 10.81 Grams,15.75,2021-08-27,10.81,1.46,WorthPoint
gallium,Meteorite With COA Campo Del Cielo Iron Space Rock Fast Free USA Shipping,18,2021-08-21,,,WorthPoint
gallium,"J.W.Weinmann,Phytanthoza,Gallium Album&,rare&large Handcol. Engr.c.1737 #530",95,2021-08-19,,,WorthPoint
gallium,Big Argentina Meteorite W/Display Cube! Real 11.2 Gram Campo Del Cielo Meteorite,31.99,2021-08-17,11.2,2.86,WorthPoint
gallium,Campo Del Cielo Iron Nickel Meteorite Argentina 9.43 Grams,13.75,2021-08-13,9.43,1.46,WorthPoint
gallium,PENDANT 5.5grams IRON METAL SPACE METEORITE MINERAL CAMPO DEL CIELO ARGENTINA,6.5,2021-08-03,5.5,1.18,WorthPoint
gallium,Argentina Meteorite With Display Cube! Real 8.2 Gram Campo Del Cielo Meteorite!,27.99,2021-08-02,8.2,3.41,WorthPoint
gallium,Big Argentina Meteorite W/Display Cube! Real 13.2 Gram Campo Del Cielo Meteorite,32.99,2021-08-01,13.2,2.5,WorthPoint
gallium,"Periodic Table Playing Cards, 6th Edition (Current) Brand NEW Factory Sealed",12.99,2021-07-30,,,WorthPoint
gallium,DERAILLEUR HANGER 96 For GT Fuji Rocki Mountain BH Bianchi DiamondBack Marin KHS,10.97,2021-07-28,,,WorthPoint
gallium,"Cray Research Supercomputer Circuit Boards - Cray-1, Cray-2, And Cray-3",6000,2021-07-27,,,WorthPoint
gallium,Big Argentina Meteorite W/Display Cube! Real 19.6 Gram Campo Del Cielo Meteorite,37.99,2021-07-26,19.6,1.94,WorthPoint
gallium,Big Argentina Meteorite W/Display Cube! Real 16.2 Gram Campo Del Cielo Meteorite,34.99,2021-07-25,16.2,2.16,WorthPoint
gallium,Balambala IIF Iron Meteorite 14.2g Etched Part Slice With Carbonaceous Traits,284,2021-07-25,14.2,20,WorthPoint
gallium,Campo Del Cielo Iron Nickel Meteorite Argentina 7.98 Grams,12.75,2021-07-19,7.98,1.6,WorthPoint
gallium,Campo Del Cielo Iron Nickel Meteorite Argentina 50.90 Grams,54.75,2021-07-17,50.9,1.08,WorthPoint
gallium,"50 Grams Galllium Metal, Soft Liquid Metal Toy/Tech Ga 31 Element Purity 99.99%",40,2021-07-13,50,0.8,WorthPoint
gallium,"Descloizite Cluster, Berg Aukas, Namibia, High Quality(ex Hueber Collection!)",135,2021-07-12,,,WorthPoint
gallium,Campo Del Cielo Iron Nickel Meteorite Lot Argentina 25.30 Grams,29.75,2021-07-06,25.3,1.18,WorthPoint
gallium,"Meteorite Specimen From Campo Del Cielo, Argentina, 4-5cm Long, 71g.",43,2021-07-04,71,0.61,WorthPoint
gallium,"Meteorite Specimen From Campo Del Cielo, Argentina, 3.5-4cm Long, 57g.",25,2021-07-04,57,0.44,WorthPoint
gallium,Rear Derailleur Bike Hanger #96 Dropout Bianci Fuji Masi Diamondback GT,14,2021-07-01,,,WorthPoint
gallium,"Meteorite Specimen From Campo Del Cielo, Argentina, 3-4cm Long, 30g.",25,2021-06-28,30,0.83,WorthPoint
gallium,"Meteorite, 100g Of Very Small Fragments, From Campo Del Cielo, Argentina",39,2021-06-28,100,0.39,WorthPoint
gallium,SUPER SET Of 66 Different Periodic Table Elements-(REALLY Last Set) Rhodium!,719,2021-06-14,,,WorthPoint
gallium,Big Argentina Meteorite W/Display Cube! Real 20.4 Gram Campo Del Cielo Meteorite,39.99,2021-06-13,20.4,1.96,WorthPoint
gallium,Big Argentina Meteorite W/Display Cube! Real 15.6 Gram Campo Del Cielo Meteorite,34.99,2021-06-13,15.6,2.24,WorthPoint
gallium,Big Argentina Meteorite W/Display Cube! Real 15.9 Gram Campo Del Cielo Meteorite,34.99,2021-06-10,15.9,2.2,WorthPoint
gallium,Big Argentina Meteorite W/Display Cube! Real 14.0 Gram Campo Del Cielo Meteorite,32.99,2021-06-10,14,2.36,WorthPoint
gallium,"¬ª""campo Del Cielo Iron Meteorite From Space Found In Argentina",12.99,2021-06-10,,,WorthPoint
gallium,"Meteorite Campo Del Cielo, Argentina 76g South America Specimen",69.95,2021-06-07,76,0.92,WorthPoint
gallium,Campo Del Cielo Iron Nickel Meteorite Argentina 10.89 Grams,14.75,2021-06-06,10.89,1.35,WorthPoint
gallium,"Derailleur Hanger, Raleigh,Rocky Mountain,Whyte,Scattante,Storck,Wilier, 96",14.95,2021-06-05,,,WorthPoint
gallium,6.6 Grams IRON METAL SPACE METEORITE MINERAL CAMPO DEL CIELO,6.99,2021-06-03,6.6,1.06,WorthPoint
gallium,"Meteorite, 75g Of Small Fragments, From Campo Del Cielo, Argentina",34,2021-05-30,75,0.45,WorthPoint
gallium,Gs IRON METAL SPACE METEORITE MINERAL CAMPO DEL CIELO ARGENTINA,6.63,2021-05-20,,,WorthPoint
gallium,Argentina Meteorite With Display Cube! Big 20.5 Gram Campo Del Cielo Meteorite!,39.99,2021-05-19,20.5,1.95,WorthPoint
gallium,Argentina Meteorite With Display Cube! Real 11.8 Gram Campo Del Cielo Meteorite!,31.99,2021-05-19,11.8,2.71,WorthPoint
gallium,Campo Del Cielo Iron Nickel Meteorite Argentina 8.03 Grams,12.75,2021-05-18,8.03,1.59,WorthPoint
gallium,Campo Del Cielo Iron Nickel Meteorite Argentina 15.86 Grams,19.75,2021-05-15,15.86,1.25,WorthPoint
gallium,Campo Del Cielo Iron Nickel Meteorite Argentina 8.45 Grams,12.75,2021-05-15,8.45,1.51,WorthPoint
gallium,Campo Del Cielo Iron Nickel Meteorite Argentina 9.81 Grams,14.75,2021-05-11,9.81,1.5,WorthPoint
gallium,Campo Del Cielo Iron Nickel Meteorite Lot Argentina 25.04 Grams,29.75,2021-05-11,25.04,1.19,WorthPoint
gallium,"Meteorite, Campo Del Cielo, Iron Coarse Octahedrite Argentina 8.2 Gr 3/4"" # S",12,2021-05-09,8.2,1.46,WorthPoint
gallium,Campo Del Cielo Iron Nickel Meteorite Argentina 8.66 Grams,12.75,2021-05-06,8.66,1.47,WorthPoint
gallium,Argentina Meteorite With Display Cube! Real 9.6 Gram Campo Del Cielo Meteorite!,29.99,2021-05-03,9.6,3.12,WorthPoint
gallium,14k White Gold Gadolinium Gallium Garnet Bracelet,217.8,2021-05-02,,,WorthPoint
gallium,Campo Del Cielo Iron Nickel Meteorite Argentina 10.30 Grams,14.75,2021-05-01,10.3,1.43,WorthPoint
gallium,Campo Del Cielo Iron Nickel Meteorite Argentina 11.70 Grams,15.75,2021-04-30,11.7,1.35,WorthPoint
gallium,40g Galllium Liquid Metal Element Purity 99.99%,10,2021-04-29,40,0.25,WorthPoint
gallium,Give Her The Stars! Heart Shaped Muonionalusta Meteor In A Stainless Pendant!,24.99,2021-04-28,,,WorthPoint
gallium,"Derailleur Hanger,Argon18,BH,Bianchi,Blue,BMC,Boardman,Cinelli,Devinci,Fetish,96",14.95,2021-04-25,,,WorthPoint
gallium,Campo Del Cielo Iron Nickel Meteorite Argentina 8.74 Grams,12.75,2021-04-20,8.74,1.46,WorthPoint
gallium,LOT 15x 1 GRAM RHODIUM COINS COHEN MINT 99.9 PURE PLATINUM GROUP RARE METALS USA,14195,2021-04-20,1,14195,WorthPoint
gallium,Campo Del Cielo Iron Nickel Meteorite Argentina 5.17 Grams,9.75,2021-04-19,5.17,1.89,WorthPoint
gallium,Balambala IIF Iron Meteorite 6.7g Etched Slice Carbonaceous Chondrite Affinities,180.27,2021-04-19,6.7,26.91,WorthPoint
gallium,Argentina Meteorite With Display Cube! Real 8.3 Gram Campo Del Cielo Meteorite!,27.99,2021-04-18,8.3,3.37,WorthPoint
gallium,Campo Del Cielo Iron Nickel Meteorite Argentina 11.65 Grams,15.75,2021-04-17,11.65,1.35,WorthPoint
gallium,PENDANT! 4.3grams IRON METAL SPACE METEORITE MINERAL CAMPO DEL CIELO ARGENTINA,12,2021-04-16,4.3,2.79,WorthPoint
gallium,Balambala IIF Iron Meteorite 4.7g Etched Cut Carbonaceous Chondrite Affinities,141.5,2021-04-11,4.7,30.11,WorthPoint
gallium,Campo Del Cielo Iron Nickel Meteorite Argentina 6.63 Grams,10.75,2021-04-08,6.63,1.62,WorthPoint
gallium,PENDANT 4.5grams IRON METAL SPACE METEORITE MINERAL CAMPO DEL CIELO ARGENTINA,9.5,2021-04-03,4.5,2.11,WorthPoint
gallium,Big Argentina Meteorite W/Display Cube! Real 12.3 Gram Campo Del Cielo Meteorite,31.99,2021-04-02,12.3,2.6,WorthPoint
gallium,25.7gms Of Clear G.G.G. (Gadolinium Gallium Garnet) Faceting Rough - Lot K,75,2021-04-02,25.7,2.92,WorthPoint
gallium,Campo Del Cielo Iron Nickel Meteorite Argentina 11.93 Grams,16.75,2021-04-01,11.93,1.4,WorthPoint
gallium,Campo Iron Meteorite Iron-Nickel Men's Jewelry Necklace,65,2021-03-28,,,WorthPoint
gallium,Big Argentina Meteorite W/Display Cube! Real 11.5 Gram Campo Del Cielo Meteorite,31.99,2021-03-28,11.5,2.78,WorthPoint
gallium,Big Argentina Meteorite W/Display Cube! Real 15.3 Gram Campo Del Cielo Meteorite,34.99,2021-03-26,15.3,2.29,WorthPoint
gallium,Campo Del Cielo Iron Nickel Meteorite Argentina 12.69 Grams,16.75,2021-03-26,12.69,1.32,WorthPoint
gallium,(x261-4) 10 G Campo Del Cielo Meteorite 1576 Shrapnel Fragments Specimen Meteor,32.99,2021-03-25,10,3.3,WorthPoint
gallium,Campo Del Cielo Iron Nickel Meteorite Argentina 6.96 Grams,10.75,2021-03-19,6.96,1.54,WorthPoint
gallium,Campo Del Cielo Iron Nickel Meteorite Argentina 10.52 Grams,14.75,2021-03-18,10.52,1.4,WorthPoint
gallium,Campo Del Cielo Iron Nickel Meteorite Argentina 5.91 Grams,9.75,2021-03-17,5.91,1.65,WorthPoint
gallium,20.6gms Of Clear G.G.G. (Gadolinium Gallium Garnet) Faceting Rough - Lot L,60,2021-03-14,20.6,2.91,WorthPoint
gallium,Campo Del Cielo Iron Nickel Meteorite Argentina 12.82 Grams,17.75,2021-03-14,12.82,1.38,WorthPoint
gallium,Big Argentina Meteorite W/Display Cube! Real 8.9 Gram Campo Del Cielo Meteorite,29.99,2021-03-14,8.9,3.37,WorthPoint
gallium,Big Argentina Meteorite W/Display Cube! Real 13.4 Gram Campo Del Cielo Meteorite,32.99,2021-03-06,13.4,2.46,WorthPoint
gallium,Campo Del Cielo Iron Nickel Meteorite Argentina 13.24 Grams,17.75,2021-03-06,13.24,1.34,WorthPoint
gallium,Campo Del Cielo Iron Nickel Meteorite Argentina 13.29 Grams,17.75,2021-03-05,13.29,1.34,WorthPoint
gallium,Campo Del Cielo Iron Nickel Meteorite Argentina 15.73 Grams,19.75,2021-03-04,15.73,1.26,WorthPoint
gallium,"Meteorite Specimen From Campo Del Cielo, Argentina; 109g.",65,2021-03-03,109,0.6,WorthPoint
gallium,Argentina Meteorite With Display Cube! Real 10.1 Gram Campo Del Cielo Meteorite!,29.99,2021-03-02,10.1,2.97,WorthPoint
gallium,Campo Del Cielo Iron Nickel Meteorite Argentina 15.43 Grams,19.75,2021-03-01,15.43,1.28,WorthPoint
gallium,Pendant Iron Metal Space Meteorite Pendant Mineral Campo Del Cielo Argentina,12.5,2021-03-01,,,WorthPoint
gallium,Balambala IIF Iron Meteorite 0.5 Gram Lot Of Cut Shavings With Crust,13.5,2021-03-01,0.5,27,WorthPoint
gallium,Meteorite Dust,100,2021-02-27,,,WorthPoint
gallium,Campo Del Cielo Iron Nickel Meteorite Argentina 8.84 Grams,12.75,2021-02-20,8.84,1.44,WorthPoint
gallium,Campo Del Cielo Iron Nickel Meteorite Argentina 5.34 Grams,9.75,2021-02-19,5.34,1.83,WorthPoint
gallium,SUPER SET Of 66 Different Periodic Table Elements-(Down To One Last Set) Rhodium,589,2021-02-18,,,WorthPoint
gallium,"Meteorite Fragment From Campo Del Cielo, Argentina; 98g.",48,2021-02-18,98,0.49,WorthPoint
gallium,Balambala IIF Iron Meteorite 0.2 Gram Lot Of Cut Shavings With Crust,15.25,2021-02-18,0.2,76.25,WorthPoint
gallium,Gallium - 15g - Pure,14,2021-02-16,15,0.93,WorthPoint
gallium,Big Argentina Meteorite W/Display Cube! Real 7.5 Gram Campo Del Cielo Meteorite,27.99,2021-02-13,7.5,3.73,WorthPoint
gallium,1 Gram Rhodium Coin = Cohen Mint: 99.9% Pure Rh Platinum Group | Rare Metals Usa,669.95,2021-02-13,1,669.95,WorthPoint
gallium,"1987 Harris Rad-Hard/Hi-Rel CICD Data Book - Radiation Hardened, Military Spec",18,2021-02-12,,,WorthPoint
gallium,Isamu Akasaki (Nobel Prize Physics 2014) Hand Signed Photograph,50,2021-02-12,,,WorthPoint
gallium,Big Argentina Meteorite W/Display Cube! Real 8.2 Gram Campo Del Cielo Meteorite,29.99,2021-02-10,8.2,3.66,WorthPoint
gallium,PENDANT 8.7grams IRON METAL SPACE METEORITE MINERAL CAMPO DEL CIELO ARGENTINA,9.5,2021-02-10,8.7,1.09,WorthPoint
gallium,Campo Del Cielo Iron Nickel Meteorite Argentina 5.52 Grams,5.5,2021-02-08,5.52,1,WorthPoint
gallium,Campo Del Cielo Iron Nickel Meteorite Argentina 13.15 Grams,17.75,2021-02-05,13.15,1.35,WorthPoint
gallium,Big Argentina Meteorite W/Display Cube! Real 9.5 Gram Campo Del Cielo Meteorite,29.99,2021-02-03,9.5,3.16,WorthPoint
gallium,Pendant Iron Metal Space Meteorite Mineral Campo Del Cielo Argentina,12.95,2021-02-02,,,WorthPoint
gallium,"Meteorite Fragment From Campo Del Cielo, Argentina; 119g.",59,2021-02-02,119,0.5,WorthPoint
gallium,"Meteorite Specimen From Campo Del Cielo, Argentina; 119g.",71,2021-02-02,119,0.6,WorthPoint
gallium,"Meteorite Specimen From Campo Del Cielo, Argentina; 114g.",68,2021-02-01,114,0.6,WorthPoint
gallium,1983 Smithsonian IC History Kilby Intel 4004 CPU 1103 RAM Moore's Law Fairchild,48,2021-01-30,,,WorthPoint
gallium,Campo Del Cielo Iron Nickel Meteorite Lot Argentina 25.48 Grams,29.75,2021-01-28,25.48,1.17,WorthPoint
gallium,1 Troy Oz. INDIUM METAL INGOT 99.99% 31.5 Grams Net Wt.,15,2021-01-27,31.5,0.48,WorthPoint
gallium,"Meteorite Fragment From Campo Del Cielo, Argentina; 113g.",56,2021-01-27,113,0.5,WorthPoint
gallium,Campo Del Cielo Iron Nickel Meteorite Argentina 5.84 Grams,9.75,2021-01-24,5.84,1.67,WorthPoint
gallium,NOVA ELEMENTS Unopened Gallium Sample,20,2021-01-22,,,WorthPoint
gallium,Campo Del Cielo Iron Nickel Meteorite Argentina 8.17 Grams,12.75,2021-01-21,8.17,1.56,WorthPoint
gallium,"Galium Metal 50 Grams, 99.99% Pure Melting Galium - 50g Vial",27.25,2021-01-20,50,0.55,WorthPoint
gallium,"Galium Liquid Metal 100 Grams, 99.99% Pure Melting Galium - Two 50g Vials",46.67,2021-01-18,100,0.47,WorthPoint
gallium,PENDANT 5.4grams IRON METAL SPACE METEORITE MINERAL CAMPO DEL CIELO ARGENTINA,6.95,2021-01-14,5.4,1.29,WorthPoint
gallium,"Galium Liquid Metal 50 Grams, 99.99% Pure Melting Galium - 50g Container",29.1,2021-01-12,50,0.58,WorthPoint
gallium,"Galium Metal 100 Grams, 99.99% Pure Melting Galium - 2 X 50g Vials",42.41,2021-01-10,100,0.42,WorthPoint
gallium,Antimony Bismuth Gallium Ingot 99.995% Bismuth Solid Particles Almost 400g,26,2021-01-10,400,0.07,WorthPoint
gallium,(x260-7) 6.9 G Campo Del Cielo Meteorite Slice Pendant Widmanstatten Iron Nickel,35.99,2021-01-08,6.9,5.22,WorthPoint
gallium,PENDANT 6.2grams IRON METAL SPACE METEORITE MINERAL CAMPO DEL CIELO ARGENTINA,13.5,2021-01-07,6.2,2.18,WorthPoint
gallium,"Meteorite, 4-5 Fragments, 100g Total, From Campo Del Cielo, Argentina",47,2021-01-07,100,0.47,WorthPoint
gallium,Meteorite SPHERE Campo Del Cielo SALE (WAS $510 Now $300 !!!!!),300,2021-01-01,,,WorthPoint
gallium,Big Argentina Meteorite W/Display Cube! Real 6.2 Gram Campo Del Cielo Meteorite!,24.99,2021-01-01,6.2,4.03,WorthPoint
gallium,PENDANT! 4.1grams IRON METAL SPACE METEORITE MINERAL CAMPO DEL CIELO ARGENTINA,8,2020-12-31,4.1,1.95,WorthPoint
gallium,Meteorite SPHERE Campo Del Cielo SALE!! (WAS $757 NOW $450 !!!!!),450,2020-12-26,,,WorthPoint
gallium,Meteorite SPHERE Campo Del Cielo (WAS $411 Was $360 Now $300!!!!!),300,2020-12-25,,,WorthPoint
gallium,Campo Del Cielo Iron Nickel Meteorite Argentina 4.96 Grams,8.75,2020-12-24,4.96,1.76,WorthPoint
gallium,Campo Del Cielo Iron Nickel Meteorite Argentina 14.45 Grams,18.75,2020-12-22,14.45,1.3,WorthPoint
gallium,Campo Del Cielo Iron Nickel Meteorite Argentina 34.41 Grams,38.75,2020-12-21,34.41,1.13,WorthPoint
gallium,"Element Periodic Collection--Educational! Gold, Platinum+--25 Diff.-Unique Gift",139,2020-12-20,,,WorthPoint
gallium,SUPER SET Of 66 Different Periodic Table Elements-FOR MAD SCIENTIST 75,550,2020-12-20,,,WorthPoint
gallium,Campo Del Cielo Iron Nickel Meteorite Argentina 15.84 Grams,19.75,2020-12-19,15.84,1.25,WorthPoint
gallium,Campo Del Cielo Iron Nickel Meteorite Argentina 15.72 Grams,19.75,2020-12-19,15.72,1.26,WorthPoint
gallium,PENDANT! 4.9grams IRON METAL SPACE METEORITE MINERAL CAMPO DEL CIELO ARGENTINA,10.5,2020-12-15,4.9,2.14,WorthPoint
gallium,(x260-8) 8.3 G Campo Del Cielo Meteorite Slice Pendant Widmanstatten Iron Nickel,41.99,2020-12-14,8.3,5.06,WorthPoint
gallium,Campo Del Cielo Iron Nickel Meteorite Argentina 15.59 Grams,19.75,2020-12-13,15.59,1.27,WorthPoint
gallium,Argentina Meteorite With Display Cube! Real 2.4 Gram Campo Del Cielo Meteorite!,14.99,2020-12-12,2.4,6.25,WorthPoint
gallium,Pure Gallium Element Magic Liquid DIY FUP29.8‚ÑÉ 1oz+,18.99,2020-12-12,28.35,0.67,WorthPoint
gallium,(x262-200) 6 G Campo Del Cielo Iron Meteorite 1576 Shrapnel Fragment Specimen,16.99,2020-12-12,6,2.83,WorthPoint
gallium,Big Argentina Meteorite W/Display Cube! Real 8.3 Gram Campo Del Cielo Meteorite!,27.99,2020-12-12,8.3,3.37,WorthPoint
gallium,GA Liquid Metal 99.99% Pure GA Element 20 Grams,12.99,2020-12-11,20,0.65,WorthPoint
gallium,Isamu Akasaki (Nobel Prize Physics 2014) Signed Photograph,50,2020-12-09,,,WorthPoint
gallium,Big Argentina Meteorite W/Display Cube! Real 7.9 Gram Campo Del Cielo Meteorite!,27.99,2020-12-08,7.9,3.54,WorthPoint
gallium,GA Liquid Metal 99.99% Pure GA Element 50Grams,16.99,2020-12-07,50,0.34,WorthPoint
gallium,"Meteorite Specimen From Campo Del Cielo, Argentina; 87g.",52,2020-12-03,87,0.6,WorthPoint
gallium,Big Argentina Meteorite W/Display Cube! Real 9.2 Gram Campo Del Cielo Meteorite!,29.99,2020-12-01,9.2,3.26,WorthPoint
gallium,Big Argentina Meteorite W/Display Cube! Real 9.3 Gram Campo Del Cielo Meteorite!,29.99,2020-12-01,9.3,3.22,WorthPoint
gallium,50G 100Galllium Magic Liquid Metal Melt In Hand 99.99% Pure Shipping From USA,46.99,2020-12-01,50,0.94,WorthPoint
gallium,SUPER SET Of 66 Different Periodic Table Elements-FOR FLINTDIGGER7870,529,2020-11-30,,,WorthPoint
gallium,Meteorite SPHERE Campo Del Cielo (WAS $586 NOW $498 !!!!!),498,2020-11-29,,,WorthPoint
gallium,SUPER SET Of 66 Different Periodic Table Elements-Includes $304 Of Pure Rhodium!,499,2020-11-28,,,WorthPoint
gallium,Big Argentina Meteorite W/Display Cube! Real 6.4 Gram Campo Del Cielo Meteorite!,24.99,2020-11-27,6.4,3.9,WorthPoint
gallium,"Meteorite Specimen From Campo Del Cielo, Argentina; 142g.",85,2020-11-25,142,0.6,WorthPoint
gallium,Campo Del Cielo Iron Nickel Meteorite Argentina 57.77 Grams,62.75,2020-11-24,57.77,1.09,WorthPoint
gallium,PENDANT 9.6grams IRON METAL SPACE METEORITE MINERAL CAMPO DEL CIELO ARGENTINA,9.95,2020-11-24,9.6,1.04,WorthPoint
gallium,Meteorite SPHERE Campo Del Cielo (WAS $645 NOW $516 !!!!!),516,2020-11-20,,,WorthPoint
gallium,Campo Del Cielo Meteorite In Nice Collectors Box,29.99,2020-11-18,,,WorthPoint
gallium,Argentina Meteorite With Display Cube! Real 2.1 Gram Campo Del Cielo Meteorite!,14.99,2020-11-17,2.1,7.14,WorthPoint
gallium,Campo Del Cielo Iron Nickel Meteorite Argentina 8.08 Grams,12.75,2020-11-14,8.08,1.58,WorthPoint
gallium,Meteorite SPHERE Campo Del Cielo WAS $550 NOW $399,399,2020-11-14,,,WorthPoint
gallium,Big Argentina Meteorite W/Display Cube! Real 7.2 Gram Campo Del Cielo Meteorite!,27.99,2020-11-13,7.2,3.89,WorthPoint
gallium,Big Argentina Meteorite W/Display Cube! Real 9.1 Gram Campo Del Cielo Meteorite!,29.99,2020-11-13,9.1,3.3,WorthPoint
gallium,Campo Del Cielo Iron Nickel Meteorite Argentina 7.48 Grams,11.75,2020-11-09,7.48,1.57,WorthPoint
gallium,Campo Del Cielo Iron Nickel Meteorite Argentina 13.78 Grams,17.75,2020-11-09,13.78,1.29,WorthPoint
gallium,Campo Del Cielo Iron Nickel Meteorite Argentina 14.04 Grams,18.75,2020-11-09,14.04,1.34,WorthPoint
gallium,"Meteorite Fragment From Campo Del Cielo, Argentina; 95g.",47,2020-11-08,95,0.49,WorthPoint
gallium,(x262-66) 4 G Campo Del Cielo Iron Meteorite 1576 Shrapnel Fragments Specimen,12.99,2020-11-07,4,3.25,WorthPoint
gallium,Meteorite SPHERE Campo Del Cielo (WAS $710 NOW $568),568,2020-11-07,,,WorthPoint
gallium,Yellow Green GGG Gadolinium Gallium Garnet Faceting Rough 119.5 Cts Color Change,89.99,2020-11-06,23.9,3.77,WorthPoint
gallium,Big Argentina Meteorite W/Display Cube! Real 10.1 Gram Campo Del Cielo Meteorite,29.99,2020-11-04,10.1,2.97,WorthPoint
gallium,"Meteorite From Campo Del Cielo, Chaco Province, Argentina; 265g.",132,2020-11-01,265,0.5,WorthPoint
gallium,7.3grams CAMPO DEL CIELO IRON METEORITE FROM SPACE FOUND IN ARGENTINA,8.95,2020-10-30,7.3,1.23,WorthPoint
gallium,14grams IRON METAL SPACE METEORITE MINERAL CAMPO DEL CIELO ARGENTINA,13.95,2020-10-30,14,1,WorthPoint
gallium,PENDANT 6.5grams IRON METAL SPACE METEORITE MINERAL CAMPO DEL CIELO ARGENTINA,18.5,2020-10-30,6.5,2.85,WorthPoint
gallium,"Galium Liquid Metal 40 Grams, 99.99% Pure Melting Galium - 40g Vial, Syring...",140,2020-10-22,40,3.5,WorthPoint
gallium,1906 MUONIONALUSTA METEORITE SPHERE 18mm 24.6 Grams OCTAHEDRITE WIDMANSTATTEN,148,2020-10-21,24.6,6.02,WorthPoint
gallium,"Meteorite Fragment From Campo Del Cielo, Argentina; 73g. ~4cm Long",36,2020-10-19,73,0.49,WorthPoint
gallium,Campo Del Cielo Iron Meteorite Slice,605,2020-10-15,,,WorthPoint
gallium,Argentina Meteorite With Display Cube! Real 2.8 Gram Campo Del Cielo Meteorite!,14.99,2020-10-13,2.8,5.35,WorthPoint
gallium,RARE NATIVE SILVER On Calcite Crystal Cluster Natural Mineral Specimen MOROCCO,295.95,2020-10-12,,,WorthPoint
gallium,Argentina Meteorite With Display Cube! Real 3.8 Gram Campo Del Cielo Meteorite!,19.99,2020-10-03,3.8,5.26,WorthPoint
gallium,Muonionalusta Beautifully Etched Slice 90 Grams,69,2020-09-28,90,0.77,WorthPoint
gallium,Lg Bismuth (Ultra-Vivid) Crystal Cluster Rainbow Mineral Specimen Lab-Grown,24.99,2020-09-22,,,WorthPoint
gallium,"AZURITE - Dixie Apex Mine, Tutsagubet District, Washington Co., Utah",7.99,2020-09-21,,,WorthPoint
gallium,(x262-40) 4 G Campo Del Cielo Iron Meteorite 1576 Shrapnel Fragments Specimen,12.99,2020-09-19,4,3.25,WorthPoint
gallium,Campo Del Cielo Iron Nickel Meteorite Argentina 4.54 Grams,8.75,2020-09-19,4.54,1.93,WorthPoint
gallium,Argentina Meteorite With Display Cube! Real 2.0 Gram Campo Del Cielo Meteorite,14.99,2020-09-17,2,7.5,WorthPoint
gallium,XXL Bismuth (Ultra-Vivid) Crystal Cluster Rainbow Mineral Specimen Lab-Grown,39.99,2020-09-16,,,WorthPoint
gallium,SALE Was 15 Cents Now 7.5 Cents Per Gram 1 Kilo Dealer Lots Campo Del Cielo,75,2020-09-15,,,WorthPoint
gallium,Campo Del Cielo Iron Nickel Meteorite Argentina 4.108 Grams,8.75,2020-09-10,4.108,2.13,WorthPoint
gallium,Meteorite Campo Del Cielo 1.320 Kilograms,195,2020-09-08,,,WorthPoint
gallium,Historic Meteorite Damascus Billet First Batch Last One!!!!!!!,1138,2020-09-08,,,WorthPoint
gallium,Meteorite SPHERE 52.8mm Campo Del Cielo B,645,2020-09-08,,,WorthPoint
gallium,Meteorite Bar Campo Del Cielo,2580,2020-09-08,,,WorthPoint
gallium,Argentina Meteorite With Display Cube! Real 2.6 Gram Campo Del Cielo Meteorite,14.99,2020-09-08,2.6,5.77,WorthPoint
gallium,Meteorite 360gm Campo Del Cielo Square Cut LIQUIDATION SALE !!! #38,75,2020-09-08,360,0.21,WorthPoint
gallium,Meteorite Campo Del Cielo 345 Gms,65,2020-09-08,345,0.19,WorthPoint
gallium,Meteorite Campo Del Cielo 599 Gms,99,2020-09-08,599,0.17,WorthPoint
gallium,Meteorite Campo Del Cielo 424 Gms,84,2020-09-06,424,0.2,WorthPoint
gallium,Muonionalusta Beautifully Etched Slice 26 Grams,19,2020-09-05,26,0.73,WorthPoint
gallium,Argentina Meteorite With Display Cube! Real 2.9 Gram Campo Del Cielo Meteorite,14.99,2020-09-05,2.9,5.17,WorthPoint
gallium,Argentina Meteorite With Display Cube! Real 2.7 Gram Campo Del Cielo Meteorite,14.99,2020-09-05,2.7,5.55,WorthPoint
gallium,"Cray Research - Cray 3 Paperweight - Printed Circuit Board, GaAs & Silicon Chips",195,2020-09-04,,,WorthPoint
gallium,"Meteorite Specimen From Campo Del Cielo, Argentina; 85g.",51,2020-09-04,85,0.6,WorthPoint
gallium,"Meteorite Specimen From Campo Del Cielo, Argentina; 91g.",55,2020-09-04,91,0.6,WorthPoint
gallium,"Meteorite Fragment From Campo Del Cielo, Argentina; 63g. ~4cm Long",31,2020-09-03,63,0.49,WorthPoint
gallium,Muonionalusta Beautifully Etched Slice 50 Grams,39,2020-09-02,50,0.78,WorthPoint
gallium,Muonionalusta Beautifully Etched Pocket Piece 110 Grams,80,2020-09-01,110,0.73,WorthPoint
gallium,Muonionalusta Beautifully Etched Slice 36 Grams,29,2020-08-31,36,0.81,WorthPoint
gallium,Campo Del Cielo Iron Nickel Meteorite Argentina 4.25 Grams,8.75,2020-08-31,4.25,2.06,WorthPoint
gallium,Campo Del Cielo Iron Nickel Meteorite Argentina 4.14 Grams,8.75,2020-08-31,4.14,2.11,WorthPoint
gallium,Muonionalusta Beautifully Etched Triangle 32 Grams,29,2020-08-30,32,0.91,WorthPoint
gallium,1949 Press Photo George Maddox Works With Irradiated Gallium For Treating Cancer,33.88,2020-08-28,,,WorthPoint
gallium,Meteorite 5 Campo Del Cielo Slices 461 Grams LIQUIDATION SALE!!!,115,2020-08-27,461,0.25,WorthPoint
gallium,"Meteorite Specimen From Campo Del Cielo, Argentina; 77g.",46,2020-08-25,77,0.6,WorthPoint
gallium,"Meteorite Specimen From Campo Del Cielo, Argentina; 80g.",48,2020-08-25,80,0.6,WorthPoint
gallium,"Galium Liquid Metal 500 Grams, 99.99% Pure Melting Galium -",170,2020-08-25,500,0.34,WorthPoint
gallium,Argentina Meteorite With Display Cube! Real 4.2 Gram Campo Del Cielo Meteorite,17.99,2020-08-25,4.2,4.28,WorthPoint
gallium,Campo Del Cielo Iron Nickel Meteorite Argentina 4.35 Grams,8.75,2020-08-24,4.35,2.01,WorthPoint
gallium,Meteorite Etched Cube 476 Grams Campo Del Cielo,225,2020-08-23,476,0.47,WorthPoint
gallium,"Meteorite Specimen From Campo Del Cielo, Argentina; 112g.",67,2020-08-22,112,0.6,WorthPoint
gallium,"Meteorite Fragment From Campo Del Cielo, Argentina; 76g. ~4cm Long",38,2020-08-14,76,0.5,WorthPoint
gallium,"Meteorite Fragment From Campo Del Cielo, Argentina; 91g. ~4cm Long",49,2020-08-14,91,0.54,WorthPoint
gallium,"Meteorite Fragment From Campo Del Cielo, Argentina; 97g. ~4cm Long",48,2020-08-14,97,0.49,WorthPoint
gallium,"RCA Numitron Display Brochure, Semiconductor Selection Guides CTG161, OPT100A",6.95,2020-08-14,,,WorthPoint
gallium,Muonionalusta Etched Part Slice 254 Grams WHOLESALE PRICING!!!,190,2020-08-13,254,0.75,WorthPoint
gallium,PENDANT 5.1grams IRON METAL SPACE METEORITE MINERAL CAMPO DEL CIELO ARGENTINA,10,2020-08-08,5.1,1.96,WorthPoint
gallium,PENDANT 7.6grams IRON METAL SPACE METEORITE MINERAL CAMPO DEL CIELO ARGENTINA,7.99,2020-08-08,7.6,1.05,WorthPoint
gallium,11.1gram CAMPO DEL CIELO IRON METEORITE FROM SPACE FOUND IN ARGENTINA,12.99,2020-08-07,11.1,1.17,WorthPoint
gallium,Campo Del Cielo Iron Meteorite,7.6,2020-08-06,,,WorthPoint
gallium,"Muonionalusta Meteorite Sphere, 49 Mms, It Weighs 492 Gr! ...",560,2020-08-04,492,1.14,WorthPoint
gallium,Campo Del Cielo Meteorite Sphere Large 5Kg 4+ Inch Diameter,4500,2020-08-04,5000,0.9,WorthPoint
gallium,Muonionalusta Beautifully Etched Whole Slice 163 Grams SALE PRICED!!!,119,2020-08-03,163,0.73,WorthPoint
gallium,XL Bismuth (Ultra-Vivid) Crystal Cluster Rainbow Mineral Specimen Lab-Grown,27.99,2020-08-02,,,WorthPoint
gallium,Muonionalusta Etched Part Slice 79 Grams,75,2020-08-02,79,0.95,WorthPoint
gallium,"Meteorite Specimen From Campo Del Cielo, Argentina; 134g.",80,2020-07-29,134,0.6,WorthPoint
gallium,Meteorite SPHERE Campo Del Cielo 564 Grams,495,2020-07-29,564,0.88,WorthPoint
gallium,Campo Del Cielo Iron Nickel Meteorite Argentina 58.39 Grams,78.75,2020-07-28,58.39,1.35,WorthPoint
gallium,Campo Del Cielo Iron Nickel Meteorite Argentina 6.12 Grams,10.75,2020-07-26,6.12,1.76,WorthPoint
gallium,Meteorite SPHERE Campo Del Cielo,615,2020-07-26,,,WorthPoint
gallium,Meteorite Campo Del Cielo #45,101,2020-07-26,,,WorthPoint
gallium,Otv 3 X 37b Orbital Test Vehicle Atlas V Boeing Ula Usaf Space Launch Patch,14.95,2020-07-23,,,WorthPoint
gallium,Muonionalusta Beautifully Etched Part Slice 132 Grams,104,2020-07-22,132,0.79,WorthPoint
gallium,11.6 Grams IRON METAL SPACE METEORITE MINERAL CAMPO DEL CIELO ARGENTINA,10.49,2020-07-22,11.6,0.9,WorthPoint
gallium,Muonionalusta Beautifully Etched Part Slice 15 Grams,14,2020-07-22,15,0.93,WorthPoint
gallium,Meteorite Campo Del Cielo #42,364,2020-07-21,,,WorthPoint
gallium,Muonionalusta Beautifully Etched Part Slice 67 Grams,55,2020-07-21,67,0.82,WorthPoint
gallium,DESCLOIZITE Bladed Crystals Cluster Mineral Display Namibia Descloisite 3x2x2,74.95,2020-07-20,,,WorthPoint
gallium,Meteorite Campo Del Cielo #43,94,2020-07-20,,,WorthPoint
gallium,Muonionalusta Etched Part Slice 233 Grams WHOLESALE PRICING!!!,139,2020-07-18,233,0.6,WorthPoint
gallium,Muonionalusta WHOLESALE PRICING!!! Etched Cube 387 Grams,290,2020-07-17,387,0.75,WorthPoint
gallium,(x[REDACTED] G Campo Del Cielo Iron Meteorite 1576 Argentina Large Specimen,760.99,2020-07-16,,,WorthPoint
gallium,Muonionalusta Beautifully Etched Slice 110 Grams,88,2020-07-15,110,0.8,WorthPoint
gallium,Muonionalusta Beautifully Etched Slice 200 Grams WHOLESALE PRICING!!!,123,2020-07-15,200,0.62,WorthPoint
gallium,RARE 50s STERLING SILVER STRONTIUM TITANATE-GADOLINIUM CLEAR GARNET RING S10,65,2020-07-14,,,WorthPoint
gallium,Muonionalusta Beautifully Etched End Cut 551 Grams #33,386,2020-07-08,551,0.7,WorthPoint
gallium,Muonionalusta Beautifully Etched End Cut 117 Grams #37 WHOLESALE PRICE,89,2020-07-08,117,0.76,WorthPoint
gallium,Meteorite 78 Gm Campo Del Cielo Square Cut Wholesale Price !!!,30,2020-07-08,78,0.38,WorthPoint
gallium,Muonionalusta Beautifully Etched Slice 107 Grams #35,64,2020-07-04,107,0.6,WorthPoint
gallium,Campo Del Cielo Meteorite 10 Cents Per Gram WHOLESALE!!!!,68,2020-07-03,,,WorthPoint
gallium,Indium Metal Squares 99.995% Pure 20 Grams Element Ingots Fast USA Shipping,19,2020-07-03,20,0.95,WorthPoint
gallium,"American Electronics Association 1987 Paperweight - Intel 80186, Fairchild F9450",95,2020-07-02,,,WorthPoint
gallium,Muonionalusta Beautifully Etched End Cut 174 Grams,174,2020-06-30,174,1,WorthPoint
gallium,Meteorite 489 Gm Campo Del Cielo Wholesale Price !!!,106,2020-06-30,489,0.22,WorthPoint
gallium,Muonionalusta Etched Part Slice 67 Grams NICE ACID ETCH,60,2020-06-27,67,0.9,WorthPoint
gallium,1.034 Kilogram 99.99% Indium Metal Bar 1.034 Kilogram 99.99% Indium Metal Bar,240,2020-06-26,,,WorthPoint
gallium,Meteorite 15 Cents Per Gram 1 Kilo Dealer Lots Campo Del Cielo,150,2020-06-26,,,WorthPoint
gallium,Muonionalusta Beautifully Etched Slice 75 Grams WHOLESALE PRICING!!!,52,2020-06-26,75,0.69,WorthPoint
gallium,Muonionalusta Premium Etched Part Slice 117 Grams WHOLESALE PRICING!!!,87,2020-06-25,117,0.74,WorthPoint
gallium,MASSIVE 677.6g Campo Del Cielo Meteorite!!! THUMBPRINTS!!!,299,2020-06-25,677.6,0.44,WorthPoint
gallium,Meteorite 163 Gm Campo Del Cielo Square Cut WHOLESALE PRICE!!!!!!!,40,2020-06-23,163,0.25,WorthPoint
gallium,Meteorite 292 Gm Campo Del Cielo Square Cut WHOLESALE PRICE!!!!!!!,58,2020-06-22,292,0.2,WorthPoint
gallium,Muonionalusta Premium Etched Part Slice 78 Grams WHOLESALE PRICING!!!,58,2020-06-22,78,0.74,WorthPoint
gallium,Muonionalusta Beautifully Etched End Cut 554 Grams WHOLESALE PRICING!!!,260,2020-06-22,554,0.47,WorthPoint
gallium,Meteorite 1792 Gm Campo Del Cielo 1/4 Cut WHOLESALE PRICE!!!!!!!,322,2020-06-22,1792,0.18,WorthPoint
gallium,"109 G (3.84 Oz) High Purity 99.999% Gallium Ga, Cast Bar",39.99,2020-06-18,109,0.37,WorthPoint
gallium,Muonionalusta Etched Slice 49 Grams,18.5,2020-06-13,49,0.38,WorthPoint
gallium,(x262-61) 5 G Campo Del Cielo Iron Meteorite 1576 Shrapnel Fragment Specimen,14.99,2020-06-13,5,3,WorthPoint
gallium,PENDANT 13.5grams IRON METAL SPACE METEORITE MINERAL CAMPO DEL CIELO ARGENTINA,14.09,2020-06-09,13.5,1.04,WorthPoint
gallium,AGOUDAL Iron Meteorite ORIENTED Specimen Imilchil Natural Patina MOROCCO,24.95,2020-05-30,,,WorthPoint
gallium,"Meteorite Specimen From Campo Del Cielo, Chaco Province, Argentina; 227g.",169,2020-05-30,227,0.74,WorthPoint
gallium,"Meteorite Specimen From Campo Del Cielo, Argentina; 126g.",75,2020-05-27,126,0.6,WorthPoint
gallium,"Meteorite Fragment From Campo Del Cielo, Argentina; 79g.",39,2020-05-22,79,0.49,WorthPoint
gallium,LARGE 1765 BLACKWELL Antique Engraving: GALLIUM Botanical Plant Decor,15,2020-05-14,,,WorthPoint
gallium,1989 Press Photo General Electric Engineer Pin Ho At Laboratory In Liverpool,19.88,2020-05-06,,,WorthPoint
gallium,SET Of 66 Different Periodic Table Elements,325,2020-04-30,,,WorthPoint
gallium,Gallium 55g,39.97,2020-04-24,55,0.73,WorthPoint
gallium,11.7grams IRON METAL SPACE METEORITE PENDANT MINERAL CAMPO DEL CIELO ARGENTINA,10.5,2020-04-24,11.7,0.9,WorthPoint
gallium,Natural Copper Mineral Specimen In Matrix COPPER QUEEN MINE BISBEE AZ Estate Pc.,99.95,2020-04-23,,,WorthPoint
gallium,Gold Silver A Meteorite Bismuth Copper Tungsten Magnesium Gallium And Bronze Lot,15.99,2020-04-16,,,WorthPoint
gallium,Metal Toys Ga 100 99.99 Low Melting Point Metal Magician,14.28,2020-04-15,,,WorthPoint
gallium,Fast Shipping -- 20gGallium Metal 99.99% Pure Ship From USA,11.61,2020-04-03,20,0.58,WorthPoint
gallium,Bismuth & Gallium Metal Ingots And Volcano Rock,6.72,2020-03-09,,,WorthPoint
gallium,"Meteorite Specimen From Campo Del Cielo, Argentina; 89g.",53,2020-03-07,89,0.6,WorthPoint
gallium,Fast Shipping --50-100Gallium Metal 99.99% Pure Ship From USA IN 5DAYS,45,2020-03-07,100,0.45,WorthPoint
gallium,(x262-81) 5 G Campo Del Cielo Iron Meteorite 1576 Shrapnel Fragments Specimen,14.99,2020-03-04,5,3,WorthPoint
gallium,"Galena, Silver Rich Ore From Remote Alaska. Including Gold, Antimony, Zinc...",10,2020-03-03,,,WorthPoint
gallium,Argentina Meteorite With Display Cube! Real 4.3 Gram Campo Del Cielo Meteorite!,17.99,2020-02-28,4.3,4.18,WorthPoint
gallium,Pure Liquid 50GalIium Ga Metal Element 99% Purity Ship From Usa Fast Shipping,24.7,2020-02-23,50,0.49,WorthPoint
gallium,Otv-3 - 30sw - 1 Asts X-37b Orbital Test Vehicle - Atlas-v Boeing Usaf Dod Patch,21.95,2020-02-23,,,WorthPoint
gallium,"Meteorite Specimen From Campo Del Cielo, Argentina; 93g.",56,2020-02-21,93,0.6,WorthPoint
gallium,"Meteorite, 150g Of Small Fragments, From Campo Del Cielo, Argentina",45,2020-02-13,150,0.3,WorthPoint
gallium,Iridescent Bismuth Rainbow Hopper Crystal Cluster Mineral Lg Specimen Colorful,39.95,2020-02-11,,,WorthPoint
gallium,9grams CAMPO DEL CIELO IRON METEORITE FROM SPACE FOUND IN ARGENTINA,24.49,2020-02-09,9,2.72,WorthPoint
gallium,"Meteorite Fragment From Campo Del Cielo, Argentina; 74g.",37,2020-02-02,74,0.5,WorthPoint
gallium,"Meteorite Fragment From Campo Del Cielo, Argentina; 59g. ~4cm Long",29,2020-02-02,59,0.49,WorthPoint
gallium,Campo Del Cielo Meteorite With Display Cube! Real 4.1 Gram Argentina Meteorite!,17.99,2020-01-31,4.1,4.39,WorthPoint
gallium,"Meteorite Fragment From Campo Del Cielo, Argentina; 52g. ~4cm Long",26,2020-01-31,52,0.5,WorthPoint
gallium,Argentina Meteorite With Display Cube! Real 4.0 Gram Campo Del Cielo Meteorite!,17.99,2020-01-22,4,4.5,WorthPoint
gallium,50g Pure GALLIUM - Packaged In The U.S.A. 99.99% Pure,23,2020-01-19,50,0.46,WorthPoint
gallium,Low Melting Point Metal-Ga-50g,20,2020-01-18,50,0.4,WorthPoint
gallium,"Heart-Shaped Meteorite, From Campo Del Cielo, Argentina, 4-5cm Long, 83g. <3",149,2020-01-13,83,1.8,WorthPoint
gallium,"1000g Pure GALLIUM 99.9999%, BEST DEAL!! FREE SHIPPING IN U.S.",321,2019-12-30,1000,0.32,WorthPoint
gallium,99.99% Pure 20g Gallium Element W/Molded For DIY Mould Melting Point 86F 30C,11.5,2019-12-23,20,0.57,WorthPoint
gallium,PENDANT 5.9grams IRON METAL SPACE METEORITE MINERAL CAMPO DEL CIELO ARGENTINA,21.5,2019-12-21,5.9,3.64,WorthPoint
gallium,Campo Del Cielo Iron Nickel Meteorite Argentina 4.352 Grams,12.75,2019-12-15,4.352,2.93,WorthPoint
gallium,Argentina Meteorite With Display Cube! Real 2.3 Gram Campo Del Cielo Meteorite!,14.99,2019-12-15,2.3,6.52,WorthPoint
gallium,Campo Del Cielo Meteorite With Display Cube! Real 4.5 Gram Argentina Meteorite!,17.99,2019-12-15,4.5,4,WorthPoint
gallium,Campo Del Cielo Meteorite With Display Cube! Real 3.7 Gram Argentina Meteorite!,16.99,2019-12-14,3.7,4.59,WorthPoint
gallium,"Meteorite Fragment From Campo Del Cielo, Argentina; 54g. ~4cm Long",27,2019-12-13,54,0.5,WorthPoint
gallium,"Meteorite Fragment From Campo Del Cielo, Argentina; 91g.",45,2019-12-12,91,0.49,WorthPoint
gallium,"Meteorite Specimen From Campo Del Cielo, Argentina; 81g.",49,2019-12-09,81,0.6,WorthPoint
gallium,Campo Del Cielo Meteorite With Display Cube! Real 4.0 Gram Argentina Meteorite!,17.99,2019-12-09,4,4.5,WorthPoint
gallium,"Meteorite Fragment From Campo Del Cielo, Argentina; 81g.",40,2019-12-07,81,0.49,WorthPoint
gallium,"Meteorite Fragment From Campo Del Cielo, Argentina; 102g. ~4cm Long",51,2019-12-07,102,0.5,WorthPoint
gallium,"Meteorite Fragment From Campo Del Cielo, Argentina; 61g. ~4cm Long",30,2019-12-06,61,0.49,WorthPoint
gallium,"Meteorite Fragment From Campo Del Cielo, Argentina; 58g. ~4cm Long",29,2019-12-06,58,0.5,WorthPoint
gallium,"Meteorite Fragment From Campo Del Cielo, Argentina; 191g.",95,2019-12-04,191,0.5,WorthPoint
gallium,Low Price! Beautiful Quarter Cut! Muonionalusta Swedish Iron Meteorite 873.7 Gms,651.75,2019-12-03,873.7,0.75,WorthPoint
gallium,"Meteorite Fragment From Campo Del Cielo, Argentina; 51g. ~4cm Long",25,2019-12-02,51,0.49,WorthPoint
gallium,Campo Del Cielo Meteorite With Display Cube! Real 2.3 Gram Argentina Meteorite!,14.99,2019-11-30,2.3,6.52,WorthPoint
gallium,"Meteorite Fragment From Campo Del Cielo, Argentina; 71g. ~4cm Long",35,2019-11-16,71,0.49,WorthPoint
gallium,"Meteorite Fragment From Campo Del Cielo, Argentina; 128g.",64,2019-11-14,128,0.5,WorthPoint
gallium,"Meteorite Fragment From Campo Del Cielo, Argentina; 87g.",43,2019-11-11,87,0.49,WorthPoint
gallium,21 Grams LIQUID METAL ALLOY [Ga-In-Sn] Mp 51√Ç¬∞F/11√Ç¬∞C WETS GLASS - High Grade,39.99,2019-11-07,21,1.9,WorthPoint
gallium,50 Grams PureGallium Metal 99.9% Low Melting Point,26.06,2019-11-04,50,0.52,WorthPoint
gallium,"Meteorite Fragment From Campo Del Cielo, Argentina; 59g.",29,2019-11-04,59,0.49,WorthPoint
gallium,"Meteorite Specimen From Campo Del Cielo, Argentina; 83g.",49,2019-11-02,83,0.59,WorthPoint
gallium,"Meteorite Fragment From Campo Del Cielo, Argentina; 96g.",48,2019-11-01,96,0.5,WorthPoint
gallium,Argentina Meteorite With Display Cube! Real 2.5 Gram Campo Del Cielo Meteorite!,14.99,2019-10-30,2.5,6,WorthPoint
gallium,Campo Del Cielo Meteorite In Display Cube! Genuine 2.8 Gram Argentina Meteorite!,14.99,2019-10-30,2.8,5.35,WorthPoint
gallium,"Meteorite Fragment From Campo Del Cielo, Argentina; 147g.",73,2019-10-29,147,0.5,WorthPoint
gallium,"Meteorite Specimen From Campo Del Cielo, Argentina; 106g.",64,2019-10-28,106,0.6,WorthPoint
gallium,Campo Del Cielo Iron Nickel Meteorite Argentina 4.347 Grams,12.75,2019-10-28,4.347,2.93,WorthPoint
gallium,"Meteorite Fragment From Campo Del Cielo, Argentina; 116g.",58,2019-10-25,116,0.5,WorthPoint
gallium,"Meteorite Fragment From Campo Del Cielo, Argentina; 111g.",55,2019-10-22,111,0.5,WorthPoint
gallium,"Meteorite Fragment From Campo Del Cielo, Argentina; 143g.",71,2019-10-22,143,0.5,WorthPoint
gallium,"Meteorite Fragment From Campo Del Cielo, Argentina; 106g.",53,2019-10-22,106,0.5,WorthPoint
gallium,Dealer Lot! Many Circles & Disks! Muonionalusta Swedish Iron Meteorites 500 Gms,749.25,2019-10-21,500,1.5,WorthPoint
gallium,"Meteorite Fragment From Campo Del Cielo, Argentina; 48g. ~4cm Long",24,2019-10-20,48,0.5,WorthPoint
gallium,"Meteorite Fragment From Campo Del Cielo, Argentina; 50g. ~4cm Long",25,2019-10-19,50,0.5,WorthPoint
gallium,1878 Scientific Amer Suppl-Paris Balloon-Vaseline-Silk-Gallium-Bees +More DEC 7,10.99,2019-10-18,,,WorthPoint
gallium,"Meteorite Fragment From Campo Del Cielo, Argentina; 94g.",47,2019-10-18,94,0.5,WorthPoint
gallium,Gallium,12.5,2019-10-18,,,WorthPoint
gallium,99.99% Pure 50g Gallium Element W/Molded For DIY Mould Melting Point 86F 30C,15,2019-10-14,50,0.3,WorthPoint
gallium,Cesium Metal In 50mm Acrylic Cube 99.99% Pure For Element Collection,165,2019-10-06,,,WorthPoint
gallium,"Meteorite From Campo Del Cielo, Argentina; 68g. ~4cm Long",49,2019-10-02,68,0.72,WorthPoint
gallium,"Meteorite From Campo Del Cielo, Argentina; 70g. ~4cm Long",49,2019-10-02,70,0.7,WorthPoint
gallium,"Large Campo Del Cielo Meteorite - 13.27 Pounds (6,020 Grams) - Eye Appealing !!",1500,2019-09-18,20,75,WorthPoint
gallium,"Meteorite From Campo Del Cielo, Argentina; 114g. ~4cm Long",49,2019-09-08,114,0.43,WorthPoint
gallium,"Meteorite From Campo Del Cielo, Argentina; 69g. ~4cm Long",49,2019-09-07,69,0.71,WorthPoint
gallium,115g Pure Gallium,45.99,2019-09-06,115,0.4,WorthPoint
gallium,Campo Del Cielo Meteorite With Display Cube! Real 4.8 Gram Argentina Meteorite!,17.99,2019-09-05,4.8,3.75,WorthPoint
gallium,Genuine Meteorite Necklace! Sliced Muonionalusta Meteor In Stainless Pendant!!,22.99,2019-08-30,,,WorthPoint
gallium,"Meteorite From Campo Del Cielo, Argentina; 72g. ~4cm Long",49,2019-08-30,72,0.68,WorthPoint
gallium,Cesium Metal 99.9% Pure 1 Gram For Element Collection New For 2019!,60,2019-08-30,1,60,WorthPoint
gallium,RARE NATIVE SILVER Crystal Cluster Natural Mineral Specimen ELURA MINE AUSTRALIA,49.95,2019-08-29,,,WorthPoint
gallium,Indium 10 Troy Ounce Bar 99.99% Ingot/Bar,200,2019-08-29,,,WorthPoint
gallium,"Meteorite From Campo Del Cielo, Argentina; 80g. ~4cm Long",49,2019-08-28,80,0.61,WorthPoint
gallium,"Meteorite From Campo Del Cielo, Argentina; 98g. ~4cm Long",49,2019-08-28,98,0.5,WorthPoint
gallium,"Meteorite From Campo Del Cielo, Argentina; 71g. ~4cm Long",49,2019-08-28,71,0.69,WorthPoint
gallium,"Meteorite With Hole, Campo Del Cielo, Chaco Province, Argentina",1200,2019-08-25,,,WorthPoint
gallium,99.99% Pure Galium - 50 Grams,15,2019-08-23,50,0.3,WorthPoint
gallium,"Meteorite From Campo Del Cielo, Chaco Province, Argentina; 177g.",115,2019-08-22,177,0.65,WorthPoint
gallium,"Meteorite From Campo Del Cielo, Argentina; 52g. ~4cm Long",49,2019-08-21,52,0.94,WorthPoint
gallium,"Meteorite From Campo Del Cielo, Argentina; 78g. ~4cm Long",49,2019-08-20,78,0.63,WorthPoint
gallium,Campo Del Cielo Iron Nickel Meteorite Lot Argentina 25.56 Grams,39.75,2019-08-20,25.56,1.56,WorthPoint
gallium,"Meteorite From Campo Del Cielo, Argentina; 82g. ~4cm Long",49,2019-08-18,82,0.6,WorthPoint
gallium,1983 Kilby Intel C4004 8008 CPU 1103 RAM Shockley Transistor RTL Fairchild UA709,55,2019-08-15,,,WorthPoint
gallium,Campo Del Cielo Meteorite With Display Cube! Real 4.6 Gram Argentina Meteorite!,17.99,2019-08-13,4.6,3.91,WorthPoint
gallium,PENDANT 6.6 Grams IRON METAL SPACE METEORITE MINERAL CAMPO DEL CIELO,12.5,2019-08-10,6.6,1.89,WorthPoint
gallium,Campo Del Cielo Iron Nickel Meteorite Argentina 4.924 Grams,12.75,2019-08-01,4.924,2.59,WorthPoint
gallium,Campo Del Cielo Iron Nickel Meteorite Lot Argentina 25.31 Grams,39.75,2019-07-18,25.31,1.57,WorthPoint
gallium,Campo Del Cielo Meteorite In Display Cube! Genuine 2.9 Gram Argentina Meteorite!,14.99,2019-07-18,2.9,5.17,WorthPoint
gallium,"Meteorite, Campo Del Cielo, Chaco Province, Argentina",180,2019-07-14,,,WorthPoint
gallium,PURE 999 INDIUM Metal 3.5 Oz,39.95,2019-07-09,99.225,0.4,WorthPoint
gallium,Campo Del Cielo Meteorite With Display Cube! Real 4.3 Gram Argentina Meteorite!,17.99,2019-07-06,4.3,4.18,WorthPoint
gallium,Low Price! Sensational Slice! Muonionalusta Swedish Iron Meteorite 42.6 Gms,63.75,2019-07-01,42.6,1.5,WorthPoint
gallium,Campo Del Cielo Meteorite In Display Cube! Genuine 3.5 Gram Argentina Meteorite!,14.99,2019-06-28,3.5,4.28,WorthPoint
gallium,Low Price! Beautiful Block Cut! Muonionalusta Swedish Iron Meteorite 476.4 Gms,374.25,2019-06-24,476.4,0.79,WorthPoint
gallium,5Strands | Affordable Testing | Metals & Minerals Test | At Home Hair Analysis K,53.32,2019-06-18,,,WorthPoint
gallium,PENDANT 6.3grams IRON METAL SPACE METEORITE MINERAL CAMPO DEL CIELO ARGENTINA,10.03,2019-06-18,6.3,1.59,WorthPoint
gallium,"Slave Contract For Sale Of Two Negro Boys, 1827 In Payment For Debt",240,2019-06-17,,,WorthPoint
gallium,Campo Del Cielo Meteorite With Display Cube! Real 4.7 Gram Argentina Meteorite!,17.99,2019-06-17,4.7,3.83,WorthPoint
gallium,Argentina Meteorite With Display Cube! Real 4.5 Gram Campo Del Cielo Meteorite!,17.99,2019-06-16,4.5,4,WorthPoint
gallium,12.3grams IRON METAL SPACE METEORITE MINERAL CAMPO DEL CIELO ARGENTINA,12.99,2019-06-12,12.3,1.06,WorthPoint
gallium,Vintage Hanging Scientific Molecular Model GaAs School Atomic,98,2019-06-12,,,WorthPoint
gallium,"Fast Shipping! 50gramGallium Metal 99,99% Reinheit 4N, Element From USA In 5days",28,2019-06-06,50,0.56,WorthPoint
gallium,1933 Mining For Rare Metals Gallium Rubidium Caesium Lithium Zirconium Geology,10,2019-05-24,,,WorthPoint
gallium,SUPER SET Of 66 Different Periodic Table Elements--Best Presentation On EBay,388,2019-05-24,,,WorthPoint
gallium,(x262-38) 4 G Campo Del Cielo Iron Meteorite 1576 Shrapnel Fragments Specimen,12.99,2019-05-23,4,3.25,WorthPoint
gallium,99.99% 50-100G~allium Liquid Metal Fast Shipping Ship From USA IN 5DAYS,26,2019-05-18,100,0.26,WorthPoint
gallium,Campo Del Cielo Iron Nickel Meteorite Lot Argentina 25.63 Grams,39.75,2019-05-17,25.63,1.55,WorthPoint
gallium,Campo Del Cielo Meteorite With Display Cube! Real 3.4 Gram Argentina Meteorite!,14.99,2019-05-16,3.4,4.41,WorthPoint
gallium,PENDANT! 14.4grams IRON METAL SPACE METEORITE MINERAL CAMPO DEL CIELO ARGENTINA,14.99,2019-05-15,14.4,1.04,WorthPoint
gallium,PENDANT 11.5grams IRON METAL SPACE METEORITE MINERAL CAMPO DEL CIELO ARGENTINA,13.99,2019-05-08,11.5,1.22,WorthPoint
gallium,Argentina Meteorite With Display Cube! Real 3.4 Gram Campo Del Cielo Meteorite!,14.99,2019-05-07,3.4,4.41,WorthPoint
gallium,Argentina Meteorite With Display Cube! Real 4.6 Gram Campo Del Cielo Meteorite!,17.99,2019-05-03,4.6,3.91,WorthPoint
gallium,99.99% PURE 5g-100Gallium GA Metal Elemental 31 Liquid Metal Low Melt Magic,19.99,2019-05-02,5,4,WorthPoint
gallium,Campo Del Cielo Meteorite In Display Cube! Genuine 3.8 Gram Argentina Meteorite!,14.99,2019-04-28,3.8,3.94,WorthPoint
gallium,50g 99.99% 50Gallium Ga Metal Element 31 Low Melting Point US Fast Shipping,29.99,2019-04-27,50,0.6,WorthPoint
gallium,Campo Del Cielo Iron Nickel Meteorite Lot Argentina 25.18 Grams,39.75,2019-04-26,25.18,1.58,WorthPoint
gallium,Campo Del Cielo Iron Nickel Meteorite Argentina 3.501 Grams,10.75,2019-04-15,3.501,3.07,WorthPoint
gallium,Campo Del Cielo Iron Nickel Meteorite Argentina With COA 164.58 Grams,175.75,2019-04-14,164.58,1.07,WorthPoint
gallium,99.99%Gallium 20 Gram Pure Element Magic Melts Sample Natural Melting VIAL ...,24,2019-04-10,20,1.2,WorthPoint
gallium,Argentina Meteorite With Display Cube! Real 3.7 Gram Campo Del Cielo Meteorite!,14.99,2019-04-09,3.7,4.05,WorthPoint
gallium,Dealer Lot! Triangles & Squares! Muonionalusta Swedish Iron Meteorites 500 Gms,674.25,2019-04-07,500,1.35,WorthPoint
gallium,Campo Del Cielo Iron Nickel Meteorite Argentina 4.685 Grams,12.75,2019-04-07,4.685,2.72,WorthPoint
gallium,NIB Jakks Pacific Spy Net NIGHT VISION GOGGLES INFARED STEALTH BINOCULARS,50,2019-04-02,,,WorthPoint
gallium,"50-100g 99.99% Liquid Metal; 50-100Gallium, Syringe, Mold & Experiment Guide",24.95,2019-04-01,100,0.25,WorthPoint
gallium,Campo Del Cielo Iron Nickel Meteorite Argentina 3.711 Grams,10.75,2019-03-30,3.711,2.9,WorthPoint
gallium,Low Price! Terrific Quad Cut! Muonionalusta Swedish Iron Meteorite 271 Gms,356.25,2019-03-28,271,1.31,WorthPoint
gallium,"Genuine Iron-nickel Meteorite - Campo Del Cielo, Argentina - Shooting Star",10.88,2019-03-25,,,WorthPoint
gallium,Campo Del Cielo Iron Nickel Meteorite Argentina 5.498 Grams,12.11,2019-03-25,5.498,2.2,WorthPoint
gallium,1983 Smithsonian IC History Kilby AMD Intel 4004 CPU Moore's Law 256 Bit RAM Z80,55,2019-03-20,,,WorthPoint
gallium,Campo Del Cielo Meteorite In Display Cube! Genuine 3.7 Gram Argentina Meteorite!,14.99,2019-03-18,3.7,4.05,WorthPoint
gallium,Campo Del Cielo Meteorite In Display Cube! Genuine 3.0 Gram Argentina Meteorite!,14.99,2019-03-16,3,5,WorthPoint
gallium,G Allium Pure 99.99% Element 5 Gram Sample Natural Melting In VIAL Magic Melting,12.99,2019-03-13,5,2.6,WorthPoint
gallium,Original X-37b - Afspc-5 - Otv 4 - Atlas V Boeing Usaf Dod Space Plane Patch,31.95,2019-03-12,,,WorthPoint
gallium,99.99%Gallium Pure Element 20 Gram Sample Natural Melting In VIAL Magic Melts,20,2019-03-10,20,1,WorthPoint
gallium,Pure 99.99%GALLIUM Element 10 Gram Sample Natural Melting In VIAL Magic Melt,17.99,2019-03-10,10,1.8,WorthPoint
gallium,Lot Of (34) IEEE SPECTRUM Magazine 1983 1984 1985 1986 Issues Engineering,30,2019-03-10,,,WorthPoint
gallium,37.2gm Piece Of Clear G.G.G. Faceting Rough Lot #208,93,2019-03-07,37.2,2.5,WorthPoint
gallium,"50g 99.99% Pure Liquid Metal 50Gallium Includes Syringe, Mold & Experiment Guide",24.95,2019-03-06,50,0.5,WorthPoint
gallium,Giant Kidd Creek Volcanogenic Massive Sulfide Deposit/canada/volcano Geology/big,55,2019-03-04,,,WorthPoint
gallium,Low Price! Terrific Block Cut! Muonionalusta Swedish Iron Meteorite 113.5 Gms,179,2019-03-04,113.5,1.58,WorthPoint
gallium,Low Price! Terrific Triple Cut! Muonionalusta Swedish Iron Meteorite 209.8 Gms,314.25,2019-03-03,209.8,1.5,WorthPoint
gallium,Campo Del Cielo Iron Nickel Meteorite Argentina 5.261 Grams,12.75,2019-03-03,5.261,2.42,WorthPoint
gallium,Argentina Meteorite With Display Cube! Real 5.4 Gram Campo Del Cielo Meteorite!!,19.99,2019-02-28,5.4,3.7,WorthPoint
gallium,99.99% PURE 10g Liquid Metal Elemental Magic Element Melting Metal Trick,15,2019-02-28,10,1.5,WorthPoint
gallium,Cray Computer Gallium Wafers,90.12,2019-02-24,,,WorthPoint
gallium,(x261-21) 10 G Campo Del Cielo Meteorite 1576 Shrapnel Fragments Specimen Meteor,32.99,2019-02-22,10,3.3,WorthPoint
gallium,GalliumMetal 99.99% Pure - 40 Grams [Luciteria Science],17.5,2019-02-13,40,0.44,WorthPoint
gallium,(x262-620) 47 G Campo Del Cielo Iron Meteorite 1576 Argentina Fragment Specimen,89.99,2019-02-11,47,1.91,WorthPoint
gallium,Argentina Meteorite With Display Cube! Real 5.5 Gram Campo Del Cielo Meteorite!!,19.99,2019-02-09,5.5,3.63,WorthPoint
gallium,Campo Del Cielo Meteorite In Display Cube! Genuine 3.2 Gram Argentina Meteorite!,14.99,2019-01-21,3.2,4.68,WorthPoint
gallium,Campo Del Cielo Iron Nickel Meteorite Argentina 3.941 Grams,10.75,2019-01-13,3.941,2.73,WorthPoint
gallium,Campo Del Cielo Iron Nickel Meteorite Argentina 5.977 Grams,12.75,2019-01-13,5.977,2.13,WorthPoint
gallium,Campo Del Cielo Iron Nickel Meteorite Argentina 3.552 Grams,10.75,2019-01-13,3.552,3.03,WorthPoint
gallium,"Attractive AZURITE And MALACHITE Specimen---Apex Mine, Utah--Classic US Locality",28,2019-01-13,,,WorthPoint
gallium,Campo Del Cielo Iron Nickel Meteorite Argentina 14.460 Grams CDC168,24.75,2019-01-12,14.46,1.71,WorthPoint
gallium,Campo Del Cielo Iron Nickel Meteorite Argentina 3.844 Grams,10.75,2019-01-11,3.844,2.8,WorthPoint
gallium,Gall Ium Metal 99.99% Pure 100 Grams USA Free Shipping,55.99,2019-01-09,100,0.56,WorthPoint
gallium,Bismuth Crystal,19.58,2019-01-07,,,WorthPoint
gallium,Low Price! Exqusite Etched Slice! Muonionalusta Swedish Iron Meteorite 188 Gms,281.25,2019-01-07,188,1.5,WorthPoint
gallium,Campo Del Cielo Iron Nickel Meteorite Lot Argentina 25.39 Grams,39.75,2019-01-06,25.39,1.57,WorthPoint
gallium,Campo Del Cielo Meteorite In Display Cube! Genuine 3.6 Gram Argentina Meteorite,14.99,2019-01-02,3.6,4.16,WorthPoint
gallium,Fast Shipping --50-100Gallium Metal 99.99% Pure USA Free Shipping,29.9,2018-12-13,100,0.3,WorthPoint
gallium,Fast Shipping --50-100Gallium Metal Ship From Usa IN 5 DAYS!,49.9,2018-12-12,100,0.5,WorthPoint
gallium,Campo Del Cielo Meteorite In Display Cube! Genuine 3.3 Gram Argentina Meteorite,14.99,2018-12-10,3.3,4.54,WorthPoint
gallium,Argentina Meteorite With Display Cube! Real 5.2 Gram Campo Del Cielo Meteorite!!,19.99,2018-12-09,5.2,3.84,WorthPoint
gallium,Argentina Meteorite In Display Cube! Genuine 3.1 Gram Campo Del Cielo Meteorite,14.99,2018-12-07,3.1,4.84,WorthPoint
gallium,GALINSTAN METAL ALLOY Mp 51¬∞F/10¬∞C 20g.= 2/3 Troy Oz Lapping Alloy Optical Flats,50,2018-12-05,20,2.5,WorthPoint
gallium,50g 99.99% G Allium Ga Metal Element 31 Low Melting Point US Fast Shipping,29.99,2018-12-05,50,0.6,WorthPoint
gallium,Twelfth Doctor's Sonic Screwdriver Programmable TV Remote,111,2018-12-05,,,WorthPoint
gallium,Child Toys 99.99% Pure Liquid Gallium Element For DIY Mould Melting Point 29.8 ‚ÑÉ,12.58,2018-12-05,,,WorthPoint
gallium,Kids Toys 99.99% Pure Liquid Gallium Element For DIY Mould Melting Point 29.8 ‚ÑÉ,12.59,2018-12-05,,,WorthPoint
gallium,SUPER SET Of 66 Different Periodic Table Elements-beautiful...NEW LOWEST PRICE!,598,2018-12-02,,,WorthPoint
gallium,Campo Del Cielo Iron Nickel Meteorite Argentina 4.527 Grams,12.75,2018-11-30,4.527,2.82,WorthPoint
gallium,Campo Del Cielo Iron Nickel Meteorite Argentina 3.628 Grams,10.75,2018-11-30,3.628,2.96,WorthPoint
gallium,Campo Del Cielo Iron Nickel Meteorite Argentina 7.015 Grams,15.75,2018-11-30,7.015,2.25,WorthPoint
gallium,Campo Del Cielo Iron Nickel Meteorite Argentina 3.695 Grams,10.75,2018-11-30,3.695,2.91,WorthPoint
gallium,Campo Del Cielo Iron Nickel Meteorite Argentina 6.469 Grams,12.75,2018-11-30,6.469,1.97,WorthPoint
gallium,Campo Del Cielo Iron Nickel Meteorite Argentina 5.817 Grams,12.75,2018-11-30,5.817,2.19,WorthPoint
gallium,Campo Del Cielo Iron Nickel Meteorite Argentina 3.813 Grams,10.75,2018-11-30,3.813,2.82,WorthPoint
gallium,Campo Del Cielo Iron Nickel Meteorite Argentina 4.535 Grams,12.75,2018-11-30,4.535,2.81,WorthPoint
gallium,Campo Del Cielo Iron Nickel Meteorite Argentina 3.032 Grams,10.75,2018-11-30,3.032,3.55,WorthPoint
gallium,Campo Del Cielo Iron Nickel Meteorite Argentina 5.022 Grams,12.75,2018-11-30,5.022,2.54,WorthPoint
gallium,Campo Del Cielo Iron Nickel Meteorite Argentina 3.255 Grams,10.75,2018-11-30,3.255,3.3,WorthPoint
gallium,Campo Del Cielo Iron Nickel Meteorite Argentina 5.57 Grams,12.75,2018-11-30,5.57,2.29,WorthPoint
gallium,Funko Pop Lot Will Sell Separately,50,2018-11-29,,,WorthPoint
gallium,10/50g Low Melting Point Metal Magic Magician Supply 29.78 C Educational Toy X,11.21,2018-11-21,50,0.22,WorthPoint
gallium,"Bismuth Crystal - Mineral Specimen, Teaching Tools, Geology Fun",10.59,2018-11-19,,,WorthPoint
gallium,Campo Del Cielo Iron Nickel Meteorite Argentina 4.357 Grams,12.75,2018-11-18,4.357,2.93,WorthPoint
gallium,Campo Del Cielo Iron Nickel Meteorite Argentina 3.357 Grams,12.75,2018-11-15,3.357,3.8,WorthPoint
gallium,Campo Del Cielo Iron Nickel Meteorite Argentina 5.49 Grams,12.75,2018-11-10,5.49,2.32,WorthPoint
gallium,Argentina Meteorite With Display Cube! Real 5.0 Gram Campo Del Cielo Meteorite!!,19.99,2018-11-05,5,4,WorthPoint
gallium,Celestial Aura Cluster Lemurian Seed Quartz For Emotional Healing F392,38.86,2018-10-29,,,WorthPoint
gallium,Campo Del Cielo Iron Nickel Meteorite Argentina 7.262 Grams,15.75,2018-10-29,7.262,2.17,WorthPoint
gallium,"Collectable Elements Of Group 13 (3A) Of The Periodic Table -- B, Al, Ga, In,Tl",29,2018-10-22,,,WorthPoint
gallium,1963 Monsanto Gallium Arsenide Semiconductor Ad!,15.99,2018-10-22,,,WorthPoint
gallium,Argentina Meteorite With Display Cube! Real 5.1 Gram Campo Del Cielo Meteorite!!,19.99,2018-10-08,5.1,3.92,WorthPoint
gallium,Campo Del Cielo Iron Nickel Meteorite Argentina 9.185 Grams,17.75,2018-10-05,9.185,1.93,WorthPoint
gallium,Campo Del Cielo Meteorite With COA Iron Space Rock FAST USA SHIPPING W8a,17.7,2018-10-03,,,WorthPoint
gallium,Argentina Meteorite In Display Cube! Genuine 3.3 Gram Campo Del Cielo Meteorite,14.99,2018-09-30,3.3,4.54,WorthPoint
gallium,Campo Del Cielo Meteorite In Display Cube! Genuine 3.1 Gram Argentina Meteorite!,14.99,2018-09-29,3.1,4.84,WorthPoint
gallium,Argentina Meteorite With Display Cube! Real 4.4 Gram Campo Del Cielo Meteorite!!,17.99,2018-09-26,4.4,4.09,WorthPoint
gallium,"Seymchan Meteorite Slice Etched , 16.4 Gram Russian",15,2018-09-19,16.4,0.91,WorthPoint
gallium,"Seymcham Meteorite Slice Etched , 14.3 Gram Russian",12,2018-09-19,14.3,0.84,WorthPoint
gallium,Doctor Who Sonic Screwdriver Programmable Universal TV Remote NEW 12th 11th,81,2018-09-19,,,WorthPoint
gallium,Campo Del Cielo Iron Nickel Meteorite Argentina 6.173 Grams,12.75,2018-09-16,6.173,2.07,WorthPoint
gallium,Low Price! Exqusite Best Double Cut! Muonionalusta Swedish Iron Meteorite 127 Gm,255,2018-09-12,127,2.01,WorthPoint
gallium,RHENIUM: 1 OUNCE 1oz | PURE 99.99% Re .9999 BAR | BULLION INGOT RARE METALS USA!,144.95,2018-09-09,28.35,5.11,WorthPoint
gallium,Low Price! Exquisite End Slice! Muonionalusta Swedish Iron Meteorite 174.4 Gms,349,2018-09-09,174.4,2,WorthPoint
gallium,Campo Del Cielo Meteorite With COA Iron Space Rock FAST FREE USA SHIPPING,18.95,2018-09-09,,,WorthPoint
gallium,Campo Del Cielo Meteorite W/Display Cube! Genuine 3.4 Gram Argentina Meteorite!,14.99,2018-09-06,3.4,4.41,WorthPoint
gallium,"Meteorite, Campo Del Cielo, Iron Coarse Octahedrite, Argentina, 9 Grams 13/16""",14.5,2018-09-01,9,1.61,WorthPoint
gallium,6.2grams PENDANT IRON METAL SPACE METEORITE MINERAL CAMPO DEL CIELO ARGENTINA,16.39,2018-08-29,6.2,2.64,WorthPoint
gallium,Standard Gauge Scale Gallium 2 Dome Tanker,65,2018-08-28,,,WorthPoint
gallium,Argentina Meteorite With Display Cube! Real 4.1 Gram Campo Del Cielo Meteorite!!,17.99,2018-08-27,4.1,4.39,WorthPoint
gallium,Campo Del Cielo Meteorite W/Display Cube! Genuine 4.2 Gram Argentina Meteorite,17.99,2018-08-26,4.2,4.28,WorthPoint
gallium,SUPER SET Of 66 Diff Periodic Table Elements-beautiful...NOW LOWEST PRICE EVER!,598,2018-08-25,,,WorthPoint
gallium,GALINSTAN METAL ALLOY Mp 51¬∞F/10¬∞C 10g. Lapping Alloy For Making Optical Flats,30,2018-08-19,10,3,WorthPoint
gallium,Campo Del Cielo Iron Nickel Meteorite Argentina 4.884 Grams,12.75,2018-08-15,4.884,2.61,WorthPoint
gallium,13.8grams PENDANT IRON METAL SPACE METEORITE MINERAL CAMPO DEL CIELO ARGENTINA,14.99,2018-08-05,13.8,1.09,WorthPoint
gallium,Campo Del Cielo Meteorite W/Display Cube! Genuine 4.0 Gram Argentina Meteorite,17.99,2018-06-23,4,4.5,WorthPoint
gallium,"Niobium Foil 99.95%, 0.10mm X 100mm X 200mm (.004"" X 4"" X 8""), Free Shipping!",30,2018-06-22,,,WorthPoint
gallium,"Niobium Foil 99.99%, 0.05mm X 100mm X 180mm (.002"" X 4"" X 7""), Free Shipping!",26,2018-06-22,,,WorthPoint
gallium,(x262-44) 4 G Campo Del Cielo Iron Meteorite 1576 Shrapnel Fragment Specimen,12.99,2018-06-21,4,3.25,WorthPoint
gallium,GIBEON METEORITE 925 STERLING SILVER PENDANT - Mystery,119,2018-06-21,,,WorthPoint
gallium,ORIGINAL X-37B - OTV 4 - 4FLT - ATLAS V BOEING USAF DOD SPACE PLANE Launch PATCH,14.95,2018-06-10,,,WorthPoint
gallium,"Indium Metal Shot 99.99% Pure, 10 Grams",22.99,2018-06-08,10,2.3,WorthPoint
gallium,Large CAMPO DEL CIELO METEORITE 10 Lb 9.2 Oz (4798g.) W/ COA REDUCED PRICE,650,2018-06-07,4798,0.14,WorthPoint
gallium,5.0grams IRON METAL SPACE METEORITE MINERAL CAMPO DEL CIELO ARGENTINA,18.5,2018-05-30,5,3.7,WorthPoint
gallium,Aerogel 27x7mm 30ml Ferrofluid 2x Magnet Neodymium 20g Gallium 5g Fluorescein,179,2018-05-28,20,8.95,WorthPoint
gallium,Twelfth Doctor's Sonic Screwdriver Programmable TV Remote - NIB FS,63.5,2018-05-24,,,WorthPoint
gallium,(x262-277) 7 G Campo Del Cielo Iron Meteorite 1576 Shrapnel Fragment Specimen,18.99,2018-05-23,7,2.71,WorthPoint
gallium,Campo Del Cielo Meteorite W/Display Cube! Genuine 4.4 Gram Argentina Meteorite,17.99,2018-05-22,4.4,4.09,WorthPoint
gallium,Armlet Bangle Jewelry Meteorite Gibeon Bracelet / New,15.9,2018-05-10,,,WorthPoint
gallium,10grams IRON METAL SPACE METEORITE MINERAL CAMPO DEL CIELO ARGENTINA,13.99,2018-05-09,10,1.4,WorthPoint
gallium,7.8grams PENDANT IRON METAL SPACE METEORITE MINERAL CAMPO DEL CIELO ARGENTINA,11.95,2018-05-07,7.8,1.53,WorthPoint
gallium,"AZURITE, MALACITE, - Dixie Apex Mine, Tutsagubet District, Washington Co. Utah",15.5,2018-05-04,,,WorthPoint
gallium,"‚ÄúBazinga‚Äù Beaker Mug (400 ML), Inspired By The Big Bang Theory",14.95,2018-04-24,,,WorthPoint
gallium,(x262-450) 16 G Campo Del Cielo Iron Meteorite 1576 Argentina Fragment Specimen,38.99,2018-04-20,16,2.44,WorthPoint
gallium,2.6grams PENDANT IRON METAL SPACE METEORITE MINERAL CAMPO DEL CIELO ARGENTINA,19,2018-04-07,2.6,7.31,WorthPoint
gallium,"Elements Of The Periodic Table (2017 Edition, With 4 New Officially...",42.54,2018-04-01,,,WorthPoint
gallium,"Bismuth Crystal Geode By Bismuth Geode 1.5""",23.99,2018-03-26,,,WorthPoint
gallium,Vintage Electronics GE Gallium Phosphide Light Emitting Diode Pen,17.99,2018-03-25,,,WorthPoint
gallium,Blue Gold / AuGa2 (1 Gram Ampoules) [1],105,2018-03-24,1,105,WorthPoint
gallium,"SMITHSONITE W/ AURICHALCITE - Dixie Apex Mine, Tutsagubet Mining District, Utah",12.5,2018-03-20,,,WorthPoint
gallium,20g Ga Gallium Magician Supplies Pure Premium 99.99% Melts In Hand 85.6¬∞F Galium,20,2018-03-14,20,1,WorthPoint
gallium,Jakks Pacific Spynet Night Vision Goggles Infrared Stealth Binoculars 2010 (h22),55.99,2018-03-03,,,WorthPoint
gallium,Campo Del Cielo Meteorite In Display Cube! Genuine 4.2 Gram Argentina Meteorite!,17.99,2018-02-27,4.2,4.28,WorthPoint
gallium,(x262-43) 4 G Campo Del Cielo Iron Meteorite 1576 Shrapnel Fragments Specimen,12.99,2018-02-20,4,3.25,WorthPoint
gallium,10.1grams IRON METAL SPACE METEORITE MINERAL CAMPO DEL CIELO ARGENTINA,13.99,2018-02-19,10.1,1.39,WorthPoint
gallium,40g G Allium Liquid Metal 99.99% Pure Refined 4N By BORUI Magic Metal Melts,23.95,2018-02-19,40,0.6,WorthPoint
gallium,"CUPRITE - Dixie Apex Mine - Tutsagubet Mining District, Washington County, Utah",36,2018-02-18,,,WorthPoint
gallium,Campo Del Cielo Meteorite W/Display Cube! Genuine 4.6 Gram Argentina Meteorite,17.99,2018-02-17,4.6,3.91,WorthPoint
gallium,"BEST QUALITY FROM THE USSR 99.99% 5N INDIUM METAL 15,2 Gr",19,2018-02-14,2,9.5,WorthPoint
gallium,Campo Del Cielo Meteorite W/Display Cube! Genuine 3.3 Gram Argentina Meteorite,14.99,2018-02-10,3.3,4.54,WorthPoint
gallium,50g Ga Gallium Magician Supplies Pure Premium 99.99% Melts In Hand 85.6¬∞F Galium,39.95,2018-02-10,50,0.8,WorthPoint
gallium,Leklai Rainbow Pendant + Necklace Amulet Mineral Stone Magic Jewel Protection,23.99,2018-02-09,,,WorthPoint
gallium,Campo Del Cielo Meteorite In Display Cube! Genuine 4.5 Gram Argentina Meteorite!,17.99,2018-02-07,4.5,4,WorthPoint
gallium,Campo Del Cielo Meteorite W/Display Cube! Genuine 3.1 Gram Argentina Meteorite,14.99,2018-02-04,3.1,4.84,WorthPoint
gallium,Campo Del Cielo Meteorite W/Display Cube! Genuine 3.9 Gram Argentina Meteorite,14.99,2018-02-02,3.9,3.84,WorthPoint
gallium,Campo Del Cielo Meteorite W/Display Cube! Genuine 3.7 Gram Argentina Meteorite,14.99,2018-01-29,3.7,4.05,WorthPoint
gallium,240 Gram Etched Gibeon Meteorite - Quad Cut - STUNNING,595,2018-01-25,240,2.48,WorthPoint
gallium,Campo Del Cielo Meteorite In Display Cube! Genuine 4.9 Gram Argentina Meteorite!,17.99,2018-01-24,4.9,3.67,WorthPoint
gallium,Spy Net Night Vision Goggles Infrared Stealth Binoculars 2010 Jakks Pacific,13,2018-01-21,,,WorthPoint
gallium,(x262-345) 9 G Campo Del Cielo Iron Meteorite 1576 Octahedrite Fragment Specimen,22.99,2018-01-11,9,2.55,WorthPoint
gallium,GIBEON METEORITE 925 STERLING SILVER PENDANT - Delight,199,2018-01-10,,,WorthPoint
gallium,250g+ Indium (99.99% Purity),75.5,2017-12-29,250,0.3,WorthPoint
gallium,Campo Del Cielo Meteorite W/Display Cube! Genuine 3.6 Gram Argentina Meteorite,14.99,2017-12-27,3.6,4.16,WorthPoint
gallium,GALINSTAN ALLOY Mp 51¬∞F/10¬∞C Liquid@Room Temp / 10 Gm+ Alternative To Hg Alloy,30,2017-12-21,10,3,WorthPoint
gallium,Cray X-MP Supercomputer E.C.L. Board & HR-3020 FuctionalDocumentation~400 Pages,99,2017-12-21,,,WorthPoint
gallium,"Meteorite Asteroid Fragment, Auth Campo Del Cielo-5 Billion Y From 2200 BC, ~3 G",13.98,2017-12-16,3,4.66,WorthPoint
gallium,16.1grams IRON METAL SPACE METEORITE MINERAL CAMPO DEL CIELO ARGENTINA,12.99,2017-12-15,16.1,0.81,WorthPoint
gallium,Spy Net Night Vision Spynet Goggles Infrared Binoculars 2010 Jakks Pacific,26.25,2017-12-13,,,WorthPoint
gallium,Campo Del Cielo Meteorite W/Display Cube! Genuine 3.8 Gram Argentina Meteorite,14.99,2017-12-12,3.8,3.94,WorthPoint
gallium,Campo Del Cielo Genuine Iron Nickel Meteorite Argentina 27 Grams 156,29.47,2017-12-10,27,1.09,WorthPoint
gallium,"Lake Murray, Oklahoma IIAB Iron Meteorite",399,2017-12-07,,,WorthPoint
gallium,RHODIUM 2.7 GRAMS 2g | PURE 98.8%+ Re .995 | BULLION NUGGET MELT RARE METALS USA,162.95,2017-12-07,2.7,60.35,WorthPoint
gallium,"Element Periodic Collection--Gold, Platinum+--25 Different--Educational!",147,2017-12-06,,,WorthPoint
gallium,Jakks Pacific Spy Net Night Vision Goggles Spy Infrared Binoculars Stealth Toy,29.99,2017-12-06,,,WorthPoint
gallium,Armlet Bangle Jewelry Meteorite Gibeon / Bracelet / New,15.9,2017-12-01,,,WorthPoint
gallium,Low Price! Large Thick Slice! Muonionalusta Swedish Iron Meteorite 103.9 Gms,194.25,2017-12-01,103.9,1.87,WorthPoint
gallium,Campo Del Cielo Meteorite With Display Cube! Nice 3.7 Gram Argentina Meteorite,14.99,2017-11-30,3.7,4.05,WorthPoint
gallium,Argentina Meteorite With Display Cube! Real 3.2 Gram Campo Del Cielo Meteorite!!,14.99,2017-11-29,3.2,4.68,WorthPoint
gallium,G Allium 20g Liquid Metal - 99.99% Pure,12,2017-11-27,20,0.6,WorthPoint
gallium,Campo Del Cielo Meteorite W/Display Cube! Genuine 3.5 Gram Argentina Meteorite,14.99,2017-11-27,3.5,4.28,WorthPoint
gallium,19.3grams IRON METAL SPACE METEORITE MINERAL CAMPO DEL CIELO ARGENTINA,17.99,2017-11-25,19.3,0.93,WorthPoint
gallium,"""SUPER SET"" Of 66 Diff Periodic Table Elements--Educational And Beautiful!",688,2017-11-22,,,WorthPoint
gallium,Campo Del Cielo Genuine Iron Nickel Meteorite Argentina 12.043 Grams 216,24.75,2017-11-21,12.043,2.06,WorthPoint
gallium,RHODIUM 7.8 GRAMS 7g | PURE 98.8%+ Re .995 | BULLION NUGGET MELT RARE METALS USA,429.95,2017-11-19,7.8,55.12,WorthPoint
gallium,"Shure FP24 Two-Channel Portable Mixer, Stereo Pre-Amp (AKA Sound Devices Mixpre)",217.72,2017-11-15,,,WorthPoint
gallium,(x261-11) 10 G Campo Del Cielo Meteorite 1576 Shrapnel Fragments Specimen Meteor,32.99,2017-11-14,10,3.3,WorthPoint
gallium,13.2grams IRON METAL SPACE METEORITE MINERAL CAMPO DEL CIELO ARGENTINA,13.99,2017-11-10,13.2,1.06,WorthPoint
gallium,"NASA ""M555 Single Crystal Growth Container"" As Used In A Skylab Experiment.",1375,2017-11-10,,,WorthPoint
gallium,4.7grams PENDANT IRON METAL SPACE METEORITE MINERAL CAMPO DEL CIELO ARGENTINA,11.82,2017-11-08,4.7,2.51,WorthPoint
gallium,20.1grams IRON METAL SPACE METEORITE MINERAL CAMPO DEL CIELO ARGENTINA,13.99,2017-10-27,20.1,0.7,WorthPoint
gallium,Campo Del Cielo Meteorite With Display Cube! Nice 3.6 Gram Argentina Meteorite,14.99,2017-10-26,3.6,4.16,WorthPoint
gallium,Unique Specimen! Marvelous Big Muonionalusta Swedish Iron Meteorite Cube 522 Gms,899.25,2017-10-23,522,1.72,WorthPoint
gallium,Campo Del Cielo Genuine Iron Nickel Meteorite Argentina 12.153 Grams 215,15.75,2017-10-20,12.153,1.3,WorthPoint
gallium,2.60 Pounds Lbs.Scrap Gold Processors - 1960s Diodes ++ High Grade -FREE SHIP,133.66,2017-10-18,,,WorthPoint
gallium,Gibeon Meteorite Slice Beatifully Etched.,100,2017-10-17,,,WorthPoint
gallium,"Shure FP24 Two-Channel Portable Mixer, Stereo Pre-Amp (Like Sound Devices Mixpre",232.5,2017-10-16,,,WorthPoint
gallium,"Cray X-MP Supercomputer E.C.L. Board,Re-Engraving & Certificate Of Authentically",99,2017-10-12,,,WorthPoint
gallium,Argentina Meteorite With Display Cube! Real 3.9 Gram Campo Del Cielo Meteorite,14.99,2017-10-09,3.9,3.84,WorthPoint
gallium,16.2grams PENDANT IRON METAL SPACE METEORITE MINERAL CAMPO DEL CIELO ARGENTINA,16.5,2017-10-05,16.2,1.02,WorthPoint
gallium,24.3grams PENDANT IRON METAL SPACE METEORITE MINERAL CAMPO DEL CIELO ARGENTINA,19.95,2017-10-03,24.3,0.82,WorthPoint
gallium,Israel Semiconductor Specimen Stock Certificate 1987 Hebrew & English,18.18,2017-09-30,,,WorthPoint
gallium,9.9grams IRON METAL SPACE METEORITE MINERAL CAMPO DEL CIELO ARGENTINA,13.99,2017-09-30,9.9,1.41,WorthPoint
gallium,"4.4 Gram Campo Del Cielo Meteorite W/Display Cube, Neodymium Magnet & Info Card",14.99,2017-09-25,4.4,3.41,WorthPoint
gallium,"25 G ""galinstan"" Non-toxic Liquid Metal. Homemade, Melts @ 11-12 Deg C (52-53 F)",22.5,2017-09-19,25,0.9,WorthPoint
gallium,"25 G Non-toxic Ga-based Liquid Metal W/zinc. Homemade, Melts @ 8-8.5 C (46-47 F)",22.5,2017-09-19,25,0.9,WorthPoint
gallium,Campo Del Cielo Genuine Iron Nickel Meteorite Argentina 13.32 Grams 185,15.75,2017-09-11,13.32,1.18,WorthPoint
gallium,Beryllium: 29 Grams Pure 99.9% | Element Sample .999 X-ray Bar | Rare Metals Usa,109.95,2017-09-09,29,3.79,WorthPoint
gallium,PRASEODYMIUM: 5.0 GRAMS 5g PURE 99.5% | Pr EARTH SAMPLE MAGNET | RARE METALS USA,21.95,2017-09-09,5,4.39,WorthPoint
gallium,Beryllium: 15 Grams Pure 99.9% | Element Sample .999 X-ray Bar | Rare Metals Usa,69.95,2017-09-09,15,4.66,WorthPoint
gallium,TELLURIUM: 500 GRAMS 1 POUND Lb PURE 99.9% | .999 EARTH SAMPLE | RARE METALS USA,139.95,2017-09-09,500,0.28,WorthPoint
gallium,Beryllium 1 Troy Oz Ounce Pure 99.9% | Element 4 Ingot Bar Chunk Rare Metals Usa,109.95,2017-09-09,,,WorthPoint
gallium,Beryllium: 43 Grams Pure 99.9% | Element Sample .999 X-ray Bar | Rare Metals Usa,184.95,2017-09-09,43,4.3,WorthPoint
gallium,RHENIUM: 7 GRAM 7g | PURE 99.99% Re .9999 BAR BULLION PRECIOUS | RARE METALS USA,47.95,2017-09-09,7,6.85,WorthPoint
gallium,OSMIUM: 1.0 GRAM 1g PURE 99.995% | #76 PRECIOUS PELLET SAMPLE! | RARE METALS USA,47.95,2017-09-09,1,47.95,WorthPoint
gallium,IRIDIUM POWDER: 1 GRAMS 1g 99.9% PURE Ir PRECIOUS PLATINUM GROUP RARE METALS USA,44.95,2017-09-09,1,44.95,WorthPoint
gallium,RHENIUM: 8 GRAM 8g | PURE 99.99% Re .9999 | ROUND BULLION COIN | RARE METALS USA,45.95,2017-09-09,8,5.74,WorthPoint
gallium,OSMIUM: 2.0 GRAMS 2g PURE 99.95% | PLATINUM PELLET BALL SAMPLE | RARE METALS USA,88.95,2017-09-09,2,44.48,WorthPoint
gallium,"Campo Del Cielo Meteorite W/Display Cube, Neodymium Magnet & Info Card",14.99,2017-09-07,,,WorthPoint
gallium,Unique Specimen! Marvelous Muonionalusta Swedish Iron Meteorite Cube 44.8 Gms,168.75,2017-09-02,44.8,3.77,WorthPoint
gallium,5.6grams IRON METAL SPACE METEORITE MINERAL CAMPO DEL CIELO ARGENTINA,12,2017-09-01,5.6,2.14,WorthPoint
gallium,"Vintage Custom Piece;The Accident At The Gare Montparnasse. Paris,10/22/1985",55,2017-08-31,,,WorthPoint
gallium,Sound Devices MixPre Portable Mixer,350,2017-08-30,,,WorthPoint
gallium,10oz CANYONLANDS 21st CENTURY CORP .999 Silver Bar Vintage Rare Low Ser #00120,305,2017-08-27,283.5,1.08,WorthPoint
gallium,"""AAA Top Grade"" Iron Meteorite: Campo Del Cielo - 1,710 Grams (3.77 Pounds)",650,2017-08-23,710,0.92,WorthPoint
gallium,INDIUM 99.99% - WORLD'S SOFTEST STABLE ELEMENT - 99.99% / 1 Troy Oz. - 31.5 Gram,22.5,2017-08-23,31.5,0.71,WorthPoint
gallium,50g Ga Metal Magic Magician Supplies 99.995% 29.76¬∞C,18.5,2017-08-22,50,0.37,WorthPoint
gallium,100g Ga Metal Magic Magician Supplies 99.995% 29.76¬∞C,24.5,2017-08-22,100,0.25,WorthPoint
gallium,Campo Del Cielo Genuine Iron Nickel Meteorite Argentina 13.065 Grams 186,15.75,2017-08-15,13.065,1.21,WorthPoint
gallium,"Meteorite 3 Pack : Stoney Chondrite (Morocco), Campo Del Cielo & Natan (China)",30,2017-08-10,,,WorthPoint
gallium,Campo Del Cielo Meteorite With Display Cube! Nice 3.1 Gram Argentina Meteorite!,14.99,2017-08-08,3.1,4.84,WorthPoint
gallium,RUTHENIUM SPONGE: 32 OUNCE 32 OZ 99.9% PURE Ru: PRECIOUS PGM | RARE METALS USA!,3399,2017-08-03,907.2,3.75,WorthPoint
gallium,6.1grams PENDANT IRON METAL SPACE METEORITE MINERAL CAMPO DEL CIELO ARGENTINA,13,2017-08-03,6.1,2.13,WorthPoint
gallium,RHENIUM: 1 OUNCE 1oz | PURE 99.99% Re .9999 BAR BULLION INGOT | RARE METALS USA!,131.95,2017-08-01,28.35,4.65,WorthPoint
gallium,Cray-2 E.C.L. Odd-Semi-Blank Board SuperComputer Module W/Certificate & Lucite,60,2017-07-26,,,WorthPoint
gallium,2x RHENIUM: 50 GRAM 50g PURE 99.99% Re .9999 ROUND COIN (100g Total): 2638daniel,459.9,2017-07-24,50,9.2,WorthPoint
gallium,PENDANT 9.3 Grams IRON METAL SPACE METEORITE MINERAL ARGENTINA,12.99,2017-07-24,9.3,1.4,WorthPoint
gallium,Campo Del Cielo Genuine Iron Nickel Meteorite Argentina Set Of Two,23,2017-07-24,,,WorthPoint
gallium,Faceting Rough Ggg Gadolinium Gallium Garnet Red/pink Color Very Rare Facet Face,98,2017-07-22,,,WorthPoint
gallium,RHENIUM: 50 GRAM 50g | PURE 99.99% Re .9999 ROUND BULLION COIN | RARE METALS USA,184.95,2017-07-21,50,3.7,WorthPoint
gallium,"Bismuth Crystal Geode 2""",36.87,2017-07-15,,,WorthPoint
gallium,Campo Del Cielo Meteorite W/Display Cube! Genuine 4.1 Gram Argentina Meteorite,14.99,2017-07-14,4.1,3.66,WorthPoint
gallium,Faceting Rough Ggg Gadolinium Gallium Garnet Clear Color Facet Facetor Lapidary,27,2017-07-10,,,WorthPoint
gallium,Indium Heavy 99.99 Bar 1046.6 Grams Just Over A KILO OF PURE INDIUM!! READ!!,247.5,2017-07-07,1046.6,0.24,WorthPoint
gallium,Indium Heavy 99.99 Bar 1040 Grams Just Over A KILO OF PURE INDIUM!! READ!!,276,2017-06-28,1040,0.27,WorthPoint
gallium,Cesium Metal 99.99% Ampule 1g,228,2017-06-24,1,228,WorthPoint
gallium,IRIDIUM CHUNK: 2.7 GRAMS 2.7g 99.9%+ PURE SAMPLE PRECIOUS PGM | RARE METALS USA!,99.95,2017-06-24,2.7,37.02,WorthPoint
gallium,Campo Del Cielo Genuine Iron Nickel Meteorite Argentina 14 Grams 161,21.78,2017-06-19,14,1.56,WorthPoint
gallium,GERMANIUM: 10 GRAMS 10g PURE 99.999% | Ge .99999 EARTH SAMPLE | RARE METALS USA,52.8,2017-06-17,10,5.28,WorthPoint
gallium,Campo Del Cielo Meteorite With Display Cube! Nice 3.3 Gram Argentina Meteorite!,14.99,2017-06-13,3.3,4.54,WorthPoint
gallium,"Microgrit WCA 12T 99.6% Pure Aluminum Oxide 8 Micron Powder 1 Kilo, 2.2 Pounds",33.95,2017-06-12,,,WorthPoint
gallium,Campo Del Cielo Genuine Iron Nickel Meteorite Argentina 10.063 Grams 204,15.75,2017-06-11,10.063,1.57,WorthPoint
gallium,Rhodium: 10 Grams Pure 99.5%+ Heart .995 Platinum Group Precious Rare Metals Usa,289.95,2017-06-07,10,28.99,WorthPoint
gallium,Rhodium 11.1 Grams Pure 99.5% 995 Platinum Group Precious Nugget Rare Metals Usa,319.95,2017-06-06,11.1,28.82,WorthPoint
gallium,IRIDIUM ROUND 28 GRAMS 28g 99.95% PURE Ir PRECIOUS PLATINUM COIN RARE METALS USA,909.95,2017-06-06,28,32.5,WorthPoint
gallium,8.4grams IRON METAL SPACE METEORITE MINERAL CAMPO DEL CIELO ARGENTINA,14.5,2017-06-03,8.4,1.73,WorthPoint
gallium,GALLIUM (Ga) - Metal That Melt In Your Hand (melting Point 29.76¬∞C) - 10 Grams,10,2017-06-02,10,1,WorthPoint
gallium,RHENIUM: 5 GRAM 5g | PURE 99.99% Re .9999 BAR BULLION PRECIOUS | RARE METALS USA,33.95,2017-06-02,5,6.79,WorthPoint
gallium,OSMIUM: 5.0 GRAMS 5g PURE 99.95% | BULLION PELLET NOBLE SAMPLE | RARE METALS USA,189.95,2017-05-30,5,37.99,WorthPoint
gallium,11.2grams Iron Metal Space Meteorite Mineral Campo Del Cielo Argentina,14.99,2017-05-30,11.2,1.34,WorthPoint
gallium,6.9gram Pendant IRON METAL SPACE METEORITE MINERAL CAMPO DEL CIELO ARGENTINA,20,2017-05-30,6.9,2.9,WorthPoint
gallium,68 Piece Collection Of Solid And Stable Elements In Glass Vials,550,2017-05-18,,,WorthPoint
gallium,13.4grams IRON METAL SPACE METEORITE MINERAL CAMPO DEL CIELO ARGENTINA,10.5,2017-05-18,13.4,0.78,WorthPoint
gallium,"Gallium Metal, Ga Element 31 Sample, 10 Grams In Plastic Vial",12,2017-05-15,10,1.2,WorthPoint
gallium,(x261-12) 10 G Campo Del Cielo Meteorite 1576 Shrapnel Fragments Specimen Meteor,32.99,2017-05-13,10,3.3,WorthPoint
gallium,Campo Del Cielo Meteorite W/Display Cube! Genuine 4.7 Gram Argentina Meteorite,15.99,2017-05-12,4.7,3.4,WorthPoint
gallium,Gallium - 30 Grams - Melt In Your Hand Metal,20,2017-05-08,30,0.67,WorthPoint
gallium,DYSPROSIUM: 50 GRAMS 50g PURE 99.9% | Dy .999 EARTH SAMPLE CHUNK RARE METALS USA,76.95,2017-04-29,50,1.54,WorthPoint
gallium,IRIDIUM ROUND: 24 GRAMS 24g 99.99% PURE Ir PRECIOUS PLATINUM PGM RARE METALS USA,832.95,2017-04-28,24,34.71,WorthPoint
gallium,"Gallium Metal, Ga Element 31 Sample, 10 Grams In Plastic Container",12,2017-04-28,10,1.2,WorthPoint
gallium,Campo Del Cielo Meteorite W/Display Cube! Genuine 5.0 Gram Argentina Meteorite,18.99,2017-04-28,5,3.8,WorthPoint
gallium,Campo Del Cielo Genuine Iron Nickel Meteorite Argentina 5.631 Grams 197,12.75,2017-04-27,5.631,2.26,WorthPoint
gallium,Low Price! Big Block Cut! Muonionalusta Swedish Iron Meteorite 46.3 Gms,71.25,2017-04-22,46.3,1.54,WorthPoint
gallium,Periodic Table Elements Set,50,2017-04-21,,,WorthPoint
gallium,Campo Del Cielo Genuine Iron Nickel Meteorite Argentina 7.058 Grams 192,12.75,2017-04-20,7.058,1.81,WorthPoint
gallium,8.1 Grams IRON METAL SPACE METEORITE MINERAL CAMPO DEL CIELO ARGENTINA,13.99,2017-04-18,8.1,1.73,WorthPoint
gallium,Campo Del Cielo Genuine Iron Nickel Meteorite Argentina 6.466 Grams 194,12.75,2017-04-17,6.466,1.97,WorthPoint
gallium,Campo Del Cielo Genuine Iron Nickel Meteorite Argentina 11.112 Grams 210,15.75,2017-04-17,11.112,1.42,WorthPoint
gallium,11.4 Grams IRON METAL SPACE METEORITE MINERAL CAMPO DEL CIELO ARGENTINA,13.99,2017-04-17,11.4,1.23,WorthPoint
gallium,Campo Del Cielo Meteorite W/Display Cube! Genuine 4.3 Gram Argentina Meteorite,18.99,2017-04-16,4.3,4.42,WorthPoint
gallium,Sensational Very Showy Long 17mm Mabe Pearl & Ggg (42 Total) Dangle Earrings M-F,299,2017-04-13,,,WorthPoint
gallium,Educational Innovations Bismuth Crystal,14.45,2017-04-13,,,WorthPoint
gallium,12.4grams IRON METAL SPACE METEORITE MINERAL CAMPO DEL CIELO ARGENTINA,11.5,2017-04-13,12.4,0.93,WorthPoint
gallium,Low Price! Jewelry Slice! Muonionalusta Swedish Iron Meteorite 8.1 Gms,35.1,2017-04-10,8.1,4.33,WorthPoint
gallium,6.7grams IRON METAL SPACE METEORITE MINERAL CAMPO DEL CIELO ARGENTINA,12.99,2017-04-09,6.7,1.94,WorthPoint
gallium,"Gallium Metal, Ga Element 31 Sample, 10 Grams",10,2017-04-05,10,1,WorthPoint
gallium,11.9grams IRON METAL SPACE METEORITE MINERAL CAMPO DEL CIELO ARGENTINA,14.99,2017-04-05,11.9,1.26,WorthPoint
gallium,"Gallium Metal, Ga Element 31 Sample, 10 Grams In Glass Vial",10,2017-04-02,10,1,WorthPoint
gallium,17 Lb 9 Oz Huge 7966 G Campo Del Cielo Meteorite Argentina Space Rock,1000,2017-04-02,7966,0.13,WorthPoint
gallium,"Gallium, Ga Element 31 Sample, 20 Grams",15,2017-03-30,20,0.75,WorthPoint
gallium,Campo Del Cielo Genuine Iron Nickel Meteorite Argentina 6.784 Grams 195,12.75,2017-03-26,6.784,1.88,WorthPoint
gallium,Campo Del Cielo Genuine Iron Nickel Meteorite Argentina 7.215 Grams 193,12.75,2017-03-26,7.215,1.77,WorthPoint
gallium,SALE!! Beautiful WWII 15mm Mabe Pearl & Ggg Earrings M-F,175,2017-03-22,,,WorthPoint
gallium,1 Troy Oz. INDIUM METAL INGOT 99.99%,25,2017-03-18,,,WorthPoint
gallium,Argentina Meteorite With Display Cube! Nice 5.0 Gram Campo Del Cielo Meteorite!,18.99,2017-03-17,5,3.8,WorthPoint
gallium,Campo Del Cielo Genuine Iron Nickel Meteorite Argentina 4.839 Grams 200,12.75,2017-03-17,4.839,2.63,WorthPoint
gallium,Campo Del Cielo Meteorite With Display Cube! Large 11.4 Gram Argentina Meteorite,24.99,2017-03-15,11.4,2.19,WorthPoint
gallium,Campo Del Cielo Genuine Iron Nickel Meteorite Lot Argentina 14.72 Gram,52.75,2017-03-15,14.72,3.58,WorthPoint
gallium,(x262-550) 26 G Campo Del Cielo Iron Meteorite 1576 Argentina Fragment Specimen,58.99,2017-03-12,26,2.27,WorthPoint
gallium,Campo Del Cielo Genuine Iron Nickel Meteorite Argentina 6.427 Grams 199,12.75,2017-03-10,6.427,1.98,WorthPoint
gallium,Argentina Meteorite With Display Cube! Large 14.6 Gram Campo Del Cielo Meteorite,29.99,2017-03-10,14.6,2.05,WorthPoint
gallium,Jakks Pacific Spynet Night Vision Goggles Real Tech Spynet 2010 Tested Nice!!!!!,29.95,2017-03-10,,,WorthPoint
gallium,Argentina Meteorite With Display Cube! Large 15.3 Gram Campo Del Cielo Meteorite,29.99,2017-03-02,15.3,1.96,WorthPoint
gallium,Campo Del Cielo Genuine Iron Nickel Meteorite Argentina 5.547 Grams 203,12.75,2017-02-27,5.547,2.3,WorthPoint
gallium,PENDANT 8.5gram IRON METAL SPACE METEORITE MINERAL CAMPO DEL CIELO ARGENTINA,24,2017-02-21,8.5,2.82,WorthPoint
gallium,GALLINSTAN ALLOY Mp 51¬∞F/10¬∞C Liquid@Room Temp / 10 Gm+ Alternative To Hg Alloy,30,2017-02-16,10,3,WorthPoint
gallium,Low Price! Muonionalusta Swedish Iron Meteorite Individual! 1744 Gms,785,2017-02-14,1744,0.45,WorthPoint
gallium,"Gallium Metal 10g 99,99% (4N) Melts In Hand",16,2017-02-12,10,1.6,WorthPoint
gallium,* Gallium Metal - 99.99% Pure - 50 Grams,38.99,2017-02-12,50,0.78,WorthPoint
gallium,Argentina Meteorite With Display Cube! Real 3.3 Gram Campo Del Cielo Meteorite,16.99,2017-02-06,3.3,5.15,WorthPoint
gallium,BEST QUALITY FROM THE USSR 99.99% GA GALLIUM METAL 10 Gr,15.9,2017-01-31,10,1.59,WorthPoint
gallium,Campo Del Cielo Genuine Iron Nickel Meteorite Argentina 10.35 Grams 206,19.75,2017-01-29,10.35,1.91,WorthPoint
gallium,Argentina Meteorite With Display Cube! Nice 2.7 Gram Campo Del Cielo Meteorite,14.99,2017-01-23,2.7,5.55,WorthPoint
gallium,5.1grams PENDANT IRON METAL SPACE METEORITE MINERAL CAMPO DEL CIELO ARGENTINA,10.73,2017-01-23,5.1,2.1,WorthPoint
gallium,Scandinavia Muonionalusta Polished Etched Meteorite Slice In Display Case & Card,19.99,2017-01-21,,,WorthPoint
gallium,10.6grams IRON METAL SPACE METEORITE MINERAL CAMPO DEL CIELO ARGENTINA,13.99,2017-01-21,10.6,1.32,WorthPoint
gallium,(x262-481) 20 G Campo Del Cielo Iron Meteorite 1576 Argentina Fragment Specimen,45.99,2017-01-20,20,2.3,WorthPoint
gallium,10.7grams IRON METAL SPACE METEORITE MINERAL CAMPO DEL CIELO ARGENTINA,12.99,2017-01-13,10.7,1.21,WorthPoint
gallium,"Gallium 99.99% Pure, About 110 Grams",79.25,2017-01-11,110,0.72,WorthPoint
gallium,Campo Del Cielo Genuine Iron Nickel Meteorite Argentina 11.459 Grams 208,19.75,2017-01-10,11.459,1.72,WorthPoint
gallium,Low Price! Thin Cut Slice! Muonionalusta Swedish Iron Meteorite 17.3 Gms,56.25,2017-01-05,17.3,3.25,WorthPoint
gallium,Campo Del Cielo Genuine Iron Nickel Meteorite Argentina 7.881 Grams 196,12.75,2017-01-04,7.881,1.62,WorthPoint
gallium,Argentina Meteorite With Display Cube! Large 15.0 Gram Campo Del Cielo Meteorite,29.99,2016-12-30,15,2,WorthPoint
gallium,"Element Periodic Collection--Gold, Platinum+--25 Different-CHRISTMAS SALE PRICE!",139,2016-12-29,,,WorthPoint
gallium,Pentax Me Super Slr 35mm (film) Camera Body Only(works)..,40,2016-12-23,,,WorthPoint
gallium,Argentina Meteorite With Display Cube! Large 14.5 Gram Campo Del Cielo Meteorite,29.99,2016-12-21,14.5,2.07,WorthPoint
gallium,(x262-610) 40 G Campo Del Cielo Iron Meteorite 1576 Argentina Fragment Specimen,78.99,2016-12-18,40,1.97,WorthPoint
gallium,Argentina Meteorite With Display Cube! Real 7.4 Gram Campo Del Cielo Meteorite,17.99,2016-12-18,7.4,2.43,WorthPoint
gallium,(x261-16) 10 G Campo Del Cielo Meteorite 1576 Shrapnel Fragments Specimen Meteor,32.99,2016-12-15,10,3.3,WorthPoint
gallium,Argentina Meteorite With Display Cube! Large 10.7 Gram Campo Del Cielo Meteorite,19.99,2016-12-13,10.7,1.87,WorthPoint
gallium,8.2grams PENDANT IRON METAL SPACE METEORITE MINERAL CAMPO DEL CIELO ARGENTINA,21.03,2016-12-08,8.2,2.56,WorthPoint
gallium,13.8 Grams IRON METAL SPACE METEORITE MINERAL CAMPO DEL CIELO ARGENTINA,10.5,2016-12-07,13.8,0.76,WorthPoint
gallium,(x262-502) 21 G Campo Del Cielo Iron Meteorite 1576 Argentina Fragment Specimen,47.99,2016-12-04,21,2.29,WorthPoint
gallium,Argentina Meteorite With Display Cube! Nice 7.4 Gram Campo Del Cielo Meteorite,17.99,2016-12-04,7.4,2.43,WorthPoint
gallium,(x262-201) 6 G Campo Del Cielo Iron Meteorite 1576 Shrapnel Fragment Specimen,16.99,2016-12-03,6,2.83,WorthPoint
gallium,Argentina Meteorite With Display Cube! Large 9.5 Gram Campo Del Cielo Meteorite,19.99,2016-12-03,9.5,2.1,WorthPoint
gallium,Argentina Meteorite With Display Cube! Nice 6.7 Gram Campo Del Cielo Meteorite,17.99,2016-11-29,6.7,2.69,WorthPoint
gallium,Argentina Meteorite With Display Cube! Real 7.1 Gram Campo Del Cielo Meteorite,17.99,2016-11-28,7.1,2.53,WorthPoint
gallium,Argentina Meteorite With Display Cube! Nice 7.3 Gram Campo Del Cielo Meteorite,17.99,2016-11-25,7.3,2.46,WorthPoint
gallium,8.7grams PENDANT IRON METAL SPACE METEORITE MINERAL CAMPO DEL CIELO ARGENTINA,12.5,2016-11-24,8.7,1.44,WorthPoint
gallium,11.6grams PENDANT IRON METAL SPACE METEORITE MINERAL CAMPO DEL CIELO ARGENTINA,10.49,2016-11-24,11.6,0.9,WorthPoint
gallium,2002--CREATE-A-BOT (Complete SET Of 7 Toys) By Jack In The Box [NIP],16.95,2016-11-22,,,WorthPoint
gallium,Remarkably Shaped Iron Meteorite - Mundrabilla (Western Australia) - 37.76 Grams,130,2016-11-21,37.76,3.44,WorthPoint
gallium,Argentina Meteorite With Display Cube! Real 7.0 Gram Campo Del Cielo Meteorite,17.99,2016-11-21,7,2.57,WorthPoint
gallium,Argentina Meteorite With Display Cube! Large 11.6 Gram Campo Del Cielo Meteorite,24.99,2016-11-19,11.6,2.15,WorthPoint
gallium,Argentina Meteorite With Display Cube! Nice 7.7 Gram Campo Del Cielo Meteorite,17.99,2016-11-18,7.7,2.34,WorthPoint
gallium,Gallium Metal 100 Grams 99.99% Pure 4N,59.99,2016-11-11,100,0.6,WorthPoint
gallium,Sound Devices Mix Pre-D And Camera Mount,665,2016-11-09,,,WorthPoint
gallium,Beautiful WWII 15mm Mabe Pearl & Ggg Earrings M-F,175,2016-11-04,,,WorthPoint
gallium,Surface Tension And The Spreading Of Liquids By RS Burdon 1940 Cambridge,12,2016-11-02,,,WorthPoint
gallium,Campo Del Cielo Genuine Iron Nickel Meteorite Argentina 11.021 Grams 205,15.75,2016-11-01,11.021,1.43,WorthPoint
gallium,Low Price! Large Full Slice! Muonionalusta Swedish Iron Meteorite 159 Gms,359,2016-10-30,159,2.26,WorthPoint
gallium,"Element Collection Starter, 35 Samples, Includes Gold, Platinum, Silver, Etc.",120,2016-10-25,,,WorthPoint
gallium,Argentina Meteorite With Display Cube! Real 9.1 Gram Campo Del Cielo Meteorite,19.99,2016-10-18,9.1,2.2,WorthPoint
gallium,SALE! WWII Era Long 15.5mm Mabe Pearl & Ggg (52 Total) Dangle Earrings M-F,279,2016-10-18,,,WorthPoint
gallium,Campo Del Cielo Genuine Iron Nickel Meteorite Argentina 6.939 Grams 201,12.75,2016-10-17,6.939,1.84,WorthPoint
gallium,10.8grams IRON METAL SPACE METEORITE MINERAL CAMPO DEL CIELO ARGENTINA .,13.99,2016-10-16,10.8,1.3,WorthPoint
gallium,(x260-12) 5 G Campo Del Cielo Meteorite 1576 Shrapnel Fragments In Specimen Vial,17.99,2016-10-09,5,3.6,WorthPoint
gallium,(x260-10) 5 G Campo Del Cielo Meteorite 1576 Shrapnel Fragments In Specimen Vial,17.99,2016-10-09,5,3.6,WorthPoint
gallium,(x261-20) 10 G Campo Del Cielo Meteorite 1576 Shrapnel Fragments Specimen Meteor,32.99,2016-10-09,10,3.3,WorthPoint
gallium,Argentina Meteorite With Display Cube! Real 7.2 Gram Campo Del Cielo Meteorite,17.99,2016-10-09,7.2,2.5,WorthPoint
gallium,Argentina Meteorite With Display Cube! Large 13.3 Gram Campo Del Cielo Meteorite,29.99,2016-10-06,13.3,2.25,WorthPoint
gallium,4.6grams PENDANT IRON METAL SPACE METEORITE MINERAL CAMPO DEL CIELO ARGENTINA,10.95,2016-10-05,4.6,2.38,WorthPoint
gallium,Campo Del Cielo Genuine Iron Nickel Meteorite Argentina 9.824 Grams 213,15.75,2016-10-04,9.824,1.6,WorthPoint
gallium,Campo Del Cielo Genuine Iron Nickel Meteorite Argentina 8.352 Grams 209,15.75,2016-09-27,8.352,1.89,WorthPoint
gallium,Campo Del Cielo Genuine Iron Nickel Meteorite Argentina 9.457 Grams 211,15.75,2016-09-27,9.457,1.67,WorthPoint
gallium,Argentina Meteorite With Display Cube! Large 11.5 Gram Campo Del Cielo Meteorite,27.99,2016-09-26,11.5,2.43,WorthPoint
gallium,Argentina Meteorite With Display Cube! Real 7.3 Gram Campo Del Cielo Meteorite,17.99,2016-09-26,7.3,2.46,WorthPoint
gallium,"Meteorite 13 Grams, Campo Del Cielo. Traces Of Gold And Silver.",109,2016-09-24,13,8.38,WorthPoint
gallium,Campo Del Cielo Meteorite Natural Rough Specimen From Argentina - 252 Grams,85,2016-09-24,252,0.34,WorthPoint
gallium,Argentina Meteorite With Display Cube! Real 8.8 Gram Campo Del Cielo Meteorite,19.99,2016-09-18,8.8,2.27,WorthPoint
gallium,Argentina Meteorite With Display Cube! Real 5.9 Gram Campo Del Cielo Meteorite,17.99,2016-09-12,5.9,3.05,WorthPoint
gallium,Fantastic Adventures: December 1941,12.5,2016-09-12,,,WorthPoint
gallium,Israel 50th Anniversary Set 50 Sheqalim Note 2 She Gallium Coin & Cover,65,2016-09-08,,,WorthPoint
gallium,Argentina Meteorite With Display Cube! Real 8.1 Gram Campo Del Cielo Meteorite,19.99,2016-09-08,8.1,2.47,WorthPoint
gallium,Campo Del Cielo Genuine Iron Nickel Meteorite Argentina 4.915 Grams 179,13.75,2016-09-06,4.915,2.8,WorthPoint
gallium,Low Price! Disc Shape! Muonionalusta Swedish Iron Meteorite 5.4 Gms,29.25,2016-09-03,5.4,5.42,WorthPoint
gallium,Argentina Meteorite With Display Cube! Large 14.3 Gram Campo Del Cielo Meteorite,27.99,2016-08-23,14.3,1.96,WorthPoint
gallium,13.0grams IRON METAL SPACE METEORITE MINERAL CAMPO DEL CIELO ARGENTINA,12.99,2016-08-18,13,1,WorthPoint
gallium,"""AAA Top Grade"" Iron Meteorite: Campo Del Cielo - 730 Grams",325,2016-08-16,730,0.45,WorthPoint
gallium,Sound Devices MixPre-D Compact Field Mixer,600,2016-08-16,,,WorthPoint
gallium,Campo Del Cielo Genuine Iron Nickel Meteorite Argentina 8.26 Grams 178,14.75,2016-08-15,8.26,1.79,WorthPoint
gallium,Argentina Meteorite With Display Cube! Real 3.5 Gram Campo Del Cielo Meteorite,15.99,2016-08-14,3.5,4.57,WorthPoint
gallium,Argentina Meteorite With Display Cube! Real 8.5 Gram Campo Del Cielo Meteorite,19.99,2016-08-11,8.5,2.35,WorthPoint
gallium,(x260-100) 17 Lb 9 Oz Huge 7966 G Campo Del Cielo Meteorite Argentina Space Rock,1500.99,2016-08-05,7966,0.19,WorthPoint
gallium,12.6grams IRON METAL SPACE METEORITE MINERAL CAMPO DEL CIELO ARGENTINA,13.99,2016-08-05,12.6,1.11,WorthPoint
gallium,Campo Del Cielo Genuine Iron Nickel Meteorite Argentina 13.855 Grams 169,24.75,2016-08-03,13.855,1.79,WorthPoint
gallium,15.2grams IRON METAL SPACE METEORITE MINERAL CAMPO DEL CIELO ARGENTINA,12.99,2016-08-02,15.2,0.85,WorthPoint
gallium,Campo Del Cielo Genuine Iron Nickel Meteorite Argentina 6.264 Grams 171,13.75,2016-08-01,6.264,2.2,WorthPoint
gallium,Campo Del Cielo Genuine Iron Nickel Meteorite Argentina 5.433 Grams 177,13.75,2016-08-01,5.433,2.53,WorthPoint
gallium,Campo Del Cielo Genuine Iron Nickel Meteorite Argentina 28 Grams 89,47.75,2016-08-01,28,1.71,WorthPoint
gallium,Campo Del Cielo Genuine Iron Nickel Meteorite Argentina 12.991 Grams 183,24.75,2016-08-01,12.991,1.91,WorthPoint
gallium,Argentina Meteorite With Display Cube! Large 11.2 Gram Campo Del Cielo Meteorite,24.99,2016-07-31,11.2,2.23,WorthPoint
gallium,13.7grams IRON METAL SPACE METEORITE MINERAL CAMPO DEL CIELO ARGENTINA,15.5,2016-07-30,13.7,1.13,WorthPoint
gallium,Campo Del Cielo Genuine Iron Nickel Meteorite Argentina 6.049 Grams 181,14.75,2016-07-25,6.049,2.44,WorthPoint
gallium,Campo Del Cielo Genuine Iron Nickel Meteorite Argentina 7.489 Grams 175,13.75,2016-07-23,7.489,1.84,WorthPoint
gallium,"GREENOCKITE - San Juan Mine, Cochise Co., ARIZONA",10.5,2016-07-20,,,WorthPoint
gallium,7.9grams PENDANT IRON METAL SPACE METEORITE MINERAL CAMPO DEL CIELO ARGENTINA,34,2016-07-19,7.9,4.3,WorthPoint
gallium,Argentina Meteorite With Display Cube! Real 8.7 Gram Campo Del Cielo Meteorite,19.99,2016-07-14,8.7,2.3,WorthPoint
gallium,Campo Del Cielo Genuine Iron Nickel Meteorite Argentina 14.889 Grams 182,24.75,2016-07-09,14.889,1.66,WorthPoint
gallium,Argentina Meteorite With Display Cube! Real 8.0 Gram Campo Del Cielo Meteorite,19.99,2016-07-08,8,2.5,WorthPoint
gallium,Shure FP24 Same As Sound Devices MixPre Pre-Amp 2 Ch Field Mixer,420,2016-07-07,,,WorthPoint
gallium,(x260-5) 5 G Campo Del Cielo Meteorite 1576 Shrapnel Fragments In Specimen Vial,17.99,2016-07-06,5,3.6,WorthPoint
gallium,"""SUPER SET"" Of 66 Diff. Periodic Table Elements-beautifully Displayed-ONLY HERE!",799,2016-07-04,,,WorthPoint
gallium,Campo Del Cielo Genuine Iron Nickel Meteorite Argentina 14.39 Grams 187,24.75,2016-06-26,14.39,1.72,WorthPoint
gallium,(x260-7) 5 G Campo Del Cielo Meteorite 1576 Shrapnel Fragments In Specimen Vial,17.99,2016-06-24,5,3.6,WorthPoint
gallium,"Rare Gallite (Type Locality) Micro Specimen-Kipushi Mine, Dem. Rep. Congo",59,2016-06-23,,,WorthPoint
gallium,Sound Devices MixPre Compact Mixer With Bag,400,2016-06-21,,,WorthPoint
gallium,Argentina Meteorite W/Display Cube! Genuine 8.6 Gram Campo Del Cielo Meteorite,19.99,2016-06-16,8.6,2.32,WorthPoint
gallium,Bismuth Crystal Geode,24.51,2016-06-10,,,WorthPoint
gallium,Campo Del Cielo Genuine Iron Nickel Meteorite Argentina 5.031 Grams 176,13.75,2016-06-09,5.031,2.73,WorthPoint
gallium,Campo Del Cielo Genuine Iron Nickel Meteorite Argentina 8.007 Grams 170,14.75,2016-06-09,8.007,1.84,WorthPoint
gallium,PENDANT 5.0grams IRON METAL SPACE METEORITE MINERAL CAMPO DEL CIELO ARGENTINA,12,2016-06-04,5,2.4,WorthPoint
gallium,Argentina Meteorite W/Display Cube! Large 9.4 Gram Campo Del Cielo Meteorite,24.99,2016-05-24,9.4,2.66,WorthPoint
gallium,Argentina Meteorite W/Display Cube! Genuine 3.8 Gram Campo Del Cielo Meteorite,15.99,2016-05-18,3.8,4.21,WorthPoint
gallium,22 Cray I.c. Quartz Photomasks With Clean Room Case,139.95,2016-05-16,,,WorthPoint
gallium,Argentina Meteorite W/Display Cube! Genuine 3.5 Gram Campo Del Cielo Meteorite,15.99,2016-05-14,3.5,4.57,WorthPoint
gallium,Argentina Meteorite W/Display Cube! Genuine 6.0 Gram Campo Del Cielo Meteorite,17.99,2016-05-14,6,3,WorthPoint
gallium,210.7 Gm . CANYON DIABLO IRON METEORITE ; TOP GRADE; ARIZONA,499,2016-05-09,210.7,2.37,WorthPoint
gallium,Argentina Meteorite W/Display Cube - Genuine 6.5 Gram Campo Del Cielo Meteorite,17.99,2016-05-06,6.5,2.77,WorthPoint
gallium,Argentina Meteorite W/Display Cube - Genuine 7.4 Gram Campo Del Cielo Meteorite,17.99,2016-05-04,7.4,2.43,WorthPoint
gallium,Argentina Meteorite W/Display Cube - Genuine 8.3 Gram Campo Del Cielo Meteorite,19.99,2016-05-04,8.3,2.41,WorthPoint
gallium,10.9grams IRON METAL SPACE METEORITE MINERAL CAMPO DEL CIELO ARGENTINA,13.99,2016-05-03,10.9,1.28,WorthPoint
gallium,Konica FS-1 35mm SLR Film Camera Body With Epcot Hippie Strap - GORGEOUS,13.99,2016-05-03,,,WorthPoint
gallium,Konica FS-1 35mm SLR Film Camera W/ Konica Hexanon 40mm F/1.8 Lens - GORGEOUS,29.5,2016-05-02,,,WorthPoint
gallium,11.4grams IRON METAL SPACE METEORITE MINERAL CAMPO DEL CIELO ARGENTINA,13.99,2016-05-02,11.4,1.23,WorthPoint
gallium,(x262-275) 7 G Campo Del Cielo Iron Meteorite 1576 Shrapnel Fragment Specimen,18.99,2016-04-29,7,2.71,WorthPoint
gallium,PENDANT 6.7grams IRON METAL SPACE METEORITE MINERAL CAMPO DEL CIELO ARGENTINA,10.5,2016-04-28,6.7,1.57,WorthPoint
gallium,Shuji Nakamura (Nobel Prize Physics 2014) Signed Photograph,25,2016-04-27,,,WorthPoint
gallium,Argentina Meteorite W/Display Cube - Genuine 6.7 Gram Campo Del Cielo Meteorite,17.99,2016-04-26,6.7,2.69,WorthPoint
gallium,Argentina Meteorite W/Display Cube ~ Genuine 6.8 Gram Campo Del Cielo Meteorite,17.99,2016-04-21,6.8,2.65,WorthPoint
gallium,Sound Devices Mixpre With Custom Power Cable & Battery Stereo Preamp Field Mixer,449,2016-04-20,,,WorthPoint
gallium,"""SUPER SET"" Of 66 Diff. Periodic Table Elements-w/o Hard Cases For Ilpsc97",699,2016-04-16,,,WorthPoint
gallium,1003 Gram Campo Del Cielo Meteorite Natural Rough Specimen From Argentina,175,2016-04-14,1003,0.17,WorthPoint
gallium,Campo Del Cielo Genuine Iron Nickel Meteorite Argentina 1.74 Grams 120,10.75,2016-04-13,1.74,6.18,WorthPoint
gallium,Meteorite Framed Photograph - Matted With Authentic Meteorite Fragment,97.49,2016-04-11,,,WorthPoint
gallium,Campo Del Cielo Genuine Iron Nickel Meteorite Argentina 6.515 Grams 172,13.75,2016-04-10,6.515,2.11,WorthPoint
gallium,19.1grams IRON METAL SPACE METEORITE MINERAL CAMPO DEL CIELO ARGENTINA,19.99,2016-04-10,19.1,1.05,WorthPoint
gallium,Campo Del Cielo Genuine Iron Nickel Meteorite Argentina 5.281 Grams 173,13.75,2016-04-08,5.281,2.6,WorthPoint
gallium,"Sphalerite Coated With Greenockite, Ex. Allen Heyl Label, Timberville, Virginia",18,2016-04-03,,,WorthPoint
gallium,"""SUPER SET"" Of 66, Rare Earths Set, Precious Metals Set, ETC For Prometheusnow",1300,2016-03-28,,,WorthPoint
gallium,Campo Del Cielo Genuine Iron Nickel Meteorite Argentina 40 Grams 85,48.75,2016-03-25,40,1.22,WorthPoint
gallium,18.9grams IRON METAL SPACE METEORITE MINERAL CAMPO DEL CIELO ARGENTINA,19.99,2016-03-24,18.9,1.06,WorthPoint
gallium,PENDANT 7.4grams IRON METAL SPACE METEORITE MINERAL CAMPO DEL CIELO ARGENTINA,13,2016-03-23,7.4,1.76,WorthPoint
gallium,Argentina Meteorite W/Display Cube - Genuine 8.5 Gram Campo Del Cielo Meteorite,19.99,2016-03-23,8.5,2.35,WorthPoint
gallium,"Cesium Metal Embedded In 2"" Acrylic Cube For Element Collectors",140,2016-03-17,,,WorthPoint
gallium,Dr Doctor Who 12th Twelfth Doctor Sonic Screwdriver TV Remote Control Wand Co.,128.85,2016-03-16,,,WorthPoint
gallium,Campo Del Cielo Genuine Iron Nickel Meteorite Argentina 1.853 Grams 130,10.75,2016-03-13,1.853,5.8,WorthPoint
gallium,Campo Del Cielo Genuine Iron Nickel Meteorite Argentina 15 Grams 162,24.75,2016-03-12,15,1.65,WorthPoint
gallium,PENDANT 12.6 Grams IRON METAL SPACE METEORITE MINERAL CAMPO ARGENTINA,26,2016-03-11,12.6,2.06,WorthPoint
gallium,Campo Del Cielo Genuine Iron Nickel Meteorite Argentina 2.242 Grams 129,11.75,2016-03-01,2.242,5.24,WorthPoint
gallium,"Meteorite 3 Pack Includes: Sikhote - Alin, Campo Del Cielo, Stoney Iron (Sahara)",39.95,2016-02-26,,,WorthPoint
gallium,(x261-10) 10 G Campo Del Cielo Meteorite 1576 Shrapnel Fragments Specimen Meteor,32.99,2016-02-23,10,3.3,WorthPoint
gallium,Argentina Meteorite W/Display Cube ~ Genuine 6.2 Gram Campo Del Cielo Meteorite,17.99,2016-02-21,6.2,2.9,WorthPoint
gallium,Campo Del Cielo Genuine Iron Nickel Meteorite Argentina 5.562 Grams 67,13.75,2016-02-19,5.562,2.47,WorthPoint
gallium,Argentina Meteorite W/Display Cube ~ Genuine 8.1 Gram Campo Del Cielo Meteorite,19.99,2016-02-16,8.1,2.47,WorthPoint
gallium,Doctor Who 12th Twelfth Doctor Sonic Screwdriver TV Remote Control #Wand Company,120,2016-02-15,,,WorthPoint
gallium,Argentina Meteorite W/Display Cube ~ Genuine 8.6 Gram Campo Del Cielo Meteorite,19.99,2016-02-13,8.6,2.32,WorthPoint
gallium,Argentina Meteorite W/Display Cube ~ Genuine 5.2 Gram Campo Del Cielo Meteorite,15.99,2016-02-10,5.2,3.08,WorthPoint
gallium,Argentina Meteorite W/Display Cube ~ Genuine 8.2 Gram Campo Del Cielo Meteorite,19.99,2016-02-07,8.2,2.44,WorthPoint
gallium,Argentina Meteorite W/Display Cube ~ Large 9.5 Gram Campo Del Cielo Meteorite,24.99,2016-02-07,9.5,2.63,WorthPoint
gallium,Argentina Meteorite W/Display Cube ~ Genuine 8.7 Gram Campo Del Cielo Meteorite,19.99,2016-02-05,8.7,2.3,WorthPoint
gallium,Argentina Meteorite W/Display Cube ~ Genuine 7.4 Gram Campo Del Cielo Meteorite,17.99,2016-02-05,7.4,2.43,WorthPoint
gallium,Cray X-MP Supercomputer E.C.L. Board Serial #1 Out Of #350,89,2016-02-05,,,WorthPoint
gallium,Argentina Meteorite W/Display Cube ~ Genuine 4.9 Gram Campo Del Cielo Meteorite,15.99,2016-02-03,4.9,3.26,WorthPoint
gallium,Argentina Meteorite W/Display Cube ~ Genuine 8.0 Gram Campo Del Cielo Meteorite,19.99,2016-01-30,8,2.5,WorthPoint
gallium,Argentina Meteorite W/Display Cube ~ Genuine 8.4 Gram Campo Del Cielo Meteorite,19.99,2016-01-30,8.4,2.38,WorthPoint
gallium,RARE Smoky Quartz MULTI TERMINATED Crystal Cluster Mineral Specimen AUSTRALIA,44,2016-01-27,,,WorthPoint
gallium,(x262-82) 5 G Campo Del Cielo Iron Meteorite 1576 Shrapnel Fragments Specimen,14.99,2016-01-26,5,3,WorthPoint
gallium,1980s RAYTHEON Flasher VARIVUE Bunker Hill BUTTON Pin VARI VUE Pinback BADGE,14.99,2016-01-25,,,WorthPoint
gallium,Argentina Meteorite W/Display Cube ~ Genuine 7.0 Gram Campo Del Cielo Meteorite,17.99,2016-01-25,7,2.57,WorthPoint
gallium,SUPER RARE Red Orange Grossular Garnet Colorado Crystal Natural Mineral Specimen,140,2016-01-24,,,WorthPoint
gallium,Argentina Meteorite W/Display Cube ~ Large 10.1 Gram Campo Del Cielo Meteorite,24.99,2016-01-24,10.1,2.47,WorthPoint
gallium,HUGE RAINBOW Iridescent Moissanite Silicon Crystal Cluster Specimen Peacock Rock,55,2016-01-23,,,WorthPoint
gallium,"Campo Del Cielo (""Field Of Sky"") Genuine Iron Nickel Meteorite Argentina 93",10.75,2016-01-22,,,WorthPoint
gallium,2.1grams IRON METAL SPACE METEORITE MINERAL CAMPO DEL CIELO ARGENTINA,14.7,2016-01-16,2.1,7,WorthPoint
gallium,GALLINSTAN METAL ALLOY Mp 51¬∞F/10¬∞C 10g. Lapping Alloy For Making Optical Flats,30,2016-01-13,10,3,WorthPoint
gallium,Spessartine Garnet Mica Crystal Cluster Mineral Specimen FUJIAN PROVINCE CHINA,14.95,2016-01-13,,,WorthPoint
gallium,Realtech Spy Net IR NIGHT VISION Recording Goggles Toy Records And Playback USB,80,2016-01-13,,,WorthPoint
gallium,Argentina Meteorite W/Display Cube ~ Genuine 8.5 Gram Campo Del Cielo Meteorite,19.99,2016-01-02,8.5,2.35,WorthPoint
gallium,Vintage Chemistry Text Book 1942 Essentials Of College Chemistry Kharasch,29.99,2015-12-31,,,WorthPoint
gallium,SPESSARTITE Gemmy Garnet Crystal GEMMY Mineral Specimen TERMINATED Skeletal XLS,36,2015-12-28,,,WorthPoint
gallium,Argentina Meteorite W/Display Cube ~ Genuine 8.3 Gram Campo Del Cielo Meteorite,19.99,2015-12-20,8.3,2.41,WorthPoint
gallium,HP Pavilion G7-1316DX AMD Dual Core 1 9GHz 4GB 320GB 17 3'' Bluetooth HDMI...,145.5,2015-12-19,9,16.17,WorthPoint
gallium,Argentina Meteorite W/Display Cube ~ Large 9.2 Gram Campo Del Cielo Meteorite,24.99,2015-12-19,9.2,2.72,WorthPoint
gallium,Argentina Meteorite W/Display Cube ~ Genuine 5.8 Gram Campo Del Cielo Meteorite,15.99,2015-12-17,5.8,2.76,WorthPoint
gallium,HUGE SPESSARTITE Gemmy Garnet Crystal 269cts! Mineral Specimen Quartz Skeletal,864,2015-12-17,53.8,16.06,WorthPoint
gallium,NICE A++ SPESSARTITE Gemmy Garnet Crystal Mineral Specimen TERMINATED Skeletal,22,2015-12-16,,,WorthPoint
gallium,RARE Smoky Quartz Crystal Spessartine Garnet Barnacle Cluster Mineral Specimen,28,2015-12-15,,,WorthPoint
gallium,Sound Devices MixPre-D 2 Channel Audio Mixer For Professional Audio Video,710,2015-12-15,,,WorthPoint
gallium,Argentina Meteorite W/Display Cube ~ Genuine 8.8 Gram Campo Del Cielo Meteorite,19.99,2015-12-14,8.8,2.27,WorthPoint
gallium,"""SUPER SET"" Of 66 Different Periodic Table Element Samples-beautifully Displayed",699,2015-12-14,,,WorthPoint
gallium,Argentina Meteorite W/Display Cube ~ Genuine 6.6 Gram Campo Del Cielo Meteorite,15.99,2015-12-14,6.6,2.42,WorthPoint
gallium,Argentina Meteorite W/Display Cube ~ Genuine 7.2 Gram Campo Del Cielo Meteorite,17.99,2015-12-14,7.2,2.5,WorthPoint
gallium,Argentina Meteorite W/Display Cube ~ Large 9.8 Gram Campo Del Cielo Meteorite,24.99,2015-12-14,9.8,2.55,WorthPoint
gallium,RARE Antique Book INORGANIC CHEMISTRY 1890 Ira Remsen Science TEXTBOOK College,27.5,2015-12-10,,,WorthPoint
gallium,"HP 2000 Linux Laptop 3.5GB AMD E-300 With Radeon HD Graphics 311GB 15.6""",79,2015-11-30,3.5,22.57,WorthPoint
gallium,"32"" Perfection Sharp PN-K321 32"" LED LCD For Professional, I HAVE THE BEST PRICE",621,2015-11-29,,,WorthPoint
gallium,Nikon FM Medium Format SLR Film Camera With Soligor Zom Macro 28-80mm Lens,51.01,2015-11-26,,,WorthPoint
gallium,"Konica FT-1 Konica AR 30-70mm F3.5-4.5 Lens, TriStar Flash, Case & Accessories",29.98,2015-11-26,,,WorthPoint
gallium,Alaskan Almandine Red Garnet Crystal Cluster Mineral Specimen Schist ALASKA,15.5,2015-11-23,,,WorthPoint
gallium,PINK Raspberry Garnet Crystal Cluster Grossular Mineral Specimen Mexico Gemstone,18.27,2015-11-23,,,WorthPoint
gallium,Argentina Meteorite W/Display Cube ~ Genuine 6.5 Gram Campo Del Cielo Meteorite,15.99,2015-11-22,6.5,2.46,WorthPoint
gallium,Low Price! Super Shape! Muonionalusta Swedish Iron Meteorite 23 Gms,49,2015-11-21,23,2.13,WorthPoint
gallium,PLATINUM PALLADIUM RHODIUM IRIDIUM OSMIUM RUTHENIUM RHENIUM GOLD - Bar Gram,104.75,2015-11-20,,,WorthPoint
gallium,Argentina Meteorite W/Display Cube ~ Genuine 7.6 Gram Campo Del Cielo Meteorite,17.99,2015-11-20,7.6,2.37,WorthPoint
gallium,Argentina Meteorite W/Display Cube ~ Large 8.1 Gram Campo Del Cielo Meteorite,19.99,2015-11-20,8.1,2.47,WorthPoint
gallium,Argentina Meteorite W/Display Cube ~ Large 9.3 Gram Campo Del Cielo Meteorite,24.99,2015-11-20,9.3,2.69,WorthPoint
gallium,"X Plane 10 Global Edition ULTRA-REALISTIC-SIMULATION, Flight Simulator For Pc .",25,2015-11-18,10,2.5,WorthPoint
gallium,HP Compaq 6910p Intel Core 2 Duo T7500 2.20 GHz 80 GB HDD,19.5,2015-11-15,2.2,8.86,WorthPoint
gallium,HP Compaq 6910p Intel Core 2 Duo T7500 2.20 GHz 80 Gb Hard Drive,26.52,2015-11-15,2.2,12.05,WorthPoint
gallium,Luna Optics Digital Night Viewer (5x) Hi-Res / SD Card LN-DM50-HRSD,399.95,2015-11-14,,,WorthPoint
gallium,"Geeking Gallium Gaffs & Gimmicks: The Disappearing Spoon Revitalized - Evans, Sh",30.64,2015-11-11,,,WorthPoint
gallium,Life Of Fred Chemistry Science And Math Book,27,2015-11-10,,,WorthPoint
gallium,Nikon FM Manual Focus Mechanical SLR Film Camera Body With Manual,64.99,2015-11-08,,,WorthPoint
gallium,1983 Smithsonian IC History Kilby Intel 4004 8008 CPU Moores Law 256 Bit RAM Z80,45,2015-11-07,,,WorthPoint
gallium,Luna Optics Dual Bridge System For PVS-14 LN-D14,549.95,2015-11-06,,,WorthPoint
gallium,"HP Compaq ProBook 6830s -- 17"" Notebook -- Ubuntu 14.04 LTS 4GB Ram/256GB HD",122.5,2015-11-02,4,30.63,WorthPoint
gallium,Scarce! 1957 A Gallium Arsenide Microwave Diode D. A. Jenny RCA Labs RB-114 G+,19.99,2015-11-02,114,0.18,WorthPoint
gallium,1957 Some Properties Of Gallium Arsenide-Germanium Mixtures - Jenny RCA RB-115,19.99,2015-11-02,,,WorthPoint
gallium,Realtech Spynet Night Vision Binoculars,26,2015-11-01,,,WorthPoint
gallium,"Toshiba 15.6"" 4K Satellite I7-5500U NVIDIA 16GB 256 SSD+2TB Win10| S50T-CBT2G02",1299.99,2015-10-28,16,81.25,WorthPoint
gallium,HP Compaq 6910p Intel Core 2 Duo T7500 2.20 GHz 160 Gb Hard Drive,23.5,2015-10-20,2.2,10.68,WorthPoint
gallium,"17.3"" Dell XPS L701X 1.73GHz Intel Core I7 Ubuntu Linux 500GB 4GB Parts Repair",199.99,2015-10-16,1.73,115.6,WorthPoint
gallium,"Toshiba 15.6"" Touch Satellite Radius15 I7-5500U 16GB 2TB Win10 |P50W-CBT2N02",999.99,2015-10-14,16,62.5,WorthPoint
gallium,"AORUS X3 Plus V4-CF1T 13.9"" QHD+ IPS/Core I7-5700HQ/GTX 970M 6GB Gaming Laptop",9999,2015-10-13,6,1666.5,WorthPoint
gallium,"Toshiba Satellite P55T-B5340 15.6"" 4k HD 2160P 2GB Graphics Card I7 16GB 1TB",879.99,2015-10-07,2,440,WorthPoint
gallium,Rare Argentina Meteorite W/Moving Pieces ~ 7.7 Gram Campo Del Cielo Meteorite,24.99,2015-10-07,7.7,3.25,WorthPoint
gallium,NEW- JAAKS SPY NET Night Vision Infrared Stealth Binoculars,95,2015-10-06,,,WorthPoint
gallium,RAINBOW Iridescent Moissanite Silicon Crystal Cluster Mineral Specimen MEXICO NR,14,2015-10-05,,,WorthPoint
gallium,B.J.F. Super Large Bismuth Crystal 78 Grams Made By B.J.F. In The UK,35.57,2015-10-04,78,0.46,WorthPoint
gallium,INDIUM Metal-HIGH PURITY METAL ELEMENT ~ 99.99% # 1,23.01,2015-09-30,,,WorthPoint
gallium,B.J.F. Super Large Bismuth Crystal 190 Grams Made By B.J.F. In The UK,65.51,2015-08-05,190,0.34,WorthPoint
gallium,B.J.F. Super Large Bismuth Crystal 182 Grams Made By B.J.F. In The UK,56.75,2015-07-21,182,0.31,WorthPoint
gallium,Lot 29.7 Grams Scrap Dental Palladium.,450,2015-06-13,29.7,15.15,WorthPoint
gallium,50g Liquid Metal Bullion .999 Pure More Rare Than Gold Or Platinum,45.82,2015-06-09,50,0.92,WorthPoint
gallium,Original Vintage Pulsar Wrist Watch Instructions / Papers,30.83,2015-05-09,,,WorthPoint
gallium,B.J.F. Super Large Bismuth Crystal 183 Grams Made By B.J.F. In The UK,50.7,2015-04-11,183,0.28,WorthPoint
gallium,B.J.F. Super Large Bismuth Crystal 180 Grams Made By B.J.F. In The UK,53.72,2015-03-21,180,0.3,WorthPoint
gallium,INDIUM Metal-HIGH PURITY METAL ELEMENT ~ 99.99% # 6,39.91,2015-03-09,,,WorthPoint
gallium,1 Oz Silver Khanda. Baird And Co. London 0.9999Fine. 38.2mm Wide 31.103g,58.74,2015-03-09,31.103,1.89,WorthPoint
gallium,INDIUM Metal-HIGH PURITY METAL ELEMENT ~ 99.99% # 4,62.03,2015-02-19,,,WorthPoint
gallium,"Campo Del Cielo(""Field Of The Heavens"")Genuine Iron Nickel Meteorite Argentina24",10.75,2014-11-27,,,WorthPoint
gallium,Argentina Meteorite W/Display Cube! Genuine 4.9 Gram Campo Del Cielo Meteorite!,14.99,2014-11-24,4.9,3.06,WorthPoint
gallium,Argentina Meteorite W/Display Cube! Genuine 4.5 Gram Campo Del Cielo Meteorite!,14.99,2014-11-23,4.5,3.33,WorthPoint
gallium,Argentina Meteorite W/Display Cube! Genuine 5.4 Gram Campo Del Cielo Meteorite!,14.99,2014-11-21,5.4,2.78,WorthPoint
gallium,"Gallium 20G 4n ""9999 Pure GALLIUM Bullion"" Melt In Your Hand Purity Guaranteed",23.79,2014-11-21,20,1.19,WorthPoint
gallium,100g Liquid Metal Bullion .999 Pure More Rare Than Gold Or Platinum,78.51,2014-11-21,100,0.79,WorthPoint
gallium,20g Liquid Metal Bullion .999 Pure More Rare Than Gold Or Platinum,31.29,2014-11-19,20,1.56,WorthPoint
gallium,Argentina Meteorite W/Display Cube! Genuine 5.5 Gram Campo Del Cielo Meteorite!,14.99,2014-11-18,5.5,2.73,WorthPoint
gallium,Argentina Meteorite W/Display Cube! Genuine 7.4 Gram Campo Del Cielo Meteorite!,14.99,2014-11-15,7.4,2.03,WorthPoint
gallium,Argentina Meteorite W/Display Cube! Genuine 6.9 Gram Campo Del Cielo Meteorite!,14.99,2014-11-12,6.9,2.17,WorthPoint
gallium,"Element Periodic Collection--Educational! Gold, Silver, Platinum--25 Different",169,2014-11-09,,,WorthPoint
gallium,Argentina Meteorite W/Display Cube! Genuine 6.6 Gram Campo Del Cielo Meteorite!,14.99,2014-11-08,6.6,2.27,WorthPoint
gallium,INDIUM Metal-HIGH PURITY METAL ELEMENT ~ 99.99% # 7,41.68,2014-11-03,,,WorthPoint
gallium,(x262-344) 9 G Campo Del Cielo Iron Meteorite 1576 Octahedrite Fragment Specimen,22.99,2014-11-01,9,2.55,WorthPoint
gallium,Argentina Meteorite W/Display Cube! Genuine 6.5 Gram Campo Del Cielo Meteorite!,14.99,2014-10-31,6.5,2.31,WorthPoint
gallium,INDIUM Metal-HIGH PURITY METAL ELEMENT ~ 99.99% # 2,20.57,2014-10-28,,,WorthPoint
gallium,Mount Dooling 11.34g IC Iron Meteorite From Australia,52,2014-10-25,11.34,4.59,WorthPoint
gallium,Mount Dooling 6.05g IC Iron Meteorite From Australia,25,2014-10-18,6.05,4.13,WorthPoint
gallium,Vintage Moeller High Temperature Gallium Thermometer (500F - 1000F),25,2014-10-16,,,WorthPoint
gallium,Mount Dooling 36.69g IC Iron Meteorite From Australia,215,2014-10-16,36.69,5.86,WorthPoint
gallium,Argentina Meteorite W/Display Cube! Genuine 7.6 Gram Campo Del Cielo Meteorite!,14.99,2014-10-14,7.6,1.97,WorthPoint
gallium,INDIUM Metal-HIGH PURITY METAL ELEMENT ~ 99.99% # 9,51.48,2014-10-05,,,WorthPoint
gallium,Canyon Diablo Meteorite 16.05 G,13.55,2014-10-04,16.05,0.84,WorthPoint
gallium,Muonionalusta Meteorite Adjustable Ring With Gemstones,687.5,2014-09-28,,,WorthPoint
gallium,Galium 5g 99.999 Pure,8.88,2014-09-11,5,1.78,WorthPoint
gallium,INDIUM Metal-HIGH PURITY METAL ELEMENT ~ 99.99% # 5,31.46,2014-08-06,,,WorthPoint
gallium,Canyon Diablo Meteorite 16.35 G / Meteorites / M√©t√©orite,22.38,2014-08-04,16.35,1.37,WorthPoint
gallium,VINTAGE 14K OVER STERLING RING & ASSCHER CUT GGG DIAMOND GEMSTONES Sz8- 4.3 G,36.95,2014-07-20,4.3,8.59,WorthPoint
gallium,5g Liquid Metal Bullion .999 Pure More Rare Than Gold Or Platinum,11.95,2014-07-19,5,2.39,WorthPoint
gallium,Fairchild FNA 21 Gallium Arsenide Display 1972 Specs DATA Free US Shipping RARE,19.99,2014-07-12,21,0.95,WorthPoint
gallium,Original Vintage Pulsar LED Electronic Wristwatch Instructions / Papers,17.09,2014-07-11,,,WorthPoint
gallium,Genuine Iron Nickle Meteorite Pendant From Campo Del Cielo Argentina,11.5,2014-06-30,,,WorthPoint
gallium,IRON METEORITE ARGENTINA MINERALS CRYSTALS GEMS ROCKS GEMSTONES-2b,11,2014-06-26,,,WorthPoint
gallium,Monster In My Pocket,10.21,2014-06-21,,,WorthPoint
gallium,100 Grams Of 99.99% Pure Gallium Liquid Metal - Melts At ~86F,49.95,2014-06-20,100,0.5,WorthPoint
gallium,NEW BaZnGa The Big Bang Theory Sheldon Inspired XLarge TShirt (Hobo Ninja) Black,10.03,2014-06-20,,,WorthPoint
gallium,Meteorite Canyon Diablo 0.55 Oz / Meteorite / M√©t√©orite,18.5,2014-06-20,15.593,1.19,WorthPoint
gallium,RHODIUM IRIDIUM RUTHENIUM PALLADIUM - 4 PLATINUM GROUP METAL 2.7g + Bonus! Bar 1,68.95,2014-06-19,2.7,25.54,WorthPoint
gallium,INDIUM Metal-HIGH PURITY METAL ELEMENT ~ 99.99% # 8,65.73,2014-06-12,,,WorthPoint
gallium,Nikon FM 35mm SLR Film Camera With 50mm Lens,81,2014-06-12,,,WorthPoint
gallium,RHODIUM 99.995% 1.0 Gram - PLATINUM GROUP METAL Bullion Bar + Bonus Item / Gold!,41.95,2014-06-09,1,41.95,WorthPoint
gallium,(x262-68) 5 G Campo Del Cielo Iron Meteorite 1576 Shrapnel Fragments Specimen,12.99,2014-06-08,5,2.6,WorthPoint
gallium,2 IRON METEORITES ARGENTINA MINERALS CRYSTALS GEMS ROCKS GEMSTONES-2b,12.5,2014-06-05,,,WorthPoint
gallium,RHODIUM 99.995% 0.5 Gram - PLATINUM GROUP METAL Bullion Bar Plus Bonus Element!1,24.95,2014-06-03,0.5,49.9,WorthPoint
gallium,(x262-63) 5 G Campo Del Cielo Iron Meteorite 1576 Shrapnel Fragments Specimen,12.99,2014-06-01,5,2.6,WorthPoint
gallium,Canyon Diablo Meteorite 19.25 G,19.03,2014-05-29,19.25,0.99,WorthPoint
gallium,Meteorite Canyon Diablo,25.63,2014-05-27,,,WorthPoint
gallium,"Meteorit Canyon Diablo 33,45 G / Meteorite / M√©t√©orite",34.66,2014-05-26,45,0.77,WorthPoint
gallium,(x262-347) 9 G Campo Del Cieli Iron Meteorite 1576 Octahedrite Fragment Specimen,22.99,2014-04-23,9,2.55,WorthPoint
gallium,LIQUID METAL Gallinstan Alloy Mp 51¬∞F/10¬∞C Liquid@Room Temp / 8 Gm+,24,2014-04-20,8,3,WorthPoint
gallium,"SUPER SET"" Of 66 Different Periodic Table Element Samples-beautifully Displayed",799,2014-04-13,,,WorthPoint
gallium,Bonelli C1780 Folio Hand Col Botanical Print. Gallium Luteum 1-81,38,2014-04-09,,,WorthPoint
gallium,IRON METEORITE PENDANT ARGENTINA MINERALS CRYSTALS GEMS ROCKS GEMSTONES-2b,12.5,2014-03-28,,,WorthPoint
gallium,Pure 99.99% Liquid Metal Bullion More Rare Than Gold And Platinum Wow!,30,2014-03-03,,,WorthPoint
gallium,Elektor Electronics 138 - October 1986: Computerscope,5.85,2014-03-02,,,WorthPoint
gallium,Vintage 1950 French Herbarium Botanical Galium Asparine,15.9,2014-03-02,,,WorthPoint
gallium,Vintage 1950 French Herbarium Botanical Galium Mollugo,22,2014-03-01,,,WorthPoint
gallium,2 Piece CHINA Best Quality 200g + 191 G Iron Meteorite Nandan,39,2014-02-26,200,0.2,WorthPoint
gallium,Workshop Receipts Third Series By C. G. W. Lock. 1885.,16.4,2014-02-11,,,WorthPoint
gallium,"SOHNGEITE - Gallium Oxide - Type Locality - TSUMEB, NAMIBIA",369,2014-02-11,,,WorthPoint
gallium,INDIUM Metal-HIGH PURITY METAL ELEMENT ~ 99.99% # 3,66.64,2014-02-02,,,WorthPoint
gallium,2 Piece CHINA Best Quality 239g + 104 G Iron Meteorite Nandan,33,2014-01-18,239,0.14,WorthPoint
gallium,Spynet Night Vision Binoculars,27.66,2014-01-09,,,WorthPoint
gallium,"Sells 4 Grams It Will Melt In The Hand , Gallium Metal Pure",15,2013-12-28,4,3.75,WorthPoint
gallium,"Sells 5 Grams It Will Melt In The Hand , Gallium Metal Pure",15,2013-12-23,5,3,WorthPoint
gallium,Gallium Element Coin - 99.9% Pure - COLLECTIBLE! - From Metallium,34.01,2013-12-22,,,WorthPoint
gallium,NP: 30pc Periodic Table Element Sample Collection,122.71,2013-12-20,,,WorthPoint
gallium,Nikon FM2 Black 35mm SLR Camera With NIKKOR 35mm 2.8 Lens,185.41,2013-12-19,,,WorthPoint
gallium,"6 X 1 GRAM DELUXE BUFFALO METALS SET, Inc 2 X Silver, Indium, Niobium, Molydenum",16.9,2013-12-10,1,16.9,WorthPoint
gallium,"17 X 1 GRAM BUFFALO METALS SET, THE FULL MONTY, Inc 2 X Silver, Indium, Niobium",27.9,2013-12-10,1,27.9,WorthPoint
gallium,"Iron Meteorite Sikhote-Alin, 113.40 G, Fell In 1947 In Russia",79.5,2013-11-26,113.4,0.7,WorthPoint
gallium,(x262-503) 21 G Campo Del Cieli Iron Meteorite 1576 Argentina Fragment Specimen,47.99,2013-11-22,21,2.29,WorthPoint
gallium,Gallium 50g Pure 99.99%,56.36,2013-11-20,50,1.13,WorthPoint
gallium,Gallium 20g Pure 99.99%,24.14,2013-11-16,20,1.21,WorthPoint
gallium,Spynet Infrared Night Vision Video Recording Stealth Goggles 50 Feet Realtech,49.99,2013-11-13,,,WorthPoint
gallium,IEEE SPECTRUM Superhet Gallium Arsenide MESFET ++ 3 1977,11.5,2013-11-12,,,WorthPoint
gallium,1944 US NAVY USN Man Overboard Signal Light Lamp Marion IN WWII MOB Delta Elect.,45.44,2013-11-09,,,WorthPoint
gallium,"Calvin ""Raz"" Sugita 31/32"" Marble Signed: ""RAZ"" ""Gallium"" Powders (ST162)",16.75,2013-11-08,,,WorthPoint
gallium,"Collection Of Rare Earths, Rare Metals And Elements",828,2013-10-25,,,WorthPoint
gallium,Azurite,6250,2013-10-20,,,WorthPoint
gallium,Ring Meteorite Muonionalusta / 39.4 Ct / Size 6 / UK L / N¬∞ 16.5 / U 52/ New,169.9,2013-10-13,7.88,21.56,WorthPoint
gallium,NP: 31pc Periodic Element Sample Collection,128.17,2013-09-28,,,WorthPoint
gallium,Spynet Night Vision Infrared Stealth Binoculars * Sealed * Brand New *!!!!,65,2013-09-27,,,WorthPoint
gallium,NP: 27pc Periodic Element Sample Collection,107.8,2013-09-19,,,WorthPoint
gallium,Vntage Crystal Radio Receiver And Crystal Detectors 1920's,109,2013-09-17,,,WorthPoint
gallium,Ring Meteorite Muonionalusta / 11.4 Ct / Size 9 / UK R - S / N¬∞ 16.5 / New,169.9,2013-09-07,2.28,74.52,WorthPoint
gallium,"25g INDIUM METAL, FISONS LABORATORY REAGENT, IN ORIGINAL BOTTLE",38.83,2013-09-04,25,1.55,WorthPoint
gallium,Ring Meteorite Muonionalusta / Size UK J / US 5 / N¬∞ 9.5 / U 49. 5 / New,216.41,2013-09-02,,,WorthPoint
gallium,10 Gram Pure 999.9 Liquid Metal Bullion Nugget ~ Rarer Than Gold Or Platinum,13.17,2013-08-30,10,1.32,WorthPoint
gallium,Indium Metal 99.99% Pure 10 Grams. Gallium Metal Also Available! Ships From USA!,16.99,2013-08-28,10,1.7,WorthPoint
gallium,10 Gram 999.9 Liquid Metal Bullion Nugget~ Melts At Body Temp & Rarer Than Gold,26.51,2013-08-26,10,2.65,WorthPoint
gallium,"Smithsonite Xls W Fluorescent Willemite--Kabwe (Broken Hill), Zambia--Old Label!",49,2013-08-25,,,WorthPoint
gallium,RARE Muonionalusta Iron Meteorite ETCHED SLICE WIDMANSTATTEN Star Jewelry Pendan,135.5,2013-08-25,,,WorthPoint
gallium,Ring Meteorite Muonionalusta / Size UK N / US 7 / N¬∞ 14.5 / U 54. 5 / New,155.78,2013-08-25,,,WorthPoint
gallium,"Yttrium Metall 68,5g 99,9% - Itrio Ittrio –ò—Ç—Ç—Ä–∏–π Element Metal „Ç§„ÉÉ„Éà„É™„Ç¶„É† Rare Earth",42,2013-08-21,5,8.4,WorthPoint
gallium,Elizabeth Blackwell Bedstraw Herbal 1750 Engraving,27,2013-08-13,,,WorthPoint
gallium,10 Gram 999.9 Liquid Metal Bullion Nugget ~ Rarer Than Gold Or Platinum ~ Scrap?,16.24,2013-08-13,10,1.62,WorthPoint
gallium,INDIUM Metal-HIGH PURITY METAL ELEMENT ~ 99.99% # 10,15.75,2013-08-08,,,WorthPoint
gallium,6.19 Gram 999.9 Pure Liquid Metal Bullion Nugget ~ Rarer Than Gold Or Platinum,5.06,2013-08-07,6.19,0.82,WorthPoint
gallium,10 Gram 999.9 Pure Liquid Metal Bullion Nugget ~ Rarer Than Gold Or Platinum,13.83,2013-08-06,10,1.38,WorthPoint
gallium,Indium,32.19,2013-08-06,,,WorthPoint
gallium,"Yttrium Metall 85,9g 99,9% - Itrio Ittrio –ò—Ç—Ç—Ä–∏–π Element Metal „Ç§„ÉÉ„Éà„É™„Ç¶„É† Rare Earth",42.46,2013-08-03,9,4.72,WorthPoint
gallium,Original 1737 Elizabeth Blackwell Botanical Antique Print - Gallium,30,2013-07-29,,,WorthPoint
gallium,22 X 1 Gram Buffalo Bulion Bars. Metal Collection. Low Price,15.86,2013-07-29,1,15.86,WorthPoint
gallium,Spy Net Night Vision Infrared Stealth Binoculars,15.5,2013-07-28,,,WorthPoint
gallium,4.90 Gram 999.9 Pure Liquid Metal Bullion Nugget ~ Rarer Than Gold Or Platinum,10.3,2013-07-27,4.9,2.1,WorthPoint
gallium,Element Series - Rare Earth Coins 22 Coin Collection,180,2013-07-22,,,WorthPoint
gallium,Meteorites 3 Pc Collection From Russia Argentina Morocco Fossils And Minerals,24.95,2013-07-18,,,WorthPoint
gallium,"5g INDIUM 1.6mm WIRE, VINTAGE JOHNSON MATTHEY IN ORIGINAL BOTTLE AND WOODEN CASE",12.7,2013-07-17,5,2.54,WorthPoint
gallium,(x262-320) 8 G Campo Del Cieli Iron Meteorite 1576 Octahedrite Fragment Specimen,20.99,2013-07-14,8,2.62,WorthPoint
gallium,3.89 Gram 999.9 Pure Liquid Metal Bullion Nugget ~ Rarer Than Gold Or Platinum,6.2,2013-07-13,3.89,1.59,WorthPoint
gallium,5.08 Gram 999.9 Pure Liquid Metal Bullion Nugget ~ Rarer Than Gold Or Platinum,6.35,2013-07-13,5.08,1.25,WorthPoint
gallium,5.50 Gram 999.9 Pure Liquid Metal Bullion Nugget ~ Rarer Than Gold Or Platinum,6.17,2013-07-13,5.5,1.12,WorthPoint
gallium,5.24 Gram 999.9 Pure Liquid Metal Bullion Nugget ~ Rarer Than Gold Or Platinum,6.35,2013-07-13,5.24,1.21,WorthPoint
gallium,4.81 Gram 999.9 Pure Liquid Metal Bullion Nugget ~ Rarer Than Gold Or Platinum,5.84,2013-07-13,4.81,1.21,WorthPoint
gallium,4.51 Gram 999.9 Pure Liquid Metal Bullion Nugget ~ Rarer Than Gold Or Platinum,5.22,2013-07-13,4.51,1.16,WorthPoint
gallium,4.13 Gram 999.9 Pure Liquid Metal Bullion Nugget ~ Rarer Than Gold Or Platinum,5.22,2013-07-13,4.13,1.26,WorthPoint
gallium,5.61 Gram 999.9 Pure Liquid Metal Bullion Nugget ~ Rarer Than Gold Or Platinum,6.35,2013-07-13,5.61,1.13,WorthPoint
gallium,5.90 Gram 999.9 Pure Liquid Metal Bullion Nugget ~ Rarer Than Gold Or Platinum,6.73,2013-07-13,5.9,1.14,WorthPoint
gallium,6.18 Gram 999.9 Pure Liquid Metal Bullion Nugget ~ Rarer Than Gold Or Platinum,15.87,2013-07-13,6.18,2.57,WorthPoint
gallium,5.30 Gram 999.9 Pure Liquid Metal Bullion Nugget ~ Rarer Than Gold Or Platinum,5.59,2013-07-13,5.3,1.05,WorthPoint
gallium,5.59 Gram 999.9 Pure Liquid Metal Bullion Nugget ~ Rarer Than Gold Or Platinum,15.87,2013-07-13,5.59,2.84,WorthPoint
gallium,4.77 Gram 999.9 Pure Liquid Metal Bullion Nugget ~ Rarer Than Gold Or Platinum,5.59,2013-07-13,4.77,1.17,WorthPoint
gallium,"Germanium Metal [Ge] Purity 99,9999% At Least 25g",63.48,2013-07-09,25,2.54,WorthPoint
gallium,"Niobium Metal Ingot [Nb99,9] Solid Target, At Least 50g",11.65,2013-07-09,50,0.23,WorthPoint
gallium,Muonionalusta Iron Meteorite ETCHED WIDMANSTATTEN Hi Grade EXTRA-THIN SLICE Rock,13,2013-07-07,,,WorthPoint
gallium,Bismuth Trilobite Fossil Casting Crystal Ooak Pendant Necklace Art #11,15.51,2013-07-06,,,WorthPoint
gallium,Stunning Bismuth Geode Crystal Ooak Pendant Necklace Healing Art#10,10.5,2013-07-06,,,WorthPoint
gallium,"14K Yellow Gold Antique Chinese Pendant (Hand Carved) W/14K 24"" Chain",1000,2013-07-05,,,WorthPoint
gallium,Brunton - Solaris Foldable Solar Array 26 Watt-F-SOLARIS26,400.95,2013-07-01,,,WorthPoint
gallium,"Ytterbium Metal 79,2g 99,9% Element Rare Earth Metall Itterbio Iterbio „Ç§„ÉÉ„ÉÜ„É´„Éì„Ç¶„É†",103,2013-07-01,2,51.5,WorthPoint
gallium,"Element Sample, 2 Gram 99.99% Pure Indium (In) Metal In Glass Ampule, Collection",12.75,2013-06-30,2,6.38,WorthPoint
gallium,Zirconium 102g Zirkonium Metall Barren Pure Metal Crystal Bar –¶–∏—Ä–∫–æ–Ω–∏–π Circonio,85,2013-06-29,102,0.83,WorthPoint
gallium,"Zirconium Hafnium Target [Zr97,7 Hf2,3] Round Ingots, At Least 850g √ò 100mm",25.85,2013-06-28,850,0.03,WorthPoint
gallium,"GADOLINIUM GALLIUM GARNET 1,970 Grams / 9,850 Cts Faceting Rough",200,2013-06-27,970,0.21,WorthPoint
gallium,"1 KG Antimony Metal [Sb] Purity 99,85% - Nuggets",22.86,2013-06-27,1000,0.02,WorthPoint
gallium,"Dysprosium Metal 5,2g Pure 99,9% Disprosio Element Metall –î–∏—Å–ø—Ä–æ–∑–∏–π „Ç∏„Çπ„Éó„É≠„Ç∑„Ç¶„É†",25,2013-06-15,2,12.5,WorthPoint
gallium,Bismuth Lab-Grown Metal & Element Very Different Great Colors**New Item**,21.99,2013-06-10,,,WorthPoint
gallium,"Yttrium Metall 89,4g 99,9% - Itrio Ittrio –ò—Ç—Ç—Ä–∏–π Element Metal „Ç§„ÉÉ„Éà„É™„Ç¶„É† Rare Earth",54,2013-06-02,4,13.5,WorthPoint
gallium,18K Victorian Gadolinium Gallium Garnet Ring,800,2013-05-14,,,WorthPoint
gallium,"Holmium Metal Element 95 G 99,9% Pure Rare Earth Metall –ì–æ–ª—å–º–∏–π Olmio Holmio",161,2013-05-09,95,1.69,WorthPoint
gallium,"Thulium Metal 38,5g 99,9% Pure Element Rare Earth Metall Tulio –¢—É–ª–∏–π „ÉÑ„É™„Ç¶„É†",220,2013-05-09,5,44,WorthPoint
gallium,"Yttrium Metal 120,5g 99,9% Pure Element Rare Earth Metall Itrio „Ç§„ÉÉ„Éà„É™„Ç¶„É† Ittrio",93,2013-05-09,5,18.6,WorthPoint
gallium,"Ytterbium Metal 167g 99,9% Element Rare Earth Metall Itterbio Iterbio „Ç§„ÉÉ„ÉÜ„É´„Éì„Ç¶„É†",220,2013-05-09,167,1.32,WorthPoint
gallium,"Yttrium Metal 90,4g 99,9% Pure Element Rare Earth Metall Itrio „Ç§„ÉÉ„Éà„É™„Ç¶„É† Ittrio",70,2013-05-08,4,17.5,WorthPoint
gallium,"Praseodymium 204g Metal Element 99,9% Praseodym Praseodimio Metall –ü—Ä–∞–∑–µ–æ–¥–∏–º–∏–π",150,2013-05-08,204,0.74,WorthPoint
gallium,"Dysprosium Metal 3,3g Pure 99,9% Disprosio Element Metall –î–∏—Å–ø—Ä–æ–∑–∏–π „Ç∏„Çπ„Éó„É≠„Ç∑„Ç¶„É†",15,2013-05-06,3,5,WorthPoint
gallium,Zirconium 43g Zirkonium Metall Barren Pure Metal Crystal Bar –¶–∏—Ä–∫–æ–Ω–∏–π Circonio,44,2013-04-23,43,1.02,WorthPoint
gallium,"Germanium Metal 99,999% 17,9g Pure Element Metall Germanio „Ç≤„É´„Éû„Éã„Ç¶„É† –ì–µ—Ä–º–∞–Ω–∏–π",89,2013-04-22,9,9.89,WorthPoint
gallium,"Lot Of 14 Electronics Magazines 1965-1967, For The Radio Industry & Off-shoots",12.99,2013-04-14,,,WorthPoint
gallium,"Ytterbium Metal 110g 99,9% Element Rare Earth Metall Itterbio Iterbio „Ç§„ÉÉ„ÉÜ„É´„Éì„Ç¶„É†",150,2013-04-08,110,1.36,WorthPoint
gallium,Blue And Purple Golds (0.54g Samples),85,2013-04-07,0.54,157.41,WorthPoint
gallium,"Ytterbium Metal 41,7g 99,9% Element Rare Earth Metall Itterbio Iterbio „Ç§„ÉÉ„ÉÜ„É´„Éì„Ç¶„É†",70,2013-04-06,7,10,WorthPoint
gallium,20 Grams Of LIQUID METAL In SEALED Soft Ampoules. Not Mercury Gallium,26.99,2013-04-05,20,1.35,WorthPoint
gallium,RARER METALS 1946 Metallurgy Mineralogy DeMENT/DAKE Free US Shipping SCIENCE,19.99,2013-03-31,,,WorthPoint
gallium,Ring Meteorite Muonionalusta / 22.0 Ct / Size 6 / UK L / New,219.9,2013-03-24,4.4,49.98,WorthPoint
gallium,"Holmium Metal Element 119,6 G 99,9% Pure Rare Earth Metall –ì–æ–ª—å–º–∏–π Olmio Holmio",199,2013-03-19,6,33.17,WorthPoint
gallium,"Dysprosium Metal 14,8g Pure 99,9% Disprosio Element Metall –î–∏—Å–ø—Ä–æ–∑–∏–π „Ç∏„Çπ„Éó„É≠„Ç∑„Ç¶„É†",41,2013-03-16,8,5.13,WorthPoint
gallium,Blue Golds (1.20g Sample),75,2013-03-15,1.2,62.5,WorthPoint
gallium,1949-50 Zippo MONSANTO Chemical Company PocketLighter!,64.99,2013-03-15,,,WorthPoint
gallium,"20 Grams Of LIQUID METAL From GALLIUM Corp. - 99,99% Pure New & SEALED Bottle",26.99,2013-03-14,20,1.35,WorthPoint
gallium,10 Gram Gallium Element Metal Bullion 99.99% Pure New Gold Silver FREE SHIPPING,21.5,2013-03-12,10,2.15,WorthPoint
gallium,"KRIESELITE - Gallium Bearing Germanate! - Type Locality - Tsumeb, Namibia",87.13,2013-03-12,,,WorthPoint
gallium,"Gadolinium Metal 65,2g 99,9% Pure Element Rare Earth Metall Gadolinio „Ç¨„Éâ„É™„Éã„Ç¶„É†",53,2013-03-05,2,26.5,WorthPoint
gallium,"Gadolinium Metal 111g 99,9% Pure Element Rare Earth Metall Gadolinio „Ç¨„Éâ„É™„Éã„Ç¶„É†",88,2013-03-05,111,0.79,WorthPoint
gallium,"Gadolinium Metal 49,3g 99,9% Pure Element Rare Earth Metall Gadolinio „Ç¨„Éâ„É™„Éã„Ç¶„É†",40,2013-03-05,3,13.33,WorthPoint
gallium,Blue And Purple Golds (1.03g Samples / Lot B),150,2013-03-04,1.03,145.63,WorthPoint
gallium,ATTRACTIVE CAMPO DEL CIELO METEORITES. 23 To 28 Grams Each. 5701.,18.16,2013-02-27,28,0.65,WorthPoint
gallium,Beautiful 740 Gm. Etched Muonionalusta Meteorite Pair,703.2,2013-02-26,740,0.95,WorthPoint
gallium,"Selenium Metal 365g - Pure 99,9% Bar Selen Metall Element Selenio –°–µ–ª–µ–Ω „Çª„É¨„É≥",228.99,2013-02-24,365,0.63,WorthPoint
gallium,1 Oz Silver Year Of The Rabbit Bullion Coin. .9999 Pure,61.02,2013-02-22,28.35,2.15,WorthPoint
gallium,"B.J.F. 60.0 + Grams Campo Del Cielo, Meteorite, Large",35.09,2013-02-22,,,WorthPoint
gallium,Blue And Purple Golds (0.57g Samples),88,2013-02-22,0.57,154.39,WorthPoint
gallium,Blue And Purple Golds (1.03g Samples / Lot A),150,2013-02-21,1.03,145.63,WorthPoint
gallium,"Dysprosium Metal 14,5g Pure 99,9% Disprosio Element Metall –î–∏—Å–ø—Ä–æ–∑–∏–π „Ç∏„Çπ„Éó„É≠„Ç∑„Ç¶„É†",41,2013-02-20,5,8.2,WorthPoint
gallium,"Terbium Metal Element 89,9g 99,9% Pure Rare Earth Metall „ÉÜ„É´„Éì„Ç¶„É† –¢–µ—Ä–±–∏–π Terbio",275,2013-02-18,9,30.56,WorthPoint
gallium,"Germanium Metal 99,999% 4,8g Pure Element Metall Germanio „Ç≤„É´„Éû„Éã„Ç¶„É† –ì–µ—Ä–º–∞–Ω–∏–π",25,2013-02-17,8,3.13,WorthPoint
gallium,"Gadolinium Metal 98,8g 99,9% Pure Element Rare Earth Metall Gadolinio „Ç¨„Éâ„É™„Éã„Ç¶„É†",79,2013-02-17,8,9.88,WorthPoint
gallium,"10 Lbs+ Campo Del Cielo Iron Meteorite 4,670 G, Found In 1500s In Argentina",395,2013-02-16,670,0.59,WorthPoint
gallium,ATTRACTIVE CAMPO DEL CIELO METEORITES. 18 To 22 Grams Each. 5752.,14.75,2013-02-16,22,0.67,WorthPoint
gallium,3.1g INDIUM Rare Metal Element Coin In Flip & Airtite-Only Coin Made .999 Pure,31.88,2013-02-15,3.1,10.28,WorthPoint
gallium,"B.J.F. 83.0 + Grams Campo Del Cielo, Meteorite, Large",39.43,2013-02-10,,,WorthPoint
gallium,"Gadolinium Metal 100g 99,9% Pure Element Rare Earth Metall Gadolinio „Ç¨„Éâ„É™„Éã„Ç¶„É†",80,2013-02-10,100,0.8,WorthPoint
gallium,"Gadolinium Metal 138g 99,9% Pure Element Rare Earth Metall Gadolinio „Ç¨„Éâ„É™„Éã„Ç¶„É†",110,2013-02-10,138,0.8,WorthPoint
gallium,"Thulium Metal 3,02g 99,95% Pure Element Rare Earth Tulio „ÉÑ„É™„Ç¶„É† –¢—É–ª–∏–π Metall",30,2013-02-10,2,15,WorthPoint
gallium,Ring Meteorite Muonionalusta / 15.0 Ct / Size 6 / UK L / New,199.9,2013-02-10,3,66.63,WorthPoint
gallium,"Ytterbium Metal 206g 99,9% Element Rare Earth Metall Itterbio Iterbio „Ç§„ÉÉ„ÉÜ„É´„Éì„Ç¶„É†",200,2013-02-08,206,0.97,WorthPoint
gallium,"486 Grams Indium Bar 99,995% Metal Element In + Certificate Of Analysis",439.68,2013-02-08,486,0.9,WorthPoint
gallium,"Samarium Element 245g Pure 99,9% Rare Earth Metal Dendritic Metall Samario Samar",110,2013-02-07,245,0.45,WorthPoint
gallium,"Samarium Element 313g Pure 99,9% Rare Earth Metal Dendritic Metall Samario Samar",145,2013-02-07,313,0.46,WorthPoint
gallium,"Lithium Metal Element 99,9% 90g - 105g Pure With CoA Litio Metall Argon Sealed",125.5,2013-02-06,90,1.39,WorthPoint
gallium,Sound Devices MixPre-D Two Channel Portable Production Mixer (NEW):,1030.95,2013-02-06,,,WorthPoint
gallium,"Yttrium Metal 84,3g 99,9% Pure Element Rare Earth Metall Itrio „Ç§„ÉÉ„Éà„É™„Ç¶„É† Ittrio",75,2013-02-06,3,25,WorthPoint
gallium,"Dysprosium Metal 21,2g Pure 99,9% Disprosio Element Metall –î–∏—Å–ø—Ä–æ–∑–∏–π „Ç∏„Çπ„Éó„É≠„Ç∑„Ç¶„É†",59,2013-02-04,2,29.5,WorthPoint
gallium,"Gadolinium Metal 38,2g 99,9% Pure Element Rare Earth Metall Gadolinio „Ç¨„Éâ„É™„Éã„Ç¶„É†",32,2013-02-04,2,16,WorthPoint
gallium,"Germanium Metal 99,999% 6,4g Pure Element Metall Germanio „Ç≤„É´„Éû„Éã„Ç¶„É† –ì–µ—Ä–º–∞–Ω–∏–π",33,2013-02-03,4,8.25,WorthPoint
gallium,"Gadolinium Metal 23,9g 99,9% Pure Element Rare Earth Metall Gadolinio „Ç¨„Éâ„É™„Éã„Ç¶„É†",20,2013-02-01,9,2.22,WorthPoint
gallium,"10 Grams Indium Metal Element 99,995 % + Certificate Of Analysis",12.99,2013-01-31,10,1.3,WorthPoint
gallium,"Gadolinium Metal 40,8g 99,9% Pure Element Rare Earth Metall Gadolinio „Ç¨„Éâ„É™„Éã„Ç¶„É†",33,2013-01-29,8,4.13,WorthPoint
gallium,"Germanium Metal 99,999% 17,4g Pure Element Metall Germanio „Ç≤„É´„Éû„Éã„Ç¶„É† –ì–µ—Ä–º–∞–Ω–∏–π",65,2013-01-28,4,16.25,WorthPoint
gallium,INDIUM Metal-HIGH PURITY METAL ELEMENT ~ 99.99% # 13,36.14,2013-01-25,,,WorthPoint
gallium,"Samarium Element 221g Pure 99,9% Rare Earth Metal Dendritic Metall Samario Samar",100,2013-01-25,221,0.45,WorthPoint
gallium,"Yttrium Metal 44,4g 99,9% Pure Element Rare Earth Metall Itrio „Ç§„ÉÉ„Éà„É™„Ç¶„É† Ittrio",43,2013-01-25,4,10.75,WorthPoint
gallium,"Gadolinium Metal 73,4g 99,9% Pure Element Rare Earth Metall Gadolinio „Ç¨„Éâ„É™„Éã„Ç¶„É†",60,2013-01-24,4,15,WorthPoint
gallium,"B.J.F. 65.0 + Grams Campo Del Cielo, Meteorite, Large",36.48,2013-01-22,,,WorthPoint
gallium,"B.J.F. 75.0 + Grams Campo Del Cielo, Meteorite, Large",35.69,2013-01-22,,,WorthPoint
gallium,"Neodymium Metal Element 99,5% 161 Grams Neodym Metall Rare Earth Neodimio",88,2013-01-21,161,0.55,WorthPoint
gallium,HUGE SET Of 59 Different Periodic Table Element Samples--displayed In Album,599,2013-01-20,,,WorthPoint
gallium,"Neodymium Metal Element 99,5% 192 Grams Neodym Metall Rare Earth Nd",110,2013-01-19,192,0.57,WorthPoint
gallium,Ring Meteorite Muonionalusta / 22.4 Ct / Size 6 / UK L / New,189.9,2013-01-19,4.48,42.39,WorthPoint
gallium,"Gadolinium Metal 81,6g 99,9% Pure Element Rare Earth Metall Gadolinio „Ç¨„Éâ„É™„Éã„Ç¶„É†",65,2013-01-19,6,10.83,WorthPoint
gallium,"Dysprosium Metal 19,7g Pure 99,9% Disprosio Element Metall –î–∏—Å–ø—Ä–æ–∑–∏–π „Ç∏„Çπ„Éó„É≠„Ç∑„Ç¶„É†",55,2013-01-18,7,7.86,WorthPoint
gallium,"Yttrium Metal 40g 99,9% Pure Element Rare Earth Metall Itrio „Ç§„ÉÉ„Éà„É™„Ç¶„É† Ittrio",43,2013-01-18,40,1.08,WorthPoint
gallium,"Samarium Element 211g Pure 99,9% Rare Earth Metal Dendritic Metall Samario Samar",97,2013-01-18,211,0.46,WorthPoint
gallium,"Samarium Element 38g Pure 99,9% Rare Earth Metal Dendritic Metall Samario Samar",28,2013-01-18,38,0.74,WorthPoint
gallium,"Samarium Element 59g Pure 99,9% Rare Earth Metal Dendritic Metall Samario Samar",47,2013-01-18,59,0.8,WorthPoint
gallium,"Samarium Element 235g Pure 99,9% Rare Earth Metal Dendritic Metall Samario Samar",108,2013-01-18,235,0.46,WorthPoint
gallium,"Gadolinium Metal 20,5g 99,9% Pure Element Rare Earth Metall Gadolinio „Ç¨„Éâ„É™„Éã„Ç¶„É†",22,2013-01-16,5,4.4,WorthPoint
gallium,"Germanium Metal 99,999% 2,0g Pure Element Metall Germanio „Ç≤„É´„Éû„Éã„Ç¶„É† –ì–µ—Ä–º–∞–Ω–∏–π",15,2013-01-14,,,WorthPoint
gallium,Working Konica FT-1 SLR Film Camera With Hexanon AR 50mm F 1.8 Lens,29.99,2013-01-13,,,WorthPoint
gallium,"B.J.F. 59.0 + Grams Campo Del Cielo, Meteorite, Large",28.54,2013-01-13,,,WorthPoint
gallium,"B.J.F. 57.0 + Grams Campo Del Cielo, Meteorite, Large",27.57,2013-01-13,,,WorthPoint
gallium,Ring Meteorite Muonionalusta / 24.2 Ct / Size 8 / UK P / New,189.9,2013-01-12,4.84,39.24,WorthPoint
gallium,"Gadolinium Metal 31,1g 99,9% Pure Element Rare Earth Metall Gadolinio „Ç¨„Éâ„É™„Éã„Ç¶„É†",30,2013-01-09,1,30,WorthPoint
gallium,"Dysprosium Metal 12,3g Pure 99,9% Disprosio Element Metall –î–∏—Å–ø—Ä–æ–∑–∏–π „Ç∏„Çπ„Éó„É≠„Ç∑„Ç¶„É†",36,2013-01-09,3,12,WorthPoint
gallium,"Gadolinium Metal 40,3g 99,9% Pure Element Rare Earth Metall Gadolinio „Ç¨„Éâ„É™„Éã„Ç¶„É†",37,2013-01-07,3,12.33,WorthPoint
gallium,"Samarium Element 53g Pure 99,9% Rare Earth Metal Dendritic Metall Samario Samar",43,2013-01-07,53,0.81,WorthPoint
gallium,"Yttrium Metal 41,8g 99,9% Pure Element Rare Earth Metall Itrio „Ç§„ÉÉ„Éà„É™„Ç¶„É† Ittrio",48,2013-01-07,8,6,WorthPoint
gallium,"Neodymium Metal Element 99,5% 168 Grams Neodym Metall Rare Earth Nd",100,2013-01-07,168,0.6,WorthPoint
gallium,Gallium Metal Ingot: 30 Grams - 99.99% Pure - Chemical Element Sample,67.99,2013-01-06,30,2.27,WorthPoint
gallium,10 Grams .999 Pure Gallium,32,2013-01-06,10,3.2,WorthPoint
gallium,"Gadolinium Metal 28,6g 99,9% Pure Element Rare Earth Metall Gadolinio „Ç¨„Éâ„É™„Éã„Ç¶„É†",24,2013-01-06,6,4,WorthPoint
gallium,"Gadolinium Metal 43,1g 99,9% Pure Element Rare Earth Metall Gadolinio „Ç¨„Éâ„É™„Éã„Ç¶„É†",40,2013-01-05,1,40,WorthPoint
gallium,"Samarium Element 33g Pure 99,9% Rare Earth Metal Dendritic Metall Samario Samar",27,2013-01-05,33,0.82,WorthPoint
gallium,"Yttrium Metal 75 G 99,9% Pure Element Rare Earth Metall Itrio „Ç§„ÉÉ„Éà„É™„Ç¶„É† Ittrio",70,2013-01-05,75,0.93,WorthPoint
gallium,"Samarium Element 163g Pure 99,9% Rare Earth Metal Dendritic Metall Samario Samar",80,2013-01-04,163,0.49,WorthPoint
gallium,"Samarium Element 203g Pure 99,9% Rare Earth Metal Dendritic Metall Samario Samar",100,2013-01-04,203,0.49,WorthPoint
gallium,Konica Fs-1 Camera-konica Hexanon 40 F 1.8 Lens+konica Hexanon Ar 135mm 3.2 Lens,49.95,2013-01-03,,,WorthPoint
gallium,North Wales D&H #1D 1793 Halfpenny Conder Token Halfpenny High Uncirculated R&B,39.88,2012-12-31,,,WorthPoint
gallium,INDIUM Metal-HIGH PURITY METAL ELEMENT ~ 99.99% # 12,27.46,2012-12-29,,,WorthPoint
gallium,"Yttrium Metal 70,9g 99,9% Pure Element Rare Earth Metall Itrio „Ç§„ÉÉ„Éà„É™„Ç¶„É† Ittrio",68,2012-12-29,9,7.56,WorthPoint
gallium,Beautiful 500 Gm. Etched Muonionalusta Meteorite Pair,500,2012-12-28,500,1,WorthPoint
gallium,BIG Iron Meteorite - Muonionalusta Museum Piece - 42000 Kilograms!!,9900,2012-12-27,,,WorthPoint
gallium,"Gadolinium Metal 25,9g 99,9% Pure Element Rare Earth Metall Gadolinio „Ç¨„Éâ„É™„Éã„Ç¶„É†",28.9,2012-12-27,9,3.21,WorthPoint
gallium,Ring Meteorite Muonionalusta / 17.0 Ct / Size UK R / US 9 / New,202.1,2012-12-23,3.4,59.44,WorthPoint
gallium,"Yttrium Metal 25,5g 99,9% Pure Element Rare Earth Metall Itrio „Ç§„ÉÉ„Éà„É™„Ç¶„É† Ittrio",35,2012-12-23,5,7,WorthPoint
gallium,Original Poster Spain Mendeleev Periodic Table Forum Atomico Russia Chemistry,14.9,2012-12-20,,,WorthPoint
gallium,Image Intensifier For PVS 7 Series Night Vision,650,2012-12-19,,,WorthPoint
gallium,"10 Grams Of Gallium Element Metal Purity 99,99%",19.99,2012-12-17,10,2,WorthPoint
gallium,Pulsar Mens Dress Emerald Green Led Stainless Steel Complete With Box And Papers,2006.94,2012-12-17,,,WorthPoint
gallium,"B.J.F. 78.0 + Grams Campo Del Cielo, Meteorite, Large",37.72,2012-12-17,,,WorthPoint
gallium,1744 Rubel Czarina Elizabeth Off-Metal Error Geman Silver With Inscribed Edge,10.49,2012-12-16,,,WorthPoint
gallium,Ring Meteorite Muonionalusta / 29.4 Ct / Size 7 / UK N / New,209.9,2012-12-15,5.88,35.7,WorthPoint
gallium,"MY COUSIN,MY GASTROENTEROLOGIST Mark Leyner 1st Edition MODERN CULT CLASSIC",10,2012-12-09,,,WorthPoint
gallium,"1 OZ Apmex Silver Bar, Damaged",35,2012-12-08,28.35,1.23,WorthPoint
gallium,Nordica Axanna Women's Downhill Skis New! W/ Marker N Sport X CT Bindings,274.99,2012-12-07,,,WorthPoint
gallium,‚û° Spy Net Night Vision W / Eye Clops Infrared Stealth Binoculars BNIB,57.99,2012-12-07,,,WorthPoint
gallium,Nordica Patron 185cm With Marker Griffon Demo Bindings. USED.,430,2012-12-06,,,WorthPoint
gallium,Beautiful 310 Gm. Etched Muonionalusta Meteorite Pair,359.2,2012-12-06,310,1.16,WorthPoint
gallium,NEW!! 2012 NORDICA SOUL RIDER 185cm,389.99,2012-12-06,,,WorthPoint
gallium,"B.J.F. 53.0 + Grams Campo Del Cielo, Meteorite, Large",24.14,2012-12-05,,,WorthPoint
gallium,"Nordica Hot Rod Modified, Men's Ski Pair, 162 Cm",120,2012-12-04,,,WorthPoint
gallium,2012 Nordica Dobermann SLR 165cm Power Race Skis With Race Plate,479.99,2012-12-04,,,WorthPoint
gallium,"Muonionalusta Iron Meteorite - Original As Stroked In Earth, 16500 Gram.",2126.57,2012-12-02,16500,0.13,WorthPoint
gallium,"B.J.F. 132.0 + Grams Campo Del Cielo, Meteorite, Large",63.47,2012-12-02,,,WorthPoint
gallium,"B.J.F. 66.0 + Grams Campo Del Cielo, Meteorite, Large",31.73,2012-12-01,,,WorthPoint
gallium,2013 Nordica Steadfast All Mountain Skis With Early Rise Size 170cm,649,2012-11-29,,,WorthPoint
gallium,2012 Nordica Enforcer Ski Brand New On Sale Now!,439.99,2012-11-26,,,WorthPoint
gallium,1635 Regal Swedish 1/4 Ore (Christina: 1632-1654) KM 152.2 Off-Center Error,13.39,2012-11-25,,,WorthPoint
gallium,2012 Nordica Phenom XBI CT 154cm Skis W/ Nordica XBI EXP 311 TC Bindings,399.99,2012-11-24,,,WorthPoint
gallium,1645 Off-Metal German Silver Alloy German States Error Coin Ex. W. Christensen,71.03,2012-11-18,,,WorthPoint
gallium,NEW!!! 2012 NORDICA ENFORCER TI 185cm With FISCHER XTR 13 ADJUSTABLE BINDINGS,448,2012-11-18,,,WorthPoint
gallium,Monster 1930 Gm. Etched Muonionalusta Meteorite Pair,1839.2,2012-11-17,1930,0.95,WorthPoint
gallium,Nordica SUV 10X 150 Cm Skis With Marker N 0311 Bindings -A- Retail: $499.99,89.99,2012-11-16,,,WorthPoint
gallium,50g Indium Metal 99.9999% Pure Soft Metal Element!,118.39,2012-11-14,50,2.37,WorthPoint
gallium,NEW!! 2012 NORDICA SOUL RIDER 177cm,389.99,2012-11-10,,,WorthPoint
gallium,Nordica Unleash Hell I-Core Skis 2012 185cm,250,2012-11-09,,,WorthPoint
gallium,Workshop Receipts - Third Series - 1904 -f. & F.n. Spon,31.96,2012-11-08,,,WorthPoint
gallium,Nordica Supercharger Enforcer Skis 169cm With Marker 12.0 Titanium Ski Bindings~,78.77,2012-11-08,,,WorthPoint
gallium,NEW!!! 2012 NORDICA FIRE ARROW 80 PRO TI XBI CT 180cm,679.99,2012-11-07,,,WorthPoint
gallium,2012 Nordica Phenom XBI CT 162cm Skis W/ Nordica XBI EXP 311 TC Bindings,399.99,2012-11-06,,,WorthPoint
gallium,2013 Nordica Firearrow 80 Pro Frontside Carvning All Mountain Skis Size 172cm,999,2012-11-06,,,WorthPoint
gallium,LED KIT #5 Over 200 Pcs. 20 MA 1.8-2.2 Volts,12.99,2012-11-06,,,WorthPoint
gallium,"B.J.F. 62.0 + Grams Campo Del Cielo, Meteorite, Large",29.83,2012-11-03,,,WorthPoint
gallium,2012 Nordica Hot Rod Blaze 74 152cm Skis W/ Nordica N XCT Sport 2.510 Bindings,289.99,2012-11-02,,,WorthPoint
gallium,Spy Net Night Vision Infrared Stealth Binoculars - Brand New - FREE SHIPPING,59.95,2012-10-29,,,WorthPoint
gallium,"B.J.F. 55.0 + Grams Campo Del Cielo, Meteorite, Large",29.63,2012-10-18,,,WorthPoint
gallium,"B.J.F. 50.0 + Grams Campo Del Cielo, Meteorite, Large",24.11,2012-10-13,,,WorthPoint
gallium,2012 Nordica Hot Rod Tempest Men's Skis W/ XBI CT Bindings - 170 Cm,495,2012-10-11,,,WorthPoint
gallium,"B.J.F. 89.0 + Grams Campo Del Cielo, Meteorite, Large",43.4,2012-09-26,,,WorthPoint
gallium,3 Pc Meteorite Collection From Russia Argentina And Morocco Fossils And Minerals,29.95,2012-09-13,,,WorthPoint
gallium,2011/2012 Nordica Dead Money Size: 156 Or 163,249,2012-09-05,,,WorthPoint
gallium,MX10130C Gen 3,56,2012-08-31,,,WorthPoint
gallium,Sound Devices MixPre Compact Field Mixer,475,2012-08-28,,,WorthPoint
gallium,NEW 2012 Men's Nordica Fire Arrow 74 Skis W/ N EXP 2S XBi CT Bindings (164cm),474.52,2012-08-16,,,WorthPoint
gallium,Trogotronic Model 655 W/ CV Tabletop Synth / Effect - Noise Pedal - Analog,112,2012-08-05,,,WorthPoint
gallium,OMNI III 3rd Generation Image Tube (ITT),100,2012-08-04,,,WorthPoint
gallium,"B.J.F. 54.0 + Grams Campo Del Cielo, Meteorite, Large",23.38,2012-08-04,,,WorthPoint
gallium,"GREENOCKITE -Small Cabinet Cadmium Sulfide- San Juan Mine, Cochise Co., ARIZONA",14.5,2012-07-31,,,WorthPoint
gallium,Ge Mri Test Signa Scanner Body Wide Band Rf Preamp Preamplifier,141.55,2012-07-23,,,WorthPoint
gallium,"Element Periodic Collection--Educational! Gold, Platinum, Silver--25 In All",136.5,2012-07-22,,,WorthPoint
gallium,"B.J.F. 58.0 + Grams Campo Del Cielo, Meteorite, Large",27.18,2012-07-17,,,WorthPoint
gallium,"B.J.F. 52.0 + Grams Campo Del Cielo, Meteorite, Large",23.3,2012-07-16,,,WorthPoint
gallium,Nib Spynet Infrared Night Vision Binoculars,39.99,2012-07-12,,,WorthPoint
gallium,2012 Nordica Nemesis Womens Ski Size 161cm,449.5,2012-06-21,,,WorthPoint
gallium,Monster 1720 Gm. Etched Muonionalusta Meteorite Pair,1599.2,2012-06-19,1720,0.93,WorthPoint
gallium,Asahi Pentax MX Camera And Extras,40.08,2012-06-10,,,WorthPoint
gallium,Periodic Table Of ELEMENTS Sample Ga #31,15,2012-04-20,,,WorthPoint
gallium,2012 Nordica Soul Rider Men's Skis - 177 Cm,369,2012-04-18,,,WorthPoint
gallium,Periodic Table Of ELEMENTS Sample (Ga),31,2012-04-13,,,WorthPoint
gallium,"Just A Fragment Of Your Imagination, This Iron Meteorite Will Test Your ""Metal!",35,2012-04-08,,,WorthPoint
gallium,Nordica Enforcer 177cm BRAND NEW!,381,2012-04-08,,,WorthPoint
gallium,2012 Nordica Enforcer 177,350,2012-04-05,,,WorthPoint
gallium,New 2012 Nordica Fire Arrow 74 W/Bindings 172cm,519.99,2012-04-03,,,WorthPoint
gallium,Arbor Snowboard A-Frame 70,261.42,2012-04-03,,,WorthPoint
gallium,Arbor Snowboard A-Frame 58 PACKAGE,300,2012-04-02,,,WorthPoint
gallium,Spy Net Night Vision Infrared Stealth Binoculars - New In Box - FREE SHIPPING!,54.99,2012-03-19,,,WorthPoint
gallium,AEROGEL 220cc Cubic HUGE Sample Solid Frozen Smoke!,621.57,2012-03-14,,,WorthPoint
gallium,100g Lanthanum Metal Big Pieces Vac Packed 99.99% Pure!,109.37,2012-03-14,100,1.09,WorthPoint
gallium,NEW Salomon Women's Ivy All-Mountain Freestyle Snowboard 149 Cm Without Bindings,249.99,2012-02-19,,,WorthPoint
gallium,New 2012 Salomon OH YEAH Women's Snowboard 143cm -Burton GNU Lib Tech Roxy,244.3,2012-02-16,,,WorthPoint
gallium,NEW Nordica Mint Downhill 168cm DH Ski W/XB Binding,106,2012-02-15,,,WorthPoint
gallium,'50s Dekatron Tube Amp Radio CK722 Analog Computer Ckts NIXIE Clock Tunnel Diode,40.99,2012-02-14,,,WorthPoint
gallium,Salomon David Benedek All-Mountain Twin Tip Men's Snowboard 155.5 Cm,94.99,2012-02-14,,,WorthPoint
gallium,Used 2009 Salomon Women's Ivy All-Mountain Snowboard 156cm Without Bindings,124.99,2012-02-13,,,WorthPoint
gallium,Salomon Official Mens Snowboard 155 New,249.99,2012-02-12,,,WorthPoint
gallium,Nordica Jah Love FAT Powder Ski Skis Size 185 BRAND NEW!!!,275,2012-02-06,,,WorthPoint
gallium,2012 Nordica Enforcer 177cm,385,2012-02-04,,,WorthPoint
gallium,2012 Nordica Firearrow Pro 80,350,2012-02-04,,,WorthPoint
gallium,3g Rhenium Metal 99.99% Pure Aerospace Element!,94.36,2012-02-02,3,31.45,WorthPoint
gallium,Used Salomon IVY Freestyle All-Mounatin Twin Tip Snowboard Women's 149cm,149.99,2012-02-01,,,WorthPoint
gallium,20g Ytterbium Metal Ingot 99.99% Collectors Item!,76.45,2012-01-10,20,3.82,WorthPoint
gallium,2012 Nordica Hot Rod Flare 160cm Skis W/ Nordica Sport Binding,329.99,2012-01-04,,,WorthPoint
gallium,BROMINE Pure Element Sample,20,2012-01-04,,,WorthPoint
gallium,USED Salomon Fastback All-Mountain Twin-Tip Snowboard 160 Cm Black/Red Graphics,94.99,2012-01-04,,,WorthPoint
gallium,Arbor A Frame 162 Cm Great Shape! Ride LX Bindings Ready For More Turns! Wow,330,2012-01-03,,,WorthPoint
gallium,4g Rhenium Metal 99.99% Pure Aerospace Element!,108.01,2012-01-03,4,27,WorthPoint
gallium,"Element Collection--Super Holiday Gift! Gold, Platinum, Silver, More-",129,2012-01-01,,,WorthPoint
gallium,Selenium Metal 80grams 99.99% Pure Crystalline Pieces,76.93,2011-12-31,80,0.96,WorthPoint
gallium,Boron 70g Cylinder HUGE BLACK Element Rod 99.9% Pure,303.05,2011-12-31,70,4.33,WorthPoint
gallium,Boron 130g Cylinder HUGE BLACK Element Rod 99.9% Pure,458.46,2011-12-31,130,3.53,WorthPoint
gallium,1876-07-01sup-EXPRESS PASSENGER-TRAIN ENGINE,19.95,2011-12-20,,,WorthPoint
gallium,Bismuth Rare Lab Grown In NORTH CAROLINA Geometric Hopper XLS Rainbow Iridescent,24.99,2011-12-18,,,WorthPoint
gallium,5g Osmium Metal INGOT 99.99% PURE! DENSEST Element!,178.56,2011-12-17,5,35.71,WorthPoint
gallium,Used Salomon E.R.A. All-Mountain Freeride Isocell Snowboard Men's 153cm Board,89.99,2011-12-13,,,WorthPoint
gallium,ARBOR ELEMENT 158cm W/UNION FORCE L/XL Bindings,425,2011-12-13,,,WorthPoint
gallium,Arbor Element ALT 161 Snowboard,355,2011-12-12,,,WorthPoint
gallium,Arbor Element 50 150 Cm Snowboard Koa Wood Natural Sintered P-Tex All Mountain !,227.5,2011-12-12,,,WorthPoint
gallium,Shure FP24 Portable 2 Channel Field Microphone Mixer,405,2011-12-11,,,WorthPoint
gallium,2011 148cm Salmon Salomonder Park Snowboard RIOT GRIP,54,2011-12-10,,,WorthPoint
gallium,30mm Platinum Metal Wire 99.99% Ultrapure! 0.5mm Dia,46.34,2011-12-06,,,WorthPoint
gallium,Thulium Metal 10g 99.99% Purity! Vanishingly Rare!,93.31,2011-12-02,10,9.33,WorthPoint
gallium,240 Grams Gallium Metal 99% Pure,325,2011-12-01,240,1.35,WorthPoint
gallium,Konica FC 1 Black Body 35mm SLR Camera W/1.7 Hexanon Lens,26.06,2011-11-09,,,WorthPoint
gallium,2011 NORDICA DOBERMANN SLR 155cm RACE SKIS C/W MARKER COMP 16 BINDINGS,383,2011-11-08,,,WorthPoint
gallium,10g Gallium Metal 6N 99.9999% ULTRAPURE Original,27.25,2011-11-08,10,2.73,WorthPoint
gallium,AEROGEL 20cc Cubic Sample Solid Frozen Smoke!,143.43,2011-11-06,,,WorthPoint
gallium,20g Osmium Metal INGOT 99.99% PURE! DENSEST Element!,713.16,2011-11-06,20,35.66,WorthPoint
gallium,"Gallium Metal 99,9999% - 50g Pure",96.16,2011-11-06,50,1.92,WorthPoint
gallium,1774 Genevieve Regnault Botanical Engraving Grosegrasse,26,2011-11-03,1774,0.01,WorthPoint
gallium,B.J.F. Super Large Bismuth Crystal 185 Grams Made By B.J.F In The UK,40.57,2011-11-03,185,0.22,WorthPoint
gallium,Used Salomon David Benedek All-Mountain 155.5 Cm Twin Tip Snowboard,149.99,2011-10-27,,,WorthPoint
gallium,1 Kg Tantalum Metal 99.99% Pure Blue Museum Cylinder!,1037.32,2011-10-26,1000,1.04,WorthPoint
gallium,Ride Kashmir 2006 Women's Snowboard 152cm In Excellent Condition!,51,2011-10-21,,,WorthPoint
gallium,5 Gram Bar Bullion Buffalo Indium .999 Fine Pure,14.75,2011-10-20,5,2.95,WorthPoint
gallium,"SALOMON & BURTON Snowboard Package (Salomon Board, Burton Bindings)",179.5,2011-10-20,,,WorthPoint
gallium,INDIUM Metal-HIGH PURITY METAL ELEMENT ~ 99.99% #1,41.79,2011-10-20,,,WorthPoint
gallium,INDIUM Metal-HIGH PURITY METAL ELEMENT ~ 99.99% #4,31.35,2011-10-20,,,WorthPoint
gallium,50mm Platinum Metal Wire 99.99% Ultrapure! 0.5mm Dia,62.13,2011-10-14,,,WorthPoint
gallium,200g Molybdenum Metal 99.99% Pure Large Cylinders!,77.86,2011-10-14,200,0.39,WorthPoint
gallium,Palladium Metal Wire 110mm Long 99.99% PURE 0.8mm Dia,77.86,2011-10-14,,,WorthPoint
gallium,100g Gallium Metal 6N-99.9999% ULTRAPURE!!!,235.15,2011-10-14,100,2.35,WorthPoint
gallium,1kg Cobalt Metal 99.99% Pure Museum Grade!,455.35,2011-10-14,1000,0.46,WorthPoint
gallium,1kg Molybdenum Metal 99.99% Pure Large Cylinders!,306.72,2011-10-14,1000,0.31,WorthPoint
gallium,Hafnium Metal Element 20grams 99.99%Pure ExZr,77.86,2011-10-14,20,3.89,WorthPoint
gallium,INDIUM Metal-HIGH PURITY METAL ELEMENT ~ 99.99% #2,38.09,2011-10-13,,,WorthPoint
gallium,"Gallium Metal Pure 5 Gram , Gall",15.62,2011-10-10,5,3.12,WorthPoint
gallium,B.J.F. Super Large Bismuth Crystal 125 Grams Made By B.J.F In The UK,20.9,2011-10-07,125,0.17,WorthPoint
gallium,INDIUM Metal ~ HIGH PURITY METAL ELEMENT ~ 99.99% #2,26.45,2011-10-06,,,WorthPoint
gallium,B.J.F. Super Large Bismuth Crystal 101 Grams Made By B.J.F In The UK,22.4,2011-10-06,101,0.22,WorthPoint
gallium,B.J.F. Super Large Bismuth Crystal 90 Grams Made By B.J.F In The UK,20.88,2011-10-05,90,0.23,WorthPoint
gallium,25g Gallium Metal 6N-99.9999% ULTRAPURE!!!,74.48,2011-09-30,25,2.98,WorthPoint
gallium,Boxed Collection Of Butterflies & Moths-very Old Collection,82.9,2011-09-20,,,WorthPoint
gallium,50mm Gold Wire 24ct! 99.99% Pure Element!,46.43,2011-09-15,4.8,9.67,WorthPoint
gallium,NEW Salomon Special Freestyle All-Mounatin Twin Tip ERA Tech Men Snowboard 159cm,149.99,2011-09-14,,,WorthPoint
gallium,Salomon Fastback All-Mountain Twin Tip Snowboard 163cm,129.99,2011-09-13,,,WorthPoint
gallium,Skis-Nordica Enforcer 2009 185-Free Ship,399,2011-09-13,,,WorthPoint
gallium,Sphalerite ~ Firery Orange / Red ~ Crystal ! Brazil ~ 5,11.13,2011-09-11,,,WorthPoint
gallium,Gallium Metal Pure 5gram,15,2011-09-08,5,3,WorthPoint
gallium,Scandium Metal Element 14x13mm Slabs99.9999% Ultrapure!,47.21,2011-09-07,,,WorthPoint
gallium,Frantone Hi-Ball Overdrive Pedal - Boxed -,323.1,2011-09-02,,,WorthPoint
gallium,Tellurium Metal 63g Piece 99.9999% Pure Crystal!,210.13,2011-08-28,63,3.34,WorthPoint
gallium,5 Gram Bar Bullion Buffalo Indium .999 Fine And Holder,15.59,2011-08-20,5,3.12,WorthPoint
gallium,Gilbert Hernandez,3346,2011-08-19,,,WorthPoint
gallium,50g Gallium Metal. ULTRAPURE. 99.9999%,99.39,2011-08-18,50,1.99,WorthPoint
gallium,Palladium Metal Wire 35mm Long 99.99% PURE 0.8mm Dia,48.01,2011-08-15,,,WorthPoint
gallium,AEROGEL 25cc Cubic Sample Solid Frozen Smoke!,161.94,2011-08-15,,,WorthPoint
gallium,100g Praseodymium Big Pieces Vac Packed 99.99% Pure!,129.39,2011-08-15,100,1.29,WorthPoint
gallium,2011 Argon 18 Gallium Pro Frameset Fork Seatpost Carbon,1895,2011-08-11,18,105.28,WorthPoint
gallium,Modern Art All Aboard The Mind Train Pre Sun Dial Cd+2x,16.95,2011-07-24,,,WorthPoint
gallium,Arbor Element 67 Wide Snowboard 2004,224.99,2011-07-23,,,WorthPoint
gallium,Itt (night Enforcer G3/160) Night Vision Monocular/#cej,625,2011-07-18,,,WorthPoint
gallium,50 Grams Of Gallium Metal 99.998% Purity,115,2011-07-18,50,2.3,WorthPoint
gallium,Brunton Explorer - Foldable Solar Powered Charger,47.76,2011-07-16,,,WorthPoint
gallium,Argon18 Gallium Framset Medium 2010,999,2011-07-16,18,55.5,WorthPoint
gallium,10 Grams Of Gallium Metal 99.998% Purity,29.5,2011-07-14,10,2.95,WorthPoint
gallium,1950s NIXIE Dekatron Tube Radio CK722 Unijunction Ckts,48,2011-07-10,,,WorthPoint
gallium,"Wheels Mfg. Derailleur Hanger - 96, New",17.43,2011-07-07,,,WorthPoint
gallium,24.8 Grams Of Gallium Metal 99.998% Pure & FREE SILVER,59.99,2011-07-04,24.8,2.42,WorthPoint
gallium,NEW 2010 ARGON 18 Gallium Frame-RED-SMALL,999,2011-07-01,18,55.5,WorthPoint
gallium,25 Grams Of Gallium Metal 99.998% Pure & FREE SILVER,59.99,2011-06-25,25,2.4,WorthPoint
gallium,Argon 18 Gallium Carbon Fork,46,2011-06-22,18,2.56,WorthPoint
gallium,"Nordica Hot Rod Helldiver 178cm, With Bindings",150,2011-06-21,,,WorthPoint
gallium,50s Dekatron Tube Op Amp CK722 Radio Tunnel Diode Ckts,38,2011-06-15,,,WorthPoint
gallium,Praktica BC1 Electronic 35mm SLR W/Case 2 Lens + Flash,35,2011-06-10,,,WorthPoint
gallium,Beautiful Blue Celestine Xls On Fluorescent Calcite!!,45,2011-06-10,,,WorthPoint
gallium,1mW Laser/lazer Pointer Blue Pen Torch Cat/dog Toy New,82.26,2011-06-08,,,WorthPoint
gallium,Metallium Element Coin Collection #3 (6 Elements),90,2011-05-29,,,WorthPoint
gallium,50g Gallium Metal 6N-99.9999% ULTRAPURE!!!,129.97,2011-05-27,50,2.6,WorthPoint
gallium,LIQUID METAL Alloy Mp 51¬∞F/10¬∞C Liquid@Room Temp + 8gm,24,2011-05-27,8,3,WorthPoint
gallium,25 Grams Of Amazing Gallium Metal Element - 99.99% Pure,63.43,2011-05-26,25,2.54,WorthPoint
gallium,10 Grams Of Amazing Gallium Metal Element - 99.99% Pure,30.1,2011-05-26,10,3.01,WorthPoint
gallium,Ettinghausen 1855 Physiotypia FOLIO. Gallium. 288,35.33,2011-05-23,,,WorthPoint
gallium,Nordica HA Pro HellDiver CA Skis & Bindings 170 Cm DEMO,399.99,2011-05-23,,,WorthPoint
gallium,50s NIXIE Dekatron Eye Tube Amp CK722 Tunnel Diode Ckts,62,2011-05-10,,,WorthPoint
gallium,FOWNES MANUAL OF CHEMISTRY 1878 - (Antique Science),50,2011-05-05,,,WorthPoint
gallium,"Genuine NANTAN Iron Meteorite, 38+grams, Spec# P111087",15,2011-04-29,,,WorthPoint
gallium,1 Troy Ounce Silver Rabbit .9999 Pure Silver Bullion,69.34,2011-04-25,,,WorthPoint
gallium,Canyon Diablo Iron Nickel Meteorite 1.0 Lbs,109.5,2011-04-24,,,WorthPoint
gallium,50 Grams Of Amazing Gallium Metal Element - 99.99% Pure,110.14,2011-04-19,50,2.2,WorthPoint
gallium,GALLIUM-INDIUM-TIN Low Melting Eutectic Alloy - 10g,49.88,2011-04-19,10,4.99,WorthPoint
gallium,100 Grams Gallium Metal 99.99% Pure,140,2011-04-13,100,1.4,WorthPoint
gallium,100g Niobium Metal Cylinders 99.99% Pure!,97.66,2011-04-12,100,0.98,WorthPoint
gallium,50g Lanthanum Turnings Vac Packed 99.99% Pure!,81.25,2011-04-12,50,1.63,WorthPoint
gallium,New 155 Salomon Official Snowboard.,232.5,2011-04-04,,,WorthPoint
gallium,Gallium Metal (10g) 99.99% Pure,38.12,2011-03-31,10,3.81,WorthPoint
gallium,Salomon IVYera Women's 2005 W/binding (157cm) Used Once,235.99,2011-03-29,,,WorthPoint
gallium,Nordica Blower Skis 185 W/ Marker Duke Bindings,265,2011-03-28,,,WorthPoint
gallium,"Element Collection-41 Dif-Pt, Au, Ga, Be, Rare Earths+!",149.99,2011-03-27,,,WorthPoint
gallium,Cray Research Supercomputing C90 Safety Committee Mug,39.01,2011-03-27,,,WorthPoint
gallium,Gallium Metal (5g) 99.99% Pure,19.8,2011-03-24,5,3.96,WorthPoint
gallium,"Tellur Tellurium 99,99% 200g +Certifikate -kein Indium",245.8,2011-03-23,200,1.23,WorthPoint
gallium,"GALLIUMWAX ""Dr FCG MAX FLUORO"" JAPAN ORIGINAL Ski Wax",319.99,2011-03-16,,,WorthPoint
gallium,Cray Research Seymour CRAY-3 Supercomputing Mug,127.5,2011-03-15,,,WorthPoint
gallium,One Kilo Copper Bullion Bar .999% Fine Copper,64.06,2011-03-12,,,WorthPoint
gallium,"1954 Rare Metals Handbook, 658 Pgs., Platinum Titanium+",24.99,2011-03-07,,,WorthPoint
gallium,Salomon 08/09 Sick Stick,150,2011-02-27,,,WorthPoint
gallium,Ride Timeless Snowboard 158 - Similar To Burton Custom,127.5,2011-02-23,,,WorthPoint
gallium,Salomon Special- 156cm,130,2011-02-23,,,WorthPoint
gallium,Chemical Element Collection (partial),182.5,2011-02-17,,,WorthPoint
gallium,Salomon Ivy Era Women's Snowboard-Black-2005,66,2011-02-15,,,WorthPoint
gallium,Nordica Supercharger- Enforcer Skis 177cm NEW,194,2011-02-14,,,WorthPoint
gallium,Beautiful Gibeon Meteorite Crustpiece 350 G. Unpolished,365,2011-02-13,350,1.04,WorthPoint
gallium,Gibeon Meteorite 7g Polished & Etched. Great Details!,17.2,2011-02-13,7,2.46,WorthPoint
gallium,Gibeon Meteorite Slice / Crust 22.8g Polished & Etched,26.57,2011-02-13,22.8,1.17,WorthPoint
gallium,Gibeon Meteorite Slice / Crust 28.1g Polished & Etched,20.5,2011-02-13,28.1,0.73,WorthPoint
gallium,Gibeon Meteorite Rare Cornerpiece 20.7g Polished&etched,36.57,2011-02-13,20.7,1.77,WorthPoint
gallium,2008-09 Nordica Nitrous Skis W/bindings 154 Cm NEW,299,2011-02-08,,,WorthPoint
gallium,Beautiful Arbor A-Frame Snowboard 162 NO RESERVE!,384,2011-02-03,,,WorthPoint
gallium,Gallium Metal Element - 18.3g 99.99% Pure!,39.99,2011-01-22,18.3,2.19,WorthPoint
gallium,SALOMON SPECIAL 147cm Freeride Snowboard $479.95 NEW,75,2011-01-21,,,WorthPoint
gallium,Cray-3 Supercomputer Proto-Type Module,999,2010-11-20,,,WorthPoint
gallium,USED Salomon Special 159 Snowboard Custom LIB Ride K2,152.5,2010-11-17,,,WorthPoint
gallium,S.T. Mikael : Visions Of The Unknown 2CD Xotic Mind,13.16,2010-11-15,,,WorthPoint
gallium,Nordica Top Fuel Skis With Trans Black Pro Wide B 154c,190,2010-11-13,,,WorthPoint
gallium,Salomon Special 156 Great Beginer To Intermediate Board,51,2010-11-13,156,0.33,WorthPoint
gallium,2007 Salomon Special 156,108.5,2010-11-13,,,WorthPoint
gallium,Cray-3 Supercomputer Rev #B Module (making Of Partial ),229,2010-11-10,,,WorthPoint
gallium,Salomon Arnie 5000 Snowboard Twin Ups Ride Burton Forum,147,2010-11-08,,,WorthPoint
gallium,Nordica Olympia Speed Xbi Ct Wn Exp Ct Bindings New 162,350,2010-11-07,,,WorthPoint
gallium,"GIBEON (ETCHED) --- IRON, IVA METEORITE --- 5.000 G",12.95,2010-11-05,5,2.59,WorthPoint
gallium,Arbor A-Frame 154 Snowboard,202.5,2010-11-03,,,WorthPoint
gallium,Salomon Ivy 151 Snowboard Women W/ Ride VXN Bindings,155,2010-11-02,,,WorthPoint
gallium,Nordica Top Fuel Skis With Trans Black Pro Wide Brake B,320.05,2010-10-30,,,WorthPoint
gallium,8 Grams Pure Indium Metal Element Sample 99.9%,15,2010-10-30,8,1.88,WorthPoint
gallium,GOLD Scrap - Intel 386 - CPUs & MCPs - 1.6-kg - NR!,425,2010-08-17,,,WorthPoint
gallium,Cray-3 Supercomputer Rev #B Module,249,2010-08-14,,,WorthPoint
gallium,Beautiful Etched GIBEON Meteorite 3 Beads 5.00 Grams,17.99,2010-08-12,5,3.6,WorthPoint
gallium,"Salomon Substance Wide, 161cm Snowboard Bundle",129.99,2010-08-12,,,WorthPoint
gallium,GIBEON METEORITE FREEFORM STICK PENDANT CUT 8.85 Gms,30,2010-08-06,8.85,3.39,WorthPoint
gallium,GIBEON METEORITE SLAB/ TABLET CUT 21.26 Grams,35,2010-07-31,21.26,1.65,WorthPoint
gallium,Gibeon Meteorite Freeform Sticks Cut 20 Grams,35,2010-07-23,20,1.75,WorthPoint
gallium,1950s Vacuum Tube Dekatron Tunnel Diode Computer Ckts,36,2010-07-22,,,WorthPoint
gallium,Gibeon Meteorite Platinum Coated Disc Pendant 9.96 Gms,60,2010-07-17,9.96,6.02,WorthPoint
gallium,Attractive Colourful Metallic Brilliant RAINBOW MINE,16.99,2010-07-16,,,WorthPoint
gallium,Gibeon Meteorite Semi-disc Pendant Cut 15.01 Grams,35,2010-07-12,15.01,2.33,WorthPoint
gallium,50s NIXIE Eye Tube Amplifier Tunnel Diode Computer Ckts,39.99,2010-06-30,,,WorthPoint
gallium,24 Elements Of The Periodic Table SCIENCE Rosen HC,149.95,2010-06-23,,,WorthPoint
gallium,Beautiful Etched GIBEON Meteorite 3 Beads 6.00 Grams,24.99,2010-06-23,6,4.17,WorthPoint
gallium,Beautiful Etched GIBEON Meteorite 2 Beads 6.00 Grams,24.99,2010-06-23,6,4.17,WorthPoint
gallium,Beautiful Etched GIBEON Meteorite 2 Beads 7.00 Grams,28.99,2010-06-23,7,4.14,WorthPoint
gallium,Beautiful Etched GIBEON Meteorite 2 Beads 4.00 Grams,16.99,2010-06-23,4,4.25,WorthPoint
gallium,GIBEON METEORITE EARING PAIR 2 DISC CUTS 5.35 Grams,20,2010-06-19,5.35,3.74,WorthPoint
gallium,Beautiful Damascus Meteorite Knife Blank Ready To Go !,58.99,2010-06-18,,,WorthPoint
gallium,GIBEON METEORITE FANTASY CUT SLAB SPECIMEN 57.66 Grams,45,2010-06-09,57.66,0.78,WorthPoint
gallium,GIBEON METEORITE DISC NECKLACE PENDANT CUT 8 Grams,24,2010-06-04,8,3,WorthPoint
gallium,Beautiful Etched GIBEON Meteorite Bead 3.00 Grams,11.99,2010-06-01,3,4,WorthPoint
gallium,Beautiful Etched GIBEON Meteorite Bead 4.00 Grams,12.99,2010-06-01,4,3.25,WorthPoint
gallium,Beautiful Etched GIBEON Meteorite Bead 6.00 Grams,11.99,2010-06-01,6,2,WorthPoint
gallium,Universe OUTER SPACE ASTRO METEORITE Odessa Rock,11.26,2010-05-25,,,WorthPoint
gallium,1960s NIXIE Eye Tube Ge Transistor Analog Computer Ckts,46,2010-05-20,,,WorthPoint
gallium,"1955 Zippo MONSANTO Chemical Company! *MIB, UNUSED!*",99.99,2010-05-06,,,WorthPoint
gallium,GIBEON METEORITE NATURAL CUT NECKLACE PENDANT 7 Grams,45,2010-05-03,7,6.43,WorthPoint
gallium,GIBEON METEORITE TRIANGLE PENDANT CUT 14.21grams,35,2010-04-17,14.21,2.46,WorthPoint
gallium,GIBEON METEORITE DISC NECKLACE PENDANT CUT 13.19 Grams,45,2010-04-17,13.19,3.41,WorthPoint
gallium,GIBEON METEORITE TRIANGLE PENDANT CUT 12.87grams,25,2010-04-16,12.87,1.94,WorthPoint
gallium,GIBEON METEORITE DISC NECKLACE PENDANT CUT 11.61 Grams,45,2010-04-16,11.61,3.88,WorthPoint
gallium,GIBEON METEORITE NECKLACE PENDANT CUT 1.61 Grams,15,2010-04-15,1.61,9.32,WorthPoint
gallium,100 Grams Scrap Gold Indium Platinum From Laser Diodes,15.49,2010-04-14,100,0.15,WorthPoint
gallium,60s NIXIE Tube Radio Ge Transistor Analog Computer Ckts,29.99,2010-04-13,,,WorthPoint
gallium,GIBEON METEORITE NECKLACE PENDANT CUT 3.55 Grams,15,2010-04-12,3.55,4.23,WorthPoint
gallium,GIBEON METEORITE FANTASY DISC CUT SPECIMEN 13.67grams,20,2010-04-09,13.67,1.46,WorthPoint
gallium,Muonionlusta Meteorite Slab 19 Grams,21,2010-04-08,19,1.11,WorthPoint
gallium,GIBEON METEORITE FANTASY CUT SPECIMEN 11.69grams,20,2010-04-04,11.69,1.71,WorthPoint
gallium,GIBEON METEORITE FANTASY CUT SPECIMEN 8.54grams,18,2010-04-01,8.54,2.11,WorthPoint
gallium,GIBEON METEORITE FANTASY BAR CUT SPECIMEN 8.30grams,18,2010-04-01,8.3,2.17,WorthPoint
gallium,60s Eye Tube Amp CK722 Tunnel Diode Trochotron CRT Ckts,55,2010-03-27,,,WorthPoint
gallium,2009 NORDICA IGNITION SKI PARK AND PIPE FREESTYLE 177cm,239,2010-03-26,,,WorthPoint
gallium,New Salomon Special 156cm Freeride Snowboard $479.95,147.5,2009-11-01,,,WorthPoint
gallium,New Salomon Special 159cm Freeride Snowboard $479.95,167.5,2009-11-01,,,WorthPoint
gallium,1960s Nixie Tube Amp Radio Computer Ge Transistor Ckts,44.99,2009-10-30,,,WorthPoint
gallium,New Salomon Special 163cm Freeride Snowboard $479.95,121,2009-10-29,,,WorthPoint
gallium,INDIUM Metal Element Teardrops 10 Grams 99.999%,24.99,2009-10-14,10,2.5,WorthPoint
gallium,1960s Tube Amp Radio Computer NIXIE Ge Transistor Ckts,36,2009-09-24,,,WorthPoint
gallium,Vemma Verve Healthy Antioxidant-Rich Superior Energy,52,2009-09-19,,,WorthPoint
gallium,1774 Buchoz Copper Plate Botanicals Gallium Etc 2 Print,54,2009-09-15,,,WorthPoint
gallium,1960s Nixie Tube Amp Radio Raytheon CK722 Computer Book,46,2009-08-03,,,WorthPoint
gallium,GIBEON METEORITE SLICE 24K GOLD PLATED 46.3g GRG2,49.99,2009-07-18,46.3,1.08,WorthPoint
gallium,***gibeon Polished Meteorite Block 10 Grams***(222),10,2009-07-17,10,1,WorthPoint
gallium,Gibeon Polished Meteorite Focal Bead/sphere 32 Grams,60,2009-07-17,32,1.88,WorthPoint
gallium,120g IRON-NICKEL METEORITE SLICE SPECIMEN GIBEON #MRG76,122.5,2009-07-16,120,1.02,WorthPoint
gallium,***gibeon Polished Meteorite Triangles(5) 9 Grms***252,16,2009-07-14,9,1.78,WorthPoint
gallium,GIBEON METEORITE SLICE 24K GOLD PLATED 77g GRG8,84,2009-07-13,77,1.09,WorthPoint
gallium,LIQUID METAL 6 ELEMENT ALLOY M.p. 105¬∞F/40¬∞C,15,2009-07-13,,,WorthPoint
gallium,**GIBEON METEORITE LOT 7pcs FANTASY! CUTS 103grams* 105,50,2009-07-12,103,0.49,WorthPoint
gallium,**GIBEON METEORITE LOT 2pcs FANTASY! CUTS 16 Grams* 256,10,2009-07-10,16,0.63,WorthPoint
gallium,**GIBEON METEORITE LOT 14 PCS FREE CUTS 63 Grams* 257,40.99,2009-07-09,63,0.65,WorthPoint
gallium,***gibeon Polished Meteorite Triangles(3) 11 Grms***251,10,2009-07-08,11,0.91,WorthPoint
gallium,Gibeon Polished Meteorite Slab/slice 42 Grams,25,2009-07-08,42,0.6,WorthPoint
gallium,***gibeon Polished Meteorite Triangle 13 Grams***255,12.99,2009-07-07,13,1,WorthPoint
gallium,Gallium Metal 10.3g Pure Metal Element 99.9996%,23,2009-07-07,10.3,2.23,WorthPoint
gallium,Gibeon Polished Meteorite Pair Of Sticks 6 Grms***(218),12,2009-07-06,6,2,WorthPoint
gallium,***gibeon Assorted Meteorite 6 Discs 13 Grams*** 226,17,2009-07-06,13,1.31,WorthPoint
gallium,Gibeon Polished Meteorite Triangle 18 Grms,30,2009-07-02,18,1.67,WorthPoint
