material_slug,title,price_usd,sale_date,weight_grams,price_per_gram,source
gibeon-meteorite,Gibeon Meteorite,64,2026-01-15,,,WorthPoint
gibeon-meteorite,"Gibeon Meteorite, IVA Iron Meteorite, Namibia, Rare Meteorite, 5.25g",42.4,2026-01-14,5.25,8.08,WorthPoint
gibeon-meteorite,GIBEON Iron Meteorite Etched Carved Shape WIDMANSTATTEN Carving Jewelry,79.99,2025-12-27,,,WorthPoint
gibeon-meteorite,29 Gm Etched Gibeon Iron Meteorite Slab Museum Grade Ring Namibia Africa Jal,284.05,2025-12-22,29,9.79,WorthPoint
gibeon-meteorite,Gibeon Meteorite. Iron IVA 21.2 Grams. Awesome Shrapnel Piece. RARE!,95,2025-12-08,21.2,4.48,WorthPoint
gibeon-meteorite,Gibeon Iron Meteorite Carved Cabochon WIDMANSTATTEN Jewelry Wire-Wrap Carving,55.99,2025-12-07,,,WorthPoint
gibeon-meteorite,Brenham Pallasite Stardust Shavings / Crystals - 100% Pure & Natural,7,2025-12-03,,,WorthPoint
gibeon-meteorite,MUONIONALUSTA Iron Meteorite Carved Rectangle WIDMANSTATTEN Carving Jewelry,159.99,2025-11-30,,,WorthPoint
gibeon-meteorite,32 Gm Etched Gibeon Iron Meteorite Slab Museum Grade Ring Namibia Africa Jal,284.05,2025-11-30,32,8.88,WorthPoint
gibeon-meteorite,2.10 Grams GIBEON Iron METEORITE Whole Individual As Found In Africa 1836!,13.99,2025-11-24,2.1,6.66,WorthPoint
gibeon-meteorite,Gibeon Etched Meteorite Part Slice Weight 191.7 Grams 4.75 Inches,651.95,2025-11-22,191.7,3.4,WorthPoint
gibeon-meteorite,GIBEON Iron Meteorite Carved Star WIDMANSTATTEN Jewelry Wire-Wrap Carving,159.99,2025-11-13,,,WorthPoint
gibeon-meteorite,Natural History Auction Catalog Featuring Fossils Meteorites Dinosaurs Mineral,22,2025-11-07,,,WorthPoint
gibeon-meteorite,GIBEON Iron Meteorite Carved Shape WIDMANSTATTEN Carving Jewelry Wire Wrapping,127.99,2025-11-06,,,WorthPoint
gibeon-meteorite,1.12 Grams GIBEON Iron METEORITE Whole Individual As Found In Africa 1836!,6.99,2025-10-16,1.12,6.24,WorthPoint
gibeon-meteorite,GIBEON Iron Meteorite Carved Octagon WIDMANSTATTEN Carving Jewelry Wire Wrapping,119.99,2025-10-04,,,WorthPoint
gibeon-meteorite,146 Gm Etched Gibeon Iron Meteorite Quarter Cut Museum Grade Namibia Africa,989.1,2025-10-03,146,6.77,WorthPoint
gibeon-meteorite,"*METEORITE *JAPANESE Style TANTO,Big Piece Of GIBEON, Sterling Silver ,HAND MADE",2600,2025-09-26,,,WorthPoint
gibeon-meteorite,"GIBEON Meteorite Display Label, Aluminum",6.5,2025-09-22,,,WorthPoint
gibeon-meteorite,360 Gm Etched Gibeon Meteorite Thick Slab Museum Gde Ring Namibia Africa Jal,2249.1,2025-09-21,360,6.25,WorthPoint
gibeon-meteorite,Gibeon Meteorite Knife With Ironwood Handle Display & Box,1200,2025-09-11,,,WorthPoint
gibeon-meteorite,Gibeon Meteorite. Iron IVA 22.1 Grams. RARE! Nice Shrapnel Piece.,100,2025-09-08,22.1,4.52,WorthPoint
gibeon-meteorite,RARE GIBEON IRON METEORITE Fragment Complete Individual Specimen NAMIBIA AFRICA,31.99,2025-09-03,,,WorthPoint
gibeon-meteorite,"Gibeon Meteorite End Cut - 3,534.4 Grams",1250,2025-08-29,534.4,2.34,WorthPoint
gibeon-meteorite,"Gibeon Meteorite - 5,806 Grams",4750,2025-08-29,806,5.89,WorthPoint
gibeon-meteorite,"Gibeon Meteorite - 4,620.4 Grams",6250,2025-08-29,620.4,10.07,WorthPoint
gibeon-meteorite,"Gibeon Meteorite - 2,926.2 Grams",4500,2025-08-29,926.2,4.86,WorthPoint
gibeon-meteorite,Gibeon Meteorite - 49.5 Kilograms,50000,2025-08-29,,,WorthPoint
gibeon-meteorite,37 Gm Etched Gibeon Iron Meteorite Slab Museum Grade Ring Namibia Africa Jal,269.1,2025-08-22,37,7.27,WorthPoint
gibeon-meteorite,GIBEON Fragments 5 Grams,5,2025-08-21,5,1,WorthPoint
gibeon-meteorite,25 JAHRE EDITION OF BOKER METEORITE DAMASCUS FOLDING LOCKBACK In Collector Box,543,2025-08-18,,,WorthPoint
gibeon-meteorite,Gibeon Meteorite. Iron IVA 5.36 Grams. Unusual Shaped Etched Slice.,15,2025-08-11,5.36,2.8,WorthPoint
gibeon-meteorite,NIB Johan Starry Night Meteorite Pendant Necklace,28,2025-08-08,,,WorthPoint
gibeon-meteorite,William Henry - Pocket Knife - Galaxy,2750,2025-08-08,,,WorthPoint
gibeon-meteorite,"GIBEON METEORITE From Namibia - ONE OF A KIND - GREAT GIFT FOR MEN, WOMEN, KIDS!",50.01,2025-08-06,,,WorthPoint
gibeon-meteorite,"Natural History Auction Catalogue Featuring Meteorites, Dinosaurs, Fine Minerals",18,2025-08-03,,,WorthPoint
gibeon-meteorite,2- Small Gibeon Meteorite Knives,86.1,2025-08-02,,,WorthPoint
gibeon-meteorite,32 Gm Etched Gibeon Iron Meteorite End Piece Museum Grade Ring Namibia Africa,239.1,2025-07-30,32,7.47,WorthPoint
gibeon-meteorite,1.80 Grams GIBEON ~ Iron METEORITE ~ Whole Individual As Found In Africa 1836!,6.99,2025-07-19,1.8,3.88,WorthPoint
gibeon-meteorite,S.T. DuPont Limited Ed. Phoenix Renaissance Premium Edition. Slightly Used,230,2025-07-08,,,WorthPoint
gibeon-meteorite,130 Gm Etched Gibeon Iron Meteorite Slice Museum Grade Namibia Africa,881.1,2025-06-30,130,6.78,WorthPoint
gibeon-meteorite,96 Gm Etched Gibeon Iron Meteorite Half Slice Museum Grade Namibia Africa,629.1,2025-06-29,96,6.55,WorthPoint
gibeon-meteorite,173 Gm Etched Gibeon Iron Meteorite Slice Museum Grade Namibia Africa,1169.1,2025-06-20,173,6.76,WorthPoint
gibeon-meteorite,196 Gm Etched Gibeon Iron Meteorite Slice Museum Grade Namibia Africa,1331.1,2025-06-20,196,6.79,WorthPoint
gibeon-meteorite,126 Gm Etched Gibeon Iron Meteorite Slice Museum Grade Namibia Africa,863.1,2025-06-20,126,6.85,WorthPoint
gibeon-meteorite,Gibeon Meteorite 404 Grams Museum Quality With COA,1000,2025-05-29,404,2.48,WorthPoint
gibeon-meteorite,76 Gm Etched Gibeon Iron Meteorite Half Slice Museum Grade Namibia Africa,494.1,2025-05-19,76,6.5,WorthPoint
gibeon-meteorite,Gibeon Meteorite Slice 7.83 Grams - Namibia-found 1836- See Card,20,2025-05-11,7.83,2.55,WorthPoint
gibeon-meteorite,90 Gm Etched Gibeon Iron Meteorite Quarter Cut Museum Grade Namibia Africa,645.05,2025-05-02,90,7.17,WorthPoint
gibeon-meteorite,Gibeon Meteorite Skull,3250,2025-04-23,,,WorthPoint
gibeon-meteorite,Gibeon Meteorite Sphere - 426.5 Grams,3500,2025-04-23,426.5,8.21,WorthPoint
gibeon-meteorite,Gibeon Meteorite End Cut - 526.6 Grams,1500,2025-04-23,526.6,2.85,WorthPoint
gibeon-meteorite,Gibeon Meteorite - 17.2 Kilograms,17500,2025-04-23,,,WorthPoint
gibeon-meteorite,131 Gm Etched Gibeon Iron Meteorite Slice Museum Grade Namibia Africa,949.05,2025-04-21,131,7.24,WorthPoint
gibeon-meteorite,"(153.7 Gram) Gibeon Iron Meteorite Slice From Namibia, Natural Meteorite Slice.",150,2025-04-21,153.7,0.98,WorthPoint
gibeon-meteorite,826 Gm Canyon Diablo Iron Meteorite,300,2025-04-14,826,0.36,WorthPoint
gibeon-meteorite,362 Gm Etched Gibeon Iron Meteorite End Cut Museum Grade Namibia Africa,2089.05,2025-03-29,362,5.77,WorthPoint
gibeon-meteorite,"2,546g GIBEON IRON METEORITE NAMIBIA, AFRICA 5.61 LBS",2225,2025-03-22,546,4.08,WorthPoint
gibeon-meteorite,"Gibeon Iron Meteorite, 170 Grams (6 Ounces), With Widmanstatten Crystals",280,2025-03-16,170,1.65,WorthPoint
gibeon-meteorite,ðŸŒŒ Space Rock ðŸª¨ Magnetic Gibeon Iron Nickel Meteorite 64.25 Grams Africa Find,20.5,2025-03-05,64.25,0.32,WorthPoint
gibeon-meteorite,Large 14 Pound Section From A Gibeon Iron-Nickel Meteorite,4750,2025-02-27,,,WorthPoint
gibeon-meteorite,Gibeon Iron Meteorite 228 Gram Cut Etched Approximate Cube,250,2025-02-23,228,1.1,WorthPoint
gibeon-meteorite,Gibeon Iron Meteorite Found Metal Detecting In Namibia Africa Rare Space Rock ðŸª¨,55,2025-02-17,,,WorthPoint
gibeon-meteorite,Sikhote-Alin & Gibeon Meteorites 5 Grams And .5 Grams Meteorite,14.99,2025-02-14,5,3,WorthPoint
gibeon-meteorite,Gibeon Meteorite Slice,500,2025-02-13,,,WorthPoint
gibeon-meteorite,Gibeon Meteorite. 26.1 Grams. Etched Slice.,100,2025-02-07,26.1,3.83,WorthPoint
gibeon-meteorite,Lot Of 9 Fossils And Gibeon Meteorite,33,2025-02-05,,,WorthPoint
gibeon-meteorite,Beautiful 364g Etched Gibeon Meteorite End Cut With Brilliant Etch,500,2025-02-03,364,1.37,WorthPoint
gibeon-meteorite,103 Gm Etched Gibeon Iron Meteorite Slice Museum Grade Namibia Africa,683.1,2025-01-17,103,6.63,WorthPoint
gibeon-meteorite,Mini Museum Meteorite Necklace,80,2025-01-13,,,WorthPoint
gibeon-meteorite,"Thumbnail, Gibeon Meteorite, Gibeon, Namibia",180,2025-01-06,,,WorthPoint
gibeon-meteorite,66 Gm Etched Gibeon Iron Meteorite Slice Museum Grade Namibia Africa,449.1,2024-12-22,66,6.8,WorthPoint
gibeon-meteorite,230 Gm Etched Gibeon Iron Meteorite Slice Museum Grade Namibia Africa,1556.1,2024-12-02,230,6.77,WorthPoint
gibeon-meteorite,GIBEON Iron Meteorite Carved Oval WIDMANSTATTEN Carving Jewelry Wire Wrapping,43.99,2024-12-01,,,WorthPoint
gibeon-meteorite,GIBEON RHODIUM PLATED Iron Meteorite Carved Star WIDMANSTATTEN Carving,279.99,2024-11-28,,,WorthPoint
gibeon-meteorite,GIBEON Iron Meteorite Carved Triangle WIDMANSTATTEN Carving Jewelry,43.99,2024-11-15,,,WorthPoint
gibeon-meteorite,Lovely Gibeon Meteorite Specimen In Gem Jar- Vintage Estate Find,36,2024-11-09,,,WorthPoint
gibeon-meteorite,"Rare 1996 Natural History Auction Catalogue With Meteorites, Dinosaurs, Minerals",12.5,2024-11-02,,,WorthPoint
gibeon-meteorite,40 Gm Etched Gibeon Iron Meteorite Slice Museum Grade Namibia Africa,269.1,2024-10-21,40,6.73,WorthPoint
gibeon-meteorite,46 Gm Etched Gibeon Iron Meteorite Slice Museum Grade Namibia Africa,314.1,2024-10-15,46,6.83,WorthPoint
gibeon-meteorite,Gibeon Meteorite. Iron IVA 12.28 Grams. Excellent Etched Slice. Very Nice!,75,2024-10-13,12.28,6.11,WorthPoint
gibeon-meteorite,SUPERB 44g SCULPTURAL IRON GIBEON METEORITE INDIVIDUAL! SALE $41 OFF!,398,2024-10-08,44,9.05,WorthPoint
gibeon-meteorite,GIBEON Iron Meteorite Carved Square WIDMANSTATTEN Carving Jewelry Wire Wrapping,199.99,2024-10-07,,,WorthPoint
gibeon-meteorite,157 Gm Polished Gibeon Iron Meteorite Uneven Slice Etched Namibia Africa,629.1,2024-10-04,157,4.01,WorthPoint
gibeon-meteorite,208 Gm Etched Gibeon Iron Meteorite Slice Museum Grade Namibia Africa,1349.1,2024-10-02,208,6.49,WorthPoint
gibeon-meteorite,Gibeon Iron Meteorite Ball,45,2024-10-01,,,WorthPoint
gibeon-meteorite,140 Gm Etched Gibeon Iron Meteorite Quad Cut Museum Grade Namibia Africa,629.1,2024-09-22,140,4.49,WorthPoint
gibeon-meteorite,256 Gm Etched Gibeon Iron Meteorite Slice Museum Grade Namibia Africa,1899,2024-09-20,256,7.42,WorthPoint
gibeon-meteorite,GIBEON Iron Meteorite Carved Circle WIDMANSTATTEN Carving Jewelry Wire Wrapping,43.99,2024-09-01,,,WorthPoint
gibeon-meteorite,Gibeon Meteorite End Cut,9375,2024-08-28,,,WorthPoint
gibeon-meteorite,164 Gm Etched Gibeon Iron Meteorite Triple Cut Museum Grade Namibia Africa,719.1,2024-08-19,164,4.38,WorthPoint
gibeon-meteorite,"METEORITE BEADS ""GIBEON (2)"", SERICHO"", ""SIKHOTE-ALIN (2)"" On A Vinyl String",33,2024-08-14,,,WorthPoint
gibeon-meteorite,Invicta Watch (5173),620,2024-08-08,,,WorthPoint
gibeon-meteorite,GIBEON Meteorite Small Cut Specimen 12 Grams,12.75,2024-07-28,12,1.06,WorthPoint
gibeon-meteorite,Gibeon Meteorite Iron Octahedrite Partial Slice Etched 45 Grams,96,2024-06-18,45,2.13,WorthPoint
gibeon-meteorite,151 Gm Etched Gibeon Iron Meteorite Slice Museum Grade Namibia Africa,809.1,2024-06-16,151,5.36,WorthPoint
gibeon-meteorite,1496 Gm Gibeon Iron Meteorite Museum Grade Namibia Africa 3.3 Lbs,5305.5,2024-06-12,1496,3.55,WorthPoint
gibeon-meteorite,Gibeon Meteorite Sphere Pair,437.5,2024-06-06,,,WorthPoint
gibeon-meteorite,137 Gm Etched Gibeon Iron Meteorite Slice Museum Grade Namibia Africa,899.1,2024-06-06,137,6.56,WorthPoint
gibeon-meteorite,38 Gm Etched Gibeon Iron Meteorite Quad Cut Museum Grade Namibia Africa,296.1,2024-05-27,38,7.79,WorthPoint
gibeon-meteorite,Etched Gibeon Iron-Nickel Meteorite,162.5,2024-05-14,,,WorthPoint
gibeon-meteorite,101 Gm Etched Gibeon Iron Meteorite Slice Museum Grade Namibia Africa,683.15,2024-05-10,101,6.76,WorthPoint
gibeon-meteorite,"Wearable Glass Locket Gibeon Meteorite & Dinosaur Bone Fossil Specimen Chain 30""",48,2024-05-08,,,WorthPoint
gibeon-meteorite,Gibeon Meteorite Sphere,189,2024-04-11,,,WorthPoint
gibeon-meteorite,Beautiful Gibeon Meteorite Size 8 Ring,20.5,2024-03-24,,,WorthPoint
gibeon-meteorite,Beautiful Gibeon Meteorite Size 8 Ring Pendant,20.5,2024-03-22,,,WorthPoint
gibeon-meteorite,87 Gm Etched Gibeon Iron Meteorite Slice Museum Grade Namibia Africa,629.1,2024-03-19,87,7.23,WorthPoint
gibeon-meteorite,William Henry Knife B09 Eclipse Gibeon Meteorite Damascus Sapphires,2200,2024-03-10,,,WorthPoint
gibeon-meteorite,"RARE Iron Kamacite Crystal! GIBEON METEORITE, NAMIBIA -Ex. Hoppel",227.75,2024-02-16,,,WorthPoint
gibeon-meteorite,"Gibeon Iron Meteorite 2,530 Grams! 16.5cm X 10cm X 8.5cm Museum Stand 5.5 Pounds",1295,2024-02-14,530,2.44,WorthPoint
gibeon-meteorite,51 Gm Etched Gibeon Iron Meteorite Slice Museum Grade Namibia Africa,323.1,2024-02-03,51,6.34,WorthPoint
gibeon-meteorite,SUPERB 5.14g THIN SLICED ETCHED IRON GIBEON METEORITE! SALE 16% OFF!,79,2024-02-02,5.14,15.37,WorthPoint
gibeon-meteorite,153 Gm Etched Gibeon Iron Meteorite End Cut Museum Grade Namibia Africa,989.1,2024-01-16,153,6.46,WorthPoint
gibeon-meteorite,Unique Gibeon Meteorite Envelope Opener 46.3 G,202.5,2024-01-13,46.3,4.37,WorthPoint
gibeon-meteorite,41.4 Gram GIBEON Meteorite Fragment Prehistoric Found 1836,131.2,2024-01-09,41.4,3.17,WorthPoint
gibeon-meteorite,208 Gm Gibeon Iron Meteorite Museum Grade Namibia Africa .45 Lbs,680,2023-12-31,208,3.27,WorthPoint
gibeon-meteorite,Fantastic Etched Gibeon Meteorite Slice 27.01mm Round,41,2023-12-23,,,WorthPoint
gibeon-meteorite,Fantastic Etched Gibeon Meteorite Slice 27.85mm Round,41,2023-12-23,,,WorthPoint
gibeon-meteorite,10 GM ETCHED GIBEON IRON METEORITE Slice MUSEUM GRADE NAMIBIA AFRICA Pendant,62.1,2023-12-22,10,6.21,WorthPoint
gibeon-meteorite,Gibeon Iron Meteorite Slice 845 Grams,2495,2023-12-13,845,2.95,WorthPoint
gibeon-meteorite,"GIBEON METEORITE 3,050 G 6.725 Lbs",4500,2023-12-10,50,90,WorthPoint
gibeon-meteorite,BEAUTIFUL 5.1g ETCHED GIBEON IRON METEORITE THIN SLICE W/ SUPERB ETCH!!!,95,2023-12-08,5.1,18.63,WorthPoint
gibeon-meteorite,Etched Gibeon Meteorite Slice - 176 Grams - Superb Condition,207.5,2023-12-08,176,1.18,WorthPoint
gibeon-meteorite,Complete Gibeon Meteorite - 2540 Grams (Large) - Superb Condition,3050,2023-12-08,2540,1.2,WorthPoint
gibeon-meteorite,Fantastic Etched Gibeon Meteorite Slice 27.87mm Round,41,2023-11-18,,,WorthPoint
gibeon-meteorite,"GIBEON METEORITE SPHERE 32 Mm, 1.25"" 139 Grams",700,2023-11-18,139,5.04,WorthPoint
gibeon-meteorite,GIBEON Meteorite Fragment + Etched Slice Prehistoric Found 1836,49.2,2023-10-22,,,WorthPoint
gibeon-meteorite,"Gibeon, Iron, IVA, Found In Namibia 1836, 16.22 Gram Slice",45,2023-10-19,16.22,2.77,WorthPoint
gibeon-meteorite,Gibeon Meteorite Guitar Pick,154,2023-09-21,,,WorthPoint
gibeon-meteorite,Gibeon Meteorite Iron Meteorite.,102.5,2023-09-18,,,WorthPoint
gibeon-meteorite,Mel Pardue Custom Sole Author Interframe Art Folder ~ Meteorite ~ Damascus ~ 1/1,1499,2023-09-04,,,WorthPoint
gibeon-meteorite,Gibeon IVA Iron Meteorite 175.4g Meteorite Stunning Etch.,610,2023-08-28,175.4,3.48,WorthPoint
gibeon-meteorite,George Muller Custom Dress LL-BB Flipper ~ Damasteel ~ Meteorite ~Fossil Mammoth,799,2023-08-25,,,WorthPoint
gibeon-meteorite,Gibeon IVA Iron Meteorite 167.5g Meteorite Stunning Etch.,898,2023-08-14,167.5,5.36,WorthPoint
gibeon-meteorite,MOLDAVITE Charm .925 Silver Muonionalusta Meteorite Cube. Gibeon Ring,204.06,2023-07-26,,,WorthPoint
gibeon-meteorite,Gibeon IVA Iron Meteorite 200.85g Meteorite Stunning Etch.,818,2023-07-24,200.85,4.07,WorthPoint
gibeon-meteorite,William Henry - Gentac Copernicus,1600,2023-07-23,,,WorthPoint
gibeon-meteorite,"Gibeon Meteorite ""The Fireball""",750,2023-07-22,,,WorthPoint
gibeon-meteorite,Gibeon Meteorites (Group Of 5),575,2023-07-22,,,WorthPoint
gibeon-meteorite,"Gibeon Meteorite ""The Hawk""",1625,2023-07-22,,,WorthPoint
gibeon-meteorite,SUPERB 103g ETCHED GIBEON METEORITE THUMBPRINTED END CUT W/ UNIQUE SHAPE!!!,401.84,2023-07-14,103,3.9,WorthPoint
gibeon-meteorite,Gibeon Meteorite Plate 17g - Etched - Nickel Iron Octahedrite - Old Collection,65,2023-07-13,17,3.82,WorthPoint
gibeon-meteorite,Gibeon Meteorite Plate 55g - Etched - Nickel Iron Octahedrite - Old Collection,210,2023-07-12,55,3.82,WorthPoint
gibeon-meteorite,BEAUTIFUL 44g ETCHED GIBEON IRON METEORITE PART SLICE SLAB W/ BRILLIANT ETCH!,206.17,2023-07-04,44,4.69,WorthPoint
gibeon-meteorite,Gibeon IVA Iron Meteorite 157.6g Meteorite Stunning Etch.,610,2023-07-03,157.6,3.87,WorthPoint
gibeon-meteorite,Beautiful 184 Gm Etched Gibeon Meteorite Slice 4x3 Inches Slab,700,2023-06-24,184,3.8,WorthPoint
gibeon-meteorite,Rare Gibeon Meteorite,3000,2023-06-18,,,WorthPoint
gibeon-meteorite,Starborn Vintage Sterling 925 Gibeon Meteorite Pendant (c266a),59.99,2023-06-16,925,0.06,WorthPoint
gibeon-meteorite,Beautiful 88 Gm Etched Gibeon Meteorite Slice 3x1.5 Inches,370,2023-06-14,88,4.2,WorthPoint
gibeon-meteorite,Beautiful 55 Gm Etched Gibeon Meteorite Slice 1.5x1.75 Inches,269.1,2023-06-14,55,4.89,WorthPoint
gibeon-meteorite,Gibeon Meteorite 24 Gr. Namibia,12.99,2023-06-04,24,0.54,WorthPoint
gibeon-meteorite,"9 Gram GIBEON METEORITE CONCHA IN FLOATING DISPLAY CASE, ROBT. HAAG COLLECTION",175,2023-05-27,9,19.44,WorthPoint
gibeon-meteorite,Gibeon Meteorite 122.79g Slice,184.5,2023-05-23,122.79,1.5,WorthPoint
gibeon-meteorite,Gibeon IVA Iron Meteorite 157.75g Meteorite Stunning Etch.,999,2023-05-22,157.75,6.33,WorthPoint
gibeon-meteorite,"Natural History Auction Catalog Fossil, Meteorites, Dinosaur Eggs, Minerals Gems",7.9,2023-05-15,,,WorthPoint
gibeon-meteorite,Gibeon Iron Meteorite Sphere: 1.3 Grams,5.5,2023-05-10,1.3,4.23,WorthPoint
gibeon-meteorite,2 Gibeon Meteorite Slices!,163.5,2023-04-30,2,81.75,WorthPoint
gibeon-meteorite,GIBEON METEORITE SPHERE 201 G,900,2023-04-19,201,4.48,WorthPoint
gibeon-meteorite,17.1 Gram GIBEON Fragment Iron Meteorite Etched With COA,64.95,2023-04-17,17.1,3.8,WorthPoint
gibeon-meteorite,"GIBEON METEORITE 3,900g 8.6 Lbs",10725,2023-04-10,900,11.92,WorthPoint
gibeon-meteorite,31 Grams 65x20mm Authentic Gibeon Meteorite Namibia Fine Octahedrite Heavy!,199,2023-04-10,31,6.42,WorthPoint
gibeon-meteorite,18 Grams 25x30x4mm Authentic Gibeon Meteorite Slice Fine Octahedral Nickel Iron,120,2023-04-10,18,6.67,WorthPoint
gibeon-meteorite,Sterling Silver Mid Century Modern Money Clip With Gibeon Meteorite Section,56.69,2023-04-04,,,WorthPoint
gibeon-meteorite,Gibeon Meteorite Mineral Rock Specimen From Nambia Africa 4 Oz. Rock Collection,60,2023-03-27,113.4,0.53,WorthPoint
gibeon-meteorite,Etched GIBEON METEORITE Slice Unisex Jewlery Pendant ~ Wear A Falling Star!!,45,2023-03-25,,,WorthPoint
gibeon-meteorite,100 Gram - ETCHED GIBEON METEORITE - With A Bit Of Exterior - From Namibia,225,2023-03-09,100,2.25,WorthPoint
gibeon-meteorite,36.3 Grams GIBEON Iron End Cut Meteorite Etched With COAs,89.95,2023-03-02,36.3,2.48,WorthPoint
gibeon-meteorite,NWA Gibeon Meteorite Iron Nickel Specimen Namibia Africa Meteorite 7.0 Grams,16.5,2023-01-24,7,2.36,WorthPoint
gibeon-meteorite,1.9 Gram GIBEON Fragment Iron Meteorite Etched With COAs,6.99,2023-01-20,1.9,3.68,WorthPoint
gibeon-meteorite,10.6 Gram GIBEON Fragment Iron Meteorite Etched With COA,40.95,2023-01-18,10.6,3.86,WorthPoint
gibeon-meteorite,1.74 Gram GIBEON Fragment Iron Meteorite Etched With COAs,10.49,2023-01-18,1.74,6.03,WorthPoint
gibeon-meteorite,"""Gibeon"" Meteorite, 1836 Find, Namiba, 4.16 Cm X 2.26 Cm X 1.20 Cm, 33.6 G",399.99,2023-01-17,33.6,11.9,WorthPoint
gibeon-meteorite,Gibeon Meteorite Round Specimen NWA Display Namibia Africa Meteorite 96.7 Grams,31,2023-01-08,96.7,0.32,WorthPoint
gibeon-meteorite,Nice Gibeon Meteorite Rolled Lip Specimen NWA Namibia Africa Meteorite 9.8 Grams,9.99,2023-01-07,9.8,1.02,WorthPoint
gibeon-meteorite,Gibeon Meteorite Etched Sphere - 18.6 Grams + COA,62.89,2023-01-01,18.6,3.38,WorthPoint
gibeon-meteorite,Gibeon Meteorite Specimen Riker Display Namibia Africa Meteorites 16 Grams,32.99,2022-12-20,16,2.06,WorthPoint
gibeon-meteorite,Gibeon Meteorite Etched Sphere 19.4 Grams 16.8mm,113.5,2022-12-11,19.4,5.85,WorthPoint
gibeon-meteorite,Museum Grade Gibeon Meteorite Sphere 185 Grams W / COA,2999.99,2022-11-29,185,16.22,WorthPoint
gibeon-meteorite,Gibeon Meteorite Discovered 1836 From Namibia Africa. Rare Box And COA,5.99,2022-11-12,,,WorthPoint
gibeon-meteorite,"Gibeon Meteorite Slice 74.3 Grams Iron Etched - Namibia, Africa 1836 67mm X 38mm",199.99,2022-11-07,74.3,2.69,WorthPoint
gibeon-meteorite,Gibeon Meteorite Slice 253g,337,2022-11-06,253,1.33,WorthPoint
gibeon-meteorite,Beautiful Gibeon Iron Meteorite Meteorite Guitar Pick! Aaaa+++,179,2022-11-05,,,WorthPoint
gibeon-meteorite,Rare 344g Gibeon Meteorite Slice W/ COA,899,2022-10-25,344,2.61,WorthPoint
gibeon-meteorite,GORGEOUS ~ 2 Pc 32g ETCHED GIBEON IRON METEORITE SLICE SLABS Jewelry Ready,100,2022-10-13,32,3.13,WorthPoint
gibeon-meteorite,175 Gram Gibeon Iron Meteorite Fine Octahedrite Widmanstatten Pattern,945,2022-10-13,175,5.4,WorthPoint
gibeon-meteorite,185 Gram Gibeon Iron Meteorite Fine Octahedrite Widmanstatten Pattern,1000,2022-10-09,185,5.41,WorthPoint
gibeon-meteorite,BONHAMS Natural History -- Messel Green River Meteorite Minerals Gems Fossils Din,19.95,2022-09-15,,,WorthPoint
gibeon-meteorite,BÃ–KER METEORITE DAMASCUS FOLDING KNIFE LIMITED 25th ANNIVERSARY,699,2022-09-09,,,WorthPoint
gibeon-meteorite,123 Gram Gibeon Iron Meteorite Fine Octahedrite Widmanstatten Pattern,675,2022-09-09,123,5.49,WorthPoint
gibeon-meteorite,Amazing 73 Gm. Gibeon Etched Meteorite Slab Perfect For Rings,404.1,2022-09-07,73,5.54,WorthPoint
gibeon-meteorite,Gibeon Meteorite Ring - Sz 6.5,125.5,2022-08-19,,,WorthPoint
gibeon-meteorite,Authentic 1466 Gram Gibeon Iron Nickel Meteorite **Large And Solid Size**,2599,2022-08-13,1466,1.77,WorthPoint
gibeon-meteorite,Authentic 950 Gram Gibeon Iron Nickel Meteorite Nice Size & Shape **Cool Look**,2035,2022-08-13,950,2.14,WorthPoint
gibeon-meteorite,36 Grams 42x37x5mm Authentic Heavy Gibeon Meteorite Slice Namibia,192,2022-07-29,36,5.33,WorthPoint
gibeon-meteorite,Gibeon Meteorite Slice Bracelet,750,2022-07-22,,,WorthPoint
gibeon-meteorite,Gibeon Meteorite 1015 Gram,1004.68,2022-07-15,1015,0.99,WorthPoint
gibeon-meteorite,HERITAGE Natural History Auction -- Fluorite Gibeon Meteorite Fossil Garfish Gree,19.95,2022-07-04,,,WorthPoint
gibeon-meteorite,"Gibeon Meteorite ""Pyramid""",2000,2022-06-22,,,WorthPoint
gibeon-meteorite,"Gibeon Meteorite ""Moby Dick""",1875,2022-06-22,,,WorthPoint
gibeon-meteorite,"Gibeon Meteorite ""Fighting Fish""",3750,2022-06-22,,,WorthPoint
gibeon-meteorite,Gibeon Meteorite 70.7 Grams!,265,2022-06-04,70.7,3.75,WorthPoint
gibeon-meteorite,Rare 627g Gibeon Meteorite Etched Full Slice With COA And Metal Label Included,2099.99,2022-05-13,627,3.35,WorthPoint
gibeon-meteorite,A Sculptural Gibeon Iron Meteorite,1220.26,2022-05-12,,,WorthPoint
gibeon-meteorite,BONHAMS Historic Meteorites Canyon Diablo Gibeon Imilac Willamette Catalog 2007,99.95,2022-04-28,,,WorthPoint
gibeon-meteorite,Gibeon Iron Meteorite 9.75g Fantastic Sculpted Beauty,39,2022-04-23,9.75,4,WorthPoint
gibeon-meteorite,BEAUTIFUL 47g ETCHED GIBEON IRON METEORITE PART SLICE SLAB W/ BRILLIANT ETCH!,234,2022-04-15,47,4.98,WorthPoint
gibeon-meteorite,GIBEON Iron Meteorite ETCHED Polished Laser Cut Shape Authenticity Guaranteed,169.95,2022-03-29,,,WorthPoint
gibeon-meteorite,14grams 33x17x8mm Authentic Gibeon Meteorite Namibia Fine Octehedrite Crystal,50,2022-03-25,14,3.57,WorthPoint
gibeon-meteorite,William Henry Meteorite Knife (B06),900,2022-03-24,,,WorthPoint
gibeon-meteorite,"Gibeon Meteorite Cube, Namibia - 134 Grams",493,2022-03-21,134,3.68,WorthPoint
gibeon-meteorite,BEAUTIFUL 84g ETCHED GIBEON IRON METEORITE PART SLICE SLAB W/ BRILLIANT ETCH!,395,2022-03-20,84,4.7,WorthPoint
gibeon-meteorite,GORGEOUS ETCHED GIBEON IRON METEORITE GUITAR PICK W/ BEAUTIFUL ETCH! UNIQUE GIFT,159,2022-03-05,,,WorthPoint
gibeon-meteorite,99 Gram Gibeon Iron Meteorite Fine Octahedrite Widmanstatten Pattern,500,2022-03-04,99,5.05,WorthPoint
gibeon-meteorite,Scarce GIBEON METEORITE From Old Collection !!,55,2022-03-04,,,WorthPoint
gibeon-meteorite,"Gibeon IV A, Iron Meteorite, End Cut 226g, Stable! Won't Rust! Amazing Pattern!",880,2022-02-28,226,3.89,WorthPoint
gibeon-meteorite,BUTTERFIELDS Natural History -- Giant Saber Tooth Tiger Skull,19.95,2022-02-24,,,WorthPoint
gibeon-meteorite,GORGEOUS 91g ETCHED GIBEON IRON METEORITE PART SLICE SLAB W/ BRILLIANT ETCH!,539,2022-02-22,91,5.92,WorthPoint
gibeon-meteorite,BEAUTIFUL 90g ETCHED GIBEON IRON METEORITE PART SLICE SLAB W/ BRILLIANT ETCH!,399.95,2022-02-21,90,4.44,WorthPoint
gibeon-meteorite,"""Shark Fin"" Gibeon IV A, Iron Meteorite, Full Slice, 119.6g, Stable! Won't Rust!",480,2022-02-14,119.6,4.01,WorthPoint
gibeon-meteorite,"CHRISTIE'S Scientific, Medical And Engineering Works Of Art And Natural History",11,2022-02-09,,,WorthPoint
gibeon-meteorite,"William Henry Spearpoint ""Trek"" Pocket Knife - Custom Made - Retails For $3,500",2100,2022-02-03,,,WorthPoint
gibeon-meteorite,"1 Kg. Meteorite Saw Dust; Muonionalusta, Campo And Gibeon Dust; The Lowest Price",89.96,2022-01-27,1000,0.09,WorthPoint
gibeon-meteorite,Gibeon Carved Iron Meteorite Cabochon WIDMANSTATTEN Jewelry Wire-Wrap Carving,79.95,2022-01-24,,,WorthPoint
gibeon-meteorite,Gibeon Meteorite 18 Pounds With COA,56331,2022-01-12,,,WorthPoint
gibeon-meteorite,Gibeon Meteorite Sphere With Octahedrite Pattern - 52.8 Grams,200,2022-01-12,52.8,3.79,WorthPoint
gibeon-meteorite,Etched Gibeon Iron Meteorites,8545.5,2021-12-31,,,WorthPoint
gibeon-meteorite,"Kamacite, Taenite, Troilite Polished Meteorite Slice, Fine TN Gibeon, Namibia",50,2021-12-25,,,WorthPoint
gibeon-meteorite,Gibeon Meteorite Iron 2.5 Grams With Display Box #15,10,2021-12-22,2.5,4,WorthPoint
gibeon-meteorite,UNIQUE 63g ETCHED GIBEON IRON METEORITE SLICE SLAB W/ BRILLIANT ETCH!,304,2021-12-22,63,4.83,WorthPoint
gibeon-meteorite,1 Kg 17cm Museum Grade Gibeon Iron Meteorite EndCut Specimen Slice Slab Namibia,3800,2021-12-11,1000,3.8,WorthPoint
gibeon-meteorite,Beautiful Large 382 Gm Etched Gibeon Meteorite Thick Slice From Namibia,1889.1,2021-12-11,382,4.95,WorthPoint
gibeon-meteorite,Beautiful Large 372 Gm Etched Gibeon Meteorite End Cut From Namibia,1511.1,2021-12-11,372,4.06,WorthPoint
gibeon-meteorite,Beautiful Large 554 Gm Etched Gibeon Meteorite Thick Slice From Namibia,2699.1,2021-12-11,554,4.87,WorthPoint
gibeon-meteorite,BEAUTIFUL 69g ETCHED GIBEON IRON METEORITE THICK SLICE SLAB W/ BRILLIANT ETCH!,388,2021-12-11,69,5.62,WorthPoint
gibeon-meteorite,"Rare Gibeon Iron Meteorite ETCHED Polished Triangular Cabochon 9.3g, 37x 30x25mm",349,2021-12-06,9.3,37.53,WorthPoint
gibeon-meteorite,Rare Gibeon Iron Meteorite ETCHED Polished Round Flat Disk 30mm 2.5g,99,2021-12-06,2.5,39.6,WorthPoint
gibeon-meteorite,1836 GIBEON METEORITE ETCHED DISK 17.5mm 4.5 Grams OCTAHEDRITE WIDMANSTATTEN,48,2021-12-02,1836,0.03,WorthPoint
gibeon-meteorite,1836 GIBEON METEORITE ETCHED FRAGMENT 21mm 4.6 Grams OCTAHEDRITE WIDMANSTATTEN,38,2021-12-02,1836,0.02,WorthPoint
gibeon-meteorite,Rare Gibeon Iron Meteorite 22.86 Grams Very Magnetic Meteorite West Africa Type,56,2021-11-30,22.86,2.45,WorthPoint
gibeon-meteorite,"1400 Gm. Pkg OF METEORITE SAW DUST; MUONIONALUSTA, DUST; THE LOWEST PRICE",134.96,2021-11-25,1400,0.1,WorthPoint
gibeon-meteorite,"Meteorite**Gibeon, Namibia Africa; Iron IVA**8.388 Gram Sculpted Individual!!!",20.5,2021-11-15,8.388,2.44,WorthPoint
gibeon-meteorite,Gibeon Meteorite And Slice With C.O.A. From Robert A Haag Collection 1997,35000,2021-11-08,,,WorthPoint
gibeon-meteorite,RARE GIBEON IRON METEORITE Crystal Specimen COMPLETE INDIVIDUAL NAMIBIA S AFRICA,7.51,2021-11-08,,,WorthPoint
gibeon-meteorite,Gibeon Iron Meteorite ETCHED Polished Cabochon Cabochon Authenticity Guaranteed,49.95,2021-11-07,,,WorthPoint
gibeon-meteorite,Gibeon Meteorite Very Large,15000,2021-11-06,,,WorthPoint
gibeon-meteorite,1836 GIBEON METEORITE ETCHED SPHERE 17.1mm 20.7 OCTAHEDRITE WIDMANSTATTEN,128,2021-11-05,1836,0.07,WorthPoint
gibeon-meteorite,"Gibeon Iron Meteorite, Sculptural Individual, 52.7g Stable! Won't Rust!",210,2021-11-04,52.7,3.98,WorthPoint
gibeon-meteorite,"Large, Gibeon Iron Meteorite, Full Slice, 176g Stable! Won't Rust!",750,2021-11-04,176,4.26,WorthPoint
gibeon-meteorite,"Large, Gibeon Iron Meteorite, Full Slice, 357g Stable! Won't Rust!",1500,2021-10-30,357,4.2,WorthPoint
gibeon-meteorite,"Meteorite**Gibeon, Namibia Africa; Iron IVA**4.294 Gram Sculpted Individual!!!",45,2021-10-25,4.294,10.48,WorthPoint
gibeon-meteorite,1836 GIBEON METEORITE ETCHED SPHERE 17m 20.6 Grams OCTAHEDRITE WIDMANSTATTEN,98,2021-10-21,1836,0.05,WorthPoint
gibeon-meteorite,1836 GIBEON METEORITE ETCHED SPHERE 17.4mm 22.4 Grams OCTAHEDRITE WIDMANSTATTEN,128,2021-10-21,1836,0.07,WorthPoint
gibeon-meteorite,1836 GIBEON METEORITE ETCHED SPHERE 17mm 20.6 Grams OCTAHEDRITE WIDMANSTATTEN,98,2021-10-21,1836,0.05,WorthPoint
gibeon-meteorite,1836 GIBEON METEORITE ETCHED SPHERE 18mm 23.7 Grams OCTAHEDRITE WIDMANSTATTEN,128,2021-10-21,1836,0.07,WorthPoint
gibeon-meteorite,1836 GIBEON METEORITE ETCHED SPHERE 16.2mm 18 Grams OCTAHEDRITE WIDMANSTATTEN,68,2021-10-21,1836,0.04,WorthPoint
gibeon-meteorite,1836 GIBEON METEORITE ETCHED SPHERE 17mm 21.2 Grams OCTAHEDRITE WIDMANSTATTEN,98,2021-10-21,1836,0.05,WorthPoint
gibeon-meteorite,"6.624 Gram Gibeon Iron Meteorite Fine Octahedrite, Great Widmanstatten Pattern",30,2021-10-18,6.624,4.53,WorthPoint
gibeon-meteorite,"Very Rare Gibeon IVA Iron Meteorite Individual, 149.00 Grams, Found In Namibia",256,2021-10-13,149,1.72,WorthPoint
gibeon-meteorite,1836 GIBEON METEORITE ETCHED SPHERE 18mm 23.8 Grams OCTAHEDRITE WIDMANSTATTEN,128,2021-10-06,1836,0.07,WorthPoint
gibeon-meteorite,"Meteorite**Gibeon, Namibia Africa; Iron IVA**8.330 Gram Sculpted Individual!!!",34.33,2021-10-04,8.33,4.12,WorthPoint
gibeon-meteorite,NEW! Gibeon Meteorite Display Stand Black Wooden Label --FREE SHIPPING!,16,2021-10-03,,,WorthPoint
gibeon-meteorite,BEAUTIFUL 132g ETCHED GIBEON IRON METEORITE SLICE SLAB W/ BRILLIANT ETCH!,752,2021-10-02,132,5.7,WorthPoint
gibeon-meteorite,Gorgeous GIBEON Meteorite Sphere 77g,395,2021-09-30,77,5.13,WorthPoint
gibeon-meteorite,Gibeon Meteorite Wedge Cut Slice From Namibia,85.57,2021-09-20,,,WorthPoint
gibeon-meteorite,BEAUTIFUL 41g ETCHED GIBEON IRON METEORITE SLICE SLAB BRILLIANT ETCH AAAA+++,229.6,2021-09-16,41,5.6,WorthPoint
gibeon-meteorite,TURGUT Turkey Ungrouped Iron Meteorite AMAZING Pattern 55.1g,330,2021-09-12,55.1,5.99,WorthPoint
gibeon-meteorite,Gibeon Iron Meteorite Cabochon WIDMANSTATTEN Jewelry Etched HEXAGON Pendant,124.95,2021-08-16,,,WorthPoint
gibeon-meteorite,Gibeon Meteorite. 64g.,33.5,2021-08-15,64,0.52,WorthPoint
gibeon-meteorite,Gibeon Meteorite - 1lb 1oz 1g,1475,2021-08-15,1,1475,WorthPoint
gibeon-meteorite,82.4 Gr GIBEON IVA IRON FINE OCTAHEDRITE METEORITE,350,2021-08-13,82.4,4.25,WorthPoint
gibeon-meteorite,74.0 Gram ECTHED GIBEON METEORITE SLICE - NAMIBIA AFRICA - Brilliant Etch!,225,2021-08-05,74,3.04,WorthPoint
gibeon-meteorite,"Gibeon Meteorite Sphere,Approx. 12.7 Gr. Approx. Dimension: 12mm X 12mm X 12mm",89,2021-08-02,12.7,7.01,WorthPoint
gibeon-meteorite,Gibeon Iron Meteorite 577 Grams,1500,2021-07-31,577,2.6,WorthPoint
gibeon-meteorite,Gibeon Meteorite Pendant 1/2 Inch .925 Sterling Silver Gibeon Iron Star Born,45,2021-07-28,,,WorthPoint
gibeon-meteorite,Gibeon Meteorite Iron 3.5 Grams With Display Box #16,14,2021-07-23,3.5,4,WorthPoint
gibeon-meteorite,Rare Gibeon Iron Meteorite Fragment Specimen Complete Individual Namibia Africa,5.5,2021-07-19,,,WorthPoint
gibeon-meteorite,BEAUTIFUL 119g ETCHED GIBEON IRON METEORITE SLICE SLAB BRILLIANT ETCH BOLSTERS,637.5,2021-07-17,119,5.36,WorthPoint
gibeon-meteorite,1836 GIBEON METEORITE ETCHED SPHERE 15mm 13.7 Grams OCTAHEDRITE WIDMANSTATTEN,58,2021-06-27,1836,0.03,WorthPoint
gibeon-meteorite,Gibeon Meteorite Iron 3 Grams With Display Box #14,12,2021-06-25,3,4,WorthPoint
gibeon-meteorite,Gorgeous GIBEON Meteorite Sphere 44g,245,2021-06-24,44,5.57,WorthPoint
gibeon-meteorite,"Meteorite Gibeon Sphere 12g ""DEATHSTAR PATTERN"" With Small Ablation! RARE!",9.49,2021-06-06,12,0.79,WorthPoint
gibeon-meteorite,TURGUT Turkey Ungrouped Iron Meteorite AMAZING Pattern 52.0g,320,2021-06-06,52,6.15,WorthPoint
gibeon-meteorite,Beautiful Gibeon Meteorite And Rhodolite Garnet Bracelet! NEW!,23.99,2021-05-16,,,WorthPoint
gibeon-meteorite,Gibeon Meteorite Iron IVA 10kg Individual / Fragment,11000,2021-05-08,10000,1.1,WorthPoint
gibeon-meteorite,Beautiful Large 174 Gm Etched Gibeon Meteorite Slice From Namibia,944.1,2021-05-03,174,5.43,WorthPoint
gibeon-meteorite,Huge 18.820 Kgm Museum Grade Gibeon Meteorite From Namibia ; 41.8 Pounds;,35995.5,2021-04-16,18820,1.91,WorthPoint
gibeon-meteorite,WOW 59.3 Complete Slice Of Gibeon Meteorite MUST SEE,245,2021-04-14,,,WorthPoint
gibeon-meteorite,.3 Grams GIBEON METEORITE Complete Specimen Iron Fine Octahedrite,9,2021-04-08,3,3,WorthPoint
gibeon-meteorite,Gorgeous Double Sided Etched Gibeon Namiba Meteorite Slab (1836) 435grams,1250,2021-04-07,435,2.87,WorthPoint
gibeon-meteorite,Large 4300 Gm Museum Grade Gibeon Meteorite From Namibia ; 9.5 Pounds;,8995.5,2021-04-04,4300,2.09,WorthPoint
gibeon-meteorite,1836 GIBEON METEORITE ETCHED SPHERE 18.4mm 25.6 Grams OCTAHEDRITE WIDMANSTATTEN,128,2021-04-02,1836,0.07,WorthPoint
gibeon-meteorite,Gibeon Iron Meteorite 37.5 Grams,80,2021-03-28,37.5,2.13,WorthPoint
gibeon-meteorite,Gibeon Meteorite Stardust Shavings / Crystals - 100% Pure & Natural,7,2021-03-20,,,WorthPoint
gibeon-meteorite,Beautiful Etched GIBEON Meteorite Ring I Size 5 - Meteorite Jewelry - TOP,110,2021-03-19,,,WorthPoint
gibeon-meteorite,Gibeon Meteorite Slice Widmanstatten Pattern Iron Nickel Etched Specimen T59,29.3,2021-03-18,,,WorthPoint
gibeon-meteorite,.2 Grams GIBEON METEORITE Complete Specimen Iron Fine Octahedrite,7,2021-03-18,2,3.5,WorthPoint
gibeon-meteorite,Gibeon Meteorite Slice Pr Widmanstatten Pattern Iron Nickel Etched Specimen T83,36.5,2021-03-14,,,WorthPoint
gibeon-meteorite,Gibeon Iron Meteorite 7.70g Extraordinary Etched Pendant,46,2021-03-14,7.7,5.97,WorthPoint
gibeon-meteorite,1836 GIBEON METEORITE ETCHED SPHERE 13.2mm 9.7 Grams OCTAHEDRITE WIDMANSTATTEN,48,2021-03-13,1836,0.03,WorthPoint
gibeon-meteorite,"Meteorite Damascus San Mai Steel Knife Hand Made, Campo, Muonionalusta, Gibeon",900,2021-03-10,,,WorthPoint
gibeon-meteorite,Beautiful Large 482 Gm Etched Gibeon Meteorite Slice From Namibia,2249.1,2021-03-09,482,4.67,WorthPoint
gibeon-meteorite,BONHAMS Natural History -- World's Most Spectacular Meteorite Fukang,19.95,2021-03-09,,,WorthPoint
gibeon-meteorite,BUTTERFIELDS Natural History 1/21/2001,19.95,2021-03-08,,,WorthPoint
gibeon-meteorite,Gibeon Iron Meteorite 652 Grams,1500,2021-03-04,652,2.3,WorthPoint
gibeon-meteorite,Gibeon Meteorite Piece,323,2021-02-24,,,WorthPoint
gibeon-meteorite,TURGUT Turkey Ungrouped Iron Meteorite AMAZING Pattern 50.9g,320,2021-02-22,50.9,6.29,WorthPoint
gibeon-meteorite,"William Henry Knife B12 Spatial HAND-FORGED DAMASCUS, SAPPHIRE METEORITE",2000,2021-02-21,,,WorthPoint
gibeon-meteorite,.1 Gram GIBEON METEORITE Complete Specimen Iron Fine Octahedron Fusion Crust,5,2021-02-20,1,5,WorthPoint
gibeon-meteorite,1836 GIBEON METEORITE ETCHED SPHERE 18mm 24.2 Grams OCTAHEDRITE WIDMANSTATTEN,128,2021-02-12,1836,0.07,WorthPoint
gibeon-meteorite,1 Kg 23cm Museum Grade Gibeon Iron Meteorite End Cut Slice Slab Specimen Namibia,5700,2021-02-11,1000,5.7,WorthPoint
gibeon-meteorite,"2"" HEAVY CROSS NATURAL GIBEON METEORITE SILVER PENDANT, New",60,2021-02-08,,,WorthPoint
gibeon-meteorite,WOW 51.2g Complete Slice Of Gibeon Meteorite MUST SEE,210,2021-02-07,51.2,4.1,WorthPoint
gibeon-meteorite,2 Grams GIBEON METEORITE Complete Specimen Iron Fine Octahedron Fusion Crust,11,2021-02-07,2,5.5,WorthPoint
gibeon-meteorite,Electroplated Meteorite Jewelry Gibeon Meteorite Thin 30mm Circle Slice,115,2021-02-03,,,WorthPoint
gibeon-meteorite,Beautiful Etched GIBEON Meteorite Ring I Size 7 1/4 - TOP METEORITE Jewelry,90,2021-01-26,,,WorthPoint
gibeon-meteorite,Gibeon Iron Meteorite Individual Fusion Crust,49.99,2021-01-25,,,WorthPoint
gibeon-meteorite,WOW 94g End Cut Slice Of Gibeon Meteorite MUST SEE,375,2021-01-24,94,3.99,WorthPoint
gibeon-meteorite,WOW 78.8g Complete Slice Of Gibeon Meteorite MUST SEE,325,2021-01-17,78.8,4.12,WorthPoint
gibeon-meteorite,"Gibeon Meteorite, 34.6 Lbs 13in Long 7 1/2in Wide 4 1/4in Thick. Museum Quality.",29800,2021-01-16,,,WorthPoint
gibeon-meteorite,RARE Gibeon Iron Meteorite Complete Individual GENUINE Specimen,10,2021-01-11,,,WorthPoint
gibeon-meteorite,24.9 Mm Gibeon Meteorite Disk.,46,2021-01-06,,,WorthPoint
gibeon-meteorite,"BONHAMS Lapidary Works Of Art, Gemstones And Minerals 11/24/2015",21.95,2020-12-31,,,WorthPoint
gibeon-meteorite,Gibeon Meteorite Sphere...sphere-shaped Meteorite Resembling The Planets & Stars,70.78,2020-12-11,,,WorthPoint
gibeon-meteorite,LARGE 159 GM ETCHED GIBEON METEORITE SLICE FROM NAMIBIA Robert Haag Certified,1175,2020-12-10,159,7.39,WorthPoint
gibeon-meteorite,RARE Gibeon Iron Meteorite COMPLETE CRYSTAL Complete Individual GENUINE Specimen,5.5,2020-12-07,,,WorthPoint
gibeon-meteorite,"330 Gms Meteorite Saw Dust; Muonionalusta, Campo And Gibeon Dust;",35.95,2020-12-04,330,0.11,WorthPoint
gibeon-meteorite,WOW 50.1g Complete Slice Of Gibeon Meteorite MUST SEE,205,2020-12-04,50.1,4.09,WorthPoint
gibeon-meteorite,2.693 Grams 13mm GIBEON METEORITE Etched Disk Widmanstatten Pattern,8,2020-11-29,2.693,2.97,WorthPoint
gibeon-meteorite,Beautiful Etched GIBEON Meteorite Ring I Size 7 1/2 - TOP METEORITE Jewelry,90,2020-11-20,,,WorthPoint
gibeon-meteorite,1.575 Grams 12mm GIBEON METEORITE Etched Disk Widmanstatten Pattern,15.5,2020-11-19,1.575,9.84,WorthPoint
gibeon-meteorite,1.765 Grams 11mm GIBEON METEORITE Etched Disk Widmanstatten Pattern,10,2020-11-19,1.765,5.67,WorthPoint
gibeon-meteorite,Beautiful Etched GIBEON Meteorite Ring I Size 7 - TOP METEORITE Jewelry,90,2020-11-08,,,WorthPoint
gibeon-meteorite,WOW 70g Complete Slice Of Gibeon Meteorite MUST SEE,285,2020-11-07,70,4.07,WorthPoint
gibeon-meteorite,WOW 64g End Cut Of Gibeon Meteorite MUST SEE,265,2020-11-07,64,4.14,WorthPoint
gibeon-meteorite,Beautiful Etched GIBEON Meteorite Ring I Size 7 - Meteorite Jewelry - TOP,110,2020-11-06,,,WorthPoint
gibeon-meteorite,GIBEON METEORITE SLICE From NAMIBIA - 10.1 Grams - 1836 Fall,19.95,2020-11-01,10.1,1.98,WorthPoint
gibeon-meteorite,GORGEOUS 22g ETCHED GIBEON IRON METEORITE ROUND BEAUTIFUL ETCH FOR JEWELRY!,143.2,2020-10-31,22,6.51,WorthPoint
gibeon-meteorite,Beautiful Etched GIBEON Meteorite Ring I Size 6 - Meteorite Jewelry - TOP,60,2020-10-26,,,WorthPoint
gibeon-meteorite,Etched GIBEON METEORITE SLICE From NAMIBIA - 27.4 Grams - 1836 Fall,89.95,2020-10-24,27.4,3.28,WorthPoint
gibeon-meteorite,WOW 48.8g Complete Slice Of Gibeon Meteorite MUST SEE,200,2020-10-23,48.8,4.1,WorthPoint
gibeon-meteorite,WHOA 78g Complete Slice Of Gibeon Meteorite MUST SEE,315,2020-10-23,78,4.04,WorthPoint
gibeon-meteorite,1836 GIBEON METEORITE ETCHED SPHERE 18.5mm 26.9 Grams OCTAHEDRITE WIDMANSTATTEN,110,2020-10-21,1836,0.06,WorthPoint
gibeon-meteorite,1906 MUONIONALUSTA METEORITE SPHERE 18mm 24.6 Grams OCTAHEDRITE WIDMANSTATTEN,148,2020-10-21,24.6,6.02,WorthPoint
gibeon-meteorite,"400 Gms Meteorite Saw Dust; Muonionalusta, Campo And Gibeon Dust;",35.95,2020-10-21,400,0.09,WorthPoint
gibeon-meteorite,"Iron Gibeon Meteorite Slice, 19 G, 3.49 X 2.69 CM, In Protective Case",21.5,2020-10-21,19,1.13,WorthPoint
gibeon-meteorite,Gibeon Meteorite Specimen,450,2020-10-19,,,WorthPoint
gibeon-meteorite,Beautiful Etched GIBEON Meteorite Ring I Size 6 - TOP METEORITE Jewelry,60,2020-10-18,,,WorthPoint
gibeon-meteorite,Gibeon Meteorite 20.2 Gram From Africa,25.3,2020-10-06,20.2,1.25,WorthPoint
gibeon-meteorite,Unique GIBEON Meteorite Individual (iron) - 6.3 G,35,2020-09-24,6.3,5.56,WorthPoint
gibeon-meteorite,1836 GIBEON METEORITE ETCHED SPHERE 16.8mm 19.4 Grams OCTAHEDRITE WIDMANSTATTEN,68,2020-09-23,1836,0.04,WorthPoint
gibeon-meteorite,Beautiful Etched GIBEON Meteorite Ring I Size 8 1/4- TOP METEORITE Jewelry,60,2020-09-18,,,WorthPoint
gibeon-meteorite,2005 Boker Meteoriten - 1 Of 75 - Olive Wood - Beautiful! -Damascus - Gibeon,499.99,2020-09-12,,,WorthPoint
gibeon-meteorite,Beautiful Etched GIBEON Meteorite Ring I Size 9 - TOP METEORITE Jewelry,60,2020-09-09,,,WorthPoint
gibeon-meteorite,Small Gibeon Meteorite Piece 14.2 Grams - Nice Piece With Lots Of Character,50,2020-09-05,14.2,3.52,WorthPoint
gibeon-meteorite,1836 GIBEON METEORITE ETCHED SPHERE 14mm 12.2 Grams OCTAHEDRITE WIDMANSTATTEN,48,2020-08-31,1836,0.03,WorthPoint
gibeon-meteorite,Beautiful Etched GIBEON Meteorite Ring I Size 9 - Meteorite Jewelry - TOP,80,2020-08-28,,,WorthPoint
gibeon-meteorite,Meteorite Jewelry Gibeon Meteorite Pendant 925 Silver,150,2020-08-23,,,WorthPoint
gibeon-meteorite,Gibeon. 34.0 Gram Slice Showing Widsmatten Pattern,28,2020-08-20,34,0.82,WorthPoint
gibeon-meteorite,Beautiful Large 204 Gm Etched Gibeon Meteorite Slice From Namibia,917.1,2020-08-18,204,4.5,WorthPoint
gibeon-meteorite,George Muller Custom Ll-x Art Folder ~ Fossil Mammoth ~ Meteorite ~ Damasteel!,599,2020-08-18,,,WorthPoint
gibeon-meteorite,Beautiful Large 578 Gm Gibeon Meteorite Slab From Namibia,1034.1,2020-08-12,578,1.79,WorthPoint
gibeon-meteorite,Vintage Custom George Muller Damascus Knife Meteorite Bolsters Abalone Titanium,875,2020-08-10,,,WorthPoint
gibeon-meteorite,BONHAMS Natural History - Bolca Madagascar Great Elephant Bird Meteorite,14.95,2020-08-04,,,WorthPoint
gibeon-meteorite,Beautiful Huge 680 Gm Gibeon Meteorite From Namibia ;1.5 Pounds; Museum Gd,1211.63,2020-08-03,680,1.78,WorthPoint
gibeon-meteorite,Gibeon Meteorite Slice Widmanstatten Pattern Etched Specimen 13.5 Grams N24,38.5,2020-08-02,13.5,2.85,WorthPoint
gibeon-meteorite,Gorgeous Etched Gibeon Iron Meteorite Thin Slice #110 Beautiful Etch 4 Jewelry!,169.95,2020-08-01,,,WorthPoint
gibeon-meteorite,Beautiful Large 608 Gm Gibeon Meteorite End Cut From Namibia,1075.5,2020-07-26,608,1.77,WorthPoint
gibeon-meteorite,GORGEOUS ~768g ETCHED GIBEON IRON METEORITE THICK FULL SLICE SLAB BRILLIANT ETCH,3739.65,2020-07-23,768,4.87,WorthPoint
gibeon-meteorite,"Gibeon Meteorite Letter Opener, 6 7/8"" 56grams",239,2020-07-17,56,4.27,WorthPoint
gibeon-meteorite,Beautiful Large 500 Gm Gibeon Meteorite Slab From Namibia,899.1,2020-07-14,500,1.8,WorthPoint
gibeon-meteorite,1836 GIBEON METEORITE ETCHED SPHERE 16.3mm 18.5 Grams OCTAHEDRITE WIDMANSTATTEN,68,2020-07-05,1836,0.04,WorthPoint
gibeon-meteorite,Gorgeous Etched Gibeon Iron Meteorite Thin Slice #108 Beautiful Etch 4 Jewelry!,148.73,2020-06-24,,,WorthPoint
gibeon-meteorite,"William Henry SPEARPOINT SPATIAL Knife - RETAIL $ 3,800",2800,2020-06-17,,,WorthPoint
gibeon-meteorite,"Superb Gibeon Meteorite Iron From Namibia. 4-3/4"" X 4"" End-cut 35.4 Oz, 1004 Gm",1425,2020-06-03,1004,1.42,WorthPoint
gibeon-meteorite,Gibeon Meteorite Slice 24.9mm,49,2020-05-31,,,WorthPoint
gibeon-meteorite,A Gibeon Meteorite 2724 Gram Partial End Cut,2500,2020-05-19,2724,0.92,WorthPoint
gibeon-meteorite,BUTTERFIELDS Natural History - Giant Saber Tooth Tiger Skull,19.95,2020-05-16,,,WorthPoint
gibeon-meteorite,2 Gibeon Meteorite Necklaces,40,2020-05-06,2,20,WorthPoint
gibeon-meteorite,A Superb Gibeon Meteorite 274 Gram Full Slice,685.5,2020-05-01,274,2.5,WorthPoint
gibeon-meteorite,Gibeon Iron Meteorite 449 Grams,650,2020-05-01,449,1.45,WorthPoint
gibeon-meteorite,Gibeon Meteorite Etched Part Slice 12 Grams Nice Etching & Exposed Crust Namibia,32.99,2020-04-30,12,2.75,WorthPoint
gibeon-meteorite,Gibeon Meteorite Full Slice 411.2 Grams,1150,2020-04-30,411.2,2.8,WorthPoint
gibeon-meteorite,Gibeon Meteorite-30.7g. Unique Configuration...excellent For Anyone's Collection,135,2020-04-28,30.7,4.4,WorthPoint
gibeon-meteorite,A Superb Gibeon Meteorite 322 Gram Full Slice,850,2020-04-26,322,2.64,WorthPoint
gibeon-meteorite,Large Gibeon Meteorite 302g Nickel- Iron Namibia Africa Nice Uncut Hand Size,349.8,2020-04-13,302,1.16,WorthPoint
gibeon-meteorite,Gibeon Meteorite Slice Etched,1330,2020-04-11,,,WorthPoint
gibeon-meteorite,GIBEON Meteorite KILLER Etched Full Slice 108.3 G.,275,2020-04-08,108.3,2.54,WorthPoint
gibeon-meteorite,GORGEOUS 173g ETCHED GIBEON METEORITE PART SLICE W/ BRILLIANT ETCH!!! BEAUTIFUL!,265,2020-04-07,173,1.53,WorthPoint
gibeon-meteorite,"WILLIAM HENRY KNIFE Galactica B05 Limited Edition, Only 50 Made! Twist Damascus",1999,2020-04-04,,,WorthPoint
gibeon-meteorite,"Gibeon Meteorite Ring Size 8 Finely Etched Iron, IVA Octahedrite",106,2020-03-30,,,WorthPoint
gibeon-meteorite,Gibeon Iron Meteorite 1280 Grams,1995,2020-03-26,1280,1.56,WorthPoint
gibeon-meteorite,Gibeon Meteorite Cut And Etched Fragment In Collectors Box,29.99,2020-03-16,,,WorthPoint
gibeon-meteorite,"NA-Fluorbritholite, Thorite, Basnasite, Allanite, Uraninite In Yttrofluorite. Near Jamestown Boulder County Colorado.",644,2020-03-08,,,WorthPoint
gibeon-meteorite,Beautiful Large 424 Gm Gibeon Meteorite Slab From Namibia,764.1,2020-03-02,424,1.8,WorthPoint
gibeon-meteorite,Gibeon Meteorite Slice 20g Namibia,17.5,2020-02-29,20,0.88,WorthPoint
gibeon-meteorite,1119 Gram (2.5 Pounds) Gibeon Meteorite,1958,2020-02-23,1119,1.75,WorthPoint
gibeon-meteorite,Beautiful Unique Huge 2.394 Kgm Gibeon Meteorite From Namibia ; 5.4 Pounds,4316.4,2020-02-17,2394,1.8,WorthPoint
gibeon-meteorite,3 Gibeon Meteorite Spheres Lot,900,2020-02-14,3,300,WorthPoint
gibeon-meteorite,"Gibeon Meteorite Slice, Manufacturing Remnants,great For Jewelry.",33.89,2020-02-13,,,WorthPoint
gibeon-meteorite,Gibeon Meteorite Sphere 1 Inch Diameter,300,2020-01-29,,,WorthPoint
gibeon-meteorite,Gibeon Meteorite Skull 4 Grams AMAZING ETCH,133,2020-01-25,4,33.25,WorthPoint
gibeon-meteorite,GIBEON Meteorite KILLER Etched Coin Slice 18.4 G. 26x4 Mm,125,2020-01-19,18.4,6.79,WorthPoint
gibeon-meteorite,Gibeon Meteorite Skull 11.9 Grams AMAZING ETCH,370,2020-01-16,11.9,31.09,WorthPoint
gibeon-meteorite,"GIBEON METEORITE, Namibia, S.W. Africa 5.9 Grams",12,2020-01-16,5.9,2.03,WorthPoint
gibeon-meteorite,Gibeon Meteorite Money Clip,154,2019-12-12,,,WorthPoint
gibeon-meteorite,Gibeon Meteorite Cufflinks,400,2019-12-12,,,WorthPoint
gibeon-meteorite,"Gibeon Meteorite,",32.61,2019-12-10,,,WorthPoint
gibeon-meteorite,Gibeon Meteorite Skull 4.3 Grams AMAZING ETCH,135,2019-12-08,4.3,31.4,WorthPoint
gibeon-meteorite,Beautiful Large 262 Gm Gibeon Meteorite End Cut From Namibia,449.1,2019-12-06,262,1.71,WorthPoint
gibeon-meteorite,Beautiful Large 220 Gm Etched Gibeon Meteorite Slice From Namibia,863.1,2019-12-06,220,3.92,WorthPoint
gibeon-meteorite,Gibeon Iron Meteorite Cabochon WIDMANSTATTEN Jewelry PENTAGON Pendant Wire-wrap,98,2019-12-05,,,WorthPoint
gibeon-meteorite,BUTTERFIELDS Natural History â€“ Giant Saber Tooth Tiger Skull,19.95,2019-12-04,,,WorthPoint
gibeon-meteorite,Beautiful Large 206 Gm Etched Gibeon Meteorite Slice From Namibia,827.1,2019-11-30,206,4.02,WorthPoint
gibeon-meteorite,Beautiful Large 168 Gm Etched Gibeon Meteorite Slice From Namibia,719.1,2019-11-27,168,4.28,WorthPoint
gibeon-meteorite,Gorgeous Etched Gibeon Iron Meteorite Thin Slice #105 Beautiful Etch 4 Jewelry,127.6,2019-11-25,,,WorthPoint
gibeon-meteorite,"1/4 Kg. Meteorite Saw Dust; Muonionalusta, Campo And Gibeon Dust; 250 Gms",30,2019-11-20,250,0.12,WorthPoint
gibeon-meteorite,Gorgeous Etched Gibeon Iron Meteorite Thin Slice #102 Beautiful Etch 4 Jewelry!,127.6,2019-11-17,,,WorthPoint
gibeon-meteorite,Three Meteorite Specimens,507.88,2019-11-16,,,WorthPoint
gibeon-meteorite,TERRIFIC PERFECT DEEP ETCHED GIBEON METEORITE NAMIBIA HUGE PENDANT SLICE 22x19mm,50,2019-11-13,,,WorthPoint
gibeon-meteorite,"William Henry Knife B06 Gamma With COA (19/25) Meteorite, Damascus And Sapphire.",900,2019-11-13,6,150,WorthPoint
gibeon-meteorite,GORGEOUS 53g LOT ETCHED GIBEON IRON METEORITE ROUND BEAUTIFUL ETCH FOR JEWELRY!,255.73,2019-11-11,53,4.83,WorthPoint
gibeon-meteorite,Gibeon Meteorite Bead Bracelet. 136.5 Carats Of Meteorite.,100,2019-11-08,,,WorthPoint
gibeon-meteorite,Beautiful Large 442 Gm Gibeon Meteorite Slab From Namibia,719.1,2019-11-08,442,1.63,WorthPoint
gibeon-meteorite,GORGEOUS 25g ETCHED GIBEON IRON METEORITE ROUND BEAUTIFUL ETCH FOR JEWELRY!,128.4,2019-11-06,25,5.14,WorthPoint
gibeon-meteorite,Gibeon Meteorite 8-sided Crystal - 19.1 Grams - Iron Meteorite Namibia,450,2019-11-03,19.1,23.56,WorthPoint
gibeon-meteorite,Etched GIBEON IRON METEORITE 7.53g Circular Disc Jewelry Widmanstatten Pattern,55,2019-10-29,7.53,7.3,WorthPoint
gibeon-meteorite,Kestrel Eclipse Knife By William Henry,2250,2019-10-28,,,WorthPoint
gibeon-meteorite,"CHRISTIEâ€™S Scientific, Medical And Engineering Works Of Art And Natural History",11,2019-10-24,,,WorthPoint
gibeon-meteorite,Gorgeous Etched Gibeon Iron Meteorite Thin Slice #101 Beautiful Etch 4 Jewelry!,170.13,2019-10-16,,,WorthPoint
gibeon-meteorite,Beautiful Large 775 Gm Gibeon Meteorite Slab From Namibia,1394.1,2019-10-14,775,1.8,WorthPoint
gibeon-meteorite,"Meteorites: Allende, Gibeon, Canyon Diablo, Indochinite, Moldavite",35,2019-10-11,,,WorthPoint
gibeon-meteorite,Gibeon Meteorite Endcut - 92 Grams - Iron Meteorite Namibia,460,2019-10-10,92,5,WorthPoint
gibeon-meteorite,"Sculpted Meteorite Skull No 24-34g, Lee Downey",437.5,2019-10-05,34,12.87,WorthPoint
gibeon-meteorite,"Sculpted Meteorite Skull No 14-34g, Lee Downey",406.25,2019-10-05,34,11.95,WorthPoint
gibeon-meteorite,"Sculpted Meteorite Skull No 21-24g, Lee Downey",343.75,2019-10-05,24,14.32,WorthPoint
gibeon-meteorite,George Muller Custom Meteorite And Abalone Damascus Folder Knife W/Sheath *RARE*,328.97,2019-10-04,,,WorthPoint
gibeon-meteorite,Gibeon Meteorite Cube,12500,2019-09-28,,,WorthPoint
gibeon-meteorite,Beautiful Large 296 Gm Etched Gibeon Meteorite Slice From Namibia,1169.1,2019-09-20,296,3.95,WorthPoint
gibeon-meteorite,AMAZING Carved Gibeon Meteorite Skull Skulls Carving,435,2019-09-20,,,WorthPoint
gibeon-meteorite,OUTSTANDING PERFECT ETCHED GIBEON METEORITE NAMIBIA PENDANT SLICE 23.5x6.4mm NEW,22,2019-09-03,,,WorthPoint
gibeon-meteorite,"Gibeon Iron Meteorite (IVA), 1260 G., Beautiful Regmaglypted Hand Specimen",2095,2019-09-01,1260,1.66,WorthPoint
gibeon-meteorite,THORS AXE SUPERMAN TRIANGLE 11.5gm ETCHED GIBEON METEORITE PENDANT SLICE 29x27mm,65,2019-08-31,11.5,5.65,WorthPoint
gibeon-meteorite,Gibeon Meteorite Skull 96.1 Grams AMAZING ETCH,2250,2019-08-24,96.1,23.41,WorthPoint
gibeon-meteorite,Gibeon Iron Sculpted Meteorite! 18g,38,2019-08-19,18,2.11,WorthPoint
gibeon-meteorite,THOR VIKING HAMMER AXE ETCHED COPPER GIBEON METEORITE HUGE PENDANT SLICE 18x14mm,75,2019-08-18,,,WorthPoint
gibeon-meteorite,+++ 80.8 Gram Rare Gibeon Meteorite With Natural Hole Namibia +++,550,2019-08-18,80.8,6.81,WorthPoint
gibeon-meteorite,Gibeon Meteorite Namibia South Africa Nama Land 27.1g,96,2019-08-18,27.1,3.54,WorthPoint
gibeon-meteorite,"Gibeon Iron Meteorite 16.23 Lbs, 7361 Grams",10000,2019-08-14,7361,1.36,WorthPoint
gibeon-meteorite,498 Gram - GIBEON METEORITE INDIVIDUAL - GREAT FOR JEWELRY!,760,2019-08-13,498,1.53,WorthPoint
gibeon-meteorite,GIBEON Meteorite KILLER Etched Cabochon Chunk 16.80 G. 20x18x11 Mm,50,2019-08-12,16.8,2.98,WorthPoint
gibeon-meteorite,THORâ€™S HAMMER VIKING AXE FULLY ETCHED GIBEON METEORITE 8.7gm PENDANT 33x18x4mm,29.99,2019-08-03,8.7,3.45,WorthPoint
gibeon-meteorite,"GIBEON METEORITE SLICE 133.9g, Nice Pattern And Condition!",343,2019-08-02,133.9,2.56,WorthPoint
gibeon-meteorite,Handmade Gibeon Meteorite Knife W/ Mammoth Fossil Grip - Randy Larsen - Made USA,3500,2019-08-02,,,WorthPoint
gibeon-meteorite,Gibeon Meteorite Skull 8.5 Grams AMAZING ETCH,261,2019-07-29,8.5,30.71,WorthPoint
gibeon-meteorite,MICRO CHIP DOUBLE ETCHED GIBEON METEORITE NAMIBIA HUGE PENDANT SLICE 25x14mm NEW,35,2019-07-28,,,WorthPoint
gibeon-meteorite,LARGE 2-SIDED 12.5gm ETCHED GIBEON METEORITE ORNAMENT PENDANT SLICE 39x19x4.5mm,40,2019-07-28,12.5,3.2,WorthPoint
gibeon-meteorite,"Large GIBEON Meteorite Display Specimen 25.49 Grams, Great For Jewelry!!!",49.95,2019-07-21,25.49,1.96,WorthPoint
gibeon-meteorite,Gibeon Meteorite & Woolly Mammoth Knife,1525,2019-07-20,,,WorthPoint
gibeon-meteorite,Beautiful Large 314 Gm Etched Gibeon Meteorite End Cut From Namibia,809.1,2019-07-18,314,2.58,WorthPoint
gibeon-meteorite,STUNNING PERFECT DEEP ETCHED GIBEON METEORITE NAMIBIA HUGE PENDANT SLICE 23x16mm,30,2019-07-17,,,WorthPoint
gibeon-meteorite,Gibeon Meteorite Skull 4.8 Grams AMAZING ETCH,150,2019-07-09,4.8,31.25,WorthPoint
gibeon-meteorite,Gibeon Meteorite Skull 17.8 Grams AMAZING ETCH,435.2,2019-07-06,17.8,24.45,WorthPoint
gibeon-meteorite,"GENUINE Gibeon Nickel Iron Meteorite Pendant RARE~~~!!""",250,2019-07-06,,,WorthPoint
gibeon-meteorite,BEAUTIFUL PERFECT DEEP ETCHED GIBEON METEORITE NAMIBIA HUGE PENDANT SLICE 18x8mm,20,2019-07-04,,,WorthPoint
gibeon-meteorite,Gorgeous Etched Gibeon Iron Meteorite Thin Slice #113 Beautiful Etch 4 Jewelry!,159,2019-07-04,,,WorthPoint
gibeon-meteorite,Gorgeous Etched Gibeon Iron Meteorite Thin Slice #112 Beautiful Etch 4 Jewelry!,159,2019-06-30,,,WorthPoint
gibeon-meteorite,Beautiful Large 186 Gm Etched Gibeon Meteorite End Cut From Namibia,494.1,2019-06-21,186,2.66,WorthPoint
gibeon-meteorite,BEAUTIFUL PERFECT DEEP ETCHED GIBEON METEORITE TEAR PENDANT SLICE 15x10x2mm NEW,19.99,2019-06-20,,,WorthPoint
gibeon-meteorite,Gibeon Meteorite 26.5 G Grams Namibia,75,2019-06-11,26.5,2.83,WorthPoint
gibeon-meteorite,Gibeon Awesome Octahederal Meteorite!!!,45,2019-06-02,,,WorthPoint
gibeon-meteorite,Rare Boker Meteorite Damascus Limited Edition Made In Germany Solingen,589,2019-06-01,,,WorthPoint
gibeon-meteorite,Gibeon Meteorite Slice With Outer Crust - 33.8g,65,2019-05-31,33.8,1.92,WorthPoint
gibeon-meteorite,Genuine Solid Gibeon Meteorite Ring Wedding Band Sz 6 FINAL REDUCTION,80,2019-05-30,,,WorthPoint
gibeon-meteorite,Uniquely Sculpted Gibeon Meteorite. 8.722 Kilos.,10000,2019-05-30,,,WorthPoint
gibeon-meteorite,Gibeon Meteorite Pendant (rustic),75,2019-05-29,,,WorthPoint
gibeon-meteorite,"Custom Gibeon Meteorite Bowie Knife, 14KT Gold Bear, Diamond Eyes",6500,2019-05-29,,,WorthPoint
gibeon-meteorite,Gorgeous 53g Uncut Gibeon Meteorite,65,2019-05-24,53,1.23,WorthPoint
gibeon-meteorite,GIBEON IRON METEORITE Etched Sphere Hand Carved Specimen AUTHENTIC,99.95,2019-05-23,,,WorthPoint
gibeon-meteorite,CHRISTIEâ€™S Meteorites â€“ Martian Meteorite Zagami,19.95,2019-05-21,,,WorthPoint
gibeon-meteorite,"Gibeon Meteorite Large Watch, All Titanium Case, Stainless Steel Mesh Band - NR!",99.99,2019-05-18,,,WorthPoint
gibeon-meteorite,Boker Handmade Meteorite Damascus Folding Knife,221,2019-05-17,,,WorthPoint
gibeon-meteorite,Gorgeous Etched Gibeon Iron Meteorite Thin Slice #103 Beautiful Etch 4 Jewelry,159,2019-05-15,,,WorthPoint
gibeon-meteorite,Gibeon Meteorite Big Etched Slab!!,79,2019-05-13,,,WorthPoint
gibeon-meteorite,Gibeon Superb Octahederal Meteorite!!!,71,2019-04-29,,,WorthPoint
gibeon-meteorite,ASTOUNDING PERFECT 3gm ETCHED GIBEON METEORITE NAMIBIA PENDANT SLICE 21x15mm NEW,50,2019-04-22,3,16.67,WorthPoint
gibeon-meteorite,Beautiful Large 454 Gm Etched Gibeon Meteorite End Cut From Namibia,750,2019-04-22,454,1.65,WorthPoint
gibeon-meteorite,GIBEON IRON METEORITE Etched Bead Sphere Hand Carved Specimen AUTHENTIC,11,2019-04-19,,,WorthPoint
gibeon-meteorite,"""gibeon Meteorite"" Widmanstatten Crystal ~ 42 Grams ~ Nama Namibia, South Africa",200,2019-04-17,42,4.76,WorthPoint
gibeon-meteorite,Beautiful Huge 5.270 Kgm Gibeon Full Iron Meteorite From Namibia ; 11.6 Pounds,8500,2019-04-13,5270,1.61,WorthPoint
gibeon-meteorite,Uniquely Sculpted Gibeon Meteorite. 9.6 Kilos.,13000,2019-04-12,,,WorthPoint
gibeon-meteorite,Awesome Gibeon Meteorite 551.5 Gram Slice,1199,2019-04-08,551.5,2.17,WorthPoint
gibeon-meteorite,Beautiful Large 212 Gm Etched Gibeon Meteorite Slice From Namibia,836.1,2019-04-08,212,3.94,WorthPoint
gibeon-meteorite,Beautiful Large 132 Gm Etched Gibeon Meteorite Slice From Namibia,629.1,2019-04-08,132,4.77,WorthPoint
gibeon-meteorite,GORGEOUS ~158g ETCHED GIBEON IRON METEORITE FULL SLICE W/ BRILLIANT ETCH!!!,720,2019-04-08,158,4.56,WorthPoint
gibeon-meteorite,GORGEOUS 252g ETCHED GIBEON IRON METEORITE PART SLICE W/ BRILLIANT ETCH!!!,1095,2019-04-08,252,4.35,WorthPoint
gibeon-meteorite,"Gibeon Meteorite Etched Sphere 51.7 Grams, 23 Mm",81,2019-04-05,51.7,1.57,WorthPoint
gibeon-meteorite,"Gibeon Meteorite Etched Sphere 35.7 Grams, 20.2mm",76,2019-04-05,35.7,2.13,WorthPoint
gibeon-meteorite,"Gibeon Meteorite Etched Sphere 17.0 Grams, 15.8mm",37,2019-04-05,17,2.18,WorthPoint
gibeon-meteorite,"Gibeon Meteorite Guitar Pick"" Diamond Cut, ""The Ultimate Rock Star Pick"" Display",169.95,2019-04-02,,,WorthPoint
gibeon-meteorite,Lovely Gibeon Meteorite Specimen On Stand- 10.1 Grams- Vintage Estate Find.,102.5,2019-04-01,10.1,10.15,WorthPoint
gibeon-meteorite,Beautiful Large 112 Gm Etched Gibeon Meteorite End Cut From Namibia,329,2019-03-31,112,2.94,WorthPoint
gibeon-meteorite,Fantastic ! Gibeon Meteorite. 3.36kilos.,621,2019-03-27,,,WorthPoint
gibeon-meteorite,MINTY QUARTER SIZE 9.3gm ETCHED GIBEON METEORITE PENDANT COIN SLICE 23.7 X 3.4mm,80,2019-03-24,9.3,8.6,WorthPoint
gibeon-meteorite,GIBEON Meteorite KILLER Etched Coin Slice 1.1 G. 9x2 Mm,11,2019-03-24,1.1,10,WorthPoint
gibeon-meteorite,Gibeon Iron Meteorite 10.12g Natural Patina Individual,20,2019-03-23,10.12,1.98,WorthPoint
gibeon-meteorite,Beautiful Huge 2490 Gm Gibeon Museum Grade Meteorite From Namibia ; 5.5+ Pounds,3560.76,2019-03-22,2490,1.43,WorthPoint
gibeon-meteorite,Beautiful Large 162 Gm Etched Gibeon Meteorite Slice From Namibia,629.1,2019-03-22,162,3.88,WorthPoint
gibeon-meteorite,GORGEOUS 20g ETCHED GIBEON IRON METEORITE ROUND BEAUTIFUL ETCH 4 JEWELRY!,79.95,2019-03-15,20,4,WorthPoint
gibeon-meteorite,Starborn Creations Genuine Gibeon Meteorite Dust Filled Pendant EP00203,39,2019-03-13,,,WorthPoint
gibeon-meteorite,Beautiful Huge 2490 Kgm Gibeon Meteorite From Namibia ; 5.5 Pounds,3400,2019-03-12,,,WorthPoint
gibeon-meteorite,Beautiful Large 100 Gm Etched Gibeon Meteorite Slice From Namibia,404.1,2019-03-09,100,4.04,WorthPoint
gibeon-meteorite,GIBEON Meteorite KILLER Etched Coin Slice 4.0 G. 13x4 Mm,30,2019-03-07,4,7.5,WorthPoint
gibeon-meteorite,"Killer Gibeon Meteorite Slice! 12 Grams, Nice Etch, Perfect For Jewelry, Namibia",59.99,2019-03-06,12,5,WorthPoint
gibeon-meteorite,GIBEON Meteorite KILLER Etched Coin Slice 14.6 G. 23x3-6 Mm,75,2019-03-03,14.6,5.14,WorthPoint
gibeon-meteorite,Gibeon Meteorite Pendant Made By Meteorites Plus Sterling Silver Backing,52,2019-03-03,,,WorthPoint
gibeon-meteorite,BEAUTIFUL PERFECT 3.3gm ETCHED GIBEON METEORITE NAMIBIA PENDANT SLICE 18x7mm NEW,90,2019-03-02,3.3,27.27,WorthPoint
gibeon-meteorite,GIBEON Meteorite KILLER Etched Coin Slice 1.2 G. 9x2 Mm,11,2019-03-02,1.2,9.17,WorthPoint
gibeon-meteorite,"Gibeon Meteorite, THICK Part Slice! 365.9g, Stunning Etch! Stabilized!",595,2019-03-01,365.9,1.63,WorthPoint
gibeon-meteorite,GIBEON Meteorite KILLER Etched Coin Slice 4.8 G. 25x1 Mm,50,2019-03-01,4.8,10.42,WorthPoint
gibeon-meteorite,"Gibeon Meteorite, Large Part Slice! 52.8g, Stunning Etch!",85,2019-02-27,52.8,1.61,WorthPoint
gibeon-meteorite,"Gibeon Meteorite, THICK Part Slice! 253.8g, Stunning Etch! Stabilized!",350,2019-02-26,253.8,1.38,WorthPoint
gibeon-meteorite,730 Gram - GIBEON METEORITE INDIVIDUAL - GREAT FOR JEWELRY!,1050,2019-02-26,730,1.44,WorthPoint
gibeon-meteorite,350 Gram - GIBEON METEORITE FULL SLICE - GREAT FOR JEWELRY!,450,2019-02-24,350,1.29,WorthPoint
gibeon-meteorite,GIBEON Meteorite KILLER Etched Coin Slice 1.1 G. 12x1 Mm,12,2019-02-20,1.1,10.91,WorthPoint
gibeon-meteorite,Gorgeous Etched Gibeon Iron Meteorite Thin Slice #109 Beautiful Etch 4 Jewelry!,169,2019-02-19,,,WorthPoint
gibeon-meteorite,GIBEON Meteorite KILLER Etched Coin Slice 1.3 G. 9x2 Mm,12,2019-02-18,1.3,9.23,WorthPoint
gibeon-meteorite,Beautiful Large 133 Gram Etched Gibeon Meteorite Slice,200,2019-02-16,133,1.5,WorthPoint
gibeon-meteorite,GIBEON Meteorite KILLER Etched Coin Slice 1.0 G. 10x1 Mm,11,2019-02-16,1,11,WorthPoint
gibeon-meteorite,Beautiful Large 312 Gm Etched Gibeon Meteorite Slice From Namibia,701.1,2019-02-15,312,2.25,WorthPoint
gibeon-meteorite,Beautiful Large 88 Gm Etched Gibeon Meteorite Slice From Namibia,349,2019-02-04,88,3.97,WorthPoint
gibeon-meteorite,Beautiful And Unique GIBEON IRON NICKEL METEORITE RING.,50,2019-01-18,,,WorthPoint
gibeon-meteorite,GIBEON METEORITE - INCREDIBLE MUSEUM QUALITY - COLLECTOR SIZE (364.6 Grams),800,2019-01-06,364.6,2.19,WorthPoint
gibeon-meteorite,Gibeon Iron Ladies Grade AAA+Meteorite Quartz Watch VERY UNIQUE~~WidmanstÃ¤tten!,99,2019-01-03,,,WorthPoint
gibeon-meteorite,AMAZING Gibeon Iron Meteorite Cube ETCHED SLICE WIDMANSTATTEN Specimen Carving,106.25,2018-12-31,,,WorthPoint
gibeon-meteorite,Beautiful Large 78 Gm Etched Gibeon Meteorite Slice From Namibia,349,2018-12-31,78,4.47,WorthPoint
gibeon-meteorite,Gibeon Meteroite,8125,2018-12-15,,,WorthPoint
gibeon-meteorite,Dinosaur Bone & Gibeon Meteorite Dagger,2125,2018-12-15,,,WorthPoint
gibeon-meteorite,Beautiful Large 58 Gm Etched Gibeon Meteorite Slice From Namibia,239,2018-12-10,58,4.12,WorthPoint
gibeon-meteorite,A Gentleman''s Wristwatch Inlaid With A Gold-Plated Gibeon Meteorite Slice,937.5,2018-12-09,,,WorthPoint
gibeon-meteorite,GIBEON Meteorite KILLER Etched Coin Slice 3.86 G. 4x12 Mm,28,2018-12-09,3.86,7.25,WorthPoint
gibeon-meteorite,"Boker Rare Collectors Knife (1 Of 75) ""Gibeon"" Meteorite, 25th Commerative Anniv",374.99,2018-12-06,,,WorthPoint
gibeon-meteorite,Gorgeous Etched Gibeon Iron Meteorite Thin Slice #104 Beautiful Etch 4 Jewelry!,159,2018-12-04,,,WorthPoint
gibeon-meteorite,1280 Gram Gibeon Meteorite With Nice Shape And Scoop - Namibia Whole Individual,2500,2018-12-03,1280,1.95,WorthPoint
gibeon-meteorite,Beautiful 292 Gm Etched Gibeon Meteorite Lot Of Cut Pieces From Namibia,499,2018-12-02,292,1.71,WorthPoint
gibeon-meteorite,Beautiful Large 176 Gm Etched Gibeon Meteorite Slice From Namibia,631.2,2018-11-22,176,3.59,WorthPoint
gibeon-meteorite,"Meteorite Knife - Gibeon, Widmanstatten Pattern, 1836 Namibia, Hardwood Handle",445,2018-11-20,,,WorthPoint
gibeon-meteorite,Beautiful Large 191 Gm Etched Gibeon Meteorite Slice From Namibia,599.2,2018-11-19,191,3.14,WorthPoint
gibeon-meteorite,HERITAGE Natural History Auction â€“ Fluorite Gibeon Meteorite Fossil Garfish Gree,19.95,2018-11-19,,,WorthPoint
gibeon-meteorite,Incredible GIBEON METEORITE (11 Pounds 13.6 Oz) 5375.16 Grams,3000,2018-11-16,5375.16,0.56,WorthPoint
gibeon-meteorite,Gibeon Meteorite Etched Slab,17,2018-11-14,,,WorthPoint
gibeon-meteorite,Gibeon Meteorite Jewelry Meteorite Pendant Spmt 1042-A,149.6,2018-11-09,,,WorthPoint
gibeon-meteorite,Gibeon Meteorite Bracelet,199,2018-11-08,,,WorthPoint
gibeon-meteorite,Gibeon Meteorite Displaying Crystal Structure,40,2018-11-07,,,WorthPoint
gibeon-meteorite,"Gibeon Meteorite, 8713g Uncut, Particularly Nice 3D Sculptural Form, Sits 4 Ways",10000,2018-10-30,8713,1.15,WorthPoint
gibeon-meteorite,"9.7 Gram Gibeon Meteorite - Etched Slice - From Namibia, South Africa",25.5,2018-10-24,9.7,2.63,WorthPoint
gibeon-meteorite,Gibeon Meteorite Slice 161 Gr,321,2018-10-23,161,1.99,WorthPoint
gibeon-meteorite,Lovely Gibeon Meteorite Slice From Africa- 13.1 Grams- Vintage Estate Find,28,2018-10-20,13.1,2.14,WorthPoint
gibeon-meteorite,"10.1 Gram Gibeon Meteorite - Etched Slice - From Namibia, South Africa",25.5,2018-10-18,10.1,2.52,WorthPoint
gibeon-meteorite,2005 Boker 25th Anniversary 300 Layer Damascus METORITE Knife Amboina Rare New,428.95,2018-10-14,,,WorthPoint
gibeon-meteorite,WðŸ˜€W!! FANTASTIC ETCHED GIBEON METEORITE 40 Gr SLICE,150,2018-10-11,40,3.75,WorthPoint
gibeon-meteorite,"Gibeon Meteorite. 1900 Gr ,cut On 2 Sides, Nice Pattern, Old Collection $1.50/gr",2850,2018-10-10,1900,1.5,WorthPoint
gibeon-meteorite,"10.9 Gram Gibeon Meteorite - Etched Slice - From Namibia, South Africa",20,2018-10-07,10.9,1.83,WorthPoint
gibeon-meteorite,"11.4 Gram Gibeon Meteorite - Etched Slice - From Namibia, South Africa",30,2018-10-07,11.4,2.63,WorthPoint
gibeon-meteorite,"13.7 Gram Gibeon Meteorite - Etched Slice - From Namibia, South Africa",30,2018-10-07,13.7,2.19,WorthPoint
gibeon-meteorite,"128.2 Gram Gibeon Meteorite - Etched Thick Circle - From Namibia, South Africa",250,2018-10-06,128.2,1.95,WorthPoint
gibeon-meteorite,Gibeon Iron Meteorite Cabochon WIDMANSTATTEN PATTERN Jewelry Wire-Wrap Pendant,63.75,2018-09-30,,,WorthPoint
gibeon-meteorite,Gibeon Meteorite Jewelry Meteorite Pendant #7,113,2018-09-28,,,WorthPoint
gibeon-meteorite,GIBEON Meteorite KILLER Etched Coin Slice 2.55 G. 3x11 Mm,20,2018-09-27,2.55,7.84,WorthPoint
gibeon-meteorite,Beautiful 13 Gm Etched Gibeon Meteorite Triple Cut From Namibia,39,2018-09-27,13,3,WorthPoint
gibeon-meteorite,"20.5 Gram Gibeon Meteorite - Etched Slice - From Namibia, South Africa",40,2018-09-24,20.5,1.95,WorthPoint
gibeon-meteorite,Beautiful Large 139 Gm Etched Gibeon Meteorite Slice From Namibia,511.2,2018-09-17,139,3.68,WorthPoint
gibeon-meteorite,Beautiful 13 Gm Etched Gibeon Meteorite Slice From Namibia,39,2018-09-17,13,3,WorthPoint
gibeon-meteorite,Gibeon Iron Meteorite 10.57g Natural Patina Individual,20,2018-09-15,10.57,1.89,WorthPoint
gibeon-meteorite,Beautiful Large 232 Gm Etched Gibeon Meteorite Slice From Namibia,509,2018-09-12,232,2.19,WorthPoint
gibeon-meteorite,Gibeon Polished And Etched Meteorite Space Ball Sphere From Namibia 38 Grams,230,2018-09-02,38,6.05,WorthPoint
gibeon-meteorite,Nice Gibeon Iron Meteorite 4 Gram Mineral Specimen Shooting Star Asteroid #B,19.99,2018-08-31,4,5,WorthPoint
gibeon-meteorite,Beautiful Large 290 Gm Etched Gibeon Meteorite Slice From Namibia,639,2018-08-30,290,2.2,WorthPoint
gibeon-meteorite,Beautiful And Unique GIBEON IRON NICKEL METEORITE RING A2,26,2018-08-25,,,WorthPoint
gibeon-meteorite,Gibeon Iron Meteorite-found In Nambia-stunning Widmanstatten Etch,119.5,2018-08-24,,,WorthPoint
gibeon-meteorite,18mm Gibeon Meteorite Flower Of Life 925 Sterling Silver Pendant Flor De La Vida,155,2018-08-23,,,WorthPoint
gibeon-meteorite,Beautiful Large 320 Gm Etched Gibeon Meteorite End Cut From Namibia,799.2,2018-08-20,320,2.5,WorthPoint
gibeon-meteorite,Gibeon Iron Meteorite ~ Crystal Structure!,10,2018-08-19,,,WorthPoint
gibeon-meteorite,Woolly Mammoth Tooth & Gibeon Meteorite Knife,2125,2018-08-18,,,WorthPoint
gibeon-meteorite,Gibeon Meteorite Dog Tag Pendant,575,2018-08-18,,,WorthPoint
gibeon-meteorite,Sculptural Gibeon Meteorite,6875,2018-08-18,,,WorthPoint
gibeon-meteorite,Beautiful And Unique GIBEON IRON NICKEL METEORITE RING W6 Final Sale,110,2018-07-31,,,WorthPoint
gibeon-meteorite,Certified Iron-nickel Polished & Acid Etched Gibeon Meteorite 1.0 Gram (gm1-6),50,2018-07-30,1,50,WorthPoint
gibeon-meteorite,Beautiful And Unique GIBEON IRON NICKEL METEORITE RING W12 FINAL SALE,110,2018-07-30,,,WorthPoint
gibeon-meteorite,36 X 24mm ROSE CROSS GIBEON METEORITE 925 STERLING SILVER PENDANT,169,2018-07-29,,,WorthPoint
gibeon-meteorite,36 X 24mm CROSS GIBEON METEORITE 925 STERLING SILVER PENDANT,169,2018-07-29,,,WorthPoint
gibeon-meteorite,"4.34 Gram GIBEON METEORITE SLICE, LIGHT ETCHING, FREE SHIPPING",14.5,2018-07-24,4.34,3.34,WorthPoint
gibeon-meteorite,Gibeon Meteorite Superb Octahederal Crystal!,28,2018-07-22,,,WorthPoint
gibeon-meteorite,"Gibeon Meteorite! 157.6g, Thick, Etched Part Slice With Crust, Sealed!",249,2018-07-20,157.6,1.58,WorthPoint
gibeon-meteorite,BONHAMS Natural History - World's Most Spectacular Meteorite Fukang,19.95,2018-07-15,,,WorthPoint
gibeon-meteorite,Gibeon Iron Meteorite 18.75g Natural Patina Individual,35,2018-07-14,18.75,1.87,WorthPoint
gibeon-meteorite,Gibeon Iron Meteorite 6.24g Natural Patina Individual,18.5,2018-07-07,6.24,2.96,WorthPoint
gibeon-meteorite,Gibeon Meteorite Sculpted Individuall!,10.01,2018-07-06,,,WorthPoint
gibeon-meteorite,Gibeon Iron Meteorite With Fork!,10.99,2018-07-06,,,WorthPoint
gibeon-meteorite,Gentleman''s Gibeon Meteorite Bracelet,212.5,2018-07-05,,,WorthPoint
gibeon-meteorite,Ladies Gibeon Meteorite Bracelet,275,2018-07-05,,,WorthPoint
gibeon-meteorite,Gibeon Meteorite THICK Octahederal Crystal!,16,2018-07-04,,,WorthPoint
gibeon-meteorite,"HUGE Raw Gibeon Meteorite Slab! 590g Slice, Wholesale Price! Great For Jewelry.",725,2018-07-01,590,1.23,WorthPoint
gibeon-meteorite,Gibeon Meteorite. Iron From Namibia. 360 Grams,1050,2018-06-30,360,2.92,WorthPoint
gibeon-meteorite,Meteorite Muonionalusta 6 Inch Etched Slice.,307,2018-06-30,,,WorthPoint
gibeon-meteorite,"Gibeon Meteorite, Namibia - 11.1 Grams 1-1/4""",29.99,2018-06-28,11.1,2.7,WorthPoint
gibeon-meteorite,Gibeon Meteorite Etched Part Slice 16.4 Grams!,41,2018-06-25,16.4,2.5,WorthPoint
gibeon-meteorite,GIBEON METEORITE 925 STERLING SILVER PENDANT - Mystery,119,2018-06-21,,,WorthPoint
gibeon-meteorite,METEORITE MUONIONALUSTA Silver Coin 5$ Cook Islands 2011,199.95,2018-06-20,,,WorthPoint
gibeon-meteorite,"Gibeon Meteorite - Endcut With WidmanstÃ¤tten Pattern - 80,7 (g)",195,2018-06-19,,,WorthPoint
gibeon-meteorite,Natural Gibeon Meteorite Rectangle Silver Plated Pendant 25x17x3 Mm 9 Grams,115,2018-06-19,9,12.78,WorthPoint
gibeon-meteorite,Gibeon Meteorite Perfect Octahederal Crystal!,17.48,2018-06-18,,,WorthPoint
gibeon-meteorite,Beautiful Large 538 Gm Etched Gibeon Meteorite Slice From Namibia,879.2,2018-06-18,538,1.63,WorthPoint
gibeon-meteorite,Gibeon Meteorite Etched Part Slice 18.5 Grams!,33,2018-06-09,18.5,1.78,WorthPoint
gibeon-meteorite,Gibeon Meteorite Etched Part Slice 19.6 Grams!,35,2018-06-06,19.6,1.79,WorthPoint
gibeon-meteorite,Beautiful Large 74 Gm Etched Gibeon Meteorite Slice From Namibia,239.2,2018-06-05,74,3.23,WorthPoint
gibeon-meteorite,Beautiful Large 742 Gm 9mm Thick Cut Gibeon Meteorite Slice From Namibia,1120,2018-06-04,742,1.51,WorthPoint
gibeon-meteorite,Gibeon Meteorite Etched Part Slice 13.3 Grams!,25,2018-06-02,13.3,1.88,WorthPoint
gibeon-meteorite,Gibeon Meteorite - Octahedrite (IVAB) From Namibia,14.5,2018-05-31,,,WorthPoint
gibeon-meteorite,Gibeon Meteorite Etched Part Slice 16 Grams!,29,2018-05-31,16,1.81,WorthPoint
gibeon-meteorite,Gibeon Meteorite Etched Part Slice 13.2 Grams!,25,2018-05-30,13.2,1.89,WorthPoint
gibeon-meteorite,Gibeon Meteorite Etched Part Slice 15.1 Grams!,28,2018-05-27,15.1,1.85,WorthPoint
gibeon-meteorite,Beautiful Large 92 Gm Etched Gibeon Meteorite Slice From Namibia,295.2,2018-05-24,92,3.21,WorthPoint
gibeon-meteorite,6 Grams Natural Gibeon Meteorite Magatama Dot Shape Pendant 20x11mm,48,2018-05-23,6,8,WorthPoint
gibeon-meteorite,Gibeon Meteorite Etched Part Slice 20.2 Grams!,36,2018-05-23,20.2,1.78,WorthPoint
gibeon-meteorite,Gibeon Meteorite Sweet Flight Sculptingl!,17,2018-05-23,,,WorthPoint
gibeon-meteorite,"36mm, 1.42 Inch Gibeon Meteorite Sphere 195 Grams Solid Metal Needs Etching",500,2018-05-20,195,2.56,WorthPoint
gibeon-meteorite,Natural Gibeon Meteorite Moldavite Tube 925 Sterling Silver Pendant,229,2018-05-20,,,WorthPoint
gibeon-meteorite,Gibeon Iron Meteorite 42.67g Awesome Etched Part Slice,125,2018-05-19,42.67,2.93,WorthPoint
gibeon-meteorite,Beautiful Large 148 Gm Etched Gibeon Meteorite Slice From Namibia,519.2,2018-05-18,148,3.51,WorthPoint
gibeon-meteorite,"GIBEON METEORITE 8mm 24 Beads Bracelet 7"" Iron Nickel Aerolite Moon White Gold",299,2018-05-17,,,WorthPoint
gibeon-meteorite,100% Natural Gibeon Meteorite Magatama Dot Pendant 12.5 Grams 28x19mm,89,2018-05-16,12.5,7.12,WorthPoint
gibeon-meteorite,Starborn Creations Meteorite Gibeon Ring Band Unisex Size 9.5 New Unique Rare !,126.4,2018-05-12,,,WorthPoint
gibeon-meteorite,BEAUTIFUL RARE HUGE 8.995 KGM GIBEON METEORITE FROM NAMIBIA (19.75 Pounds!),15000,2018-05-11,8995,1.67,WorthPoint
gibeon-meteorite,Gibeon Meteorite Etched Part Slice 14.9 Grams!,23.8,2018-05-11,14.9,1.6,WorthPoint
gibeon-meteorite,Armlet Bangle Jewelry Meteorite Gibeon Bracelet / New,15.9,2018-05-10,,,WorthPoint
gibeon-meteorite,"GIBEON - Meteorite - Etched WidmanstÃ¤tten Pattern - 22,9 (g)",55,2018-05-08,,,WorthPoint
gibeon-meteorite,Beautiful And Unique GIBEON IRON NICKEL METEORITE RING W11 FINAL SALE,130,2018-05-08,,,WorthPoint
gibeon-meteorite,Gibeon Meteorite Etched Part Slice 15.5 Grams!,29,2018-05-08,15.5,1.87,WorthPoint
gibeon-meteorite,Gibeon Meteorite Etched Part Slice 16.2 Grams!,30,2018-05-07,16.2,1.85,WorthPoint
gibeon-meteorite,Gibeon Meteorite Etched Part Slice 19.9 Grams!,29.75,2018-05-05,19.9,1.49,WorthPoint
gibeon-meteorite,Gibeon Meteorite Etched Part Slice 20 Grams!,35,2018-05-04,20,1.75,WorthPoint
gibeon-meteorite,Gibeon Meteorite Earrings,187.5,2018-05-03,,,WorthPoint
gibeon-meteorite,Beautiful And Unique GIBEON IRON NICKEL METEORITE RING AAA6 Final Sale,199,2018-05-03,,,WorthPoint
gibeon-meteorite,Beautiful Large 396 Gm Etched Gibeon Meteorite Slice From Namibia,1199.2,2018-05-03,396,3.03,WorthPoint
gibeon-meteorite,Gibeon Meteorite Etched Part Slice 9.7 Grams!,19.55,2018-05-03,9.7,2.02,WorthPoint
gibeon-meteorite,Gibeon Meteorite Etched Part Slice 19.4 Grams!,35,2018-05-01,19.4,1.8,WorthPoint
gibeon-meteorite,Gibeon Meteorite Etched Part Slice 10.4 Grams!,23,2018-05-01,10.4,2.21,WorthPoint
gibeon-meteorite,Gibeon Meteorite Awesome Crystaline Schrapnel!,13,2018-04-29,,,WorthPoint
gibeon-meteorite,Gibeon Meteorite Sweet Crystaline Schrapnel!,10,2018-04-28,,,WorthPoint
gibeon-meteorite,Old Collection Gibeon Meteorite,600,2018-04-28,,,WorthPoint
gibeon-meteorite,"AMAZING 48g GIBEON Meteorite Slice, Rare Shocked Pattern!! BEAUTIFUL Etch!",195,2018-04-27,48,4.06,WorthPoint
gibeon-meteorite,Beautiful Large 468 Gm Etched Gibeon Meteorite Slice From Namibia,700,2018-04-24,468,1.5,WorthPoint
gibeon-meteorite,Gibeon Meteorite Etched Part Slice 22.9 Grams!,40,2018-04-23,22.9,1.75,WorthPoint
gibeon-meteorite,Gibeon Meteorite Etched Part Slice 5.9 Grams!,17,2018-04-23,5.9,2.88,WorthPoint
gibeon-meteorite,Gibeon Meteorite Etched Part Slice 15.8 Grams!,29,2018-04-23,15.8,1.84,WorthPoint
gibeon-meteorite,Gibeon Meteorite Etched Part Slice 11.9 Grams!,23,2018-04-23,11.9,1.93,WorthPoint
gibeon-meteorite,Gibeon Meteorite Etched Part Slice 12.8 Grams!,25,2018-04-23,12.8,1.95,WorthPoint
gibeon-meteorite,Gibeon Meteorite Etched Part Slice 22.5 Grams!,39,2018-04-21,22.5,1.73,WorthPoint
gibeon-meteorite,Gibeon Meteorite Etched End Cut 19 Grams!,34,2018-04-21,19,1.79,WorthPoint
gibeon-meteorite,Gibeon Meteorite Etched Part Slice 13.1 Grams!,25,2018-04-20,13.1,1.91,WorthPoint
gibeon-meteorite,Gibeon Meteorite Etched End Cut 23.6 Grams!,41,2018-04-20,23.6,1.74,WorthPoint
gibeon-meteorite,9mm One Bead Natural Gibeon Iron Meteorite Round Bead 2.8Grams,39.99,2018-04-19,2.8,14.28,WorthPoint
gibeon-meteorite,Gibeon Meteorite Etched End Cut 13.9 Grams!,26,2018-04-18,13.9,1.87,WorthPoint
gibeon-meteorite,Gibeon Meteorite Etched Part Slice 20.3 Grams!,36,2018-04-17,20.3,1.77,WorthPoint
gibeon-meteorite,Gibeon Meteorite Etched Part Slice 20.4 Grams!,36,2018-04-17,20.4,1.76,WorthPoint
gibeon-meteorite,Gibeon Meteorite Stunning Crystaline Schrapnel!,27,2018-04-14,,,WorthPoint
gibeon-meteorite,Beautiful Large 392 Gm Etched Gibeon Meteorite Slice From Namibia,615.2,2018-04-11,392,1.57,WorthPoint
gibeon-meteorite,"Gibeon Meteorite Slice Beautifully Etched - 16 Grams 1.75"" Long",38.5,2018-04-09,16,2.41,WorthPoint
gibeon-meteorite,"Gibeon Meteorite Etched End Cut 1,583 Grams",3181,2018-04-09,583,5.46,WorthPoint
gibeon-meteorite,Gibeon Meteorite Stunning Octahederal Pyramid,24,2018-04-07,,,WorthPoint
gibeon-meteorite,Gibeon Meteorite 2 Piece Cut And Etched Fragment And Raw Frag In Collectors Box,29.99,2018-04-04,,,WorthPoint
gibeon-meteorite,Gibeon Iron Meteorite Beautiful Specimen,15,2018-04-01,,,WorthPoint
gibeon-meteorite,Gibeon Meteorite Etched End Cut 7.6 Grams,24,2018-03-30,7.6,3.16,WorthPoint
gibeon-meteorite,Beautiful 262 Gm Etched Gibeon Meteorite Cube From Namibia,631.2,2018-03-26,262,2.41,WorthPoint
gibeon-meteorite,Beautiful Large 514 Gm Etched Gibeon Meteorite Slice From Namibia,1519.2,2018-03-25,514,2.96,WorthPoint
gibeon-meteorite,Beautiful 496 Gm Etched Gibeon Meteorite Cube From Namibia,1596,2018-03-25,496,3.22,WorthPoint
gibeon-meteorite,Gibeon Iron Meteorite Octahederal Crystal,26,2018-03-24,,,WorthPoint
gibeon-meteorite,Gibeon Iron Meteorite Stunning Octahederal,36,2018-03-21,,,WorthPoint
gibeon-meteorite,Beautiful 29 Gm Etched Gibeon Meteorite Quad Cut From Namibia,87.2,2018-03-21,29,3.01,WorthPoint
gibeon-meteorite,Beautiful Large 280 Gm Etched Gibeon Meteorite Slice From Namibia,399.2,2018-03-20,280,1.43,WorthPoint
gibeon-meteorite,Beautiful Huge 7540 Kgm Gibeon Meteorite From Namibia ; 16.5 Pounds,16995.8,2018-03-14,,,WorthPoint
gibeon-meteorite,Beautiful And Unique GIBEON IRON NICKEL METEORITE RING W8,160,2018-03-11,,,WorthPoint
gibeon-meteorite,Beautiful 13.3 Gm Etched Gibeon Meteorite Quad Cut From Namibia,47.2,2018-03-10,13.3,3.55,WorthPoint
gibeon-meteorite,William Henry Knife Ventana Astroid Limited Production Of 25,1600,2018-03-09,,,WorthPoint
gibeon-meteorite,Gibeon Iron Meteorite Octahederal Crystal Individual,23,2018-03-09,,,WorthPoint
gibeon-meteorite,Beautiful Unique 218 Gm Etched Gibeon Meteorite Slice From Namibia,695.2,2018-03-05,218,3.19,WorthPoint
gibeon-meteorite,Beautiful 6.3 Gm Etched Gibeon Meteorite Slice From Namibia,27.2,2018-03-04,6.3,4.32,WorthPoint
gibeon-meteorite,GIBEON Meteorite KILLER Etched Slice 1.32 G. Round Coin 10x2 Mm ETCHED Cabochon,14,2018-03-01,1.32,10.61,WorthPoint
gibeon-meteorite,Beautiful 14 Gm Etched Gibeon Meteorite Pendant Slice From Namibia,39.2,2018-03-01,14,2.8,WorthPoint
gibeon-meteorite,Beautiful Thin 12.4 Gm Etched Gibeon Meteorite Slice From Namibia,39.2,2018-02-27,12.4,3.16,WorthPoint
gibeon-meteorite,Beautiful Round 12.4 Gm Etched Gibeon Meteorite Pendant Slice From Namibia,49,2018-02-27,12.4,3.95,WorthPoint
gibeon-meteorite,Gibeon Meteorite Pendant,166.5,2018-02-26,,,WorthPoint
gibeon-meteorite,Beautiful Thin 21.3 Gm Etched Gibeon Meteorite Slice From Namibia,71.2,2018-02-25,21.3,3.34,WorthPoint
gibeon-meteorite,Beautiful 154 Gm Etched Gibeon Meteorite Quad Cut From Namibia,375.2,2018-02-24,154,2.44,WorthPoint
gibeon-meteorite,Beautiful Thin 26.4 Gm Etched Gibeon Meteorite Slice From Namibia,79.2,2018-02-24,26.4,3,WorthPoint
gibeon-meteorite,Beautiful Thin 20.6 Gm Etched Gibeon Meteorite Slice From Namibia,71.2,2018-02-23,20.6,3.46,WorthPoint
gibeon-meteorite,Beautiful Thin 25.3 Gm Etched Gibeon Meteorite Slice From Namibia,79.2,2018-02-22,25.3,3.13,WorthPoint
gibeon-meteorite,Beautiful Thin 23.3 Gm Etched Gibeon Meteorite Slice From Namibia,71.2,2018-02-22,23.3,3.06,WorthPoint
gibeon-meteorite,Beautiful 1532 Gm Etched Gibeon Meteorite End Cut From Namibia,3596,2018-02-20,1532,2.35,WorthPoint
gibeon-meteorite,AMAZING 107g ETCHED GIBEON METEORITE FULL SLICE W/ BRILLIANT ETCH!!! BEAUTIFUL!,425,2018-02-05,107,3.97,WorthPoint
gibeon-meteorite,Beautiful Large 703 Gm Etched Gibeon Meteorite Slice From Namibia,1999,2018-01-27,703,2.84,WorthPoint
gibeon-meteorite,"Gibeon Iron Meteorite ""Banana"" Individual",11,2018-01-25,,,WorthPoint
gibeon-meteorite,240 Gram Etched Gibeon Meteorite - Quad Cut - STUNNING,595,2018-01-25,240,2.48,WorthPoint
gibeon-meteorite,Beautiful And Unique GIBEON IRON NICKEL METEORITE RING W2,200,2018-01-17,,,WorthPoint
gibeon-meteorite,GIBEON Meteorite KILLER Etched Slice 1.60 G. Round Coin 9x3 Mm ETCHED,16,2018-01-15,1.6,10,WorthPoint
gibeon-meteorite,GIBEON Meteorite KILLER Etched Slice 2.27 G. Round Coin 11x3 Mm ETCHED,23,2018-01-15,2.27,10.13,WorthPoint
gibeon-meteorite,GIBEON Meteorite KILLER Etched Slice 1.58 G. Round Coin 10x2 Mm ETCHED,16,2018-01-15,1.58,10.13,WorthPoint
gibeon-meteorite,Gibeon Meteorite Octahederal Crystal,12.26,2018-01-13,,,WorthPoint
gibeon-meteorite,GIBEON METEORITE 925 STERLING SILVER PENDANT - Delight,199,2018-01-10,,,WorthPoint
gibeon-meteorite,Beautiful And Unique GIBEON IRON NICKEL METEORITE RING W4,36,2018-01-04,,,WorthPoint
gibeon-meteorite,Bonhams Lot X3 Catalogs Lapidary Works Gemstones Minerals Natural History,29.95,2018-01-04,,,WorthPoint
gibeon-meteorite,Beautiful 178 Gm Etched Gibeon Meteorite Quarter Cut From Namibia,439.2,2018-01-04,178,2.47,WorthPoint
gibeon-meteorite,Gibeon Meteorite Etched Unique Shape 7.1 Grams,23,2018-01-03,7.1,3.24,WorthPoint
gibeon-meteorite,"250 Grams GIBEON Meteorite Specimens In ""as Found Condition"" With Natural Patina",250,2017-12-27,250,1,WorthPoint
gibeon-meteorite,Beautiful And Unique GIBEON IRON NICKEL METEORITE RING W5,41,2017-12-25,,,WorthPoint
gibeon-meteorite,Beautiful 130 Gm Etched Gibeon Meteorite Quad Cut From Namibia,319.2,2017-12-23,130,2.46,WorthPoint
gibeon-meteorite,"Gibeon Meteorite, Great Namaqualand, Africa, Group IVA Iron Meteorite",19.99,2017-12-20,,,WorthPoint
gibeon-meteorite,Gibeon Meteorite 0.75 Inch Square Pendant On A 20-inch Jewelry Wire,45.99,2017-12-15,,,WorthPoint
gibeon-meteorite,Beautiful Large 358 Gm Etched Gibeon Meteorite Slice From Namibia,1119.2,2017-12-14,358,3.13,WorthPoint
gibeon-meteorite,Beautiful Unique 107 Gm Etched Gibeon Meteorite Slice From Namibia,279.99,2017-12-12,107,2.62,WorthPoint
gibeon-meteorite,GIBEON Meteorite KILLER Etched Slice 0.94 G. Round Coin 12x1 Mm ETCHED,10,2017-12-10,0.94,10.64,WorthPoint
gibeon-meteorite,GIBEON Meteorite KILLER Etched Slice 1.06 G. Round Coin 11x1 Mm ETCHED,10.5,2017-12-10,1.06,9.91,WorthPoint
gibeon-meteorite,Gibeon Meteorite Slice On A Key Ring - 1 Inch By 0.5 Inch Rectangle Specimen,39.99,2017-12-09,,,WorthPoint
gibeon-meteorite,GIBEON Meteorite KILLER Etched Slice 0.99 G. Round Coin 10x1-2 Mm ETCHED,10,2017-12-09,0.99,10.1,WorthPoint
gibeon-meteorite,Beautiful 720 Gm Etched Gibeon Meteorite Slice From Namibia,1999.2,2017-12-07,720,2.78,WorthPoint
gibeon-meteorite,Gibeon Meteorite Cube 500 Grams Etched From Namibia,499,2017-12-06,500,1,WorthPoint
gibeon-meteorite,Beautiful Large 228 Gm Etched Gibeon Meteorite Slice From Namibia,719.2,2017-12-01,228,3.15,WorthPoint
gibeon-meteorite,Beautiful Large 242 Gm Etched Gibeon Meteorite Slice From Namibia,959,2017-12-01,242,3.96,WorthPoint
gibeon-meteorite,Armlet Bangle Jewelry Meteorite Gibeon / Bracelet / New,15.9,2017-12-01,,,WorthPoint
gibeon-meteorite,GIBEON Meteorite KILLER Etched Slice 1.35 G. Round Coin 12x1-2 Mm ETCHED,13.5,2017-11-29,1.35,10,WorthPoint
gibeon-meteorite,GIBEON Meteorite KILLER Etched Slice 1.61 G. Round Coin 10x2 Mm ETCHED,16,2017-11-29,1.61,9.94,WorthPoint
gibeon-meteorite,Custom Knife - Prehistoric Gibeon Meteorite / Dino Bone Lot 57,350,2017-11-21,,,WorthPoint
gibeon-meteorite,Vintage Gibeon Meteorite 23.2 Grams + Others,31,2017-11-11,23.2,1.34,WorthPoint
gibeon-meteorite,"Rare GIBEON METEORITE Mounted Display Specimen 10.55 Grams,One Of A Kind!!!",44.95,2017-11-05,10.55,4.26,WorthPoint
gibeon-meteorite,"Complete Gibeon Meteorite - An Extraterrestrial ""Turkey Leg""",9500,2017-11-04,,,WorthPoint
gibeon-meteorite,Unique Gibeon Meteorite Guitar Pick /Necklace/Bracelet -NO RESERVE!,74.95,2017-11-03,,,WorthPoint
gibeon-meteorite,William Henry Knife 1/100 Spearpoint Trek B12,1650,2017-11-01,,,WorthPoint
gibeon-meteorite,GORGEOUS Gibeon Meteorite Namibia 20 Grams,100,2017-10-31,20,5,WorthPoint
gibeon-meteorite,Gibeon Meteorite Slice On A Key Ring - 1.5-inch By 1.0-inch Rectangle Specimen,64.99,2017-10-25,,,WorthPoint
gibeon-meteorite,"GORGEOUS SS Wire Wrapped Gibeon Meteorite Namibia Pendant 24"" Chain",149.59,2017-10-23,,,WorthPoint
gibeon-meteorite,Beautiful 174 Gm Etched Gibeon Meteorite Slice From Namibia,559.2,2017-10-20,174,3.21,WorthPoint
gibeon-meteorite,"GIBEON MUSEUM GRADE METEORITE W/ COA, Very Clean, 16.676 Lbs, 7.58 Kg.",10000,2017-10-18,7580,1.32,WorthPoint
gibeon-meteorite,Beautiful Huge 8560 Gm Gibeon Museum Grade Meteorite From Namibia ; 19 Pounds,12000,2017-10-18,8560,1.4,WorthPoint
gibeon-meteorite,Gibeon Meteorite Slice Beatifully Etched.,100,2017-10-17,,,WorthPoint
gibeon-meteorite,Gibeon Meteorite - 445g - Nicely Etched - Almost 1 POUND! ~NO RESERVE!~,330,2017-10-15,445,0.74,WorthPoint
gibeon-meteorite,Beautiful 70 Gm Etched Gibeon Meteorite Slice From Namibia,223.2,2017-10-14,70,3.19,WorthPoint
gibeon-meteorite,Custom Knife - Prehistoric Gibeon Meteorite W/ Lapis Lot 131A,350,2017-10-13,,,WorthPoint
gibeon-meteorite,Beautiful 120 Gm Etched Gibeon Meteorite End Cut From Namibia,255.2,2017-10-11,120,2.13,WorthPoint
gibeon-meteorite,"Rare GIBEON METEORITE Mounted Display Specimen 9.26 Grams, One Of A Kind!!!",29.95,2017-10-10,9.26,3.23,WorthPoint
gibeon-meteorite,Beautiful 105 Gm Etched Gibeon Meteorite Slice From Namibia,343.2,2017-10-10,105,3.27,WorthPoint
gibeon-meteorite,Beautiful Unique 122 Gm Etched Gibeon Meteorite Slice From Namibia,383.2,2017-10-10,122,3.14,WorthPoint
gibeon-meteorite,Beautiful Large 240 Gm Etched Gibeon Meteorite Slice From Namibia,767.2,2017-10-08,240,3.2,WorthPoint
gibeon-meteorite,Gibeon Meteorite Etched Unique Shapes 7.8 Grams,24,2017-10-08,7.8,3.08,WorthPoint
gibeon-meteorite,GIBEON Meteorite KILLER Etched Slice 3.02 G. Round Coin 11x4 Mm ETCHED,25,2017-09-29,3.02,8.28,WorthPoint
gibeon-meteorite,Gibeon Crystal Collection 100% Pristine Top Quality Complete Solid Specimens!!!!,1700,2017-09-29,,,WorthPoint
gibeon-meteorite,Beautiful 206 Gm Etched Gibeon Meteorite Slice From Namibia,580,2017-09-29,206,2.82,WorthPoint
gibeon-meteorite,60.8 Gram Etched GIBEON METEORITE- Etched Specimen Perfect For Jewelry,179,2017-09-29,60.8,2.94,WorthPoint
gibeon-meteorite,Magnificent Genuine GIBEON Rose METEORITE Ring With Orissa Rhodo Garnets Size 7,175,2017-09-27,,,WorthPoint
gibeon-meteorite,Gibeon Meteorite Etched Unique Shapes 5.9 Grams,19,2017-09-24,5.9,3.22,WorthPoint
gibeon-meteorite,Beautiful Huge 14.220 Kgm Gibeon Meteorite From Namibia ; 31.3 Pounds,18695.8,2017-09-23,14220,1.31,WorthPoint
gibeon-meteorite,Beautiful 236 Gm Etched Gibeon Meteorite Slice From Namibia,650,2017-09-23,236,2.75,WorthPoint
gibeon-meteorite,Beautiful Huge 3690 Gm Gibeon Museum Grade Meteorite From Namibia ; 8.1+ Pounds,5500,2017-09-21,3690,1.49,WorthPoint
gibeon-meteorite,Beautiful Collection 914 Gm Etched Gibeon Meteorite Slice From Namibia,2500,2017-09-21,914,2.74,WorthPoint
gibeon-meteorite,Gibeon Meteorite Etched Wedge Slice Knife Dagger 73.70g Blade Rare,135,2017-09-18,73.7,1.83,WorthPoint
gibeon-meteorite,Beautiful 47 Gm Etched Gibeon Meteorite Triple Cut From Namibia,183.2,2017-09-17,47,3.9,WorthPoint
gibeon-meteorite,Gibeon Meteorite Etched End Cut 9.9 Grams,29,2017-09-17,9.9,2.93,WorthPoint
gibeon-meteorite,+++ Classic Gibeon Meteorite Slice (rectangle Shape 20.15 Grams) +++,195,2017-09-14,20.15,9.68,WorthPoint
gibeon-meteorite,BONHAMS Natural History - Messel Green River Meteorite Minerals Gems Fossils Din,19.95,2017-09-11,,,WorthPoint
gibeon-meteorite,Beautiful 118 Gm Etched Gibeon Meteorite Slice From Namibia,375.2,2017-09-08,118,3.18,WorthPoint
gibeon-meteorite,25.5 Gram Etched GIBEON METEORITE- Etched Specimen Perfect For Jewelry,105,2017-09-08,25.5,4.12,WorthPoint
gibeon-meteorite,Gibeon Meteorite Slice - 10.5 Grams - Iron Meteorite Namibia,50,2017-09-06,10.5,4.76,WorthPoint
gibeon-meteorite,Beautiful 114 Gm Etched Gibeon Meteorite Slice From Namibia,340,2017-09-05,114,2.98,WorthPoint
gibeon-meteorite,GIBEON Meteorite KILLER Etched Slice 1.38 G. Round Coin 11x2 Mm ETCHED,14,2017-09-05,1.38,10.14,WorthPoint
gibeon-meteorite,GIBEON Meteorite KILLER Etched Slice 0.99 G. Round Coin 9x2 Mm ETCHED,10,2017-09-05,0.99,10.1,WorthPoint
gibeon-meteorite,GIBEON Meteorite KILLER Etched Slice 2.52 G. Round Coin 12x3 Mm ETCHED,24,2017-09-05,2.52,9.52,WorthPoint
gibeon-meteorite,AMAZING Gibeon Iron Meteorite Cube ETCHED WIDMANSTATTEN Specimen Carving 4.3 Oz!,480,2017-08-29,121.905,3.94,WorthPoint
gibeon-meteorite,GIBEON Meteorite KILLER Etched Slice 1.55 G. Round Coin 12x1 Mm ETCHED,16,2017-08-27,1.55,10.32,WorthPoint
gibeon-meteorite,Beautiful And Unique GIBEON IRON NICKEL METEORITE RING W3,240,2017-08-26,,,WorthPoint
gibeon-meteorite,Gibeon Meteorite Etched Unique Shapes 8.5 Grams,26,2017-08-21,8.5,3.06,WorthPoint
gibeon-meteorite,Beautiful Huge 1620 Gm Gibeon Meteorite From Namibia ; 3.6 Pounds,2500,2017-08-16,1620,1.54,WorthPoint
gibeon-meteorite,GIBEON Meteorite KILLER Etched Slice 1.66 G. Round Coin 12x2 Mm ETCHED,17,2017-08-15,1.66,10.24,WorthPoint
gibeon-meteorite,Gibeon Meteorite Etched End Cut 10.5 Grams,27,2017-08-14,10.5,2.57,WorthPoint
gibeon-meteorite,GIBEON Meteorite KILLER Etched Slice 1.93 G. Round Coin 12x3 Mm ETCHED,19,2017-08-10,1.93,9.84,WorthPoint
gibeon-meteorite,GIBEON Meteorite KILLER Etched Slice 1.81 G. Round Coin 12x2 Mm ETCHED,18,2017-08-10,1.81,9.94,WorthPoint
gibeon-meteorite,Beautiful 110 Gm Etched Gibeon Meteorite End Cut From Namibia,359.2,2017-08-09,110,3.27,WorthPoint
gibeon-meteorite,Gibeon Iron Meteorite 881 Grams,1050,2017-08-06,881,1.19,WorthPoint
gibeon-meteorite,17.4 Gram Etched GIBEON METEORITE- Etched Specimen Perfect For Jewelry,65,2017-07-31,17.4,3.74,WorthPoint
gibeon-meteorite,Gibeon Meteorite Etched End Cut 13.4 Grams,33,2017-07-28,13.4,2.46,WorthPoint
gibeon-meteorite,Gibeon Meteorite Etched End Cut 10.4 Grams,27,2017-07-27,10.4,2.6,WorthPoint
gibeon-meteorite,GORGEOUS 74g ETCHED GIBEON METEORITE PART SLICE W/ BRILLIANT ETCH!!! BEAUTIFUL!,290,2017-07-24,74,3.92,WorthPoint
gibeon-meteorite,NATURAL 14 X 10MM GIBEON METEORITE STERLING SILVER MENS RING SIZE 8,20,2017-07-24,,,WorthPoint
gibeon-meteorite,Beautiful Rare 118 Gm Gibeon Meteorite From Namibia Complete Meteorite,339.15,2017-07-18,118,2.87,WorthPoint
gibeon-meteorite,Gibeon Iron Meteorite ETCHED SPHERE Carving WIDMANSTATTEN Pattern Specimen,200,2017-07-18,,,WorthPoint
gibeon-meteorite,GIBEON Meteorite KILLER Etched Slice 1.52 G. Round Coin 12x2 Mm ETCHED,15,2017-07-15,1.52,9.87,WorthPoint
gibeon-meteorite,Gibeon Meteorite Etched Part Slice 5.3 Grams,16.15,2017-07-12,5.3,3.05,WorthPoint
gibeon-meteorite,Gibeon Meteorite Etched End Cut 3.6 Grams,11.9,2017-07-11,3.6,3.31,WorthPoint
gibeon-meteorite,GIBEON Meteorite KILLER Etched Slice 2.58 G. Round Coin 10x4 Mm ETCHED,22,2017-07-09,2.58,8.53,WorthPoint
gibeon-meteorite,Meteorite Etched Gibeon Lot 751,380,2017-07-09,,,WorthPoint
gibeon-meteorite,GIBEON Meteorite KILLER Etched Slice 1.39 G. Round Coin 11x2 Mm ETCHED,10,2017-07-08,1.39,7.19,WorthPoint
gibeon-meteorite,Gibeon Meteorite - 119 Grams,150,2017-07-07,119,1.26,WorthPoint
gibeon-meteorite,LOVELY 39g ETCHED GIBEON METEORITE PART SLICE W/ BRILLIANT ETCH!!! BEAUTIFUL!,135,2017-07-07,39,3.46,WorthPoint
gibeon-meteorite,Gibeon Meteorite - 47 Grams,50,2017-07-04,47,1.06,WorthPoint
gibeon-meteorite,GIBEON Meteorite KILLER Etched Slice 2.15 G. Round Coin 12x2 Mm ETCHED,18,2017-07-04,2.15,8.37,WorthPoint
gibeon-meteorite,RARE Gibeon Iron Meteorite Cabochon WIDMANSTATTEN Jewelry Wire-Wrap Pendant,41.25,2017-07-01,,,WorthPoint
gibeon-meteorite,Gibeon Meteorite - 109 Grams,110,2017-06-30,109,1.01,WorthPoint
gibeon-meteorite,Boker Meteoriten Damast Damascus 25th Anniversary Knife - See Pics!,350,2017-06-30,,,WorthPoint
gibeon-meteorite,Gibeon Meteorite - 85 Grams,90,2017-06-30,85,1.06,WorthPoint
gibeon-meteorite,Gibeon Meteorite - 68 Grams,90,2017-06-30,68,1.32,WorthPoint
gibeon-meteorite,GIBEON Meteorite KILLER Etched Slice 7.69 G. Round Coin 19x4 Mm ETCHED,70,2017-06-28,7.69,9.1,WorthPoint
gibeon-meteorite,GORGEOUS 48g ETCHED GIBEON METEORITE PART SLICE W/ BRILLIANT ETCH!!! BEAUTIFUL!,189.95,2017-06-27,48,3.96,WorthPoint
gibeon-meteorite,Gibeon Meteorite - 51 Grams,55,2017-06-27,51,1.08,WorthPoint
gibeon-meteorite,Beautiful And Unique GIBEON IRON NICKEL METEORITE RING 6mm WIDE BAND AAA7,230,2017-06-25,,,WorthPoint
gibeon-meteorite,Gibeon Meteorite Slice Weighing 295 Grams - Free Shipping,560,2017-06-24,295,1.9,WorthPoint
gibeon-meteorite,GIBEON Meteorite KILLER Etched Slice 1.39 G. Round Coin 12x2 Mm ETCHED,10.59,2017-06-24,1.39,7.62,WorthPoint
gibeon-meteorite,Beautiful 1038 Gm Gibeon Meteorite From Namibia ; 2.3 Pounds; Terrific Price,1400,2017-06-24,1038,1.35,WorthPoint
gibeon-meteorite,Gibeon Meteorite Etched End Cut 19.8 Grams,39.95,2017-06-19,19.8,2.02,WorthPoint
gibeon-meteorite,21.14 Gram Etched GIBEON METEORITE- Etched Specimen Perfect For Jewelry,75,2017-06-19,21.14,3.55,WorthPoint
gibeon-meteorite,GIBEON Meteorite KILLER Etched Slice 1.76 G. Round Coin 12x2 Mm ETCHED,10,2017-06-15,1.76,5.68,WorthPoint
gibeon-meteorite,Gibeon Meteorite Iron/Nickel Large 107g Fragment W/Scorch Marks - Stand Included,60,2017-06-14,107,0.56,WorthPoint
gibeon-meteorite,Gibeon Meteorite Etched Unique Shapes 3.5 Grams,14,2017-06-14,3.5,4,WorthPoint
gibeon-meteorite,St Dupont Limited Edition Meteorite Line 2 Linge 2 Lighter Lacquer Platinum New,1595,2017-06-13,,,WorthPoint
gibeon-meteorite,"Gibeon Meteorite, Cabbing Rough RH7",15,2017-06-13,,,WorthPoint
gibeon-meteorite,"Gibeon Meteorite, 10.0 Grams, Includes Background And History In Display Case",19.95,2017-06-11,10,2,WorthPoint
gibeon-meteorite,"19-gram (3/4-oz.) Etched GIBEON Meteorite Slice, ~4.5 X 5.0-cm (~1Â¾ X 2-in)",32,2017-06-10,19,1.68,WorthPoint
gibeon-meteorite,Gibeon Meteorite Etched Unique Shapes 5.7 Grams,20,2017-06-09,5.7,3.51,WorthPoint
gibeon-meteorite,GORGEOUS 62g ETCHED GIBEON METEORITE PART SLICE W/ BRILLIANT ETCH!!! BEAUTIFUL!,245,2017-06-09,62,3.95,WorthPoint
gibeon-meteorite,HERITAGE Natural History - Minerals Gems Fossils Meteorites Amphibian Aspiration,19.95,2017-06-06,,,WorthPoint
gibeon-meteorite,GIBEON Meteorite KILLER Etched Slice 2.53 G. Round Coin 17x1-2 Mm ETCHED,25,2017-06-04,2.53,9.88,WorthPoint
gibeon-meteorite,GIBEON Meteorite KILLER Etched Slice 1.30 G. Round Coin 12x1 Mm ETCHED,13,2017-06-04,1.3,10,WorthPoint
gibeon-meteorite,26.6 Gram Etched GIBEON METEORITE- Etched Specimen Perfect For Jewelry,95,2017-06-02,26.6,3.57,WorthPoint
gibeon-meteorite,36.01 Gram Etched GIBEON METEORITE- Etched Specimen Perfect For Jewelry,105,2017-06-02,36.01,2.92,WorthPoint
gibeon-meteorite,35.00 Gram Etched GIBEON METEORITE- Etched Specimen Perfect For Jewelry,105,2017-06-02,35,3,WorthPoint
gibeon-meteorite,"9.7 Gram GIBEON Meteorite In ""as Found Condition"" With Natural Patina",20.5,2017-05-28,9.7,2.11,WorthPoint
gibeon-meteorite,"12.05 Gram GIBEON Meteorite In ""as Found Condition"" With Natural Patina",26,2017-05-25,12.05,2.16,WorthPoint
gibeon-meteorite,GIBEON Meteorite KILLER Etched Slice 0.71 G. Round Coin 16x1 Mm ETCHED,10,2017-05-25,0.71,14.08,WorthPoint
gibeon-meteorite,Gibeon Meteorite Retangle Pendant Necklace On A 23-inch Gunmetal Ball Chain,65.99,2017-05-25,,,WorthPoint
gibeon-meteorite,Gibeon Meteorite Etched Unique Shapes .5 Grams,10,2017-05-24,5,2,WorthPoint
gibeon-meteorite,"Rare GIBEON METEORITE Mounted Display Specimen 10.15 Grams, One Of A Kind!!!",35,2017-05-23,10.15,3.45,WorthPoint
gibeon-meteorite,Beautiful Huge 6580 Gm Gibeon Meteorite From Namibia ; 14.5 Pounds,10195.8,2017-05-22,6580,1.55,WorthPoint
gibeon-meteorite,Gibeon Meteorite Etched End Cut 11.1 Grams,28,2017-05-22,11.1,2.52,WorthPoint
gibeon-meteorite,GIBEON Meteorite KILLER Etched Slice 1.56 G. Round Coin 12x2 Mm ETCHED,15.5,2017-05-17,1.56,9.94,WorthPoint
gibeon-meteorite,GIBEON Meteorite KILLER Etched Slice 2.43 G. Round Coin 9x4 Mm ETCHED,24,2017-05-16,2.43,9.88,WorthPoint
gibeon-meteorite,"Rare GIBEON METEORITE Mounted Display Specimen 8.97 Grams, One Of A Kind!!!",35,2017-05-13,8.97,3.9,WorthPoint
gibeon-meteorite,"6.83 Gram GIBEON Meteorite In ""as Found Condition"" With Natural Patina",31.2,2017-05-13,6.83,4.57,WorthPoint
gibeon-meteorite,New Zealand Bound Toki Pendant GORGEOUS Gibeon Meteorite 21 Grams,202.39,2017-05-08,21,9.64,WorthPoint
gibeon-meteorite,5.27 Grams GIBEON Rare To See As Found Individual 25x14mm Wide Gibeon Meteorite,10,2017-05-06,5.27,1.9,WorthPoint
gibeon-meteorite,Gibeon Meteorite Slice- 41 Grams - Iron Meteorite Namibia - Found 1836 - W/Cert.,79.99,2017-05-04,41,1.95,WorthPoint
gibeon-meteorite,GORGEOUS 332g ETCHED GIBEON METEORITE FULL SLICE W/ BRILLIANT ETCH!!!,1175,2017-05-04,332,3.54,WorthPoint
gibeon-meteorite,Gibeon Meteorite Pocket Watch,812.5,2017-04-30,,,WorthPoint
gibeon-meteorite,"9.85 Gram GIBEON Meteorite In ""as Found Condition"" With Natural Patina",59,2017-04-30,9.85,5.99,WorthPoint
gibeon-meteorite,"10.32 Gram GIBEON Meteorite In ""as Found Condition"" With Natural Patina",59,2017-04-30,10.32,5.72,WorthPoint
gibeon-meteorite,Gibeon Meteorite Slice - 41.73 Grams,90,2017-04-28,41.73,2.16,WorthPoint
gibeon-meteorite,Starborn Creations Large Face Gibeon Meteorite Watch - Titanium / Black Leather,298,2017-04-27,,,WorthPoint
gibeon-meteorite,30 Grams GIBEON Rare To See As Found Individual 46x30x10mm Gibeon Meteorite,49,2017-04-26,30,1.63,WorthPoint
gibeon-meteorite,GORGEOUS 32g ETCHED GIBEON METEORITE PART SLICE W/ BRILLIANT ETCH!!! BEAUTIFUL!,129.95,2017-04-21,32,4.06,WorthPoint
gibeon-meteorite,Gibeon Meteorite Etched Part Slice 15.8 Grams,38,2017-04-20,15.8,2.41,WorthPoint
gibeon-meteorite,GIBEON Meteorite KILLER Etched Slice 1.60 G. Round Coin 10x3 Mm ETCHED,16,2017-04-19,1.6,10,WorthPoint
gibeon-meteorite,GIBEON Meteorite KILLER Etched Slice 1.39 G. Round Coin 9x3 Mm ETCHED,14,2017-04-19,1.39,10.07,WorthPoint
gibeon-meteorite,Amazing 905 Gm. Gibeon Etched Meteorite Slice Professionally Etched!!,2239.2,2017-04-18,905,2.47,WorthPoint
gibeon-meteorite,Gibeon Meteorite Etched Unique Shapes 5.5 Grams,19,2017-04-17,5.5,3.45,WorthPoint
gibeon-meteorite,Gibeon Meteorite Etched Unique Shape 7.8 Grams,24,2017-04-16,7.8,3.08,WorthPoint
gibeon-meteorite,"5.49 Gram GIBEON Meteorite In ""as Found Condition"" With Natural Patina",29,2017-04-12,5.49,5.28,WorthPoint
gibeon-meteorite,Gibeon Meteorite Etched End Cut 11 Grams,28,2017-04-11,11,2.55,WorthPoint
gibeon-meteorite,Gibeon Meteorite Etched Unique Shapes 2 Grams,11,2017-04-11,2,5.5,WorthPoint
gibeon-meteorite,8.79 Grams GIBEON Rare To See As Found Individual 25x12x9mm Gibeon Meteorite,13.99,2017-04-09,8.79,1.59,WorthPoint
gibeon-meteorite,GIBEON Meteorite KILLER Etched Slice 3.79 G. Round Coin 12x4 Mm ETCHED,38,2017-04-09,3.79,10.03,WorthPoint
gibeon-meteorite,GIBEON Meteorite KILLER Etched Slice 8.16 G. Round Coin 20x4 Mm ETCHED,75,2017-04-08,8.16,9.19,WorthPoint
gibeon-meteorite,Gibeon Meteorite Etched Part Slice 4.1 Grams,15,2017-04-08,4.1,3.66,WorthPoint
gibeon-meteorite,GORGEOUS 173g ETCHED GIBEON METEORITE FULL SLICE W/ BRILLIANT ETCH!!! BEAUTIFUL!,725,2017-04-07,173,4.19,WorthPoint
gibeon-meteorite,8.65 Grams GIBEON Rare To See As Found Individual 26x10x10mm Gibeon Meteorite,13.99,2017-04-06,8.65,1.62,WorthPoint
gibeon-meteorite,Beautiful 1297gm GIBEON METEORITE - Over 2.5 Pounds - Nice!,1150,2017-04-06,1297,0.89,WorthPoint
gibeon-meteorite,"Gibeon Meteorite, 9.1 Grams, Includes Background And History, In Display Case",21,2017-04-05,9.1,2.31,WorthPoint
gibeon-meteorite,GIBEON Meteorite KILLER Etched Slice 1.08 G. Round Coin 10x2 Mm ETCHED,10,2017-04-02,1.08,9.26,WorthPoint
gibeon-meteorite,Gibeon Meteorite Etched Unique Shapes 4.7 Grams,17,2017-04-02,4.7,3.62,WorthPoint
gibeon-meteorite,Genuine Large Gibeon Meteorite Sphere 533 Grams ( Super Rare),3000,2017-04-02,533,5.63,WorthPoint
gibeon-meteorite,35.7 Grams GIBEON Rare To See As Found Individual 40x30x10mm Gibeon Meteorite,69,2017-04-01,35.7,1.93,WorthPoint
gibeon-meteorite,Gibeon Meteorite Slice - 15.9 Grams - Iron Meteorite Namibia Africa,64.99,2017-04-01,15.9,4.09,WorthPoint
gibeon-meteorite,Gibeon Meteorite Etched Wedge Slice - Killer Pattern - 88.8 Grams,111,2017-03-28,88.8,1.25,WorthPoint
gibeon-meteorite,BEAUTIFUL 172g ETCHED GIBEON METEORITE FULL SLICE W/ BRILLIANT ETCH!!!,775,2017-03-23,172,4.51,WorthPoint
gibeon-meteorite,Gibeon Meteorite Etched End Cut 9.2 Grams,27,2017-03-22,9.2,2.93,WorthPoint
gibeon-meteorite,Gibeon Meteorite Etched Part Slice 4.4 Grams,13.6,2017-03-21,4.4,3.09,WorthPoint
gibeon-meteorite,GORGEOUS 46g ETCHED GIBEON METEORITE PART SLICE W/ BRILLIANT ETCH!!! BEAUTIFUL!,185,2017-03-20,46,4.02,WorthPoint
gibeon-meteorite,5.288 Grams GIBEON Rare As Found Individual 27x13x5mm Wide Gibeon Meteorite,12.5,2017-03-17,5.288,2.36,WorthPoint
gibeon-meteorite,4.473 Grams GIBEON Rare As Found Individual 26x12x5mm Wide Gibeon Meteorite,11.99,2017-03-17,4.473,2.68,WorthPoint
gibeon-meteorite,2.801 Grams GIBEON Rare As Found Individual 26x8x4mm Wide Gibeon Meteorite,11.5,2017-03-17,2.801,4.11,WorthPoint
gibeon-meteorite,Gibeon Meteorite Endcut - 19 Grams - Iron Meteorite Namibia,90,2017-03-17,19,4.74,WorthPoint
gibeon-meteorite,1.29 Grams GIBEON Rare To See As Found Individual 12x9mm Wide Gibeon Meteorite,10.5,2017-03-16,1.29,8.14,WorthPoint
gibeon-meteorite,Gibeon Meteorite Etched Part Slice 4.7 Grams,17,2017-03-15,4.7,3.62,WorthPoint
gibeon-meteorite,Gibeon Meteorite Endcut With Troilite - 29.7 Grams - Iron Meteorite Namibia,170,2017-03-15,29.7,5.72,WorthPoint
gibeon-meteorite,GIBEON Meteorite KILLER Etched Slice 1.04 G. Round Coin 9x2 Mm ETCHED,10,2017-03-15,1.04,9.62,WorthPoint
gibeon-meteorite,Gibeon Meteorite Etched Part Slice 4.5 Grams,16,2017-03-14,4.5,3.56,WorthPoint
gibeon-meteorite,4.292 Grams GIBEON Rare As Found Individual 30x15x3mm Wide Gibeon Meteorite,11.99,2017-03-14,4.292,2.79,WorthPoint
gibeon-meteorite,Gibeon Meteorite Etched End Cut 6.7 Grams,22,2017-03-13,6.7,3.28,WorthPoint
gibeon-meteorite,Gibeon Meteorite - 145 Grams - Whole Iron Meteorite Namibia,500,2017-03-13,145,3.45,WorthPoint
gibeon-meteorite,Gibeon Meteorite Etched Unique Shape 7 Grams,23,2017-03-13,7,3.29,WorthPoint
gibeon-meteorite,Gibeon Meteorite Etched Unique Shape 14.9 Grams,37,2017-03-12,14.9,2.48,WorthPoint
gibeon-meteorite,Gibeon Meteorite Etched Unique Shapes 5.8 Grams,20,2017-03-12,5.8,3.45,WorthPoint
gibeon-meteorite,17.2 Grams GIBEON Rare As Found Individual 60x16x9mm Wide Gibeon Meteorite,27,2017-03-12,17.2,1.57,WorthPoint
gibeon-meteorite,"Unique Gibeon Meteorite Collectors Specimen, Mounted For Display, 1 Of A Kind!!!",40,2017-03-10,,,WorthPoint
gibeon-meteorite,Gibeon Meteorite Etched Unique Shapes 5.2 Grams,19,2017-03-10,5.2,3.65,WorthPoint
gibeon-meteorite,Gibeon Meteorite Etched End Cut 11.2 Grams,29,2017-03-10,11.2,2.59,WorthPoint
gibeon-meteorite,11.1 Grams GIBEON Rare As Found Individual 30x13x11mm Wide Gibeon Meteorite,19,2017-03-08,11.1,1.71,WorthPoint
gibeon-meteorite,RARE Gibeon Iron Meteorite Cabochon CUSTOM LISTING FOR Ebay Id: Etnoma1,15,2017-03-08,,,WorthPoint
gibeon-meteorite,Gibeon Meteorite Slice - 15.4 Grams - Iron Meteorite Namibia,90,2017-03-08,15.4,5.84,WorthPoint
gibeon-meteorite,GIBEON Meteorite KILLER Etched Slice 2.41 G. Round Coin 11x3 Mm ETCHED,24,2017-03-07,2.41,9.96,WorthPoint
gibeon-meteorite,GIBEON Meteorite KILLER Etched Slice 3.79 G. Round Coin 13x3 Mm ETCHED,38,2017-03-07,3.79,10.03,WorthPoint
gibeon-meteorite,Gibeon Meteorite Slice - 19.1 Grams - Iron Meteorite Namibia,105,2017-03-06,19.1,5.5,WorthPoint
gibeon-meteorite,Gibeon Meteorite Endcut - 9.2 Grams - Iron Meteorite Namibia,50,2017-03-05,9.2,5.43,WorthPoint
gibeon-meteorite,Gibeon Meteorite Etched Part Slice 6.6 Grams,22,2017-03-03,6.6,3.33,WorthPoint
gibeon-meteorite,Gibeon Meteorite Etched Unique Shape 3.3 Grams,14,2017-03-01,3.3,4.24,WorthPoint
gibeon-meteorite,Gibeon Iron Meteorite ETCHED EGG Carving WIDMANSTATTEN Pattern Specimen SOLID,175,2017-03-01,,,WorthPoint
gibeon-meteorite,GIBEON Meteorite KILLER Etched Slice 2.37 G. Round Coin 13x2 Mm ETCHED,20,2017-02-26,2.37,8.44,WorthPoint
gibeon-meteorite,GIBEON Meteorite KILLER Etched Slice 1.44 G. Round Coin 13x2 Mm ETCHED,14,2017-02-26,1.44,9.72,WorthPoint
gibeon-meteorite,GIBEON Meteorite KILLER Etched Slice 1.52 G. Round Coin 10x2 Mm ETCHED,15,2017-02-26,1.52,9.87,WorthPoint
gibeon-meteorite,GIBEON Meteorite KILLER Etched Slice 1.88 G. Round Coin 11x2 Mm ETCHED,19,2017-02-25,1.88,10.11,WorthPoint
gibeon-meteorite,GIBEON Meteorite KILLER Etched Slice 1.72 G. Round Coin 9x3 Mm ETCHED,17,2017-02-25,1.72,9.88,WorthPoint
gibeon-meteorite,GIBEON Meteorite KILLER Etched Slice 5.13 G. Round Coin 13x5 Mm POLETCHED,40,2017-02-25,5.13,7.8,WorthPoint
gibeon-meteorite,GIBEON Meteorite KILLER Etched Slice 3.31 G. Round Coin 12x4 Mm ETCHED,33,2017-02-25,3.31,9.97,WorthPoint
gibeon-meteorite,Gibeon Meteorite Mounted Specimens,29,2017-02-25,,,WorthPoint
gibeon-meteorite,Gibeon Meteorite Silver Spoon Pendant,35,2017-02-25,,,WorthPoint
gibeon-meteorite,"6.25 Gram GIBEON Meteorite In ""as Found Condition"" With Natural Patina",29,2017-02-20,6.25,4.64,WorthPoint
gibeon-meteorite,Gibeon Meteorite/194 G/Near Full Slice/Older Etch Both Sides/Nice Surface Area*,379,2017-02-18,194,1.95,WorthPoint
gibeon-meteorite,GIBEON Meteorite KILLER Etched Slice 0.56 G. Round Coin 12x1 Mm ETCHED,10,2017-02-14,0.56,17.86,WorthPoint
gibeon-meteorite,GIBEON Meteorite KILLER Etched Slice 1.06 G. Round Coin 10x1 Mm ETCHED,10,2017-02-14,1.06,9.43,WorthPoint
gibeon-meteorite,GIBEON Meteorite KILLER Etched Slice 1.18 G. Round Coin 12x1 Mm ETCHED,10,2017-02-13,1.18,8.47,WorthPoint
gibeon-meteorite,Gibeon Meteorite Slice On A Key Chain - 1 Inch By 0.5 Inch Rectangle Specimen,39.99,2017-02-10,,,WorthPoint
gibeon-meteorite,Gibeon Meteorite - A 15.7 Gram Specimen,47.1,2017-02-06,15.7,3,WorthPoint
gibeon-meteorite,Gibeon Meteorite Slice - 30.92 Grams,72,2017-02-04,30.92,2.33,WorthPoint
gibeon-meteorite,Gibeon Meteorite - A 15.4 Gram Specimen,46.2,2017-02-04,15.4,3,WorthPoint
gibeon-meteorite,Gibeon Meteorite Dog Tag (Small) On 23 Inch Gunmetal Ball Chain,59.99,2017-01-27,,,WorthPoint
gibeon-meteorite,Gibeon Meteorite End Piece,875,2017-01-26,,,WorthPoint
gibeon-meteorite,"7 GIBEON METEORITE BEADS, 10 -12mm, 31gm Total Weight, Natural Color",180,2017-01-25,7,25.71,WorthPoint
gibeon-meteorite,Museum Quality Gibeon Meteorite 850 Grams,2000,2017-01-24,850,2.35,WorthPoint
gibeon-meteorite,Gibeon Iron Meteorite Bead STERLING SILVER Plated Drilled Etched Widmanstatten,19.46,2017-01-23,,,WorthPoint
gibeon-meteorite,"Gibeon Meteorite, Thin Slice 15 Grams",25,2017-01-15,15,1.67,WorthPoint
gibeon-meteorite,Gibeon Meteorite Slice - 9.8 Grams - Iron Meteorite Namibia,60,2017-01-14,9.8,6.12,WorthPoint
gibeon-meteorite,Gibeon Letter Opener Dagger Knife 75.8g Anvil Specimen By Meteorite Men Steve,225,2017-01-09,75.8,2.97,WorthPoint
gibeon-meteorite,BEAUTIFUL 266g ETCHED GIBEON METEORITE FULL SLICE W/ BRILLIANT ETCH!!!,995,2017-01-08,266,3.74,WorthPoint
gibeon-meteorite,Gibeon Iron Meteorite Star Glasses,69,2017-01-06,,,WorthPoint
gibeon-meteorite,Gibeon Meteorite Dog Tag Necklace (Large) On 23 Inch Gunmetal Ball Chain,69.99,2017-01-05,,,WorthPoint
gibeon-meteorite,Gibeon Meteorite Core Sample 72 Grams,149,2017-01-05,72,2.07,WorthPoint
gibeon-meteorite,Gibeon Meteorite Slice - 26.7 Grams - Iron Meteorite Namibia,115,2017-01-03,26.7,4.31,WorthPoint
gibeon-meteorite,GIBEON Meteorite KILLER Etched Slice 2.57 G. Round Coin 11x4 Mm ETCHED,22,2017-01-02,2.57,8.56,WorthPoint
gibeon-meteorite,GIBEON Meteorite KILLER Etched Slice 1.3 G. Round Coin 10x2 Mm ETCHED,13,2016-12-30,1.3,10,WorthPoint
gibeon-meteorite,Gibeon Meteorite Slice On A Key Chain: 1.5-inch By 1.0-inch Rectangle Specimen,64.99,2016-12-23,,,WorthPoint
gibeon-meteorite,Gibeon Meteorite 4.1 Grams Part Slice!,16,2016-12-19,4.1,3.9,WorthPoint
gibeon-meteorite,Gibeon Meteorite Slice - 10.6 Grams - Iron Meteorite Namibia,36,2016-12-19,10.6,3.4,WorthPoint
gibeon-meteorite,Gibeon Meteorite Rare Pyramid,165,2016-12-18,,,WorthPoint
gibeon-meteorite,Gibeon Meteorite Sphere 1 3/4 Inch 339 G,950,2016-12-14,339,2.8,WorthPoint
gibeon-meteorite,Gibeon Meteorite/234 Grams/Etched Monolith/44x30x23 Mm,495,2016-12-13,234,2.12,WorthPoint
gibeon-meteorite,BEAUTIFUL 209g ETCHED GIBEON METEORITE FULL SLICE W/ BRILLIANT ETCH!!!,785,2016-12-12,209,3.76,WorthPoint
gibeon-meteorite,Gibeon Letter Opener Dagger Knife 38.7g Anvil Specimen By Meteorite Men Steve,135,2016-12-04,38.7,3.49,WorthPoint
gibeon-meteorite,BEAUTIFUL 149g ETCHED GIBEON METEORITE FULL SLICE W/ BRILLIANT ETCH!!!,565,2016-12-03,149,3.79,WorthPoint
gibeon-meteorite,Gibeon Meteorite - A 19.3 Gram Specimen,57.9,2016-12-02,19.3,3,WorthPoint
gibeon-meteorite,Meteorite Rings,75,2016-11-29,,,WorthPoint
gibeon-meteorite,Gibeon Iron Meteorite 4.29g Awesome Sculpted Beauty,14.5,2016-11-26,4.29,3.38,WorthPoint
gibeon-meteorite,Gibeon Meteorite End Piece - A 1.9 Pound Specimen,1277.25,2016-11-25,,,WorthPoint
gibeon-meteorite,Gibeon Meteorite Slice - 21.6 Grams - Iron Meteorite Namibia,115,2016-11-24,21.6,5.32,WorthPoint
gibeon-meteorite,Gibeon Meteorite Slice On A Key Chain - 1.5 Inch By 1.0 Inch Rectangle Specimen,64.99,2016-11-23,,,WorthPoint
gibeon-meteorite,LARGE Gibeon Iron Meteorite PERFECTLY Etched Cabochon Authentic Specimen Jewelry,105,2016-11-22,,,WorthPoint
gibeon-meteorite,GIBEON METEORITE 28 Grams WITH COA VERY NICE SPECIMEN,60,2016-11-21,28,2.14,WorthPoint
gibeon-meteorite,GIBEON Meteorite KILLER Etched Slice 1.44 G. Round Coin 11x2 Mm ETCHED,14,2016-11-18,1.44,9.72,WorthPoint
gibeon-meteorite,GIBEON Meteorite KILLER Etched Slice 2.76 G. Round Coin 13x2 Mm ETCHED,21,2016-11-18,2.76,7.61,WorthPoint
gibeon-meteorite,Gibeon Meteroite Slice,575,2016-11-17,,,WorthPoint
gibeon-meteorite,Gibeon Meteorite Slice 28 Grams,99,2016-11-17,28,3.54,WorthPoint
gibeon-meteorite,Gibeon Iron Meteorite Cabochon WIDMANSTATTEN Jewelry HEXAGON Pendant AUTHENTIC,77,2016-11-17,,,WorthPoint
gibeon-meteorite,Gibeon Meteorite Slice - 10.7 Grams - Iron Meteorite Namibia,60,2016-11-16,10.7,5.61,WorthPoint
gibeon-meteorite,Gibeon Metorite,566,2016-11-16,,,WorthPoint
gibeon-meteorite,Amazing 280 Gm. Gibeon Etched Meteorite Slice Professionally Etched!!,791.2,2016-11-15,280,2.83,WorthPoint
gibeon-meteorite,Amazing 139 Gm. Gibeon Etched Meteorite Slice Professionally Etched!!,391.2,2016-11-15,139,2.81,WorthPoint
gibeon-meteorite,Amazing 116 Gm. Gibeon Etched Meteorite Slice Professionally Etched!!,319.2,2016-11-15,116,2.75,WorthPoint
gibeon-meteorite,GIBEON Meteorite KILLER Etched Slice 3.88 G. Round Coin 17x2 Mm ETCHED,35,2016-11-13,3.88,9.02,WorthPoint
gibeon-meteorite,Gibeon Iron Meteorite -16.3 Grams Of Dust,21.71,2016-11-12,16.3,1.33,WorthPoint
gibeon-meteorite,BONHAMS AUCTION CATALOG Gemstones Minerals Lapidary Works Of Art Meteorite Skull,13.03,2016-11-11,,,WorthPoint
gibeon-meteorite,Amazing 600 Gm. Gibeon Etched Meteorite Triple Cut Professionally Etched!!,1439.2,2016-11-07,600,2.4,WorthPoint
gibeon-meteorite,Meteorite & Dinosaur Bone Dagger,1600,2016-11-03,,,WorthPoint
gibeon-meteorite,Gibeon Meteorite Slice - 10.0 Grams - Iron Meteorite Namibia,40,2016-10-31,10,4,WorthPoint
gibeon-meteorite,Gibeon Meteorite Slice - 11.2 Grams - Iron Meteorite Namibia,45,2016-10-31,11.2,4.02,WorthPoint
gibeon-meteorite,Amazing 290 Gm. Gibeon Etched Meteorite Slice Professionally Etched!!,799.2,2016-10-31,290,2.76,WorthPoint
gibeon-meteorite,Amazing 123 Gm. Gibeon Etched Meteorite Slice Professionally Etched!!,343.2,2016-10-31,123,2.79,WorthPoint
gibeon-meteorite,GIBEON Meteorite KILLER Etched Slice 1.42 G. Round Coin 10x2 Mm ETCHED,14,2016-10-30,1.42,9.86,WorthPoint
gibeon-meteorite,Amazing 740 Gm. Gibeon Etched Meteorite Slice Professionally Etched!!,1999.2,2016-10-28,740,2.7,WorthPoint
gibeon-meteorite,GIBEON METEORITE LARGE FACED SPORT WATCH With EXPANDING BAND,75,2016-10-28,,,WorthPoint
gibeon-meteorite,GIBEON Meteorite KILLER Etched Slice 1.25 G. Round Coin 11x1 Mm ETCHED,12,2016-10-27,1.25,9.6,WorthPoint
gibeon-meteorite,GIBEON Meteorite KILLER Etched Slice 1.44 G. Round Coin 12x1 Mm ETCHED,14,2016-10-22,1.44,9.72,WorthPoint
gibeon-meteorite,Gibeon Meteorite Slice - 18.8 Grams - Iron Meteorite Namibia,75,2016-10-17,18.8,3.99,WorthPoint
gibeon-meteorite,Starborn Creations Small Face Gibeon Meteorite Watch - Titanium / Brown Leather,248,2016-10-11,,,WorthPoint
gibeon-meteorite,"Gibeon Meteorite Mounted Specimen, 18.76 Grams!!!",49,2016-10-08,18.76,2.61,WorthPoint
gibeon-meteorite,Gibeon Meteorite Knife Guard For Custom Made Knives 16.25 Grams,45,2016-10-08,16.25,2.77,WorthPoint
gibeon-meteorite,Gibeon Meteorite - A 19.4 Gram Specimen,58.2,2016-10-06,19.4,3,WorthPoint
gibeon-meteorite,Gibeon Meteorite Slice - 53.8 Grams,135,2016-10-02,53.8,2.51,WorthPoint
gibeon-meteorite,Amazing 130 Gm. Gibeon Etched Meteorite Slice Professionally Etched!!,359.2,2016-10-01,130,2.76,WorthPoint
gibeon-meteorite,Awesome 58.98 Gram Etched Gibeon Meteorite Slice From Namibia For Colelction,159.99,2016-09-30,58.98,2.71,WorthPoint
gibeon-meteorite,Gibeon Meteorite 10 Grams Part Slice!,24.61,2016-09-25,10,2.46,WorthPoint
gibeon-meteorite,Boker Meteorite Damascus Folding Knive Limited,250,2016-09-25,,,WorthPoint
gibeon-meteorite,Gibeon Meteorite 9.7 Grams Part Slice!,25,2016-09-24,9.7,2.58,WorthPoint
gibeon-meteorite,Gibeon Meteorite 11.6 Grams Part Slice,28,2016-09-24,11.6,2.41,WorthPoint
gibeon-meteorite,Amazing 78 Gm. Gibeon Etched Meteorite Slice Professionally Etched!!,215.2,2016-09-15,78,2.76,WorthPoint
gibeon-meteorite,Beautiful Huge 1400 Gm Gibeon Meteorite From Namibia ; 3+ Pounds,2545.75,2016-09-08,1400,1.82,WorthPoint
gibeon-meteorite,Gibeon Meteorite Slice - 33.7 Grams,81,2016-09-08,33.7,2.4,WorthPoint
gibeon-meteorite,GIBEON Meteorite KILLER Etched Slice 3.29 G. Round Coin 15x2 Mm POLETCHED Crust,30,2016-09-07,3.29,9.12,WorthPoint
gibeon-meteorite,Gibeon Meteorite Rectangle Specimen On A Key Chain - 1 Inch By 0.5 Inch,39.99,2016-09-02,,,WorthPoint
gibeon-meteorite,Meteorite Knife With Jade,2000,2016-09-01,,,WorthPoint
gibeon-meteorite,XL Gibeon Meteorite - 881 Grams - Widmanstatten Pattern - Uncut,1800,2016-08-30,881,2.04,WorthPoint
gibeon-meteorite,LOT OF GIBEON METEORITES - Nice Specimens And A Lucite Egg!,153.85,2016-08-28,,,WorthPoint
gibeon-meteorite,GIBEON Meteorite KILLER Etched Slice 2.60 G. Round Coin 15x1-2 Mm POLETCHED,25,2016-08-21,2.6,9.62,WorthPoint
gibeon-meteorite,Gibeon Meteorite Slice - A 19.7 Gram Specimen,59.1,2016-08-19,19.7,3,WorthPoint
gibeon-meteorite,GIBEON Meteorite KILLER Etched Slice 3.58 G. Round Coin 16x2 Mm POL-ETCHED,28,2016-08-18,3.58,7.82,WorthPoint
gibeon-meteorite,Gibeon Meteorite 7.1 Grams Part Slice!,22,2016-08-17,7.1,3.1,WorthPoint
gibeon-meteorite,GIBEON Meteorite KILLER Etched Slice 0.95 G. Round Coin 8x3 Mm POL-ETCHED,10,2016-08-15,0.95,10.53,WorthPoint
gibeon-meteorite,Gibeon Letter Opener Dagger Knife 55.5g Anvil Specimen By Meteorite Men Steve,153,2016-08-14,55.5,2.76,WorthPoint
gibeon-meteorite,"Excellent 12mm (.4"") - 1.5 Gram Etched Iron Nickel Gibeon Iron Meteorite Disc 06",32.19,2016-08-10,1.5,21.46,WorthPoint
gibeon-meteorite,"Excellent 10mm (.4"") - 1.2 Gram Etched Iron Nickel Gibeon Iron Meteorite Disc 08",23.79,2016-08-10,1.2,19.83,WorthPoint
gibeon-meteorite,Beautiful Museum Grade Huge 9970 Gm Gibeon Meteorite From Namibia ; 21.9 Pounds,13595.8,2016-08-10,9970,1.36,WorthPoint
gibeon-meteorite,Boker Gibeon Meteorite Damascus Lockblade Knife 2005 MIB 1 Of 75 A KNOCKOUT! NR,955,2016-08-05,,,WorthPoint
gibeon-meteorite,Gibeon Letter Opener Dagger Knife 27.5g Anvil Specimen By Meteorite Men Steve,99,2016-08-03,27.5,3.6,WorthPoint
gibeon-meteorite,Gibeon Meteorite Specimen On A Key Chain - 1 Inch By 0.5 Inch Rectangle,39.99,2016-08-01,,,WorthPoint
gibeon-meteorite,SOLID Iron Meteorite CUBE Gibeon Carved ETCHED WIDMANSTATTEN Crystal AUTHENTIC!!,260,2016-07-30,,,WorthPoint
gibeon-meteorite,Gibeon Meteorite 9 Grams Part Slice!,23.54,2016-07-26,9,2.62,WorthPoint
gibeon-meteorite,"Huge Gibeon (?) Meteorite Slab, Take A Look!!",611.57,2016-07-26,,,WorthPoint
gibeon-meteorite,Amazing 33 Gm. Gibeon Etched Meteorite Quad Cut Professionally Etched!!,111.2,2016-07-24,33,3.37,WorthPoint
gibeon-meteorite,Gibeon Meteorite 6.4 Grams Part Slice!,18,2016-07-22,6.4,2.81,WorthPoint
gibeon-meteorite,14 Pound GIBEON IRON METEORITE,8200,2016-07-19,,,WorthPoint
gibeon-meteorite,Amazing 48 Gm. Gibeon Etched Meteorite Slice Professionally Etched!!,135.2,2016-07-16,48,2.82,WorthPoint
gibeon-meteorite,Beautiful Huge 8550 Gm Gibeon Meteorite From Namibia ; 18.8 Pounds,11045.8,2016-07-15,8550,1.29,WorthPoint
gibeon-meteorite,Beautiful Huge 7100 Gm Gibeon Meteorite From Namibia ; 15.7 Pounds,9345.75,2016-07-15,7100,1.32,WorthPoint
gibeon-meteorite,Amazing 62 Gm. Gibeon Etched Meteorite Cube Professionally Etched!!,199.2,2016-07-13,62,3.21,WorthPoint
gibeon-meteorite,Amazing 46 Gm. Gibeon Etched Meteorite Multi Cut Professionally Etched!!,151.2,2016-07-12,46,3.29,WorthPoint
gibeon-meteorite,Amazing 205 Gm. Gibeon Etched Meteorite Slice Professionally Etched!!,559.2,2016-07-12,205,2.73,WorthPoint
gibeon-meteorite,Gibeon Meteorite Etched,46,2016-07-09,,,WorthPoint
gibeon-meteorite,Beautiful Huge 970 Gm Gibeon Meteorite From Namibia ; 2.2+ Pounds,1695.75,2016-07-09,970,1.75,WorthPoint
gibeon-meteorite,Gibeon Iron Meteorite ETCHED Polished Cabochon Specimen Authenticity Guarenteed,68,2016-07-06,,,WorthPoint
gibeon-meteorite,"Gibeon Meteorite Etched Display Speciman Unique Exotic Wood Stand, 51.88 Grams",150,2016-07-02,51.88,2.89,WorthPoint
gibeon-meteorite,GIBEON Meteorite KILLER Etched Slice 1.56 G. Round Coin 10x3 Mm,15,2016-07-01,1.56,9.62,WorthPoint
gibeon-meteorite,GIBEON Meteorite Dealer/Jewelery Lot OVER HALF KILO IVA Iron,1284,2016-06-24,,,WorthPoint
gibeon-meteorite,Gibeon Iron Meteorite 5.09g Awesome Sculpted Beauty,15,2016-06-23,5.09,2.95,WorthPoint
gibeon-meteorite,GIBEON Meteorite KILLER Etched Slice 2.27 G. Round Coin 12x2 Mm POL-ETCHED,17,2016-06-21,2.27,7.49,WorthPoint
gibeon-meteorite,Boker Meteoriten Damast Damascus 25th Anniversary Knife - New In Box,305,2016-06-20,,,WorthPoint
gibeon-meteorite,Amazing 96 Gm. Gibeon Etched Meteorite Slice Professionally Etched!!,311.2,2016-06-19,96,3.24,WorthPoint
gibeon-meteorite,Amazing 22.5 Gm. Gibeon Etched Meteorite Quad Cut Professionally Etched!!,71.2,2016-06-17,22.5,3.16,WorthPoint
gibeon-meteorite,Gibeon Meteorite Display Specimens 21.69 Grams,29.95,2016-06-14,21.69,1.38,WorthPoint
gibeon-meteorite,GIBEON Meteorite KILLER Etched Slice 5.05 G. Round Coin 16x3-2 Mm POLETCHED,40,2016-06-12,5.05,7.92,WorthPoint
gibeon-meteorite,Meteorite & Dinosaur Bone Knife,1000,2016-06-09,,,WorthPoint
gibeon-meteorite,AUTHENTIC Gibeon Iron Meteorite CRYSTAL RARE Individual Specimen Natural Patina,92,2016-06-08,,,WorthPoint
gibeon-meteorite,Amazing 315 Gm. Gibeon Etched Meteorite Slice Professionally Etched!!,799.2,2016-06-08,315,2.54,WorthPoint
gibeon-meteorite,Gibeon Meteorite 11.1 Grams Part Slice!,27,2016-06-07,11.1,2.43,WorthPoint
gibeon-meteorite,Gibeon Meteorite Titanium Ring With Bevels,300,2016-06-03,,,WorthPoint
gibeon-meteorite,Gibeon Meteorite 21 Grams Part Slice!,49,2016-06-01,21,2.33,WorthPoint
gibeon-meteorite,Amazing 109 Gm. Gibeon Etched Meteorite Slice Professionally Etched!!,351.2,2016-06-01,109,3.22,WorthPoint
gibeon-meteorite,"366g Gibeon Meteorite Full Slice, From Anvil Specimen By Meteorite Men Steve",515,2016-05-31,366,1.41,WorthPoint
gibeon-meteorite,AUTHENTIC Gibeon Iron Meteorite Individual Specimen Natural Patina NAMIBIA,13.5,2016-05-30,,,WorthPoint
gibeon-meteorite,GIBEON Meteorite KILLER Etched Slice 1.23 G. Round Coin 10x2 Mm,12,2016-05-28,1.23,9.76,WorthPoint
gibeon-meteorite,GIBEON Meteorite KILLER Etched Slice 1.24 G. Round Coin 9x2 Mm,12,2016-05-28,1.24,9.68,WorthPoint
gibeon-meteorite,GIBEON Meteorite KILLER Etched Slice 5.81 G. Razer Thin Slice 53x25x1 Mm,50,2016-05-28,5.81,8.61,WorthPoint
gibeon-meteorite,Gibeon Meteorite 12.9 Grams Part Slice!,31,2016-05-22,12.9,2.4,WorthPoint
gibeon-meteorite,Amazing 65 Gm. Gibeon Etched Meteorite Slice Professionally Etched!!,183.2,2016-05-20,65,2.82,WorthPoint
gibeon-meteorite,Large Lot Gemstones Rocks Minerals Beads Jade Quartz Agate Labradorite No Res,75,2016-05-09,,,WorthPoint
gibeon-meteorite,GIBEON Meteorite KILLER Etched Slice 5.37 G. Round Coin 15x3 Mm POLETCHED,42,2016-05-08,5.37,7.82,WorthPoint
gibeon-meteorite,Gibeon Meteorite Slice 15 G With COA,65,2016-05-08,15,4.33,WorthPoint
gibeon-meteorite,GIBEON Meteorite KILLER Etched Slice 1.21 G. Round Coin 8x3 Mm,12,2016-05-06,1.21,9.92,WorthPoint
gibeon-meteorite,"Meteorite, Gibeon Cube (1cm) 7.4 Grams",34.95,2016-05-04,7.4,4.72,WorthPoint
gibeon-meteorite,Amazing 163 Gm. Gibeon Etched Meteorite Large Slab Professionally Etched!!,455.2,2016-05-03,163,2.79,WorthPoint
gibeon-meteorite,AMAZING 44 GRAM Gibeon Carved Iron Meteorite ETCHED CUBE WIDMANSTATTEN Specimen,260,2016-05-02,44,5.91,WorthPoint
gibeon-meteorite,Gibeon Meteorite 23.3 Grams Part Slice,55,2016-05-01,23.3,2.36,WorthPoint
gibeon-meteorite,GIBEON Meteorite KILLER Etched Slice 0.98 G. Round Coin 10x1 Mm,10,2016-04-30,0.98,10.2,WorthPoint
gibeon-meteorite,Amazing 22.5 Gm. Gibeon Etched Meteorite Cube Professionally Etched!!,71.2,2016-04-30,22.5,3.16,WorthPoint
gibeon-meteorite,GIBEON Meteorite KILLER Etched Slice 5.65 G. Round Coin 16x3-4 Mm POLETCHED,45,2016-04-28,5.65,7.96,WorthPoint
gibeon-meteorite,Gibeon Iron Meteorite ETCHED SLICE WIDMANSTATTEN Cabochon Diamond Gemstone Shape,64,2016-04-27,,,WorthPoint
gibeon-meteorite,GIBEON Meteorite KILLER Etched Slice 5.81 G. Round Coin 14x4 Mm,30,2016-04-26,5.81,5.16,WorthPoint
gibeon-meteorite,"Gibeon Meteorite Iva Individual, Unique Shape Regmaglypted Iron Nickel Meteorite",1000,2016-04-22,,,WorthPoint
gibeon-meteorite,GIBEON Meteorite KILLER Etched Slice 3.78 G. Round Coin 20x1-2 Mm POLETCHED,35,2016-04-19,3.78,9.26,WorthPoint
gibeon-meteorite,Amazing 184 Gm. Gibeon Etched Meteorite Large Slab Professionally Etched!!,439.2,2016-04-17,184,2.39,WorthPoint
gibeon-meteorite,Starborn Creations Sterling Silver Gibeon Meteorite Loop Unisex Pendant EP0009,138,2016-04-15,,,WorthPoint
gibeon-meteorite,Beautiful Huge 12340 Gm Gibeon Meteorite From Namibia ; 27.2 Pounds,14445.8,2016-04-13,12340,1.17,WorthPoint
gibeon-meteorite,One Of A Kind 1780 Gm. Gibeon Etched Meteorite Pair Professionally Etched!!,3199.99,2016-04-11,1780,1.8,WorthPoint
gibeon-meteorite,Gibeon Iron Meteorite 3.32g Awesome Sculpted Beauty,13,2016-04-10,3.32,3.92,WorthPoint
gibeon-meteorite,Amazing 37.75 Gm. Gibeon Etched Meteorite Cube Professionally Etched!!,127.2,2016-04-09,37.75,3.37,WorthPoint
gibeon-meteorite,NWT Starborn Creations Sterling Silver Gibeon Meteorite Loop Unisex Pendant-EP09,138,2016-04-08,,,WorthPoint
gibeon-meteorite,Gibeon Meteorite 42.9 Grams Part Slice,98,2016-04-08,42.9,2.28,WorthPoint
gibeon-meteorite,BEAUTIFUL 364g ETCHED GIBEON METEORITE END CUT W/ BRILLIANT ETCH!!!,1095,2016-04-08,364,3.01,WorthPoint
gibeon-meteorite,BEAUTIFUL 184g ETCHED GIBEON METEORITE FULL SLICE W/ BRILLIANT ETCH!!!,555,2016-04-06,184,3.02,WorthPoint
gibeon-meteorite,Small Gibeon Meteorite Slice,13,2016-04-06,,,WorthPoint
gibeon-meteorite,Gibeon Meteorite 16.7 Grams Part Slice!,40,2016-04-06,16.7,2.4,WorthPoint
gibeon-meteorite,Beautiful Huge 12550 Gm Gibeon Meteorite From Namibia ; 27.6 Pounds,14445.8,2016-04-04,12550,1.15,WorthPoint
gibeon-meteorite,Amazing 39 Gm. Gibeon Etched Meteorite Slice Professionally Etched!!,127.2,2016-04-02,39,3.26,WorthPoint
gibeon-meteorite,GIBEON Meteorite KILLER Etched Slice 10.18 G. Round Coin 19x4 Mm,40,2016-03-31,10.18,3.93,WorthPoint
gibeon-meteorite,GIBEON Meteorite KILLER Etched Slice 16.97 G. Round Coin 29x4 Mm BIG,60,2016-03-31,16.97,3.54,WorthPoint
gibeon-meteorite,Gibeon Meteorite 25.3 Grams Part Slice!,59,2016-03-31,25.3,2.33,WorthPoint
gibeon-meteorite,Gibeon Meteorite 11.2 Grams Part Slice!,28,2016-03-26,11.2,2.5,WorthPoint
gibeon-meteorite,Gibeon Meteorite 24.3 Grams Part Slice!,57,2016-03-25,24.3,2.35,WorthPoint
gibeon-meteorite,Gibeon Meteorite 18.4 Grams Part Slice!,44,2016-03-25,18.4,2.39,WorthPoint
gibeon-meteorite,Amazing 157 Gm. Gibeon Etched Meteorite Large Slab Professionally Etched!!,439.2,2016-03-22,157,2.8,WorthPoint
gibeon-meteorite,Gibeon Meteorite Free Form Slice - 16.5 Grams - Namibia Iron Meteorite,60,2016-03-21,16.5,3.64,WorthPoint
gibeon-meteorite,Gibeon Meteorite 8 Grams Part Slice!,22,2016-03-21,8,2.75,WorthPoint
gibeon-meteorite,Gibeon Meteorite 9.6 Grams Part Slice!,25,2016-03-19,9.6,2.6,WorthPoint
gibeon-meteorite,Gibeon Iron Meteorite Cabochon Jewelry Specimen Authentic PROFESSIONALLY Etched,34.5,2016-03-17,,,WorthPoint
gibeon-meteorite,Gibeon Meteorite 21.3 Grams Part Slice!,50,2016-03-16,21.3,2.35,WorthPoint
gibeon-meteorite,Gibeon Meteorite 3.8 Grams Part Slice!,14,2016-03-12,3.8,3.68,WorthPoint
gibeon-meteorite,Amazing 28 Gm. Gibeon Etched Meteorite Slice Professionally Etched!!,92,2016-03-11,28,3.29,WorthPoint
gibeon-meteorite,"Gibeon Meteorite Specimen With Jump Ring On Key Chain - 1"" X 1/2"" Rectangle",39.99,2016-03-03,,,WorthPoint
gibeon-meteorite,Amazing 26.4 Gm. Gibeon Etched Meteorite Quad Cut Professionally Etched!!,87.2,2016-03-02,26.4,3.3,WorthPoint
gibeon-meteorite,"Auth S.t. Dupont De Paris Gold Red Tone Lighter Made In France W/box, Card",350,2016-03-02,,,WorthPoint
gibeon-meteorite,GIBEON Meteorite KILLER Etched Slice 3.02 G. Round Coin 14x2 Mm POLETCHED,30,2016-03-01,3.02,9.93,WorthPoint
gibeon-meteorite,GIBEON Meteorite KILLER Etched Slice 3.93 G. Round Coin 14x3-4 Mm POLETCHED,30,2016-03-01,3.93,7.63,WorthPoint
gibeon-meteorite,5 Pcs Gibeon Carved Iron Meteorite ETCHED SPHERE BEAD WIDMANSTATTEN LOT Beads,450,2016-03-01,,,WorthPoint
gibeon-meteorite,Gibeon Meteorite Etched Sphere - 41.7 Grams - Namibia Iron Meteorite,250,2016-02-29,41.7,6,WorthPoint
gibeon-meteorite,S T Dupont Elysee Line D Premium Meteorite Fountain Pen Limited Edition 410112,543,2016-02-28,,,WorthPoint
gibeon-meteorite,GIBEON Meteorite KILLER Etched Slice 17.97 G. Round Coin 33x3 Mm BIG,65,2016-02-28,17.97,3.62,WorthPoint
gibeon-meteorite,"Gibeon Meteorite Specimen Attached To A Keychain - 1"" X 1/2"" Rectangle",39.99,2016-02-28,,,WorthPoint
gibeon-meteorite,Men's Gibeon Meteorite Ring,92,2016-02-21,,,WorthPoint
gibeon-meteorite,GIBEON Meteorite KILLER Etched Slice 1.10 G. Round Coin 10x2 Mm,10,2016-02-18,1.1,9.09,WorthPoint
gibeon-meteorite,S.T. Dupont Limited Edition Meteorite Elysee Fountain Pen 410112M,549,2016-02-17,,,WorthPoint
gibeon-meteorite,Space Moon GIBEON Meteorite KILLER Etched Sphere 3.09 G. 9 Mm,29,2016-02-16,3.09,9.39,WorthPoint
gibeon-meteorite,GIBEON Meteorite KILLER Etched Slice 5.63 G. Round Coin 19x2 Mm,28,2016-02-16,5.63,4.97,WorthPoint
gibeon-meteorite,Gibeon Iron Meteorite 2.54g Awesome Sculpted Beauty,15.5,2016-02-13,2.54,6.1,WorthPoint
gibeon-meteorite,RARE Gibeon Iron Meteorite ETCHED SLICE WIDMANSTATTEN Specimen Heart GIFT NR!,68,2016-02-13,,,WorthPoint
gibeon-meteorite,Gibeon Meteorite 8.3 Grams Part Slice!,22,2016-02-11,8.3,2.65,WorthPoint
gibeon-meteorite,"Gibeon Meteorite ""blade"" Pendant",54.99,2016-02-11,,,WorthPoint
gibeon-meteorite,Gibeon Meteorite 15.2 Grams Part Slice!,37,2016-02-09,15.2,2.43,WorthPoint
gibeon-meteorite,"Excellent 12mm (.5"") - 2.5 Gram Etched Iron Nickel Gibeon Iron Meteorite Disc",24.99,2016-02-09,2.5,10,WorthPoint
gibeon-meteorite,Gibeon Iron Meteorite PERFECTLY Etched Cabochon Jewelry Specimen Authentic,19.5,2016-02-07,,,WorthPoint
gibeon-meteorite,Gibeon Meteorite 14.4 Grams Part Slice!,35,2016-02-07,14.4,2.43,WorthPoint
gibeon-meteorite,Gibeon Iron Meteorite 3.05g Awesome Sculpted Beauty,10,2016-02-06,3.05,3.28,WorthPoint
gibeon-meteorite,Amazing 120 Gm. Gibeon Etched Meteorite Triple Cut Professionally Etched!!,319.2,2016-02-06,120,2.66,WorthPoint
gibeon-meteorite,"Genuine Gibeon Meteorite Dust Vial Pendant On Black Cotton Cord, EP0019",25,2016-02-05,,,WorthPoint
gibeon-meteorite,GIBEON Meteorite KILLER Etched Slice 3.53 G. Round Coin 16x2 Mm,24.5,2016-02-03,3.53,6.94,WorthPoint
gibeon-meteorite,S T Dupont Line D Premium 412112 Meteorite Chinese Lacquer Limited Edition Pen,255,2016-02-01,,,WorthPoint
gibeon-meteorite,Amazing 41 Gm. Gibeon Etched Meteorite Cube Professionally Etched!!,169,2016-01-31,41,4.12,WorthPoint
gibeon-meteorite,Amazing 23.75 Gm. Gibeon Etched Meteorite Slice Professionally Etched!!,95,2016-01-30,23.75,4,WorthPoint
gibeon-meteorite,"Gibeon Meteorite 56.8g Part Slice, From Anvil Specimen By Meteorite Men Steve",130,2016-01-28,56.8,2.29,WorthPoint
gibeon-meteorite,AMAZING Gibeon Carved Iron Meteorite ETCHED SPHERE BEAD WIDMANSTATTEN Specimen,39.95,2016-01-25,,,WorthPoint
gibeon-meteorite,Meteorite Cross Pendant,37,2016-01-25,,,WorthPoint
gibeon-meteorite,GIBEON Meteorite KILLER Etched Slice 6.50 G. Round Coin 15x4 Mm,45,2016-01-24,6.5,6.92,WorthPoint
gibeon-meteorite,Amazing 175 Gm. Gibeon Etched Meteorite Cube Professionally Etched!!,559.2,2016-01-24,175,3.2,WorthPoint
gibeon-meteorite,S.T. Dupont Neoclassique Meterorite Fountain Pen 410112 - LIMITED EDITION NEW,581.25,2016-01-24,,,WorthPoint
gibeon-meteorite,Amazing 15.5 Gm. Gibeon Etched Meteorite Slice Professionally Etched!!,49.6,2016-01-21,15.5,3.2,WorthPoint
gibeon-meteorite,Amazing 38 Gm. Gibeon Etched Meteorite Cube Professionally Etched!!,127.2,2016-01-21,38,3.35,WorthPoint
gibeon-meteorite,133 Pound GIBEON IRON METEORITE,48000,2016-01-19,,,WorthPoint
gibeon-meteorite,Gibeon Iron Meteorite Sphere ETCHED WIDMANSTATTEN Marble Natural Silver Color,19.5,2016-01-18,,,WorthPoint
gibeon-meteorite,Amazing 19.2 Gm. Gibeon Etched Meteorite Quad Cut Professionally Etched!!,63.2,2016-01-16,19.2,3.29,WorthPoint
gibeon-meteorite,Amazing 13.3 Gm. Gibeon Etched Meteorite Slice Professionally Etched!!,44,2016-01-13,13.3,3.31,WorthPoint
gibeon-meteorite,Amazing 11.1 Gm. Gibeon Etched Meteorite Slice Professionally Etched!!,36,2016-01-13,11.1,3.24,WorthPoint
gibeon-meteorite,GIBEON Meteorite KILLER Etched Slice 3.62 G. Round Coin 13x2 Mm,28,2016-01-11,3.62,7.73,WorthPoint
gibeon-meteorite,Amazing 81 Gm. Gibeon Etched Meteorite Cube Professionally Etched!!,263.2,2016-01-11,81,3.25,WorthPoint
gibeon-meteorite,Amazing 16.1 Gm. Gibeon Etched Meteorite Slice Professionally Etched!!,52,2016-01-02,16.1,3.23,WorthPoint
gibeon-meteorite,Amazing 20 Gm. Gibeon Etched Meteorite Slice Professionally Etched!!,80,2015-12-31,20,4,WorthPoint
gibeon-meteorite,Amazing 110 Gm. Gibeon Etched Meteorite Large Slab Professionally Etched!!,399,2015-12-31,110,3.63,WorthPoint
gibeon-meteorite,"278g Gibeon Meteorite Full Slice, From Anvil Specimen By Meteorite Men Steve",555,2015-12-30,278,2,WorthPoint
gibeon-meteorite,RARE SOLID IRON METEORITE SPHERE ETCHED Carving WIDMANSTATTEN Carved Marble,29.95,2015-12-29,,,WorthPoint
gibeon-meteorite,Amazing 18.75 Gm. Gibeon Etched Meteorite Slice Professionally Etched!!,76,2015-12-29,18.75,4.05,WorthPoint
gibeon-meteorite,Amazing 17.5 Gm. Gibeon Etched Meteorite Slice Professionally Etched!!,70,2015-12-28,17.5,4,WorthPoint
gibeon-meteorite,Gibeon Meteorite & Black Onyx 925 Sterling Silver Pendant Jewelry SP78111,22,2015-12-27,,,WorthPoint
gibeon-meteorite,Gibeon Meteorite 925 Sterling Silver Ring Jewelry S.8 SR63761,12.5,2015-12-26,,,WorthPoint
gibeon-meteorite,Amazing 1160 Gm. Gibeon Etched Meteorite End Cut Professionally Etched!!,1899,2015-12-25,1160,1.64,WorthPoint
gibeon-meteorite,Amazing 16.45 Gm. Gibeon Etched Meteorite Slice Professionally Etched!!,66,2015-12-25,16.45,4.01,WorthPoint
gibeon-meteorite,Amazing 14.5 Gm. Gibeon Etched Meteorite Slice Professionally Etched!!,58,2015-12-24,14.5,4,WorthPoint
gibeon-meteorite,4.77 Gram GIBEON Rare To See As Found Individuals Gibeon Meteorite,11,2015-12-23,4.77,2.31,WorthPoint
gibeon-meteorite,7.52 Gram GIBEON Rare To See As Found Individuals Gibeon Meteorite,17,2015-12-23,7.52,2.26,WorthPoint
gibeon-meteorite,S.T. Dupont Limited Edition Neoclassique Meterorite Roller Ball 412112 - NEW!,675,2015-12-20,,,WorthPoint
gibeon-meteorite,Gibeon Meteorite 925 Sterling Silver Ring Jewelry S.7.5 SR64556,13.38,2015-12-19,,,WorthPoint
gibeon-meteorite,Amazing 13.1 Gm. Gibeon Etched Meteorite Slice Professionally Etched!!,67,2015-12-19,13.1,5.11,WorthPoint
gibeon-meteorite,"Sterling Silver 1-3/4"" Gibeon Meteorite Pendant Necklace P152601",159.99,2015-12-19,,,WorthPoint
gibeon-meteorite,Gibeon Meteorite Free Form Slice - 17.5 Grams - Namibia Iron Meteorite,70,2015-12-19,17.5,4,WorthPoint
gibeon-meteorite,Gibeon Meteorite 7.9 Grams Part Slice,21,2015-12-17,7.9,2.66,WorthPoint
gibeon-meteorite,Amazing 16.75 Gm. Gibeon Etched Meteorite Slice Professionally Etched!!,74,2015-12-17,16.75,4.42,WorthPoint
gibeon-meteorite,Amazing 15.4 Gm. Gibeon Etched Meteorite Slice Professionally Etched!!,69,2015-12-17,15.4,4.48,WorthPoint
gibeon-meteorite,Amazing 32.5 Gm. Gibeon Etched Meteorite Slice Professionally Etched!!,129,2015-12-17,32.5,3.97,WorthPoint
gibeon-meteorite,Amazing 14.1 Gm. Gibeon Etched Meteorite Slice Professionally Etched!!,69,2015-12-17,14.1,4.89,WorthPoint
gibeon-meteorite,Amazing 109 Gm. Gibeon Etched Meteorite Large Slab Professionally Etched!!,399,2015-12-17,109,3.66,WorthPoint
gibeon-meteorite,AMAZING 65gram Gibeon Carved Iron Meteorite ETCHED SPHERE WIDMANSTATTEN Specimen,385,2015-12-16,65,5.92,WorthPoint
gibeon-meteorite,AMAZING 4 1/2 OZ Gibeon Carved Iron Meteorite ETCHED CUBE WIDMANSTATTEN Specimen,740,2015-12-15,56.7,13.05,WorthPoint
gibeon-meteorite,Amazing 175 Gm. Gibeon Etched Meteorite Large Slab Professionally Etched!!,609,2015-12-14,175,3.48,WorthPoint
gibeon-meteorite,Gibeon Meteorite Blade Blank Namibia Africa Dagger Double Edge Antler Handle,400,2015-12-13,,,WorthPoint
gibeon-meteorite,"Gibeon Meteorite, Natural Patina - 81 Grams",77.5,2015-12-13,81,0.96,WorthPoint
gibeon-meteorite,Gibeon Meteorite 15.6 Grams Part Slice,38,2015-11-22,15.6,2.44,WorthPoint
gibeon-meteorite,Amazing 164 Gm. Gibeon Etched Meteorite Large Slab Professionally Etched!!,499,2015-11-21,164,3.04,WorthPoint
gibeon-meteorite,Amazing 124 Gm. Gibeon Etched Meteorite Large Slab Professionally Etched!!,439,2015-11-21,124,3.54,WorthPoint
gibeon-meteorite,Gibeon Iron Meteorite 6.13 Grams Individual As Found!,12,2015-11-19,6.13,1.96,WorthPoint
gibeon-meteorite,Gibeon Meteorite 925 Sterling Silver Ring Jewelry S.7.5 SR39286,24.5,2015-11-15,,,WorthPoint
gibeon-meteorite,Gibeon Meteorite 6.5 Grams Part Slice,18,2015-11-14,6.5,2.77,WorthPoint
gibeon-meteorite,"""Sacred Angel Wings"" Gibeon Meteorite 925 Silver Pendant Jewelry SP62225",14.99,2015-11-13,,,WorthPoint
gibeon-meteorite,Smoky Topaz & Gibeon Meteorite 925 Sterling Silver Pendant Jewelry SP32579,23.5,2015-11-13,,,WorthPoint
gibeon-meteorite,Gibeon Meteorite 19.2 Grams Part Slice!,46,2015-11-12,19.2,2.4,WorthPoint
gibeon-meteorite,5.52 Gram GIBEON Polished Individual 28x13x8mm Wide Gibeon Meteorite,14.99,2015-11-12,5.52,2.72,WorthPoint
gibeon-meteorite,"BEAUTIFUL METEORITE NECKLACE Silver-boarded, Art Deco, Fancy, Includes Chain!!!",40,2015-11-07,,,WorthPoint
gibeon-meteorite,18g Native American Reproduction Gibeon Meteorite 925 Silver Bracelet BA509,14.19,2015-10-08,18,0.79,WorthPoint
gibeon-meteorite,"Peruvian Golden Pyrite & ""Fossil"" Ammonite 925 Silver Pendant Jewelry SP32247",12.99,2015-10-05,,,WorthPoint
gibeon-meteorite,Invicta # 5759 Men's Lupah Gibeon Meteorite Dial Automatic Watch,345,2015-10-05,,,WorthPoint
gibeon-meteorite,Gibeon Iron Meteorite,2750,2015-10-04,,,WorthPoint
gibeon-meteorite,Gibeon Crystal,175,2015-10-04,,,WorthPoint
gibeon-meteorite,Gibeon Slice,237.5,2015-10-01,,,WorthPoint
gibeon-meteorite,Gibeon Iron,137.5,2015-09-24,,,WorthPoint
gibeon-meteorite,GIBEON METEORITE STARDUST X 2 Gibeon SRC 4 & 7 Meteor Space Nestle,7.53,2015-03-07,2,3.77,WorthPoint
gibeon-meteorite,Gibeon Meteorite Stardust SRC 4 Meteor Nestle - Sealed In Original Packaging,5.83,2015-02-21,,,WorthPoint
gibeon-meteorite,S T Dupont Elysee Premium Meteorite Fountain Pen Orpheo Olympio Chinese Lacquer,536.62,2015-02-12,,,WorthPoint
gibeon-meteorite,Gibeon Meteorite 9.1 Grams Part Slice!,16,2014-11-26,9.1,1.76,WorthPoint
gibeon-meteorite,Gibeon Meteorite 25.4 Grams Part Slice!,45,2014-11-26,25.4,1.77,WorthPoint
gibeon-meteorite,Gibeon Meteorite 16.4 Grams Part Slice!,31,2014-11-26,16.4,1.89,WorthPoint
gibeon-meteorite,Gibeon Meteorite 16.9 Grams Part Slice!,31,2014-11-26,16.9,1.83,WorthPoint
gibeon-meteorite,Gibeon Meteorite: 27.5 Gram Etched Slice,49,2014-11-22,27.5,1.78,WorthPoint
gibeon-meteorite,Lot Of Three Small Bright Etched GIBEON Meteorite Slices! 15.26gr,49.99,2014-11-22,15.26,3.28,WorthPoint
gibeon-meteorite,Meteorite Gibeon Sphere 3.9 Grams (10 Mm) Meteorite,15.57,2014-11-21,3.9,3.99,WorthPoint
gibeon-meteorite,Meteorite Gibeon Sphere 3. Grams (9mm) Meteorite,10.5,2014-11-21,3,3.5,WorthPoint
gibeon-meteorite,Gibeon Meteorite: 9.1 Gram Etched Slice,21.21,2014-11-18,9.1,2.33,WorthPoint
gibeon-meteorite,Gibeon Meteorite 5.5 Grams Part Slice!,16,2014-11-15,5.5,2.91,WorthPoint
gibeon-meteorite,Gibeon Meteorite: 21.5 Gram Etched Slice,49,2014-11-15,21.5,2.28,WorthPoint
gibeon-meteorite,Gibeon Iron Meteorite 14.02g Awesome Sculpted Beauty,19,2014-11-15,14.02,1.36,WorthPoint
gibeon-meteorite,An Etched GIBEON Meteorite End Cut Or Slice! 5.1gr,12.99,2014-11-11,5.1,2.55,WorthPoint
gibeon-meteorite,Gibeon Meteorite: 18.6 Gram Etched Slice,33,2014-11-11,18.6,1.77,WorthPoint
gibeon-meteorite,Gibeon Meteorite: 54.9 Gram Etched Corner Cut,76.01,2014-11-08,54.9,1.38,WorthPoint
gibeon-meteorite,Gibeon Iron Meteorite 15.74g Awesome Sculpted Beauty,22,2014-11-08,15.74,1.4,WorthPoint
gibeon-meteorite,Gibeon Meteorite 7.4 Grams Part Slice!,19,2014-11-08,7.4,2.57,WorthPoint
gibeon-meteorite,"4.9g Whole Specimin Gibeon Meteorite, Great Namaqualand, Namibia",10,2014-11-07,4.9,2.04,WorthPoint
gibeon-meteorite,A Small And Complete 100% Natural GIBEON Meteorite 5.5gr,19.99,2014-11-07,5.5,3.63,WorthPoint
gibeon-meteorite,A Bright Etched GIBEON Meteorite Slice! 16.4gr,39.99,2014-11-03,16.4,2.44,WorthPoint
gibeon-meteorite,Gibeon Meteorite 12.7 Grams Part Slice!!,25,2014-11-02,12.7,1.97,WorthPoint
gibeon-meteorite,Gibeon Meteorite: 37.2 Gram Etched Block,28.76,2014-11-01,37.2,0.77,WorthPoint
gibeon-meteorite,"MUONIONALUSTA Iron Meteorite Earrings, 10mm X 6-7mm",20,2014-11-01,,,WorthPoint
gibeon-meteorite,GIBEON METEORITE STARDUST SRC 4 Meteor Space Nestle,8.06,2014-10-30,,,WorthPoint
gibeon-meteorite,GIBEON METEORITE STARDUST SRC 6 Meteor Space Nestle,8.06,2014-10-30,,,WorthPoint
gibeon-meteorite,GIBEON METEORITE STARDUST SRC 2 Meteor Space Nestle,8.06,2014-10-30,,,WorthPoint
gibeon-meteorite,GIBEON METEORITE STARDUST SRC 8 Meteor Space Nestle,8.06,2014-10-30,,,WorthPoint
gibeon-meteorite,GIBEON METEORITE STARDUST SRC 3 Meteor Space Nestle,8.06,2014-10-30,,,WorthPoint
gibeon-meteorite,Gibeon Meteorite: 18.5 Gram Etched Slice,25.39,2014-10-25,18.5,1.37,WorthPoint
gibeon-meteorite,Meteorite 76 Grams Display Specimen Collectible Solid Heavy Fast Shipping!!!!!!!,25,2014-10-22,76,0.33,WorthPoint
gibeon-meteorite,Gibeon Meteorite: 9.6 Gram Etched Slice,13.59,2014-10-21,9.6,1.42,WorthPoint
gibeon-meteorite,Gibeon Meteorite Etched Sphere - 30 Grams - Namibia Iron Meteorite,180,2014-10-21,30,6,WorthPoint
gibeon-meteorite,Gibeon Meteorite: 20.7 Gram Etched Slice,28,2014-10-18,20.7,1.35,WorthPoint
gibeon-meteorite,Gibeon Iron Meteorite 10.97g Awesome Sculpted Beauty,20,2014-10-16,10.97,1.82,WorthPoint
gibeon-meteorite,Gibeon Meteorite: 9.1 Gram Etched Corner Cut,11.61,2014-10-14,9.1,1.28,WorthPoint
gibeon-meteorite,"+++ Sharp Gibeon Meteorite Gibeon, Namibia 268.2 Grams +++",350,2014-10-02,268.2,1.3,WorthPoint
gibeon-meteorite,Gibeon Meteorite 6.2kg,4061,2014-09-28,6200,0.66,WorthPoint
gibeon-meteorite,Slice Of Gibeon: From The Deserts Of Namibia,1375,2014-09-28,,,WorthPoint
gibeon-meteorite,Guitar Pick Gibeon Meteorite Iron Nickel Etched Widmanstatten Pattern 4.77 Grams,159.99,2014-08-20,4.77,33.54,WorthPoint
gibeon-meteorite,ETCHED 230 GM. GIBEON METEORITE END CUT*WidmanstÃ¤tten Patterns,163.5,2014-07-05,230,0.71,WorthPoint
gibeon-meteorite,HERITAGE Natural History â€“ Minerals Gems Fossils Meteorites Amphibian Aspiration,19.95,2014-07-04,,,WorthPoint
gibeon-meteorite,"Meteorite Bead, Gibeon Iron. 12mm / 6. Gram's",24.95,2014-07-03,6,4.16,WorthPoint
gibeon-meteorite,DAMASCUS Steel Pendant Or Necklace 30% GIBEON METEORITE!,89.99,2014-07-03,,,WorthPoint
gibeon-meteorite,Large Gibeon Iron Authentic Meteorite,1741.17,2014-07-02,,,WorthPoint
gibeon-meteorite,"GIBEON METEORITE SLICE 64 GRAMS, Oak Base Namibia Africa",99,2014-07-01,64,1.55,WorthPoint
gibeon-meteorite,Gibeon Meteorite 53.3 Grams Slice!,89.04,2014-06-28,53.3,1.67,WorthPoint
gibeon-meteorite,Gibeon Meteorite 45.1 Grams Slice!,76.32,2014-06-28,45.1,1.69,WorthPoint
gibeon-meteorite,Gibeon Meteorite 54.7 Grams Slice!,91.16,2014-06-28,54.7,1.67,WorthPoint
gibeon-meteorite,Gibeon Meteorite 47 Grams Slice!,79.5,2014-06-28,47,1.69,WorthPoint
gibeon-meteorite,Gibeon Meteorite 25.3 Grams Slice!,57.24,2014-06-28,25.3,2.26,WorthPoint
gibeon-meteorite,Gibeon Meteorite 45.8 Grams Slice!,77.38,2014-06-28,45.8,1.69,WorthPoint
gibeon-meteorite,Gibeon Meteorite 71.4 Grams Slice!,116.6,2014-06-28,71.4,1.63,WorthPoint
gibeon-meteorite,Gibeon Meteorite 52.2 Grams Slice!,86.92,2014-06-28,52.2,1.67,WorthPoint
gibeon-meteorite,Meteorite,90,2014-06-26,,,WorthPoint
gibeon-meteorite,Gibeon Meteorite As Found 12.85 Grams Old Stock,12,2014-06-24,12.85,0.93,WorthPoint
gibeon-meteorite,Gibeon Meteorite 39.5 Grams Slice!,45.05,2014-06-24,39.5,1.14,WorthPoint
gibeon-meteorite,"Gibeon, Etched Slice, Museum Piece, 1 Kg",892,2014-06-23,1000,0.89,WorthPoint
gibeon-meteorite,Gibeon Iron Meteorite 13.56g Awesome Sculpted Beauty,20.5,2014-06-21,13.56,1.51,WorthPoint
gibeon-meteorite,Small Face Gibeon Meteorite Watch - Titanium / Black Leather,248,2014-06-20,,,WorthPoint
gibeon-meteorite,Gibeon Iron Nickel Meteorite 228 Grams,101.81,2014-06-18,228,0.45,WorthPoint
gibeon-meteorite,Gibeon Iron Meteorite 31.18g Awesome Sculpted Beauty,43,2014-06-14,31.18,1.38,WorthPoint
gibeon-meteorite,An Etched GIBEON Meteorite Slice 11.8 Gr!,54.99,2014-06-12,11.8,4.66,WorthPoint
gibeon-meteorite,Gibeon Iron Meteorite 10.78g Awesome Sculpted Beauty,15,2014-06-07,10.78,1.39,WorthPoint
gibeon-meteorite,Bright Etched GIBEON METEORITE Slice NECKLACE !! Wear A Falling Star!! Gn1,49.99,2014-06-07,,,WorthPoint
gibeon-meteorite,Beautiful Natural Etched Slab Of A Gibeon Meteorite Iron From Namibia 88.9 G,175,2014-06-04,88.9,1.97,WorthPoint
gibeon-meteorite,Gibeon Meteorite 18 Grams Slice!,27.03,2014-06-03,18,1.5,WorthPoint
gibeon-meteorite,Gibeon Meteorite 33.8 Grams Slice!,48.65,2014-06-03,33.8,1.44,WorthPoint
gibeon-meteorite,Gibeon Iron Meteorite 11.31g Awesome Sculpted Beauty,24.5,2014-05-31,11.31,2.17,WorthPoint
gibeon-meteorite,12.77lb Gibeon Meteorite Museum Quality Specimen With Hole!,4200,2014-05-30,,,WorthPoint
gibeon-meteorite,Gibeon Nickel-iron Meteorite,65,2014-05-26,,,WorthPoint
gibeon-meteorite,A Bright Etched GIBEON Meteorite Slice! 12.4gr,49.99,2014-05-26,12.4,4.03,WorthPoint
gibeon-meteorite,Sterling Silver Caged Gibeon Meteorite Pendant - EP0002,89,2014-05-22,,,WorthPoint
gibeon-meteorite,A Bright Etched GIBEON Meteorite Slice! 18.0gr,79.99,2014-05-21,18,4.44,WorthPoint
gibeon-meteorite,23.79 Gram **GIBEON METEORITE**,32,2014-04-22,23.79,1.35,WorthPoint
gibeon-meteorite,A BIG Etched GIBEON Meteorite End Cut With REGMAGLYPTS! 373.7gr,699.99,2014-04-20,373.7,1.87,WorthPoint
gibeon-meteorite,Meteorite Pocket Watch Gibeon Face 2,235,2014-04-17,,,WorthPoint
gibeon-meteorite,GIBEON MeTeOrItE Specimen MATCHED PAIR! For Earrings Jewelry 26mm X 6mm X 2.5mm,19,2014-04-16,,,WorthPoint
gibeon-meteorite,Meteorite GIBEON With - Etched Slice 114.2 G With Widmanstatten Pattern,142.5,2014-04-14,114.2,1.25,WorthPoint
gibeon-meteorite,Gibeon Meteorite 55.3 Grams Slice!,93.28,2014-04-14,55.3,1.69,WorthPoint
gibeon-meteorite,Gibeon Meteorite Rare Cut,150,2014-04-13,,,WorthPoint
gibeon-meteorite,6.45 Gram **GIBEON METEORITE**,13,2014-04-12,6.45,2.02,WorthPoint
gibeon-meteorite,GIBEON Iron Meteorite Resin Ring Size 5 3/4 ID 17mm,26,2014-04-12,,,WorthPoint
gibeon-meteorite,10.45 Gram **GIBEON METEORITE**,14.5,2014-04-09,10.45,1.39,WorthPoint
gibeon-meteorite,Small Complete GIBEON Meteorite Individual ! 7.7gr,24.99,2014-04-09,7.7,3.25,WorthPoint
gibeon-meteorite,A Bright Etched GIBEON Meteorite Slice! 5.9gr,39.99,2014-04-08,5.9,6.78,WorthPoint
gibeon-meteorite,TT9 AAA Excellently Rare Precious Gibeon Silver Meteorite Bead 6mm,20,2014-04-01,,,WorthPoint
gibeon-meteorite,Gibeon Iron Meteorite 24.67g Awesome Sculpted Beauty,47,2014-03-30,24.67,1.91,WorthPoint
gibeon-meteorite,Small Complete GIBEON Meteorite Individual ! 9.7gr,29.99,2014-03-29,9.7,3.09,WorthPoint
gibeon-meteorite,A Bright Etched GIBEON Meteorite Slice! 6.3gr,34.99,2014-03-26,6.3,5.55,WorthPoint
gibeon-meteorite,2 Gibeon Meteorites Etched With Cherry Display Box Great Gift Or Keeper ~15,20,2014-03-23,2,10,WorthPoint
gibeon-meteorite,An Etched GIBEON Meteorite Slice 14.2 Gr!,59.99,2014-03-20,14.2,4.22,WorthPoint
gibeon-meteorite,1.72 Gram GIBEON Meteorite As Found INDIVIDUAL The Small Ones Getting Very Rare,11,2014-03-20,1.72,6.4,WorthPoint
gibeon-meteorite,7.99 Gram **GIBEON METEORITE**,11,2014-03-17,7.99,1.38,WorthPoint
gibeon-meteorite,7.36 Gram **GIBEON METEORITE**,11,2014-03-17,7.36,1.49,WorthPoint
gibeon-meteorite,"Meteorite: 1836 Gibeon, Africa 12.1 Grams + Free Label",32,2014-03-16,1836,0.02,WorthPoint
gibeon-meteorite,9.91 Gram **GIBEON METEORITE**,15.49,2014-03-14,9.91,1.56,WorthPoint
gibeon-meteorite,13.72 Gram **GIBEON METEORITE**,13.05,2014-03-11,13.72,0.95,WorthPoint
gibeon-meteorite,1.67 Gram **GIBEON METEORITE**,10.5,2014-03-11,1.67,6.29,WorthPoint
gibeon-meteorite,Gibeon Iron Meteorite; Perfect Etched Letter Opener! 1 End Showed Original Crust,149,2014-03-09,,,WorthPoint
gibeon-meteorite,Gibeon Meteorite 57.8 Gram Etched Cube,69.99,2014-03-08,57.8,1.21,WorthPoint
gibeon-meteorite,Gibeon Iron Meteorite 25.27g Awesome Sculpted Beauty,35,2014-03-08,25.27,1.39,WorthPoint
gibeon-meteorite,2 Gibeon Iron Meteorites Etched With Cherry Display Box Space Rocks ~12,20,2014-03-05,2,10,WorthPoint
gibeon-meteorite,"Meteorite: 1836 Gibeon, Namibia Africa 13.6 Grams",40,2014-03-03,1836,0.02,WorthPoint
gibeon-meteorite,Gibeon Iron Meteorite 34.50g Awesome Sculpted Beauty,59,2014-03-01,34.5,1.71,WorthPoint
gibeon-meteorite,Gibeon Iron Meteorite (wedding) Ring Size 12,100,2014-02-28,,,WorthPoint
gibeon-meteorite,10.87 Gram **GIBEON METEORITE**,26,2014-02-27,10.87,2.39,WorthPoint
gibeon-meteorite,LARGE Gibeon Iron Meteorite - IVA Fine Octahedrite - 7.8 Pounds / 3500+ Grams,3450,2014-02-27,,,WorthPoint
gibeon-meteorite,"Gibeon Meteorite, 2.257 Lbs.",661,2014-02-24,,,WorthPoint
gibeon-meteorite,Bright Etched GIBEON Meteorite Slice With A BIG! REGMAGLYPT HOLE! 21.7gr,119.99,2014-02-23,21.7,5.53,WorthPoint
gibeon-meteorite,9.69 Gram **GIBEON METEORITE**,19.5,2014-02-21,9.69,2.01,WorthPoint
gibeon-meteorite,Gibeon Meteorite 17.5 Grams Shape!,40.28,2014-02-19,17.5,2.3,WorthPoint
gibeon-meteorite,12.77 Gram **GIBEON METEORITE**,15.5,2014-02-18,12.77,1.21,WorthPoint
gibeon-meteorite,Gibeon Meteorite 26.8 Grams Slice!,36.04,2014-02-18,26.8,1.34,WorthPoint
gibeon-meteorite,"Namibian Gibeon FeNi Meteorite 81g 40mm X 30mm X 10mm Thk Polished, Etched",66.92,2014-02-17,81,0.83,WorthPoint
gibeon-meteorite,14.25 Gram **GIBEON METEORITE**,14.5,2014-02-12,14.25,1.02,WorthPoint
gibeon-meteorite,"1.5"" X 1.5"" Etched Gibeon Meteorite Cube Please See Video",1080,2014-02-11,,,WorthPoint
gibeon-meteorite,Gibeon Iron Meteorite 10.81g Awesome Sculpted Beauty,20,2014-02-05,10.81,1.85,WorthPoint
gibeon-meteorite,An Etched GIBEON Meteorite Slice With A Tiny Troilite Nodule! 9.5 Gr,29.99,2014-02-05,9.5,3.16,WorthPoint
gibeon-meteorite,A Neat And Complete! GIBEON Meteorite Individual ! 10.4gr,19.99,2014-02-01,10.4,1.92,WorthPoint
gibeon-meteorite,MUONIONALUSTA Iron Meteorite Earrings 10mm X 4mm,10,2014-02-01,,,WorthPoint
gibeon-meteorite,"Namibian Gibeon FeNi Meteorite 48g Polished, Etched Widmanstatten Structure",74.26,2014-01-26,48,1.55,WorthPoint
gibeon-meteorite,22.78 GRAM Gibeon Iron Meteorite Nice Etching FREE SHIPPING Don't Miss This One,30,2014-01-07,22.78,1.32,WorthPoint
gibeon-meteorite,42 GRAM LOT Of 2 Gibeon Iron Meteorites Etched FREE Shipping!! Slabs Sweet,50,2014-01-06,42,1.19,WorthPoint
gibeon-meteorite,43 GRAM Gibeon Iron Meteorite Nice Etching FREE SHIPPING,52,2014-01-06,43,1.21,WorthPoint
gibeon-meteorite,52 GRAM Gibeon Iron Meteorite Nice Etching FREE SHIPPING Troilite Inclusion,60,2014-01-06,52,1.15,WorthPoint
gibeon-meteorite,45 GRAM Gibeon Iron Meteorite Nice Etching FREE SHIPPING Great Space Rock!!!!!,50,2014-01-06,45,1.11,WorthPoint
gibeon-meteorite,"68 GRAM Gibeon Iron Meteorite Etched .99 Cents A Gram Crusty, Rusty, And Scooped",67,2014-01-06,68,0.99,WorthPoint
gibeon-meteorite,135 GRAM Gibeon Iron Meteorite Etching FREE SHIPPING Crusty And Scooped,122,2014-01-06,135,0.9,WorthPoint
gibeon-meteorite,145 GRAM BIG Gibeon Iron Meteorite Etching FREE SHIPPING Crusty And Rusty = COOL,140,2014-01-06,145,0.97,WorthPoint
gibeon-meteorite,74 GRAM Gibeon Iron Meteorite TOWER Etched FREE SHIPPING Nice Troilite Inclusion,72,2014-01-06,74,0.97,WorthPoint
gibeon-meteorite,Gibeon Meteorite 11.9 Grams Slice!,18.92,2014-01-06,11.9,1.59,WorthPoint
gibeon-meteorite,155 GRAM Gibeon Iron Meteorite Etching FREE SHIPPING! How About $1 A Gram,155,2014-01-06,155,1,WorthPoint
gibeon-meteorite,220 GRAM BIG Gibeon Iron Meteorite Etching FREE SHIPPING Nice Troilite Inclusion,188,2014-01-06,220,0.85,WorthPoint
gibeon-meteorite,120 GRAM Gibeon Iron Meteorite Etching SALE Troilite Inclusion + Crust,108,2014-01-06,120,0.9,WorthPoint
gibeon-meteorite,21.87 GRAM Gibeon Iron Meteorite Nice Etching FREE SHIPPING Don't Miss This One,26,2014-01-05,21.87,1.19,WorthPoint
gibeon-meteorite,3 Gibeon Meteorites Etched Over 28 Grams GREAT For Christmas!! #1,26,2014-01-04,3,8.67,WorthPoint
gibeon-meteorite,50 GRAM Gibeon Iron Meteorite Etched FREE SHIPPING,56,2014-01-04,50,1.12,WorthPoint
gibeon-meteorite,"+++ Sharp Gibeon Meteorite Pattern Slice Gibeon, Namibia +++",65,2014-01-02,,,WorthPoint
gibeon-meteorite,Sterling Silver Gibeon Meteorite Pendant With Slide Bail EP0005,138,2014-01-01,,,WorthPoint
gibeon-meteorite,18.3 Gram Gibeon Meteorite Side Cut - Etched - Nice Widmanstatten Namibia,45,2013-12-31,18.3,2.46,WorthPoint
gibeon-meteorite,2 Gibeon Meteorites Etched With Cherry Display Box PERFECT FOR CHRISTMAS!! ~11,20,2013-12-30,2,10,WorthPoint
gibeon-meteorite,Gibeon Meteorite 6.9 Grams Slice!,13.78,2013-12-29,6.9,2,WorthPoint
gibeon-meteorite,Gibeon Iron Meteorite 21.14g Fantastic Sculpted Beauty,40,2013-12-25,21.14,1.89,WorthPoint
gibeon-meteorite,58.5 GRAM LOT Of 13 Gibeon Iron Meteorites Etched FREE Shipping!! Money Maker!,58,2013-12-24,58.5,0.99,WorthPoint
gibeon-meteorite,9 Gibeon Meteorites Lot Etched 42 Grams GREAT For Christmas!! #23 Free Shipping,26,2013-12-24,9,2.89,WorthPoint
gibeon-meteorite,15.5 Gram Gibeon Meteorite Side Cut - Etched - Nice Widmanstatten Namibia,45,2013-12-24,15.5,2.9,WorthPoint
gibeon-meteorite,A Neat Shaped GIBEON Meteorite Slice ! 9.6gr,23.99,2013-12-23,9.6,2.5,WorthPoint
gibeon-meteorite,91 GRAM Gibeon Meteorite TOWER Etched Crust Good Etching FREE SHIPPING!,75,2013-12-22,91,0.82,WorthPoint
gibeon-meteorite,66 GRAM Gibeon Meteorite TOWER Etched Crust Good Etching FREE SHIPPING!,55,2013-12-22,66,0.83,WorthPoint
gibeon-meteorite,93 GRAM Gibeon Iron Meteorite TOWER Etched FREE SHIPPING 3 Troilite Inclusions,74.4,2013-12-22,93,0.8,WorthPoint
gibeon-meteorite,47 GRAM Gibeon Iron Meteorite Nice Etching FREE SHIPPING Great Space Rock!!!!!,37.6,2013-12-22,47,0.8,WorthPoint
gibeon-meteorite,64 GRAM Gibeon Iron Meteorite Nice Etching FREE SHIPPING Great Space Rock!!!!!,51.2,2013-12-22,64,0.8,WorthPoint
gibeon-meteorite,200 GRAM LOT Of 9 Gibeon Iron Meteorites Etched FREE Shipping!! Money Maker!,160,2013-12-22,200,0.8,WorthPoint
gibeon-meteorite,19 GRAM Gibeon Meteorite Troilite Inclusion NICE Etching FREE SHIPPING! Etched,21,2013-12-22,19,1.11,WorthPoint
gibeon-meteorite,66 GRAM Gibeon Meteorite Troilite Inclusion NICE Etching FREE SHIPPING! Etched,44.88,2013-12-22,66,0.68,WorthPoint
gibeon-meteorite,24 GRAM Gibeon Meteorite Troilite Inclusion Etched Etching FREE SHIPPING!,21,2013-12-22,24,0.88,WorthPoint
gibeon-meteorite,21 GRAM Gibeon Meteorite Square Etched Crust Good Etching FREE SHIPPING!,21,2013-12-22,21,1,WorthPoint
gibeon-meteorite,85 GRAM Gibeon Iron Meteorite Etched With Crust Scoop Good FREE SHIPPING!,58.78,2013-12-22,85,0.69,WorthPoint
gibeon-meteorite,6 Gibeon Meteorites Lot Etched 31 Grams GREAT For Christmas!! #21 Free Shipping,15,2013-12-22,6,2.5,WorthPoint
gibeon-meteorite,Gibeon Meteorite 9.4 Grams Slice!,17,2013-12-22,9.4,1.81,WorthPoint
gibeon-meteorite,Gibeon Meteorite 21 Grams Slice!,35,2013-12-21,21,1.67,WorthPoint
gibeon-meteorite,Gibeon Meteorite 8.1 Grams Slice!,15,2013-12-20,8.1,1.85,WorthPoint
gibeon-meteorite,15 Gibeon Meteorites Etched LOT Rusted Over 84 Grams Money Maker After U Clean,60,2013-12-20,15,4,WorthPoint
gibeon-meteorite,7 Gibeon Meteorites Etched Over 30 Grams GREAT For Christmas!! #4,30.99,2013-12-20,7,4.43,WorthPoint
gibeon-meteorite,7 Gibeon Meteorites Lot Etched 3 Grams GREAT For Christmas!! #22 Free Shipping,23.49,2013-12-20,7,3.36,WorthPoint
gibeon-meteorite,Bright GIBEON METEORITE NECKLACE !! A Falling Star! G9,59.99,2013-12-17,,,WorthPoint
gibeon-meteorite,13 Gibeon Meteorites Etched LOT Rusted Over 97 Grams Money Maker After U Clean,34,2013-12-17,13,2.62,WorthPoint
gibeon-meteorite,19 Gibeon Meteorites Etched But Rusted Over 97 Grams Money Maker After U Clean,51,2013-12-15,19,2.68,WorthPoint
gibeon-meteorite,3 Gibeon Meteorites Etched Over 30 Grams GREAT For Christmas!! #3,15,2013-12-15,3,5,WorthPoint
gibeon-meteorite,4 Gibeon Meteorites Etched Over 28 Grams GREAT For Christmas!! Lot #2,20,2013-12-15,4,5,WorthPoint
gibeon-meteorite,A Long Skinny Bright Etched GIBEON Meteorite Slice! 4.1 Gr!,29.99,2013-12-14,4.1,7.31,WorthPoint
gibeon-meteorite,Gibeon Meteorite 14.3 Grams Shape!,63.75,2013-12-09,14.3,4.46,WorthPoint
gibeon-meteorite,Bright Etched GIBEON METEORITE Slice NECKLACE !! A Falling Star!! Gb7,39.99,2013-12-09,,,WorthPoint
gibeon-meteorite,Large Face Gibeon Meteorite Watch - Titanium / Black Leather,298,2013-12-08,,,WorthPoint
gibeon-meteorite,Bright Etched GIBEON METEORITE NECKLACE !! Gb1,49.99,2013-12-08,,,WorthPoint
gibeon-meteorite,Gibeon Meteorite 19 Grams Part Slice!,27.2,2013-12-08,19,1.43,WorthPoint
gibeon-meteorite,Gibeon Meteorite Sphere - 21 Grams,40,2013-12-07,21,1.9,WorthPoint
gibeon-meteorite,The Great NAMA LAND Gibeon Meteorite (1830) -Kennedy Space Center,19.99,2013-12-04,,,WorthPoint
gibeon-meteorite,316 Gram Bright Etch Gibeon Meteorite Complete Rare Slice,400,2013-12-04,316,1.27,WorthPoint
gibeon-meteorite,Nice Etched GIBEON METEORITE Slice NECKLACE !! Wear A Falling Star!! W 2,49.99,2013-11-25,,,WorthPoint
gibeon-meteorite,Etched GIBEON METEORITE Slice NECKLACE !! Wear A Falling Star!! Gn9,59.99,2013-11-24,,,WorthPoint
gibeon-meteorite,15.3 Gram Gibeon Meteorite Slice - Etched - Nice Widmanstatten Namibia,40,2013-11-22,15.3,2.61,WorthPoint
gibeon-meteorite,Gibeon Meteorite (iron Meteorite) With Deformed WidmanstÃ¤tten Pattern !!!,57.5,2013-11-18,,,WorthPoint
gibeon-meteorite,Gibeon Meteorite Heart Necklace,100,2013-11-15,,,WorthPoint
gibeon-meteorite,Gibeon Meteorite 6.5 Grams Shape!,36,2013-11-15,6.5,5.54,WorthPoint
gibeon-meteorite,Gibeon Meteorite 13 Grams Part Slice!,26,2013-11-10,13,2,WorthPoint
gibeon-meteorite,Gibeon Meteorite Cube - 108g,180.73,2013-11-09,108,1.67,WorthPoint
gibeon-meteorite,Gibeon Meteorite - Great Shape And Scoops - By Catchafallingstar.com,5600,2013-11-08,,,WorthPoint
gibeon-meteorite,Gibeon Meteorite 16.7 Grams Shape!,37,2013-11-08,16.7,2.22,WorthPoint
gibeon-meteorite,Gibeon Meteorite 43.6 Grams Part Slice!,68,2013-11-06,43.6,1.56,WorthPoint
gibeon-meteorite,Gibeon Meteorite 51.3 Grams Slice!,96,2013-11-06,51.3,1.87,WorthPoint
gibeon-meteorite,Gibeon Meteorite 17.7 Grams Shape!,92,2013-10-28,17.7,5.2,WorthPoint
gibeon-meteorite,Gibeon Meteorite 8.6 Grams Shape!,46,2013-10-26,8.6,5.35,WorthPoint
gibeon-meteorite,Gibeon Iron Meteorite 6.25g Awesome Sculpted Beauty,10,2013-10-26,6.25,1.6,WorthPoint
gibeon-meteorite,15.4 Gram Gibeon Meteorite Side Cut - Etched - Nice Widmanstatten Namibia,45,2013-10-23,15.4,2.92,WorthPoint
gibeon-meteorite,16.5 Gram Gibeon Meteorite Side Cut - Etched - Nice Widmanstatten Namibia,40,2013-10-23,16.5,2.42,WorthPoint
gibeon-meteorite,"GIBEON Meteorite, Etched Button/Disc",10.74,2013-10-22,,,WorthPoint
gibeon-meteorite,Small Bright Etched GIBEON Meteorite Slice And It Is Free Standing 7.3 Gr!,24.99,2013-10-20,7.3,3.42,WorthPoint
gibeon-meteorite,11.0 Gram Gibeon Meteorite Side Cut - Etched - Nice Widmanstatten Namibia,30,2013-10-20,11,2.73,WorthPoint
gibeon-meteorite,Gibeon Meteorite - Two Sides To Every Outerspace Story,4062.5,2013-10-20,,,WorthPoint
gibeon-meteorite,Meteorite Pocket Watch,3500,2013-10-20,,,WorthPoint
gibeon-meteorite,Gibeon Meteorite - A Fine Example With Great Character,1250,2013-10-20,,,WorthPoint
gibeon-meteorite,Unbelievable Gibeon Meteorite With Huge Natural Hole,23750,2013-10-20,,,WorthPoint
gibeon-meteorite,Gibeon - Slice Of The Quintessential African Meteorite,2750,2013-10-20,,,WorthPoint
gibeon-meteorite,Gentleman''s Gold Plated Meteorite Watch,3250,2013-10-20,,,WorthPoint
gibeon-meteorite,2.82 Gram GIBEON Meteorite As Found INDIVIDUAL Small Ones Getting Very Rare,10,2013-10-08,2.82,3.55,WorthPoint
gibeon-meteorite,Gibeon Meteorite 74 Grams Slice!,150,2013-10-08,74,2.03,WorthPoint
gibeon-meteorite,Gibeon Iron Meteorite 16.53g Awesome Sculpted Beauty,40,2013-10-08,16.53,2.42,WorthPoint
gibeon-meteorite,Gibeon Meteorite 23.5 Grams Slice!,50,2013-10-07,23.5,2.13,WorthPoint
gibeon-meteorite,Bright Etched Free Standing GIBEON Meteorite Cut Slice! 16.9 Gr,34.99,2013-10-06,16.9,2.07,WorthPoint
gibeon-meteorite,Large Face Gibeon Meteorite Watch - Titanium / Brown Leather,258,2013-09-21,,,WorthPoint
gibeon-meteorite,"Namibian Gibeon FeNi Meteorite 61g Polished, Etched Widmanstatten Structure",64,2013-09-21,61,1.05,WorthPoint
gibeon-meteorite,137 Gram Etched GIBEON Meteorite - Full Slice!,96.57,2013-09-20,137,0.7,WorthPoint
gibeon-meteorite,"Gibeon Meteorite Pieces, IVA From Namibia",10.94,2013-09-08,,,WorthPoint
gibeon-meteorite,Gibeon Meteorite 13.6 Grams Slice!,19,2013-09-07,13.6,1.4,WorthPoint
gibeon-meteorite,EXTRA THIN GIBEON Meteorite - 117.43 GRAMS - ETCHED FULL SLICE!,149.99,2013-09-07,117.43,1.28,WorthPoint
gibeon-meteorite,Gibeon Meteorite 9.2 Grams Part Slice!,21,2013-09-07,9.2,2.28,WorthPoint
gibeon-meteorite,Small Bright Etched GIBEON Meteorite Slice! 7.2 Gr!,29.99,2013-09-07,7.2,4.17,WorthPoint
gibeon-meteorite,"Meteorite: 1836; Gibeon, Namibia Africa 14 Grams From Mark Bostick Collection",22.25,2013-09-06,14,1.59,WorthPoint
gibeon-meteorite,"Meteorite: 1836; Gibeon, Africa 252 Grams From The Mark Bostick Collection",224.01,2013-09-06,252,0.89,WorthPoint
gibeon-meteorite,"Meteorite: 1836; Gibeon, Namibia Africa 21.3 Grams From Mark Bostick Collection",28.25,2013-09-06,21.3,1.33,WorthPoint
gibeon-meteorite,Gibeon Meteorite Bowie Knife,3000,2013-09-02,,,WorthPoint
gibeon-meteorite,"Namibian Gibeon FeNi Meteorite 66g Polished, Etched Widmanstatten Structure",61.88,2013-09-01,66,0.94,WorthPoint
gibeon-meteorite,Gibeon Meteorite From Namibia,47,2013-08-28,,,WorthPoint
gibeon-meteorite,Etched Muonionalusta Meteorite Slice With Superb WidmanstÃ¤tten Pattern. M227,40.54,2013-08-26,,,WorthPoint
gibeon-meteorite,Gibeon Meteorite 17.1 Grams Slice!,23,2013-08-25,17.1,1.35,WorthPoint
gibeon-meteorite,Gibeon Meteorite 7.4 Grams Shape!,40,2013-08-21,7.4,5.41,WorthPoint
gibeon-meteorite,12.7 Grams GIBEON Meteorite As Found INDIVIDUAL Small Ones Getting Very Rare,20,2013-08-19,12.7,1.57,WorthPoint
gibeon-meteorite,Bright Etched GIBEON Meteorite Cut Slice! 6.0 Gr,24.99,2013-08-18,6,4.17,WorthPoint
gibeon-meteorite,Bright Etched GIBEON Meteorite Slice 6.2 Gr!,24.99,2013-08-18,6.2,4.03,WorthPoint
gibeon-meteorite,"Namibian Gibeon FeNi Meteorite 77g Polished, Etched Widmanstatten Structure",100.93,2013-08-11,77,1.31,WorthPoint
gibeon-meteorite,Gibeon Meteorite Cube - 54.53g - Etched,139.75,2013-08-10,54.53,2.56,WorthPoint
gibeon-meteorite,15mm Rose Natural Gibeon Meteorite Star Of David 925 Sterling Silver Pendant,99,2013-08-09,,,WorthPoint
gibeon-meteorite,"Namibian FeNi Meteorite 96g Polished, Etched Showing Widmanstatten Structure",76.36,2013-08-03,96,0.8,WorthPoint
gibeon-meteorite,32 X 21mm Tag Knife Gibeon Meteorite 925 Sterling Silver Pendant,229,2013-07-19,,,WorthPoint
gibeon-meteorite,Gibeon Iron Meteorite 6.84g Fantastic Sculpted Beauty,15,2013-07-14,6.84,2.19,WorthPoint
gibeon-meteorite,GIBEON IRON IVA METEORITE 3.806 Grams ETCHED ~ JUST BEAUTIFUL (31),14.5,2013-07-14,3.806,3.81,WorthPoint
gibeon-meteorite,Gibeon Iron Meteorite - 93.7 Gram Etched Slice,112.5,2013-07-14,93.7,1.2,WorthPoint
gibeon-meteorite,10.7 Gram Gibeon Meteorite Etched Specimen,16.15,2013-07-13,10.7,1.51,WorthPoint
gibeon-meteorite,GIBEON Iron Meteorite Ring With Silver Size 5 3/4,10,2013-07-13,,,WorthPoint
gibeon-meteorite,Bright Etched GIBEON Meteorite Free Standing Slice 5.9 Gr!,18.99,2013-07-11,5.9,3.22,WorthPoint
gibeon-meteorite,GIBEON Meteorite KILLER Etched Slice Set Of 2 (2.11 1.70) G. Round Coin 12X2 Mm,50,2013-07-11,,,WorthPoint
gibeon-meteorite,Gibeon Meteorite 3.7 Grams Shape!,18.7,2013-07-10,3.7,5.05,WorthPoint
gibeon-meteorite,3.1 Gram Gibeon Meteorite Etched Specimen,21.19,2013-07-10,3.1,6.84,WorthPoint
gibeon-meteorite,GIBEON Meteorite KILLER Etched Slice 2.11 G. Round Coin 12X2 Mm,21,2013-07-09,2.11,9.95,WorthPoint
gibeon-meteorite,Gibeon Iron Meteorite 4.06g Fantastic Sculpted Beauty,10,2013-07-09,4.06,2.46,WorthPoint
gibeon-meteorite,GIBEON Meteorite KILLER Etched Slice 1.70 G. Round Coin 12X2 Mm,17,2013-07-09,1.7,10,WorthPoint
gibeon-meteorite,Gibeon Meteorite 18.7 Grams Shape!,41,2013-07-09,18.7,2.19,WorthPoint
gibeon-meteorite,GIBEON Meteorite KILLER Etched Slice 0.95 G. Round Coin 15X0.7 Mm,12,2013-07-07,0.95,12.63,WorthPoint
gibeon-meteorite,GIBEON Meteorite KILLER Etched Slice 0.88 G. Round Coin X Mm,12,2013-07-07,0.88,13.64,WorthPoint
gibeon-meteorite,GIBEON Meteorite KILLER Etched Slice 1.00 G. Round Coin 12X1 Mm,12,2013-07-07,1,12,WorthPoint
gibeon-meteorite,GIBEON Meteorite KILLER Etched Slice 1.12 G. Round Coin 12X1 Mm,12,2013-07-07,1.12,10.71,WorthPoint
gibeon-meteorite,5 Gram Gibeon Meteorite Etched Specimen,13.5,2013-07-06,5,2.7,WorthPoint
gibeon-meteorite,15.4 Gram Gibeon Meteorite Etched Specimen,15.5,2013-07-06,15.4,1.01,WorthPoint
gibeon-meteorite,A Nice Etched GIBEON Meteorite Cut Slice 8.0gr,29.99,2013-07-05,8,3.75,WorthPoint
gibeon-meteorite,Bright Etched GIBEON Meteorite Cut Slice! 10.6 Gr,24.99,2013-07-05,10.6,2.36,WorthPoint
gibeon-meteorite,BIG Etched Square GIBEON Meteorite End Cut With A Regmaglypt HOLE! 145.6gr,389.99,2013-07-04,145.6,2.68,WorthPoint
gibeon-meteorite,Natural Gibeon Iron Meteorite Stainless Steel Pendant,79,2013-07-01,,,WorthPoint
gibeon-meteorite,GIBEON Meteorite KILLER Etched Slice 2.79 G. Coin,22,2013-06-30,2.79,7.89,WorthPoint
gibeon-meteorite,GIBEON Meteorite KILLER Etched Slice 3.38 G. Coin,27,2013-06-30,3.38,7.99,WorthPoint
gibeon-meteorite,Gibeon Iron Meteorite 8.96g Fantastic Sculpted Beauty,13,2013-06-29,8.96,1.45,WorthPoint
gibeon-meteorite,42 Gram Gibeon Meteorite Etched Specimen,47.23,2013-06-26,42,1.12,WorthPoint
gibeon-meteorite,GIBEON Meteorite KILLER Etched Slice 6.66 G.,45,2013-06-25,6.66,6.76,WorthPoint
gibeon-meteorite,GIBEON Meteorite KILLER Etched Slice 4.91 G. Round Coin 26 X 1 Mm,49,2013-06-23,4.91,9.98,WorthPoint
gibeon-meteorite,6.8 Gram Gibeon Meteorite Etched Specimen,15.5,2013-06-22,6.8,2.28,WorthPoint
gibeon-meteorite,16.1 Gram Gibeon Meteorite Etched Specimen,27,2013-06-22,16.1,1.68,WorthPoint
gibeon-meteorite,Etched Square Shaped GIBEON Meteorite Cut Slice 8.5 Gr,24.99,2013-06-22,8.5,2.94,WorthPoint
gibeon-meteorite,Gibeon Iron Meteorite 43.66g Awesome Sculpted Beauty,67.78,2013-06-22,43.66,1.55,WorthPoint
gibeon-meteorite,Gibeon Meteorite 31.8 Grams Etched Slice!,67,2013-06-21,31.8,2.11,WorthPoint
gibeon-meteorite,Small Complete GIBEON Meteorite Individual ! 14.6gr,24.99,2013-06-20,14.6,1.71,WorthPoint
gibeon-meteorite,25.0 Gram Gibeon Meteorite Etched Disk Round - Nice Widmanstatten Namibia,95,2013-06-20,25,3.8,WorthPoint
gibeon-meteorite,30.3 Gram Gibeon Meteorite Etched Specimen,28.67,2013-06-19,30.3,0.95,WorthPoint
gibeon-meteorite,6.5 Gram Gibeon Meteorite Etched Specimen,11.5,2013-06-19,6.5,1.77,WorthPoint
gibeon-meteorite,7.8 Gram Gibeon Meteorite Etched Specimen,11.5,2013-06-19,7.8,1.47,WorthPoint
gibeon-meteorite,7.0 Gram Gibeon Meteorite Etched Specimen,10.5,2013-06-19,7,1.5,WorthPoint
gibeon-meteorite,Gibeon Iron Meteorite 7.62g Fantastic Sculpted Beauty,16,2013-06-19,7.62,2.1,WorthPoint
gibeon-meteorite,BONHAMS Natural History â€“ Bolca Madagascar Great Elephant Bird Meteorite,19.95,2013-06-19,,,WorthPoint
gibeon-meteorite,14.4 Gram Gibeon Meteorite Etched Specimen,13.24,2013-06-19,14.4,0.92,WorthPoint
gibeon-meteorite,3.8 Gram Gibeon Meteorite Etched Specimen,26,2013-06-15,3.8,6.84,WorthPoint
gibeon-meteorite,27.4 Gram Gibeon Meteorite Side Cut - Etched - Nice Widmanstatten Namibia,65,2013-06-12,27.4,2.37,WorthPoint
gibeon-meteorite,14.1 Gram Gibeon Meteorite Slice Stick - Etched - Nice Widmanstatten Namibia,20,2013-06-12,14.1,1.42,WorthPoint
gibeon-meteorite,4.9 Gram Gibeon Meteorite Etched Specimen,26.69,2013-06-12,4.9,5.45,WorthPoint
gibeon-meteorite,3.9 Gram Gibeon Meteorite Etched Specimen,22.39,2013-06-12,3.9,5.74,WorthPoint
gibeon-meteorite,Gibeon Iron Meteorite 23.95g Awesome Sculpted Beauty,55,2013-06-12,23.95,2.3,WorthPoint
gibeon-meteorite,21.4 Gram Gibeon Meteorite Etched Disc Round - Nice Widmanstatten Namibia,100,2013-06-10,21.4,4.67,WorthPoint
gibeon-meteorite,5.8 Gram Gibeon Meteorite Etched Specimen,20,2013-06-08,5.8,3.45,WorthPoint
gibeon-meteorite,5.3 Gram Gibeon Meteorite Etched Specimen,16.5,2013-06-05,5.3,3.11,WorthPoint
gibeon-meteorite,Gibeon Meteorite 2155 Grams Etched Full Slice! EX ASU Specimen! KILLER ETCH!,3260,2013-06-05,2155,1.51,WorthPoint
gibeon-meteorite,3.4 Gram Gibeon Meteorite Etched Specimen,11.5,2013-06-02,3.4,3.38,WorthPoint
gibeon-meteorite,GIBEON Meteorite KILLER Etched Slice 3.24 G. Coin 13.75 X 2.9 MM,26,2013-06-02,3.24,8.02,WorthPoint
gibeon-meteorite,14.3 Gram Gibeon Meteorite Slice Stick - Etched - Nice Widmanstatten Namibia,20.5,2013-05-29,14.3,1.43,WorthPoint
gibeon-meteorite,23.2 Gram Gibeon Meteorite Partial Endcut - Etched - Nice Widmanstatten Namibia,30,2013-05-29,23.2,1.29,WorthPoint
gibeon-meteorite,Gibeon Meteorite 7.6 Grams Slice!,14,2013-05-27,7.6,1.84,WorthPoint
gibeon-meteorite,Gibeon Meteorite 10.2 Grams End Cut!..,18,2013-05-25,10.2,1.76,WorthPoint
gibeon-meteorite,Gibeon Iron Meteorite 17.21g Fantastic Sculpted Beauty,27,2013-05-25,17.21,1.57,WorthPoint
gibeon-meteorite,GIBEON Meteorite KILLER Etched Slice 3.51 G. Coin,28,2013-05-25,3.51,7.98,WorthPoint
gibeon-meteorite,12.2 Gram Gibeon Meteorite Side Cut - Etched - Nice Widmanstatten Namibia,41,2013-05-22,12.2,3.36,WorthPoint
gibeon-meteorite,38.5 Gram Gibeon Meteorite Side Cut - Etched - Nice Widmanstatten Namibia,65,2013-05-22,38.5,1.69,WorthPoint
gibeon-meteorite,54.9 Gram Gibeon Meteorite Partial Slice - Etched - Nice Widmanstatten Namibia,100,2013-05-22,54.9,1.82,WorthPoint
gibeon-meteorite,Gibeon Meteorite 7.2 Grams End Cut!..,14,2013-05-22,7.2,1.94,WorthPoint
gibeon-meteorite,Gibeon Meteorite 16.8 Grams Etched End Cut!,37,2013-05-19,16.8,2.2,WorthPoint
gibeon-meteorite,Gibeon Meteorite 12.8 Grams Shape!,29,2013-05-17,12.8,2.27,WorthPoint
gibeon-meteorite,Gibeon Meteorite 8 Grams Shape!,19,2013-05-17,8,2.38,WorthPoint
gibeon-meteorite,9.3 Gram Gibeon Meteorite Etched Specimen,11,2013-05-15,9.3,1.18,WorthPoint
gibeon-meteorite,Gibeon Meteorite 18.3 Grams Slice!,58,2013-05-13,18.3,3.17,WorthPoint
gibeon-meteorite,11.7 Gram Gibeon Meteorite Etched Specimen,25,2013-05-11,11.7,2.14,WorthPoint
gibeon-meteorite,Gibeon Iron Meteorite 13.11g Fantastic Sculpted Beauty,18,2013-05-11,13.11,1.37,WorthPoint
gibeon-meteorite,GIBEON Meteorite KILLER Etched Slice 2.33 G. Coin,20,2013-05-09,2.33,8.58,WorthPoint
gibeon-meteorite,Gibeon Meteorite 10.2 Grams End Cut!,24,2013-05-09,10.2,2.35,WorthPoint
gibeon-meteorite,Gibeon Meteorite 10.1 Grams Slice!,24,2013-05-07,10.1,2.38,WorthPoint
gibeon-meteorite,Gibeon Meteorite 15 Grams Slice!,33,2013-05-06,15,2.2,WorthPoint
gibeon-meteorite,Natural Gibeon Meteorite Sun 925 Sterling Silver Pendant,161,2013-05-06,,,WorthPoint
gibeon-meteorite,Sterling Silver Caged Gibeon Meteorite Pendant,89,2013-05-01,,,WorthPoint
gibeon-meteorite,Etched Gibeon Iron Meteorite 5.06 Grams Namibia Africa,21,2013-05-01,5.06,4.15,WorthPoint
gibeon-meteorite,GIBEON Meteorite KILLER Etched Slice 3.47 G. Coin,27,2013-05-01,3.47,7.78,WorthPoint
gibeon-meteorite,Bright Etched GIBEON Meteorite Slab Or Slice ! 8.4gr,25.99,2013-05-01,8.4,3.09,WorthPoint
gibeon-meteorite,"2"" Heavy Cross Natural Gibeon Meteorite 925 Sterling Silver Pendant",199,2013-04-25,,,WorthPoint
gibeon-meteorite,GIBEON Meteorite KILLER Etched Slice 28.51 G.,175,2013-04-23,28.51,6.14,WorthPoint
gibeon-meteorite,GIBEON Meteorite KILLER Etched Slice 3.78 G. Round Coin X Mm,30,2013-04-21,3.78,7.94,WorthPoint
gibeon-meteorite,GIBEON Meteorite KILLER Etched Slice 2.81 G. Coin 13X3 Mm,25,2013-04-21,2.81,8.9,WorthPoint
gibeon-meteorite,GIBEON Meteorite KILLER Etched Slice 2.64 G. Coin 13X2 Mm,25,2013-04-21,2.64,9.47,WorthPoint
gibeon-meteorite,METEORITE- A Fantastic Meteorite Blade Letter Opener From Gibeon Iron Meteorite,599,2013-04-20,,,WorthPoint
gibeon-meteorite,10.6 Gram Gibeon Meteorite Etched Specimen,10.5,2013-04-17,10.6,0.99,WorthPoint
gibeon-meteorite,"Beautiful 670 Gm. Etched Gibeon Meteorite Pair, Unusual Shape!!",719.2,2013-04-17,670,1.07,WorthPoint
gibeon-meteorite,Bright Etched GIBEON Meteorite Slab Or Slice ! 9.3gr,23.99,2013-04-16,9.3,2.58,WorthPoint
gibeon-meteorite,Gibeon Iron Meteorite 16.19g Fantastic Sculpted Beauty,35,2013-04-15,16.19,2.16,WorthPoint
gibeon-meteorite,Large Gibeon Meteorite Sphere 48.19 Mm Diameter 459.8 Grams,510,2013-04-14,459.8,1.11,WorthPoint
gibeon-meteorite,GIBEON Meteorite KILLER Etched Slice 2.82 G.,19,2013-04-13,2.82,6.74,WorthPoint
gibeon-meteorite,GIBEON Meteorite KILLER Etched Slice 4.90 G.,40,2013-04-13,4.9,8.16,WorthPoint
gibeon-meteorite,GIBEON Meteorite KILLER Etched Slice 4.05 G. Round Coin X Mm,36,2013-04-13,4.05,8.89,WorthPoint
gibeon-meteorite,10.7 Gram GIBEON ETCHED METEORITE,14.27,2013-04-12,10.7,1.33,WorthPoint
gibeon-meteorite,5.2 Gram Gibeon Meteorite Etched Specimen,13,2013-04-11,5.2,2.5,WorthPoint
gibeon-meteorite,16.4 Gram GIBEON METEORITE - ETCHED SPHERE!,20.5,2013-04-10,16.4,1.25,WorthPoint
gibeon-meteorite,BIG Bright GIBEON METEORITE NECKLACE !! A Falling Star! G9,59.99,2013-04-10,,,WorthPoint
gibeon-meteorite,GIBEON Meteorite KILLER Etched Slice 5.65 G. Round Coin X Mm,35,2013-04-10,5.65,6.19,WorthPoint
gibeon-meteorite,22.3 Gram GIBEON METEORITE - ETCHED SPHERE!,50.69,2013-04-08,22.3,2.27,WorthPoint
gibeon-meteorite,Small Bright Etched GIBEON Meteorite End Cut And It Is Free Standing 6.4 Gr!,18.99,2013-04-07,6.4,2.97,WorthPoint
gibeon-meteorite,Thick GIBEON Meteorite Slice 9.8 Gr,19.99,2013-04-07,9.8,2.04,WorthPoint
gibeon-meteorite,A Nice Etched GIBEON Meteorite Cut Slice 9.4gr,29.99,2013-04-06,9.4,3.19,WorthPoint
gibeon-meteorite,Gibeon Iron Meteorite 5.91g Fantastic Sculpted Beauty,12,2013-04-06,5.91,2.03,WorthPoint
gibeon-meteorite,Gibeon Iron Meteorite 192g Etched Complete Slice,225,2013-04-03,192,1.17,WorthPoint
gibeon-meteorite,Free Standing Etched GIBEON Meteorite Thick Cut Or Slice 8.7 Gr!,24.99,2013-04-01,8.7,2.87,WorthPoint
gibeon-meteorite,Gibeon Iron Meteorite 24.53g Awesome Sculpted Beauty,50.01,2013-03-30,24.53,2.04,WorthPoint
gibeon-meteorite,Bright Etched GIBEON Meteorite Slice With A Natural Regmaglypt HOLE ! 9.4gr,99.99,2013-03-29,9.4,10.64,WorthPoint
gibeon-meteorite,Etched GIBEON Meteorite Cut Slice With A Troilite Nodule ! 8.8gr,29.99,2013-03-29,8.8,3.41,WorthPoint
gibeon-meteorite,17.3 Gram GIBEON ETCHED METEORITE,15,2013-03-28,17.3,0.87,WorthPoint
gibeon-meteorite,Gibeon Meteorite-30.5 Gram- IMCA,25,2013-03-28,30.5,0.82,WorthPoint
gibeon-meteorite,"Meteorite Gibeon From Namibia, Iron Octahedrite, Nice-whole Specimen As Found",23.5,2013-03-25,,,WorthPoint
gibeon-meteorite,GIBEON Meteorite KILLER Etched Slice 2.06 G.,20,2013-03-23,2.06,9.71,WorthPoint
gibeon-meteorite,121 Gram GIBEON Meteorite Cleaned INDIVIDUAL 45mm X 39mm X 18mm,120,2013-03-23,121,0.99,WorthPoint
gibeon-meteorite,GIBEON Meteorite KILLER Etched Slice 3.63 G. Round Coin X Mm,32,2013-03-21,3.63,8.82,WorthPoint
gibeon-meteorite,Gibeon Meteorite End Piece 714 Gram,500,2013-03-19,714,0.7,WorthPoint
gibeon-meteorite,Gibeon Meteorite 22 Grams,15,2013-03-18,22,0.68,WorthPoint
gibeon-meteorite,155 Gram GIBEON Meteorite Cleaned INDIVIDUAL 50mm X 44mm X 22mm,124.99,2013-03-17,155,0.81,WorthPoint
gibeon-meteorite,Gibeon Meteorite 29 Grams,27,2013-03-17,29,0.93,WorthPoint
gibeon-meteorite,Etched Triangle Shaped GIBEON Meteorite Cut Slice 6.1 Gr,29.99,2013-03-17,6.1,4.92,WorthPoint
gibeon-meteorite,Bright Etched GIBEON Meteorite Slice 10.9 Gr!,29.99,2013-03-16,10.9,2.75,WorthPoint
gibeon-meteorite,Neat Widmanstatten Pattern And Shape On This GIBEON Meteorite Slice 6.8 Gr,29.99,2013-03-16,6.8,4.41,WorthPoint
gibeon-meteorite,Free Standing Etched GIBEON Meteorite Cut Or Slice 9.9 Gr!,24.99,2013-03-16,9.9,2.52,WorthPoint
gibeon-meteorite,Gibeon Meteorite 87 Grams,50,2013-03-15,87,0.57,WorthPoint
gibeon-meteorite,Gibeon Meteorite 32 Grams Etched Sphere!,115,2013-03-11,32,3.59,WorthPoint
gibeon-meteorite,9.7 Gram Gibeon Meteorite Etched Specimen,23.5,2013-03-11,9.7,2.42,WorthPoint
gibeon-meteorite,Gibeon Meteorite 61 Grams Etched Part Slice!,110,2013-03-11,61,1.8,WorthPoint
gibeon-meteorite,15.5 Gram Gibeon Meteorite Etched Specimen,18.29,2013-03-09,15.5,1.18,WorthPoint
gibeon-meteorite,Gibeon Iron Meteorite 86.09g Sculpted Beauty,169,2013-03-09,86.09,1.96,WorthPoint
gibeon-meteorite,Tai Chi Natural 18mm Gibeon Meteorite 925 Sterling Silver Pendant,189,2013-03-09,,,WorthPoint
gibeon-meteorite,GIBEON Meteorite KILLER Etched Slice 10.58 G. Coin 25X3 Mm,95,2013-03-08,10.58,8.98,WorthPoint
gibeon-meteorite,Bright Etched GIBEON Meteorite Slice With A Big Natural HOLE ! 21.7gr,119.99,2013-03-07,21.7,5.53,WorthPoint
gibeon-meteorite,Gibeon Iron Meteorite 5.07g Sculpted Beauty,15,2013-03-05,5.07,2.96,WorthPoint
gibeon-meteorite,16.5 Gram Gibeon Meteorite Etched Specimen,28,2013-03-05,16.5,1.7,WorthPoint
gibeon-meteorite,Etched And Thick GIBEON Meteorite Cut Or Slice 8.8 Gr!,20.99,2013-03-03,8.8,2.39,WorthPoint
gibeon-meteorite,2.05 Gram GIBEON Meteorite As Found INDIVIDUAL Small Ones Getting Very Rare,10,2013-03-03,2.05,4.88,WorthPoint
gibeon-meteorite,Bright Etched GIBEON Meteorite Slice 8.1 Gr!,29.99,2013-03-02,8.1,3.7,WorthPoint
gibeon-meteorite,Bright Etched GIBEON Meteorite Cut Slice With A Few Troilite Nodules ! 7.2gr,29.99,2013-03-02,7.2,4.17,WorthPoint
gibeon-meteorite,Gibeon Iron Meteorite 27.18g Sculpted Beauty,53,2013-03-02,27.18,1.95,WorthPoint
gibeon-meteorite,TT15 8mm Top Grade Natural Rarest Precious Gibeon Silver Meteorite Bracelet Bead,649,2013-03-01,,,WorthPoint
gibeon-meteorite,Silvery Grey Gibeon Meteorite 22mm Polished Sphere,117,2013-02-27,,,WorthPoint
gibeon-meteorite,GIBEON Meteorite KILLER Etched Slice 9.55 G.,95,2013-02-26,9.55,9.95,WorthPoint
gibeon-meteorite,Etched Square Shaped GIBEON Meteorite Cut Slice 6.3 Gr,26.99,2013-02-26,6.3,4.28,WorthPoint
gibeon-meteorite,Natural 25mm Gibeon Meteorite Tai Chi 925 Sterling Silver Pendant,189,2013-02-23,,,WorthPoint
gibeon-meteorite,BIG Bright Etched GIBEON Meteorite Slice With An Awesome Shape! 203.4gr,599.99,2013-02-23,203.4,2.95,WorthPoint
gibeon-meteorite,Gibeon Iron Meteorite 19.04g Sculpted Beauty,39,2013-02-23,19.04,2.05,WorthPoint
gibeon-meteorite,5.6 Gram Gibeon Meteorite Etched Specimen,10.5,2013-02-22,5.6,1.88,WorthPoint
gibeon-meteorite,TT16 Top Quality AAA Rarest Precious Gibeon Silver Meteorite Bracelet Beads 12mm,1118,2013-02-21,,,WorthPoint
gibeon-meteorite,TT17 Top Grade AAA Rarest Natural Precious Gibeon Silver Meteorite Bracelet 12MM,1099,2013-02-21,,,WorthPoint
gibeon-meteorite,32 X 21mm Tag Gibeon Meteorite 925 Sterling Silver Pendant,229,2013-02-18,,,WorthPoint
gibeon-meteorite,TTD15 High Quality Precious Natural Powerful Gibeon Silver Meteorite Pendant,258,2013-02-18,,,WorthPoint
gibeon-meteorite,Gibeon Meteorite Slice 8.92g,18.02,2013-02-17,8.92,2.02,WorthPoint
gibeon-meteorite,15.3 Gram Gibeon Meteorite Etched Specimen,22.01,2013-02-16,15.3,1.44,WorthPoint
gibeon-meteorite,Gibeon Iron Meteorite 4.61g Sculpted Beauty,12,2013-02-16,4.61,2.6,WorthPoint
gibeon-meteorite,Gibeon Iron Meteorite 13.48g Sculpted Beauty,30,2013-02-16,13.48,2.23,WorthPoint
gibeon-meteorite,Neat Widmanstatten Pattern On This GIBEON Meteorite Slice 8.2 Gr,18.99,2013-02-15,8.2,2.32,WorthPoint
gibeon-meteorite,Custom Damascus Gibeon Meteorite Folding Knife Zowada / Magic Mountain,465,2013-02-13,,,WorthPoint
gibeon-meteorite,"SALE! Meteorite: GIBEON, Namibia (52.0g) Octahedrite IVA - Widmanstatten Pattern",40,2013-02-13,52,0.77,WorthPoint
gibeon-meteorite,Gibeon Meteorite Slice 13.32g,39.59,2013-02-11,13.32,2.97,WorthPoint
gibeon-meteorite,12mm Ball Sphere Natural Gibeon Meteorite 925 Sterling Silver Pendant,199,2013-02-10,,,WorthPoint
gibeon-meteorite,Etched Triangle Shaped GIBEON Meteorite Cut Slice 7.5 Gr,19.99,2013-02-07,7.5,2.67,WorthPoint
gibeon-meteorite,Gibeon Meteorire Complete Slice 742 Gram,1100,2013-02-06,742,1.48,WorthPoint
gibeon-meteorite,Bright Etched GIBEON Meteorite Cut Slice With A REGMAGLYPT Dimple 8.8 Gr,39.99,2013-01-31,8.8,4.54,WorthPoint
gibeon-meteorite,"Gibeon Meteorite, 567g With Display Stand",77,2013-01-31,567,0.14,WorthPoint
gibeon-meteorite,Gibeon Meteorite Sphere - 207.75g,377.98,2013-01-30,207.75,1.82,WorthPoint
gibeon-meteorite,Gibeon Meteorite Cube - 144.4g,182.19,2013-01-29,144.4,1.26,WorthPoint
gibeon-meteorite,Bright Etched GIBEON Meteorite Thick Slice And Free Standing 8.7 Gr!,25.99,2013-01-26,8.7,2.99,WorthPoint
gibeon-meteorite,Gibeon Meteorite Sphere - 220.2g,403.05,2013-01-26,220.2,1.83,WorthPoint
gibeon-meteorite,Bright Etched Triangle Shaped GIBEON Meteorite Cut Slice 8.9 Gr,19.99,2013-01-25,8.9,2.25,WorthPoint
gibeon-meteorite,Bright Etched GIBEON Meteorite Slab Or Slice 10.6gr,29.99,2013-01-24,10.6,2.83,WorthPoint
gibeon-meteorite,S.V.F - Gibeon Meteorite Specimen - 6.56 Grams,10.76,2013-01-24,6.56,1.64,WorthPoint
gibeon-meteorite,.551 Gram GIBEON Meteorite As Found Rare Small INDIVIDUAL,15.01,2013-01-23,551,0.03,WorthPoint
gibeon-meteorite,Mineral Meteorites Rock Collection Pluss A Lot More See Discription In Asian Tin,33,2013-01-23,,,WorthPoint
gibeon-meteorite,SOLID 25 X 13mm RECTANGLE TAG GIBEON METEORITE 925 STERLING SILVER PENDANT,139,2013-01-22,,,WorthPoint
gibeon-meteorite,Meteorite Henbury Gibeon Whole Individuals Combo,12,2013-01-19,,,WorthPoint
gibeon-meteorite,15.06g Gibeon Anvil Part Slice Iron Historic Aritifact By Meteorite Men's Steve,89.99,2013-01-13,15.06,5.98,WorthPoint
gibeon-meteorite,Gibeon Meteorite Cylinder - 44.12g,96.75,2013-01-13,44.12,2.19,WorthPoint
gibeon-meteorite,Gibeon Meteorite Egg- 180.19g,335.4,2013-01-13,180.19,1.86,WorthPoint
gibeon-meteorite,Gibeon Meteorite Cube - 145.67g,269.29,2013-01-13,145.67,1.85,WorthPoint
gibeon-meteorite,Gibeon Meteorite Sphere - 258.45g,482.14,2013-01-13,258.45,1.87,WorthPoint
gibeon-meteorite,Gibeon Meteorite Cube - 70.52g,137.06,2013-01-13,70.52,1.94,WorthPoint
gibeon-meteorite,Natural 30mm Gibeon Meteorite Tai Chi 925 Sterling Silver Pendant,215,2013-01-07,,,WorthPoint
gibeon-meteorite,26mm Natural Gibeon Meteorite Star Of David 925 Sterling Silver Pendant,152,2013-01-03,,,WorthPoint
gibeon-meteorite,Gibeon Meteorite End Piece 417 Gram,207.5,2013-01-02,417,0.5,WorthPoint
gibeon-meteorite,Gibeon Meteorite Etched Slice 10.6 Grams With Display Box,47.14,2013-01-01,10.6,4.45,WorthPoint
gibeon-meteorite,Rose Natural Gibeon Meteorite Sun 925 Sterling Silver Pendant,179,2013-01-01,,,WorthPoint
gibeon-meteorite,Gibeon Meteorite Sphere 98 Gram No Reserve 0.99,205,2012-12-31,98,2.09,WorthPoint
gibeon-meteorite,OLD COLLECTION ESTATE Gibeon Iron Meteorite Crystal Specimen Namibia W/ PATINA,29.5,2012-12-30,,,WorthPoint
gibeon-meteorite,"Gibeon Iron Meteorite, Over 3 Lb Pound, Big, Approximatly 1400 Grams",758,2012-12-23,1400,0.54,WorthPoint
gibeon-meteorite,Etched GIBEON Meteorite Cut Slice 7.8 Gr!,19.99,2012-12-23,7.8,2.56,WorthPoint
gibeon-meteorite,Etched Triangle Shaped GIBEON Meteorite Cut Slice 9.1 Gr!,22.99,2012-12-20,9.1,2.53,WorthPoint
gibeon-meteorite,Neat Widmanstatten Pattern On This GIBEON Meteorite Slice 10.1 Gr,24.99,2012-12-19,10.1,2.47,WorthPoint
gibeon-meteorite,Gibeon Meteorite Slice 20.12g,32.24,2012-12-17,20.12,1.6,WorthPoint
gibeon-meteorite,Full Uncut Gibeon Meteorite - Nearly 7 Lbs - (3100) Grams,800,2012-12-16,,,WorthPoint
gibeon-meteorite,Gibeon Meteorite Slice 15.33g,33.84,2012-12-16,15.33,2.21,WorthPoint
gibeon-meteorite,Gibeon Meteorite Slice 15.77g,33.84,2012-12-16,15.77,2.15,WorthPoint
gibeon-meteorite,Gibeon Meteorite Slice 18.11g,34.9,2012-12-16,18.11,1.93,WorthPoint
gibeon-meteorite,GIBEON IRON METEORITE: Sphere 269 G 40 Mm,670,2012-12-15,269,2.49,WorthPoint
gibeon-meteorite,*** GIBEON Meteorite 1 Kilo! Ex. W. Taylor W/ Label!,816,2012-12-13,,,WorthPoint
gibeon-meteorite,Gibeon Meteorite Pieces 100 Grams!!!!!,114,2012-12-13,100,1.14,WorthPoint
gibeon-meteorite,Gibeon Meteorite Pieces 100 Grams!! Good For Jewerly,114,2012-12-13,100,1.14,WorthPoint
gibeon-meteorite,Gibeon Meteorite Pieces 100 Grams!! Good Pieces For Jewerly,114,2012-12-13,100,1.14,WorthPoint
gibeon-meteorite,S.V.F - Gibeon Meteorite Specimen - 14.53 Grams,25.73,2012-12-12,14.53,1.77,WorthPoint
gibeon-meteorite,S.V.F - Gibeon Meteorite Specimen - 18.48 Grams,32.72,2012-12-12,18.48,1.77,WorthPoint
gibeon-meteorite,12mm Natural Gibeon Meteorite 925 Sterling Silver Stud Earrings,159,2012-12-10,,,WorthPoint
gibeon-meteorite,Gibeon Meteorite Cube - 73.09g,136.17,2012-12-09,73.09,1.86,WorthPoint
gibeon-meteorite,Long Etched GIBEON METEORITE Slice NECKLACE !! Wear A Falling Star!!,39.99,2012-12-09,,,WorthPoint
gibeon-meteorite,Gibeon Meteorite Egg- 195.94g,352.44,2012-12-09,195.94,1.8,WorthPoint
gibeon-meteorite,Gibeon Meteorite Sphere - 240g,432.54,2012-12-09,240,1.8,WorthPoint
gibeon-meteorite,Gibeon Meteorite Sphere - 140.81g,254.72,2012-12-09,140.81,1.81,WorthPoint
gibeon-meteorite,Big Bright Etched GIBEON METEORITE Slice NECKLACE !! Wear A Falling Star!! Z7,79.99,2012-12-08,,,WorthPoint
gibeon-meteorite,Bright Etched GIBEON Meteorite Slice 9.8 Gr!,34.99,2012-12-07,9.8,3.57,WorthPoint
gibeon-meteorite,Iron Meteorite Sphere 43 G 22 Mm Gibeon,174.5,2012-12-02,43,4.06,WorthPoint
gibeon-meteorite,Etched Triangle Shaped GIBEON Meteorite Cut Slice 5.8 Gr,24.99,2012-11-29,5.8,4.31,WorthPoint
gibeon-meteorite,Gibeon Meteorite 494 Grams,200,2012-11-25,494,0.4,WorthPoint
gibeon-meteorite,Gibeon Meteorite 126 Grams,65,2012-11-25,126,0.52,WorthPoint
gibeon-meteorite,Gibeon Meteorite Sphere - 236.85g,424.32,2012-11-25,236.85,1.79,WorthPoint
gibeon-meteorite,Gibeon Meteorite 116 Grams,61,2012-11-25,116,0.53,WorthPoint
gibeon-meteorite,Invicta 6308 Seamount Meteorite Dial Swiss Chronograph,717.01,2012-11-23,,,WorthPoint
gibeon-meteorite,Gibeon Meteorite Slice 10.9g,25.49,2012-11-22,10.9,2.34,WorthPoint
gibeon-meteorite,22x13mm Natural Gibeon Meteorite 925 Sterling Silver Pendant,169,2012-11-21,,,WorthPoint
gibeon-meteorite,Etched Nice Shaped GIBEON Meteorite Cut Slice 8.3 Gr!,22.99,2012-11-20,8.3,2.77,WorthPoint
gibeon-meteorite,Gibeon Meteorite Slice 14.2g,31.69,2012-11-19,14.2,2.23,WorthPoint
gibeon-meteorite,Gibeon Meteorite Pieces 63.8 Grams!! Good Pieces For Jewerly,74,2012-11-13,63.8,1.16,WorthPoint
gibeon-meteorite,Gibeon Meteorite Pendant Necklace Space Dust/Cuttings,14.99,2012-11-13,,,WorthPoint
gibeon-meteorite,Gibeon Meteorite Pieces 100 Grams! Great For Jewelry,114,2012-11-07,100,1.14,WorthPoint
gibeon-meteorite,Gibeon Meteorite Pieces 100 Grams!,114,2012-11-07,100,1.14,WorthPoint
gibeon-meteorite,Etched Triangle Shaped GIBEON Meteorite Cut Slice 8.6 Gr,24.99,2012-11-07,8.6,2.91,WorthPoint
gibeon-meteorite,32 X 21mm Rose Tag Gibeon Meteorite 925 Sterling Silver Pendant,229,2012-11-05,,,WorthPoint
gibeon-meteorite,Moon & Star Natural 18 X 8mm Gibeon Meteorite 925 Sterling Silver Pendant,169,2012-10-31,,,WorthPoint
gibeon-meteorite,Bright Etched GIBEON Meteorite Slab Or Slice 7.4gr,24.99,2012-10-29,7.4,3.38,WorthPoint
gibeon-meteorite,Bright Etched GIBEON Meteorite Thick Slice 10.8 Gr!,29.99,2012-10-28,10.8,2.78,WorthPoint
gibeon-meteorite,Gibeon Meteorite Etched Slice 7.99 Grams With Display Box,38.64,2012-10-27,7.99,4.84,WorthPoint
gibeon-meteorite,"Gibeon Meteorite; Polished And Etched, 142 Grams, Nice Widmanstatten Pattern",133.5,2012-10-25,142,0.94,WorthPoint
gibeon-meteorite,22x17MM NATURAL GIBEON METEORITE 925 STERLING SILVER PENDANT,189,2012-10-25,,,WorthPoint
gibeon-meteorite,12.2g Gibeon Anvil Part Slice Iron Historic Aritifact By Meteorite Men's Steve,59.99,2012-10-19,12.2,4.92,WorthPoint
gibeon-meteorite,Etched Triangle Shaped GIBEON Meteorite Cut Slice 8.3 Gr!,22.99,2012-10-15,8.3,2.77,WorthPoint
gibeon-meteorite,Gibeon Meteorite - The Consequent Of Terrestrialization: A Spicular Example,1375,2012-10-14,,,WorthPoint
gibeon-meteorite,Gibeon Meteorite - Tabletop Sculpture From Outer Space,17500,2012-10-14,,,WorthPoint
gibeon-meteorite,Gibeon Meteorite - Tabletop Sculptural Specimen,10000,2012-10-14,,,WorthPoint
gibeon-meteorite,Gibeon Meteorite - Leaf-shaped End Piece,6250,2012-10-14,,,WorthPoint
gibeon-meteorite,Gibeon Meteorite - Matchless Natural Sculpture From Outer Space,46875,2012-10-14,,,WorthPoint
gibeon-meteorite,Gibeon Meteorite Crystal,1187.5,2012-10-14,,,WorthPoint
gibeon-meteorite,Gibeon Meteorite - Arrowhead-shaped Specimen On Pedestal,2750,2012-10-14,,,WorthPoint
gibeon-meteorite,Gibeon Meteorite Etched Slice 7.8 Grams,33.91,2012-10-01,7.8,4.35,WorthPoint
gibeon-meteorite,Gibeon Iron Meteorite Silver Pendant / Necklace,30,2012-09-26,,,WorthPoint
gibeon-meteorite,TT9 AAA Excellently Rare Precious Gibeon Silver Meteorite Bracelet Beads 6.5-7mm,420,2012-09-23,,,WorthPoint
gibeon-meteorite,"74.5g Gibeon Anvil Iron 1/4 Slice 3B, MUST SEE Historic By Meteorite Men's Steve",219.99,2012-09-13,74.5,2.95,WorthPoint
gibeon-meteorite,S.V.F - Gibeon Meteorite Specimen - 10.93 Grams,19.35,2012-09-13,10.93,1.77,WorthPoint
gibeon-meteorite,Gibeon Meteorite Etched Slice 6.2 Grams,30.23,2012-09-06,6.2,4.88,WorthPoint
gibeon-meteorite,Gibeon Meteorite Individual 17.6g,21.48,2012-09-06,17.6,1.22,WorthPoint
gibeon-meteorite,Solid 26 X 17mm Tag Gibeon Meteorite 925 Sterling Silver Pendant,199,2012-08-30,,,WorthPoint
gibeon-meteorite,OUTSTANDING SCULPTED IRON GIBEON METEORITE From NAMIBIA 212 Gms,167.5,2012-08-26,212,0.79,WorthPoint
gibeon-meteorite,"MUONIONALUSTA Iron Meteorite Pendant With Silver, Blue",29,2012-08-23,,,WorthPoint
gibeon-meteorite,"3"" Huge 52mm Natural Gibeon Meteorite 925 Sterling Silver Star Of David Pendant",650,2012-08-14,,,WorthPoint
gibeon-meteorite,"Gibeon Iron Meteorite! Crusted, Nice Etch 25.9 Gr Beautiful!",39,2012-08-14,25.9,1.51,WorthPoint
gibeon-meteorite,Nice GIBEON Meteorite Round 17mm Etched Sphere 23.3 Grams,53,2012-08-13,23.3,2.27,WorthPoint
gibeon-meteorite,FOUR Little Troilite Nodules On This GIBEON Meteorite Slice 10.2 Gr,29.99,2012-08-13,10.2,2.94,WorthPoint
gibeon-meteorite,Bright GIBEON METEORITE NECKLACE !! A Falling Star!,49.99,2012-08-11,,,WorthPoint
gibeon-meteorite,Neat Widmanstatten Pattern On This GIBEON Meteorite Cube 9.7 Gr,39.99,2012-07-30,9.7,4.12,WorthPoint
gibeon-meteorite,Natural 22mm Gibeon Meteorite 925 Sterling Silver Star Of David Pendant,149,2012-07-30,,,WorthPoint
gibeon-meteorite,Gibeon Meteorite Watches From Namibia Omax Japan,850,2012-07-25,,,WorthPoint
gibeon-meteorite,Gibeon Iron Meteorite Crusted Slice! Nice Etch18.4 Gr Beautiful!,28,2012-07-18,18.4,1.52,WorthPoint
gibeon-meteorite,18x13MM NATURAL GIBEON METEORITE SAPPHIRE 925 STERLING SILVER PENDANT,189,2012-07-17,,,WorthPoint
gibeon-meteorite,Gibeon Iron Meteorite Complete Slice! Nice Etch 102.1 Gr Beautiful!,150,2012-07-16,102.1,1.47,WorthPoint
gibeon-meteorite,18mm Ball Sphere Natural Gibeon Meteorite 925 Sterling Silver Pendant,329,2012-07-09,,,WorthPoint
gibeon-meteorite,22mm Natural Gibeon Meteorite 925 Sterling Silver Star Pendant,169,2012-07-07,,,WorthPoint
gibeon-meteorite,GIBEON Meteorite Bead 14mm Wide Etched Sphere 11.5 Grams,57,2012-06-30,11.5,4.96,WorthPoint
gibeon-meteorite,GIBEON Meteorite Bead 10mm Etched Sphere 3.83 Grams,41,2012-06-30,3.83,10.7,WorthPoint
gibeon-meteorite,Bright Etched GIBEON Meteorite Slab Or Slice With Regmaglypt Edge 7.2gr,29.99,2012-06-24,7.2,4.17,WorthPoint
gibeon-meteorite,"Gibeon Iron Meteorite! Complete Slice, Nice Etch 41.8 Gr Beautiful!",63,2012-06-17,41.8,1.51,WorthPoint
gibeon-meteorite,Neat Widmanstatten Pattern On This GIBEON Meteorite Slice 9.3 Gr,39.99,2012-06-11,9.3,4.3,WorthPoint
gibeon-meteorite,Bright Etched GIBEON Meteorite Slice 6.9 Gr,19.99,2012-06-02,6.9,2.9,WorthPoint
gibeon-meteorite,TT14 Top Grade Rare Precious Natural Gibeon Silver Meteorite Bracelet Beads 12mm,1180,2012-06-01,,,WorthPoint
gibeon-meteorite,Gentleman''s Meteorite Watch,1375,2012-05-20,,,WorthPoint
gibeon-meteorite,Gibeon Meteorite End Piece - Intriguing Study Of The Internal And External Structure Of An Iron Meteorite,4375,2012-05-20,,,WorthPoint
gibeon-meteorite,Amazing Invicta Grand Lupah Meteorite Dial Chrono - Stunning Condition Full Set,568.3,2012-04-28,,,WorthPoint
gibeon-meteorite,BIG Etched GIBEON METEORITE Slice NECKLACE !! Wear A Falling Star!!,49.99,2012-04-18,,,WorthPoint
gibeon-meteorite,Gibeon Meteorite Dagger! Hand Crafted Wow!,1200,2012-04-17,,,WorthPoint
gibeon-meteorite,GIBEON Meteorite 35mm X 30mm X 2mm Thin Etched 9.93 Grams,67,2012-04-13,9.93,6.75,WorthPoint
gibeon-meteorite,GIBEON Meteorite Bead 9mm Etched Sphere 3.73 Grams,22.5,2012-04-13,3.73,6.03,WorthPoint
gibeon-meteorite,2.9 Gram Small GIBEON METEORITE,16.5,2012-04-11,2.9,5.69,WorthPoint
gibeon-meteorite,"Just A Fragment Of Your Imagination, This Iron Meteorite Will Test Your ""Metal!",35,2012-04-08,,,WorthPoint
gibeon-meteorite,GIBEON Meteorite Bead 9mm Etched Sphere 3.21 Grams,16,2012-04-03,3.21,4.98,WorthPoint
gibeon-meteorite,Big Nice GIBEON Meteorite 23mm Wide Etched Sphere 16 Grams,36,2012-04-02,16,2.25,WorthPoint
gibeon-meteorite,GIBEON Meteorite Bead 8mm Etched Sphere 2.37 Grams,15,2012-03-23,2.37,6.33,WorthPoint
gibeon-meteorite,GIBEON Meteorite Bead 10mm Etched Sphere 4.73 Grams,20,2012-03-23,4.73,4.23,WorthPoint
gibeon-meteorite,"Gibeon Iron Meteorite! Slice, Nice Etch 18.2 Gr Beautiful!",28,2012-03-21,18.2,1.54,WorthPoint
gibeon-meteorite,Top Quality AAA Rare Precious Gibeon Silver Meteorite Bracelet Beads 10mm,689,2012-01-03,,,WorthPoint
gibeon-meteorite,Top Quality Rare Precious Natural Gibeon Silver Meteorite Pendant,60,2011-12-29,,,WorthPoint
gibeon-meteorite,METEORITE NECKLACE With Bright Widmanstatten Pattern !! A Falling Star!,49.99,2011-12-29,,,WorthPoint
gibeon-meteorite,Bright Etched GIBEON Meteorite Slice 7.2 Gr,29.99,2011-12-29,7.2,4.17,WorthPoint
gibeon-meteorite,GIBEON Meteorite Round 8mm Etched Sphere 2.46 Grams,15,2011-12-27,2.46,6.1,WorthPoint
gibeon-meteorite,GIBEON Meteorite Bead 10mm Etched Sphere 3.56 Grams,16,2011-12-27,3.56,4.49,WorthPoint
gibeon-meteorite,100% Natural GIBEON Meteorite Individual 17.6 Gr Famous Namibian Fall !,54.99,2011-12-25,17.6,3.12,WorthPoint
gibeon-meteorite,"Lot Of FIVE ""5"" Jewery Grade Bright Etched GIBEON Meteorite Slices",114.99,2011-12-23,,,WorthPoint
gibeon-meteorite,Gibeon IVA Iron Meteorite 106.8 Gram Slice (very Stable Condition),84,2011-12-19,106.8,0.79,WorthPoint
gibeon-meteorite,RARE LARGE Gibeon Iron Meteorite Crystal Complete Individual Namibia S. Africa ~,36.5,2011-12-18,,,WorthPoint
gibeon-meteorite,GIBEON Meteorite Bead 8 Mm Etched Sphere 2.68 Grams,17.16,2011-12-18,2.68,6.4,WorthPoint
gibeon-meteorite,Bright Etched GIBEON Meteorite Slice With A Very Uniqe Shape 5.6 Gr,29.99,2011-12-18,5.6,5.36,WorthPoint
gibeon-meteorite,Meteorite Gibeon Polished Slab-widmanstatten Pattern Both Sides- 153 Grams,150,2011-12-15,153,0.98,WorthPoint
gibeon-meteorite,Bright Etched GIBEON Meteorite Famous Namibian Fall! 7.7gr,39.99,2011-12-15,7.7,5.19,WorthPoint
gibeon-meteorite,Gibeon Iron Meteorite With Natural Exterior Crust,29.99,2011-12-12,,,WorthPoint
gibeon-meteorite,Bright Little Etched GIBEON Meteorite Cut Slice 6.1 Gr,22.99,2011-12-12,6.1,3.77,WorthPoint
gibeon-meteorite,Bright Etched GIBEON Meteorite Slice 7.7 Gr,28.99,2011-12-12,7.7,3.76,WorthPoint
gibeon-meteorite,Rare Meteorite Dome Paperweight RRP Â£35 NEW,23.42,2011-12-12,,,WorthPoint
gibeon-meteorite,Gibeon Meteorite Endcut With Etched Face - Beautiful Display Specimen !!!!!!!!!!,1000,2011-12-10,,,WorthPoint
gibeon-meteorite,"GIBEON Iron Meteorite Womens' Watch, Rectangular Slice",89,2011-12-10,,,WorthPoint
gibeon-meteorite,Rare Meteorite Cube Supermagnate Paperweight RRP Â£40,31.33,2011-12-08,,,WorthPoint
gibeon-meteorite,Meteorite Watch With Cert Of Authenticity Brand New,99,2011-12-03,,,WorthPoint
gibeon-meteorite,Gibeon Iron Meteorite: Perfect Etched Sphere,74.95,2011-09-29,,,WorthPoint
gibeon-meteorite,Bright Etched GIBEON Meteorite Slice With Small Troilite Nodule 8.6 Gr,29.99,2011-09-28,8.6,3.49,WorthPoint
gibeon-meteorite,Bright Etched GIBEON Meteorite Slice 22.9 Gr,54.99,2011-09-15,22.9,2.4,WorthPoint
gibeon-meteorite,Bright Etched GIBEON Meteorite With Troilite 26.7 Gr,59.99,2011-09-13,26.7,2.25,WorthPoint
gibeon-meteorite,Gibeon Iron Meteorite: Etched Complete Full Slice Crust,59.95,2011-09-10,,,WorthPoint
gibeon-meteorite,Gibeon Iron Meteorite: Perfect Etched Sphere / Bead,79.95,2011-08-07,,,WorthPoint
gibeon-meteorite,Gibeon Iron Meteorite: Complete Etched Slice W/ Crust,189.95,2011-08-03,,,WorthPoint
gibeon-meteorite,"Gibeon Meteorite ""Guitar Pick"" Etched Iron Nickel",65,2011-08-01,,,WorthPoint
gibeon-meteorite,12 Round Gibeon Iron Meteorite Slices,48,2011-07-28,,,WorthPoint
gibeon-meteorite,GIBEON Meteorite Nice Egg Shaped 41mm X 30mm 183 Grams,375,2011-07-23,183,2.05,WorthPoint
gibeon-meteorite,20 Gram Bright Etched Gibeon Meteorite,25,2011-07-23,20,1.25,WorthPoint
gibeon-meteorite,9 Gram Bright Etched Gibeon Meteorite,19.77,2011-07-23,9,2.2,WorthPoint
gibeon-meteorite,GIBEON Meteorite Bead 14mm Etched Sphere 15.2 Grams,51,2011-07-23,15.2,3.36,WorthPoint
gibeon-meteorite,GIBEON Meteorite Round 12mm Etched Sphere 7.38 Grams,36,2011-07-23,7.38,4.88,WorthPoint
gibeon-meteorite,Irregular Pattern - Gibeon Iron Meteorite - End Piece,149.95,2011-07-21,,,WorthPoint
gibeon-meteorite,GIBEON Meteorite Bead 9mm Etched Sphere 2.56 Grams,10.99,2011-07-21,2.56,4.29,WorthPoint
gibeon-meteorite,GIBEON Meteorite Round 8mm Etched Sphere 2.36 Grams,14.5,2011-07-19,2.36,6.14,WorthPoint
gibeon-meteorite,Etched GIBEON Meteorite 21 Grams,47.35,2011-07-18,21,2.25,WorthPoint
gibeon-meteorite,Gibeon Iron Meteorite: Perfect Etched End Cut Crust,159.95,2011-07-14,,,WorthPoint
gibeon-meteorite,"MUONIONALUSTA Iron Meteorite Earrings, Star-shaped",19,2011-07-11,,,WorthPoint
gibeon-meteorite,Etched GIBEON Meteorite REGMAGLYPT HOLE !! -- 24 Gr --,99.99,2011-07-10,24,4.17,WorthPoint
gibeon-meteorite,Gibeon Meteorite Etched End Piece 10.8 Grams!,14,2011-07-09,10.8,1.3,WorthPoint
gibeon-meteorite,Rare Reference Book And Gibeon Meteorite Look,47,2011-07-09,,,WorthPoint
gibeon-meteorite,NEAT Free Standing Etched GIBEON Meteorite Slice 28 Gr!,79.99,2011-07-09,28,2.86,WorthPoint
gibeon-meteorite,35 Gram Bright Etched Gibeon Meteorite,42.13,2011-07-07,35,1.2,WorthPoint
gibeon-meteorite,Gibeon Iron Meteorite: Perfect Etched Guitar Picks,42.95,2011-07-06,,,WorthPoint
gibeon-meteorite,Genuine Gibeon Meteorite 9-9.5mm Round Bead G700,21.99,2011-07-05,,,WorthPoint
gibeon-meteorite,Gibeon Iron Meteorite:hand Made Bead :irregular Pattern,39.95,2011-07-04,,,WorthPoint
gibeon-meteorite,GIBEON Meteorite Round 15mm Etched Sphere 15.8 Grams,43.99,2011-07-04,15.8,2.78,WorthPoint
gibeon-meteorite,GIBEON Meteorite Bead 9mm Etched Sphere 3.19 Grams,26.99,2011-07-04,3.19,8.46,WorthPoint
gibeon-meteorite,GIBEON Meteorite Round 22mm Etched Sphere 52 Grams,179,2011-07-01,52,3.44,WorthPoint
gibeon-meteorite,Gibeon Meteorite: 3.3 Gram Sealed Etched Slice,13.13,2011-06-21,3.3,3.98,WorthPoint
gibeon-meteorite,GIBEON Meteorite Looks A Little Over Cleaned 46.7 Grams,59.99,2011-06-16,46.7,1.28,WorthPoint
gibeon-meteorite,GIBEON Meteorite Bead 15mm Etched Sphere 13.8 Grams,36.05,2011-06-16,13.8,2.61,WorthPoint
gibeon-meteorite,GIBEON Meteorite Round 9mm Etched Sphere 2.98 Grams,21.39,2011-06-14,2.98,7.18,WorthPoint
gibeon-meteorite,Gibeon - Interior And Exterior Of An Iron Meteorite Revealed In Aesthetic Specimen,2390,2011-06-12,,,WorthPoint
gibeon-meteorite,Gibeon End Piece - The Internal And External Features Of A Fine Meteorite Revealed,14340,2011-06-12,,,WorthPoint
gibeon-meteorite,Awesome Etched GIBEON Meteorite Slice -- 24 Gram --,59.99,2011-06-11,24,2.5,WorthPoint
gibeon-meteorite,"MUONIONALUSTA Iron Meteorite Rep-tail Pendant, Blue",10,2011-06-09,,,WorthPoint
gibeon-meteorite,GIBEON Meteorite Round 23 Mm Etched Sphere 53 Grams,139,2011-06-07,53,2.62,WorthPoint
gibeon-meteorite,GIBEON Meteorite Round 26mm Etched Sphere 83 Grams,220,2011-06-07,83,2.65,WorthPoint
gibeon-meteorite,Gibeon Meteorite Sphere Large 49 Grams 23 Mm.,107.75,2011-06-06,49,2.2,WorthPoint
gibeon-meteorite,Gibeon Iron Meteorite: Heavy Duty: Perfect Etched Disk,77.95,2011-05-30,,,WorthPoint
gibeon-meteorite,Awesome Etched GIBEON Meteorite Slice -- 21.8 Gram --,59.99,2011-05-30,21.8,2.75,WorthPoint
gibeon-meteorite,GIBEON Meteorite Round 24mm Etched Sphere 60 Grams,99.99,2011-05-29,60,1.67,WorthPoint
gibeon-meteorite,Gibeon Iron Meteorite: Hand Made: Etched Sphere/bead,89.95,2011-05-28,,,WorthPoint
gibeon-meteorite,GIBEON Meteorite Round 9mm Etched Sphere 3.02 Grams,26.6,2011-05-26,3.02,8.81,WorthPoint
gibeon-meteorite,GIBEON Meteorite Bead 8mm Etched Sphere 2.46 Grams,31.33,2011-05-26,2.46,12.74,WorthPoint
gibeon-meteorite,Gibeon Meteorite 925 Sterling Silver Earrings,17.47,2011-05-25,,,WorthPoint
gibeon-meteorite,GIBEON IRON METEORITE: ETCHED LETTER OPENER W/ CRUST,168.95,2011-05-25,,,WorthPoint
gibeon-meteorite,"MUONIONALUSTA Iron Meteorite Star Pendant, Blue 50mm",18,2011-05-18,,,WorthPoint
gibeon-meteorite,"MUONIONALUSTA Iron Meteorite Star Pendant #2, 32mm Long",12,2011-05-18,,,WorthPoint
gibeon-meteorite,Rare Gibeon Meteorite Slice Handmade Awakening Pendant,63.99,2011-05-15,,,WorthPoint
gibeon-meteorite,Gibeon Meteorite Pendant 17x12 Mm 39.5 Ct,17.1,2011-05-14,7.9,2.16,WorthPoint
gibeon-meteorite,IRON METEORITE GIBEON FINE ETCHED SPECIMEN 106 Gm,121.56,2011-05-14,106,1.15,WorthPoint
gibeon-meteorite,Gibeon Meteorite 925 Sterling Silver Pendant,29.95,2011-05-09,,,WorthPoint
gibeon-meteorite,GIBEON Iron Meteorite Earrings 8mm X 5mm,25,2011-05-06,,,WorthPoint
gibeon-meteorite,459 Gr Lg Gibeon Meteorite Etched Slab Namibia Africa !,469.99,2011-05-02,459,1.02,WorthPoint
gibeon-meteorite,Gibeon Meteorite Sphere 89 Grams Nice Widmanstaaten NR,126,2011-04-30,89,1.42,WorthPoint
gibeon-meteorite,"10 Gram GIBEON Meteorite - ""As Found"" Original Patina",12.99,2011-04-28,10,1.3,WorthPoint
gibeon-meteorite,GIBEON Meteorite Bead 9mm Etched Sphere 3.25 Grams,12,2011-04-27,3.25,3.69,WorthPoint
gibeon-meteorite,84 Gram GIBEON Meteorite Individual,87,2011-04-26,84,1.04,WorthPoint
gibeon-meteorite,Nicely Etched GIBEON Meteorite 16 Grams END CUT,16.02,2011-04-24,16,1,WorthPoint
gibeon-meteorite,"18 Gram GIBEON Meteorite - ""As Found"" Original Patina",17.27,2011-04-24,18,0.96,WorthPoint
gibeon-meteorite,925 Sterling Silver Gibeon Meteorite Ring,39.99,2011-04-23,,,WorthPoint
gibeon-meteorite,Gorgeous 37.7 Gram Etched GIBEON Meteorite Specimen,36.33,2011-04-17,37.7,0.96,WorthPoint
gibeon-meteorite,Gibeon Meteorite Part Slice! 18.9 Grams!,28,2011-04-15,18.9,1.48,WorthPoint
gibeon-meteorite,Gibeon Meteorite Part Slice! 32.2 Grams!,41.04,2011-04-15,32.2,1.27,WorthPoint
gibeon-meteorite,Gibeon Meteorite Part Slice! 28.0 Grams!,16.03,2011-04-15,28,0.57,WorthPoint
gibeon-meteorite,Encased Gibeon Meteorite Slice-- Approx. 350gms,275,2011-04-14,350,0.79,WorthPoint
gibeon-meteorite,Gibeon Iron Meteorite Slice,10.5,2011-04-13,,,WorthPoint
gibeon-meteorite,Gibeon Iron Meteorite Slice! Nice Etch 24.6 Gr,41,2011-04-12,24.6,1.67,WorthPoint
gibeon-meteorite,Gibeon Iron Meteorite Slice! Nice Etch 39.5 Gr,59,2011-04-12,39.5,1.49,WorthPoint
gibeon-meteorite,Gibeon Iron Meteorite Slice! Nice Etch 32.1 Gr,66.51,2011-04-12,32.1,2.07,WorthPoint
gibeon-meteorite,GIBEON Meteorite 17mm Etched Sphere 21.1 Grams,49,2011-04-11,21.1,2.32,WorthPoint
gibeon-meteorite,Gibeon Meteorite Part Slice! 16.7 Grams!,13.01,2011-04-11,16.7,0.78,WorthPoint
gibeon-meteorite,Gibeon Meteorite Part Slice! 20.2 Grams!,13,2011-04-11,20.2,0.64,WorthPoint
gibeon-meteorite,Gibeon Iron Meteorite End Cut With Crust,41.25,2011-04-10,,,WorthPoint
gibeon-meteorite,Gibeon Meteorite 1.3 Grams 4d Triangle Specimen,25,2011-04-10,1.3,19.23,WorthPoint
gibeon-meteorite,Gibeon Meteorite Disc Fresh Etch 1.0 Gram Specimen,15,2011-04-10,1,15,WorthPoint
gibeon-meteorite,Gibeon Meteorite Stick Pendant 1.2 Grams 3d Specimen,15,2011-04-10,1.2,12.5,WorthPoint
gibeon-meteorite,Gibeon Meteorite Fresh Etch 8.1 Grams 3d Specimen,35,2011-04-10,8.1,4.32,WorthPoint
gibeon-meteorite,GIBEON Meteorite Bead 14mm Etched Sphere 12.8 Grams,30.99,2011-04-06,12.8,2.42,WorthPoint
gibeon-meteorite,Gibeon Iron Meteorite: Full Perfect Etched Slice,229.95,2011-04-05,,,WorthPoint
gibeon-meteorite,Gibeon Meteorite Pendant 30x12 Mm 24.5 Ct,49,2011-04-02,4.9,10,WorthPoint
gibeon-meteorite,Gibeon Meteorite Pendant Stainless Steel Silver Plated,95,2011-04-01,,,WorthPoint
gibeon-meteorite,GIBEON Meteorite 22mm Etched Sphere 47 Grams,90,2011-03-30,47,1.91,WorthPoint
gibeon-meteorite,925 Sterling Silver Gibeon Iron Meteorite Ring Size #13,99.95,2011-03-30,,,WorthPoint
gibeon-meteorite,Namibia Africa Gibeon Meteorite (33 Pounds),6000,2011-03-27,,,WorthPoint
gibeon-meteorite,Gibeon Meteorite Fresh Etch 7.5 Grams 3d Specimen,12,2011-03-26,7.5,1.6,WorthPoint
gibeon-meteorite,Gibeon Meteorite Fresh Etch 13.8 Grams 3d Specimen,19,2011-03-26,13.8,1.38,WorthPoint
gibeon-meteorite,Gibeon Meteorite Fresh Etch 65.8 Grams 3d Specimen,105,2011-03-26,65.8,1.6,WorthPoint
gibeon-meteorite,Gibeon Meteorite Fresh Etch 7.2 Grams 3d Specimen,14,2011-03-26,7.2,1.94,WorthPoint
gibeon-meteorite,Gibeon Iron Meteorite 20mm Sphere,24.95,2011-03-26,,,WorthPoint
gibeon-meteorite,GIBEON Meteorite Bead 7 Mm Etched Sphere 2.43 Grams,28.32,2011-03-26,2.43,11.65,WorthPoint
gibeon-meteorite,Gibeon Iron Meteorite Guitar Pic,16.5,2011-03-26,,,WorthPoint
gibeon-meteorite,Gibeon Iron Meteorite Slice With Crust,18,2011-03-26,,,WorthPoint
gibeon-meteorite,Gibeon Iron Meteorite 26mm Sphere,63.88,2011-03-26,,,WorthPoint
gibeon-meteorite,Gibeon Meteorite Fresh Etch 6.1 Grams 3d Specimen,11,2011-03-24,6.1,1.8,WorthPoint
gibeon-meteorite,Gibeon Meteorite Full Slice! 61.8 Grams! WOW!,93,2011-03-24,61.8,1.5,WorthPoint
gibeon-meteorite,Gibeon Iron Meteorite Slice! Nice Etch 9.1 Gr,18,2011-03-23,9.1,1.98,WorthPoint
gibeon-meteorite,Gibeon Iron Meteorite Slice! Nice Etch 18.6 Gr,28,2011-03-23,18.6,1.51,WorthPoint
gibeon-meteorite,Gibeon Iron Meteorite Slice! Nice Etch 18.7 Gr,40.99,2011-03-23,18.7,2.19,WorthPoint
gibeon-meteorite,Gibeon Iron Meteorite Slice! Nice Etch 17.8 Gr,27,2011-03-23,17.8,1.52,WorthPoint
gibeon-meteorite,Gibeon Iron Meteorite Slice! Nice Etch 20.0 Gr,30,2011-03-23,20,1.5,WorthPoint
gibeon-meteorite,Gibeon Iron Meteorite Slice! Nice Etch 30.7 Gr,46,2011-03-23,30.7,1.5,WorthPoint
gibeon-meteorite,GIBEON Meteorite Bead 15mm Etched Sphere 12.4 Grams,39,2011-03-22,12.4,3.15,WorthPoint
gibeon-meteorite,GIBEON Meteorite 9mm Etched Sphere 2.33 Grams,26,2011-03-22,2.33,11.16,WorthPoint
gibeon-meteorite,"MUONIONALUSTA Iron Meteorite Shooting Star Curio, Resin",10,2011-03-22,,,WorthPoint
gibeon-meteorite,Gibeon Iron Meteorite: Etched Sphere: Unique Structure,94.95,2011-03-20,,,WorthPoint
gibeon-meteorite,GIBEON Meteorite Round 18 Mm Etched Sphere 28.5 Grams,37.51,2011-03-20,28.5,1.32,WorthPoint
gibeon-meteorite,Gibeon Meteorite End Piece! 102.5 Grams! WOW!,154,2011-03-18,102.5,1.5,WorthPoint
gibeon-meteorite,Gibeon Meteorite Fresh Etch 8.3 Gram Specimen,10,2011-03-17,8.3,1.2,WorthPoint
gibeon-meteorite,Gibeon Meteorite Etched Piece! 245.6 Grams! WOW!,270,2011-03-17,245.6,1.1,WorthPoint
gibeon-meteorite,Gibeon Meteorite Etched Piece! 78.6 Grams! WOW!,86,2011-03-17,78.6,1.09,WorthPoint
gibeon-meteorite,Gibeon Meteorite Etched Piece! 208.5 Grams! WOW!,229,2011-03-17,208.5,1.1,WorthPoint
gibeon-meteorite,Gibeon Iron Meteorite: Perfect Etched Letter Opener,124.95,2011-03-16,,,WorthPoint
gibeon-meteorite,Gibeon Iron Meteorite Slice! Nice Etch 9.9 Gr,15.5,2011-03-15,9.9,1.57,WorthPoint
gibeon-meteorite,Gibeon Meteorite Full Slice! 65.2 Grams! WOW!,98,2011-03-13,65.2,1.5,WorthPoint
gibeon-meteorite,Gibeon Meteorite Full Slice! 63.9 Grams! WOW!,96,2011-03-13,63.9,1.5,WorthPoint
gibeon-meteorite,Gibeon Meteorite Full Slice! 21.7 Grams! WOW!,33,2011-03-13,21.7,1.52,WorthPoint
gibeon-meteorite,Gibeon Meteorite Full Slice! 31.4 Grams! WOW!,47,2011-03-13,31.4,1.5,WorthPoint
gibeon-meteorite,Gibeon Meteorite Full Slice! 42.1 Grams! WOW!,63,2011-03-13,42.1,1.5,WorthPoint
gibeon-meteorite,Gibeon Meteorite Full Slice! 39.7 Grams! WOW!,60,2011-03-13,39.7,1.51,WorthPoint
gibeon-meteorite,Gibeon Meteorite Full Slice! 51.9 Grams! WOW!,78,2011-03-13,51.9,1.5,WorthPoint
gibeon-meteorite,Gibeon Meteorite Full Slice! 25.8 Grams! WOW!,39,2011-03-13,25.8,1.51,WorthPoint
gibeon-meteorite,Gibeon Meteorite Full Slice! 44.9 Grams! WOW!,67,2011-03-13,44.9,1.49,WorthPoint
gibeon-meteorite,Gibeon Meteorite Fresh Etch 7.6 Grams 3d Specimen,20,2011-03-08,7.6,2.63,WorthPoint
gibeon-meteorite,Gibeon Meteorite Fresh Etch 1.8 Grams Stick Specimen,12,2011-03-08,1.8,6.67,WorthPoint
gibeon-meteorite,Gibeon Meteorite Fresh Etch 4.9 Grams 3d Specimen,15,2011-03-08,4.9,3.06,WorthPoint
gibeon-meteorite,GIBEON METEORITE 18K GOLD PLATED TRIANGLE PENDANT 10 Gs,32,2011-03-08,10,3.2,WorthPoint
gibeon-meteorite,Gibeon Meteorite Disc Fresh Etch 12.7 Gram Specimen,38,2011-03-08,12.7,2.99,WorthPoint
gibeon-meteorite,Gibeon Meteorite Fresh Etch 21.9 Grams 4d Specimen,49,2011-03-07,21.9,2.24,WorthPoint
gibeon-meteorite,Gibeon Meteorite Fresh Etch 7.4 Grams Block Specimen,16,2011-03-07,7.4,2.16,WorthPoint
gibeon-meteorite,Gibeon Meteorite Fresh Etch 11 Grams 3d Specimen,27,2011-03-07,11,2.45,WorthPoint
gibeon-meteorite,Gibeon Iron Meteorite End Slice! Nice Etch 20.6 Gr,31,2011-03-07,20.6,1.5,WorthPoint
gibeon-meteorite,Gibeon Iron Meteorite Slice! Nice Etch 34.3 Gr,51,2011-03-07,34.3,1.49,WorthPoint
gibeon-meteorite,Gibeon Iron Meteorite Slice! Nice Etch 12.5 Gr,21.05,2011-03-07,12.5,1.68,WorthPoint
gibeon-meteorite,Gibeon Iron Meteorite Slice! Nice Etch 31.2 Gr,56,2011-03-07,31.2,1.79,WorthPoint
gibeon-meteorite,Gibeon Iron Meteorite Slice! Nice Etch 13.6 Gr,22.5,2011-03-07,13.6,1.65,WorthPoint
gibeon-meteorite,Gibeon Iron Meteorite Slice! Nice Etch 11.4 Gr,26,2011-03-07,11.4,2.28,WorthPoint
gibeon-meteorite,Gibeon Meteorite Full Slice! 90.3 Grams! WOW!,135,2011-03-06,90.3,1.5,WorthPoint
gibeon-meteorite,Gibeon Meteorite Full Slice! 69.1 Grams! WOW!,104,2011-03-06,69.1,1.51,WorthPoint
gibeon-meteorite,Gibeon Meteorite Full Slice! 78.1 Grams! WOW!,117,2011-03-06,78.1,1.5,WorthPoint
gibeon-meteorite,Gibeon Meteorite Full Slice 62.2 Grams,62,2011-03-06,62.2,1,WorthPoint
gibeon-meteorite,Gibeon Meteorite Full Slice 81.7 Grams,82,2011-03-06,81.7,1,WorthPoint
gibeon-meteorite,GIBEON Meteorite Bead 14 Mm Etched Sphere 12 Grams,43.75,2011-03-01,12,3.65,WorthPoint
gibeon-meteorite,"Etched GIBEON Meteorite 12 Grams, Octahedral Form",29.85,2011-02-28,12,2.49,WorthPoint
gibeon-meteorite,GIBEON Meteorite Bead 8mm Etched Sphere 2.22 Grams,29.5,2011-02-27,2.22,13.29,WorthPoint
gibeon-meteorite,Gibeon Meteorite Beautiful Sample 4 Grams ETCHED,16.52,2011-02-26,4,4.13,WorthPoint
gibeon-meteorite,Gibeon Meteorite Full Slice! 90.5 Grams! WOW!,136,2011-02-26,90.5,1.5,WorthPoint
gibeon-meteorite,10 Gram GIBEON Meteorite - Nice Shape!,12.18,2011-02-25,10,1.22,WorthPoint
gibeon-meteorite,8 Gram GIBEON Meteorite - Cool Shape!,10.5,2011-02-25,8,1.31,WorthPoint
gibeon-meteorite,Etched 10 Gram GIBEON Meteorite - Cool Shape!,24.5,2011-02-25,10,2.45,WorthPoint
gibeon-meteorite,GIBEON Meteorite Nice Etched Perfect Pyramid 173 Grams,280,2011-02-24,173,1.62,WorthPoint
gibeon-meteorite,Gibeon Meteorite Pendant & Earrings 925 Sterling Silver,79.95,2011-02-23,,,WorthPoint
gibeon-meteorite,14 Gram GIBEON Meteorite - Cool Shape!,12.3,2011-02-23,14,0.88,WorthPoint
gibeon-meteorite,Etched 17 Gram GIBEON Meteorite - Nice Shape!,20.21,2011-02-23,17,1.19,WorthPoint
gibeon-meteorite,GIBEON Meteorite Bead 15 Mm Etched Sphere 14.5 Grams,25,2011-02-23,14.5,1.72,WorthPoint
gibeon-meteorite,GIBEON Meteorite Nice Etched Perfect Circle 83.4 Grams,125,2011-02-23,83.4,1.5,WorthPoint
gibeon-meteorite,Gibeon Meteorite Full Slice! 85.8 Grams! WOW!,129,2011-02-21,85.8,1.5,WorthPoint
gibeon-meteorite,7 Gram GIBEON Meteorite - Nice Shape!,20.5,2011-02-20,7,2.93,WorthPoint
gibeon-meteorite,Etched 21 Gram GIBEON Meteorite - Cool Shape!,46,2011-02-20,21,2.19,WorthPoint
gibeon-meteorite,Gibeon Meteorite Ring 925 Sterling Silver,25,2011-02-18,,,WorthPoint
gibeon-meteorite,Gibeon Meteorite 21.6 Gr Etched Slice,36.25,2011-02-18,21.6,1.68,WorthPoint
gibeon-meteorite,Gibeon Meteorite Etched Piece! 86.9 Grams! WOW!,96,2011-02-18,86.9,1.1,WorthPoint
gibeon-meteorite,17 Gram GIBEON Meteorite Individual - Nice Shape!,28.5,2011-02-16,17,1.68,WorthPoint
gibeon-meteorite,14 Gram GIBEON Meteorite Individual - Nice Shape!,32,2011-02-16,14,2.29,WorthPoint
gibeon-meteorite,GIBEON METEORITE Nice Inclusion Circle Slice - Namibia,11.11,2011-02-15,,,WorthPoint
gibeon-meteorite,Cool 16 Gram Etched GIBEON Meteorite Slice,15.25,2011-02-13,16,0.95,WorthPoint
gibeon-meteorite,4 Gram GIBEON Meteorite Individual -,15.75,2011-02-13,4,3.94,WorthPoint
gibeon-meteorite,Beautiful Gibeon Meteorite Crustpiece 350 G. Unpolished,365,2011-02-13,350,1.04,WorthPoint
gibeon-meteorite,Gibeon Meteorite 7g Polished & Etched. Great Details!,17.2,2011-02-13,7,2.46,WorthPoint
gibeon-meteorite,Etched 10 Gram GIBEON Meteorite - Nice Shape!,21,2011-02-13,10,2.1,WorthPoint
gibeon-meteorite,Gibeon Meteorite Slice / Crust 22.8g Polished & Etched,26.57,2011-02-13,22.8,1.17,WorthPoint
gibeon-meteorite,Gibeon Meteorite Slice / Crust 28.1g Polished & Etched,20.5,2011-02-13,28.1,0.73,WorthPoint
gibeon-meteorite,Gibeon Meteorite Rare Cornerpiece 20.7g Polished&etched,36.57,2011-02-13,20.7,1.77,WorthPoint
gibeon-meteorite,Etched 35 Gram GIBEON Meteorite - Nice Shape!,66.25,2011-02-13,35,1.89,WorthPoint
gibeon-meteorite,4 Gram GIBEON Meteorite - Nice Shape!,14.5,2011-02-13,4,3.63,WorthPoint
gibeon-meteorite,9 Gram GIBEON Meteorite - Cool Shape!,18.5,2011-02-13,9,2.06,WorthPoint
gibeon-meteorite,Cool 13 Gram Etched GIBEON Meteorite Slice,11.99,2011-02-12,13,0.92,WorthPoint
gibeon-meteorite,Gibeon Meteorite Beautiful Sample 3 Grams ETCHED,13,2011-02-12,3,4.33,WorthPoint
gibeon-meteorite,Cool 5 Gram GIBEON Meteorite Individual -,12.99,2011-02-12,5,2.6,WorthPoint
gibeon-meteorite,Cool 10 Gram Etched GIBEON Meteorite Slice,10.99,2011-02-11,10,1.1,WorthPoint
gibeon-meteorite,"GIBEON Iron Meteorite Womens' Watch, Glow In Dark Hands",89,2011-02-11,,,WorthPoint
gibeon-meteorite,Gibeon Meteorite 18k Gold Plated Stick 9 Grams Natural,32,2011-02-04,9,3.56,WorthPoint
gibeon-meteorite,GIBEON Meteorite Bead 14mm Etched Sphere 12.5 Grams,27,2010-11-16,12.5,2.16,WorthPoint
gibeon-meteorite,Gibeon Meteorite Fresh Etch 21 Grams Natural 3d Cut,38,2010-11-15,21,1.81,WorthPoint
gibeon-meteorite,Gibeon Iron Meteorite Crystal Complete Individual ROCK,50.5,2010-11-12,,,WorthPoint
gibeon-meteorite,"GIBEON Meteorite, Etched Slab 15.3 Grams",34.57,2010-11-10,15.3,2.26,WorthPoint
gibeon-meteorite,Gibeon Meteorite Etched Slice Slab 167 Grams Bolster,166.95,2010-11-10,167,1,WorthPoint
gibeon-meteorite,GIBEON Iron Meteorite Earrings 7mm X 7mm,25,2010-11-05,,,WorthPoint
gibeon-meteorite,Nice Etched GIBEON Meteorite With A Stand And Label !,47.49,2010-11-05,,,WorthPoint
gibeon-meteorite,"GIBEON (ETCHED) --- IRON, IVA METEORITE --- 5.000 G",12.95,2010-11-05,5,2.59,WorthPoint
gibeon-meteorite,Gibeon Meteorite Specimen Tablet Slab 22 Grams Etched,45,2010-11-02,22,2.05,WorthPoint
gibeon-meteorite,Gibeon Meteorite Etched Slice Slab 239 Grams Bolster,238.95,2010-10-30,239,1,WorthPoint
gibeon-meteorite,Meteorite/ Gibeon/ Iron Octahedrite,75,2010-10-28,,,WorthPoint
gibeon-meteorite,Lady''s Meteorite Watch,95.6,2010-10-17,,,WorthPoint
gibeon-meteorite,Beautiful Etched GIBEON Meteorite 3 Beads 5.00 Grams,17.99,2010-08-12,5,3.6,WorthPoint
gibeon-meteorite,GIBEON METEORITE FREEFORM STICK PENDANT CUT 8.85 Gms,30,2010-08-06,8.85,3.39,WorthPoint
gibeon-meteorite,GIBEON Meteorite Lighty Tumbled And Etched 2.05 Grams,10,2010-08-06,2.05,4.88,WorthPoint
gibeon-meteorite,GIBEON Meteorite Pendent With A Hole 7.45 Grams,15.5,2010-08-03,7.45,2.08,WorthPoint
gibeon-meteorite,GIBEON METEORITE SLAB/ TABLET CUT 21.26 Grams,35,2010-07-31,21.26,1.65,WorthPoint
gibeon-meteorite,MUONIONALUSTA Iron Meteorite Resin Ring Size 8 3/4,10,2010-07-31,,,WorthPoint
gibeon-meteorite,Gibeon Meteorite Freeform Sticks Cut 20 Grams,35,2010-07-23,20,1.75,WorthPoint
gibeon-meteorite,Gibeon Meteorite Platinum Coated Disc Pendant 9.96 Gms,60,2010-07-17,9.96,6.02,WorthPoint
gibeon-meteorite,GIBEON Meteorite Etched Coin Disk 17x2mm 3.7 G.,22,2010-07-15,3.7,5.95,WorthPoint
gibeon-meteorite,Gibeon Meteorite Semi-disc Pendant Cut 15.01 Grams,35,2010-07-12,15.01,2.33,WorthPoint
gibeon-meteorite,GIBEON Meteorite Pendent With A Hole 14.7 Grams,16.16,2010-06-25,14.7,1.1,WorthPoint
gibeon-meteorite,GIBEON Meteorite Etched Coin Disk 14x1mm 1.8 G.,10.5,2010-06-23,1.8,5.83,WorthPoint
gibeon-meteorite,GIBEON Meteorite Etched Coin Disk 14x1mm 1.7 G.,10.5,2010-06-23,1.7,6.18,WorthPoint
gibeon-meteorite,Beautiful Etched GIBEON Meteorite 3 Beads 6.00 Grams,24.99,2010-06-23,6,4.17,WorthPoint
gibeon-meteorite,Beautiful Etched GIBEON Meteorite 2 Beads 6.00 Grams,24.99,2010-06-23,6,4.17,WorthPoint
gibeon-meteorite,Beautiful Etched GIBEON Meteorite 2 Beads 7.00 Grams,28.99,2010-06-23,7,4.14,WorthPoint
gibeon-meteorite,Beautiful Etched GIBEON Meteorite 2 Beads 4.00 Grams,16.99,2010-06-23,4,4.25,WorthPoint
gibeon-meteorite,GIBEON METEORITE EARING PAIR 2 DISC CUTS 5.35 Grams,20,2010-06-19,5.35,3.74,WorthPoint
gibeon-meteorite,Beautiful Damascus Meteorite Knife Blank Ready To Go !,58.99,2010-06-18,,,WorthPoint
gibeon-meteorite,925SV GIBEON-METEORITE Greenman's Gift,35,2010-06-17,,,WorthPoint
gibeon-meteorite,GIBEON METEORITE FANTASY CUT SLAB SPECIMEN 57.66 Grams,45,2010-06-09,57.66,0.78,WorthPoint
gibeon-meteorite,Gibeon Meteorite - Complete Slice,776.75,2010-06-06,,,WorthPoint
gibeon-meteorite,Gibeon Meteorite End Piece - Internal And External Character Revealed In A Superb Iron Meteorite,2629,2010-06-06,,,WorthPoint
gibeon-meteorite,GIBEON METEORITE DISC NECKLACE PENDANT CUT 8 Grams,24,2010-06-04,8,3,WorthPoint
gibeon-meteorite,MUONIONALUSTA Iron Meteorite Resin Ring Size 5 1/4,12,2010-06-04,,,WorthPoint
gibeon-meteorite,Beautiful Etched GIBEON Meteorite Bead 3.00 Grams,11.99,2010-06-01,3,4,WorthPoint
gibeon-meteorite,Beautiful Etched GIBEON Meteorite Bead 4.00 Grams,12.99,2010-06-01,4,3.25,WorthPoint
gibeon-meteorite,Beautiful Etched GIBEON Meteorite Bead 6.00 Grams,11.99,2010-06-01,6,2,WorthPoint
gibeon-meteorite,Gibeon Meteorite Discs Coins Cut/discs 170.32 Grams,159,2010-05-29,170.32,0.93,WorthPoint
gibeon-meteorite,GIBEON METEORITE LOT 10 WANDS/ STICKS 81 Grms,99,2010-05-25,81,1.22,WorthPoint
gibeon-meteorite,GIBEON Meteorite 6.6 Grams,29.19,2010-05-25,6.6,4.42,WorthPoint
gibeon-meteorite,Big Etched GIBEON Meteorite Slice With Regmaglypt Hole!,449.99,2010-05-22,,,WorthPoint
gibeon-meteorite,Gibeon Meteorite Mammoth Slab Amazing Etch 652 Grams,1705,2010-05-10,652,2.62,WorthPoint
gibeon-meteorite,GIBEON METEORITE NATURAL CUT NECKLACE PENDANT 7 Grams,45,2010-05-03,7,6.43,WorthPoint
gibeon-meteorite,GIBEON METEORITE TRIANGLE PENDANT CUT 14.21grams,35,2010-04-17,14.21,2.46,WorthPoint
gibeon-meteorite,GIBEON METEORITE DISC NECKLACE PENDANT CUT 13.19 Grams,45,2010-04-17,13.19,3.41,WorthPoint
gibeon-meteorite,Meteorite Muonionalusta Sphere.,705,2010-04-17,,,WorthPoint
gibeon-meteorite,GIBEON METEORITE TRIANGLE PENDANT CUT 12.87grams,25,2010-04-16,12.87,1.94,WorthPoint
gibeon-meteorite,GIBEON METEORITE DISC NECKLACE PENDANT CUT 11.61 Grams,45,2010-04-16,11.61,3.88,WorthPoint
gibeon-meteorite,GIBEON METEORITE NECKLACE PENDANT CUT 1.61 Grams,15,2010-04-15,1.61,9.32,WorthPoint
gibeon-meteorite,"GIBEON Iron Meteorite Ring Open Style Size 1, 12mm ID",15,2010-04-13,,,WorthPoint
gibeon-meteorite,GIBEON METEORITE NECKLACE PENDANT CUT 3.55 Grams,15,2010-04-12,3.55,4.23,WorthPoint
gibeon-meteorite,Gibeon Iron Meteorite Crystal Complete Individual NR!!!,13.52,2010-04-11,,,WorthPoint
gibeon-meteorite,GIBEON METEORITE FANTASY DISC CUT SPECIMEN 13.67grams,20,2010-04-09,13.67,1.46,WorthPoint
gibeon-meteorite,GIBEON METEORITE FANTASY CUT SPECIMEN 11.69grams,20,2010-04-04,11.69,1.71,WorthPoint
gibeon-meteorite,GIBEON METEORITE FANTASY CUT SPECIMEN 8.54grams,18,2010-04-01,8.54,2.11,WorthPoint
gibeon-meteorite,GIBEON METEORITE FANTASY BAR CUT SPECIMEN 8.30grams,18,2010-04-01,8.3,2.17,WorthPoint
gibeon-meteorite,Meteorite-Muonionalusta 114g Polished&Etched Part Slice,124.95,2010-03-28,114,1.1,WorthPoint
gibeon-meteorite,GIBEON METEORITE SLICE 24K GOLD PLATED 46.3g GRG2,49.99,2009-07-18,46.3,1.08,WorthPoint
gibeon-meteorite,Gibeon (IVA) 11.64g Meteorite * Beautiful Part Slice!,14.2,2009-07-17,11.64,1.22,WorthPoint
gibeon-meteorite,***gibeon Polished Meteorite Block 10 Grams***(222),10,2009-07-17,10,1,WorthPoint
gibeon-meteorite,Gibeon Polished Meteorite Focal Bead/sphere 32 Grams,60,2009-07-17,32,1.88,WorthPoint
gibeon-meteorite,120g IRON-NICKEL METEORITE SLICE SPECIMEN GIBEON #MRG76,122.5,2009-07-16,120,1.02,WorthPoint
gibeon-meteorite,***gibeon Polished Meteorite Triangles(5) 9 Grms***252,16,2009-07-14,9,1.78,WorthPoint
gibeon-meteorite,Gibeon Meteorite Etched Full Slice 32.4 Gm,19.01,2009-07-14,32.4,0.59,WorthPoint
gibeon-meteorite,Gibeon Meteorite Etched Full Slice 53.8 Gm,28.91,2009-07-14,53.8,0.54,WorthPoint
gibeon-meteorite,Gibeon Meteorite Etched Full Slice 32.1 Gm,16,2009-07-14,32.1,0.5,WorthPoint
gibeon-meteorite,"5.8"" Gibeon METEORITE Etched Sword Knife Letter Opener",99,2009-07-14,,,WorthPoint
gibeon-meteorite,GIBEON METEORITE SLICE 24K GOLD PLATED 77g GRG8,84,2009-07-13,77,1.09,WorthPoint
gibeon-meteorite,**GIBEON METEORITE LOT 7pcs FANTASY! CUTS 103grams* 105,50,2009-07-12,103,0.49,WorthPoint
gibeon-meteorite,Pyramid Carved Gibeon IRON METEORITE Polished & Etched,31.87,2009-07-12,,,WorthPoint
gibeon-meteorite,**GIBEON METEORITE LOT 2pcs FANTASY! CUTS 16 Grams* 256,10,2009-07-10,16,0.63,WorthPoint
gibeon-meteorite,**GIBEON METEORITE LOT 14 PCS FREE CUTS 63 Grams* 257,40.99,2009-07-09,63,0.65,WorthPoint
gibeon-meteorite,***gibeon Polished Meteorite Triangles(3) 11 Grms***251,10,2009-07-08,11,0.91,WorthPoint
gibeon-meteorite,Gibeon Polished Meteorite Slab/slice 42 Grams,25,2009-07-08,42,0.6,WorthPoint
gibeon-meteorite,***gibeon Polished Meteorite Triangle 13 Grams***255,12.99,2009-07-07,13,1,WorthPoint
gibeon-meteorite,Gibeon Polished Meteorite Pair Of Sticks 6 Grms***(218),12,2009-07-06,6,2,WorthPoint
gibeon-meteorite,***gibeon Assorted Meteorite 6 Discs 13 Grams*** 226,17,2009-07-06,13,1.31,WorthPoint
gibeon-meteorite,Whole Gibeon Meteorite 631.6 Grams,210,2009-07-06,631.6,0.33,WorthPoint
gibeon-meteorite,Gibeon Polished Meteorite Triangle 18 Grms,30,2009-07-02,18,1.67,WorthPoint
gibeon-meteorite,***GIBEON METEORITE LOT 4pcs FANTASY CUTS 14grams***232,18,2009-07-01,14,1.29,WorthPoint
gibeon-meteorite,Gibeon Iron Meteorite Etched Pendant Nice !!! 10g Rm60,24.95,2009-06-30,10,2.5,WorthPoint
gibeon-meteorite,GIBEON Meteorite Coin Disk 13mm 1.8,10,2009-06-29,,,WorthPoint
gibeon-meteorite,GIBEON METEORITE SLICE 24K GOLD PLATED 74.5g GRG1,145,2009-06-23,74.5,1.95,WorthPoint
gibeon-meteorite,Gibeon Meteorite Sphere - Crystalline Structure Of An Iron Meteorite Dramatized In Three Dimensions,3883.75,2009-05-18,,,WorthPoint
gibeon-meteorite,Gibeon Meteorite - Complete Slice Of An Iron Meteorite,1493.75,2009-05-18,,,WorthPoint
gibeon-meteorite,Gibeon Meteorite - Sheriff Of The Solar System,657.25,2009-05-18,,,WorthPoint
gibeon-meteorite,Gibeon Meteorite 5 Freeform Specimens 31 Grams (76),20,2009-05-14,31,0.65,WorthPoint
gibeon-meteorite,GIBEON METEORITE SLICE 24K GOLD PLATED 38.2g GRG11,89,2009-05-14,38.2,2.33,WorthPoint
gibeon-meteorite,GIBEON METEORITE SLICE 24K GOLD PLATED 52.5g GRG7,96,2009-05-09,52.5,1.83,WorthPoint
gibeon-meteorite,"6.25"" Gibeon METEORITE Etched Sword Knife Letter Opener",145,2009-05-01,,,WorthPoint
gibeon-meteorite,Gibeon Polished Meteorite Slice 15 Grms Best Pattern,22.5,2009-04-28,15,1.5,WorthPoint
gibeon-meteorite,Solid Sphere Carved Gibeon METEORITE & Etched FREE S&H!,36.27,2009-04-12,,,WorthPoint
gibeon-meteorite,GIBEON METEORITE SLICE 24K GOLD PLATED 40.2g GRG12,89,2009-04-12,40.2,2.21,WorthPoint
gibeon-meteorite,GIBEON METEORITE SLICE 24K GOLD PLATED 92.6g GRG10,190,2009-04-07,92.6,2.05,WorthPoint
gibeon-meteorite,GIBEON METEORITE SLICE 24K GOLD PLATED 39.8g GRG17,89,2009-04-06,39.8,2.24,WorthPoint
gibeon-meteorite,Iron Nickel Gibeon Meteorite Etched Cube. 39.8 Grams,21,2009-03-16,39.8,0.53,WorthPoint
gibeon-meteorite,RON-NICKEL METEORITE SLICE SPECIMEN GIBEON 72.6g MRG43,150.5,2008-12-27,72.6,2.07,WorthPoint
gibeon-meteorite,RON-NICKEL METEORITE SLICE SPECIMEN GIBEON 59g MRG74,125,2008-12-26,59,2.12,WorthPoint
gibeon-meteorite,RON-NICKEL METEORITE SLICE SPECIMEN GIBEON 56g MRG73,124.5,2008-12-24,56,2.22,WorthPoint
gibeon-meteorite,RON-NICKEL METEORITE SLICE SPECIMEN GIBEON 55g MRG71,117.5,2008-12-23,55,2.14,WorthPoint
gibeon-meteorite,RON-NICKEL METEORITE SLICE SPECIMEN GIBEON 85g MRG68,176,2008-12-23,85,2.07,WorthPoint
gibeon-meteorite,Gibeon METEORITE 84.5 Gr. Nice Slice 0232,52,2008-12-19,84.5,0.62,WorthPoint
gibeon-meteorite,RON-NICKEL METEORITE SLICE SPECIMEN GIBEON 58.1g MRG32,127.5,2008-12-16,58.1,2.19,WorthPoint
gibeon-meteorite,Iron Nickel Gibeon Meteorite Etched Round Bead 15.3 G.,46,2008-12-12,15.3,3.01,WorthPoint
gibeon-meteorite,RON-NICKEL METEORITE SLICE SPECIMEN GIBEON 308.8g MRG31,605,2008-12-11,308.8,1.96,WorthPoint
gibeon-meteorite,RON-NICKEL METEORITE SLICE SPECIMEN GIBEON 38.2g MRG35,81,2008-12-09,38.2,2.12,WorthPoint
gibeon-meteorite,MD-Meteorites Meteorite Korra Korrabes H3 Namibia,13.28,2008-12-07,,,WorthPoint
gibeon-meteorite,Iron Nickel Gibeon Meteorite Etched Round Bead 19.6 G.,36.25,2008-12-03,19.6,1.85,WorthPoint
gibeon-meteorite,GIBEON Meteorite Unetched Cuts Natural Back 18.7 Grams,16.19,2008-12-02,18.7,0.87,WorthPoint
gibeon-meteorite,Gibeon Meteorite Shavings/Stardust,20.5,2008-11-29,,,WorthPoint
gibeon-meteorite,Gibeon METEORITE 41gr. Nice End Piece/slice 0187,22.07,2008-11-25,41,0.54,WorthPoint
gibeon-meteorite,Gibeon METEORITE 18.42 Gr. Nice Individual 0175,20.51,2008-11-25,18.42,1.11,WorthPoint
gibeon-meteorite,RON-NICKEL METEORITE SLICE SPECIMEN GIBEON 87.4g MRG34,162.5,2008-11-22,87.4,1.86,WorthPoint
gibeon-meteorite,IRON-NICKEL METEORITE SLICE SPECIMEN GIBEON 56.2g MRG13,148.5,2008-09-05,56.2,2.64,WorthPoint
gibeon-meteorite,"METEORITE Beautiful GIBEON, IVA Iron Specimen, 18.65g",22.05,2008-09-03,18.65,1.18,WorthPoint
gibeon-meteorite,IRON-NICKEL METEORITE SLICE SPECIMEN GIBEON 34.4g MRG2,71,2008-09-03,34.4,2.06,WorthPoint
gibeon-meteorite,MD-Meteorites Meteorite Gibeon Very Rare Piece !,29,2008-08-31,,,WorthPoint
gibeon-meteorite,GIBEON IRON METEORITE INDIVIDUAL 16.7g C40,17.5,2008-08-31,16.7,1.05,WorthPoint
gibeon-meteorite,Iron-nickel Meteorite Slice Specimen Gibeon 31.9 Grams,41,2008-08-30,31.9,1.29,WorthPoint
gibeon-meteorite,IRON-NICKEL METEORITE END CUT SPECIMEN GIBEON 27.1g,28,2008-08-29,27.1,1.03,WorthPoint
gibeon-meteorite,Gibeon Meteorite Sphere + Herkimer Pendant #189,65,2008-08-28,,,WorthPoint
gibeon-meteorite,IRON-NICKEL METEORITE SLICE SPECIMEN GIBEON 10g MRG27,24.99,2008-08-22,10,2.5,WorthPoint
gibeon-meteorite,IRON-NICKEL METEORITE SLICE SPECIMEN GIBEON 38.9g MRG30,107,2008-08-16,38.9,2.75,WorthPoint
gibeon-meteorite,IRON-NICKEL METEORITE SLICE SPECIMEN GIBEON 32.7g MRG18,89,2008-08-12,32.7,2.72,WorthPoint
gibeon-meteorite,IRON-NICKEL METEORITE SLICE SPECIMEN GIBEON 67.3g MRG25,175.5,2008-08-11,67.3,2.61,WorthPoint
gibeon-meteorite,IRON-NICKEL METEORITE SLICE SPECIMEN GIBEON 49.1g MRG28,131,2008-08-11,49.1,2.67,WorthPoint
gibeon-meteorite,IRON-NICKEL METEORITE SLICE SPECIMEN GIBEON 61.8g MRG7,158.5,2008-08-10,61.8,2.56,WorthPoint
gibeon-meteorite,IRON-NICKEL METEORITE SLICE SPECIMEN GIBEON 69.7g MRG4,186,2008-08-08,69.7,2.67,WorthPoint
gibeon-meteorite,IRON-NICKEL METEORITE SLICE SPECIMEN GIBEON 56.9g MRG21,150,2008-08-07,56.9,2.64,WorthPoint
gibeon-meteorite,IRON-NICKEL METEORITE SLICE SPECIMEN GIBEON 72.1g MRG6,233.5,2008-08-07,72.1,3.24,WorthPoint
gibeon-meteorite,IRON-NICKEL METEORITE SLICE SPECIMEN GIBEON 52.9g MRG17,139,2008-08-06,52.9,2.63,WorthPoint
gibeon-meteorite,IRON-NICKEL METEORITE SLICE SPECIMEN GIBEON 118g MRG29,232.5,2008-08-02,118,1.97,WorthPoint
gibeon-meteorite,Gibeon Iron Nickel Alloy Meteorite Namibia Africa Wow,12.62,2008-07-30,,,WorthPoint
gibeon-meteorite,Iron Nickel Gibeon Meteorite Square Etched Cube 14.3 G,31,2008-07-29,14.3,2.17,WorthPoint
gibeon-meteorite,IRON-NICKEL METEORITE SLICE SPECIMEN GIBEON 43.3g MRG26,95.5,2008-07-28,43.3,2.21,WorthPoint
gibeon-meteorite,Iron Meteorite/ Gibeon/octahedron Cleavage,140,2008-07-28,,,WorthPoint
gibeon-meteorite,RON-NICKEL METEORITE SLICE SPECIMEN GIBEON 45.1g MRG22,97.5,2008-07-25,45.1,2.16,WorthPoint
gibeon-meteorite,3 Iron Nickel Gibeon Meteorite Etched Round Beads 10 G,59.88,2008-07-17,10,5.99,WorthPoint
gibeon-meteorite,IRON-NICKEL METEORITE SLICE SPECIMEN GIBEON 61.1g MRG19,128,2008-07-15,61.1,2.09,WorthPoint
gibeon-meteorite,IRON-NICKEL METEORITE SLICE SPECIMEN GIBEON 28.5g MRG15,65,2008-07-10,28.5,2.28,WorthPoint
gibeon-meteorite,IRON-NICKEL METEORITE SLICE SPECIMEN GIBEON 79.4g MRG20,172.5,2008-07-09,79.4,2.17,WorthPoint
gibeon-meteorite,RON-NICKEL METEORITE SLICE SPECIMEN GIBEON 52.8g MRG9,112.5,2008-07-09,52.8,2.13,WorthPoint
gibeon-meteorite,IRON-NICKEL METEORITE SLICE SPECIMEN GIBEON 38g MRG10,89,2008-07-03,38,2.34,WorthPoint
gibeon-meteorite,IRON-NICKEL METEORITE SLICE SPECIMEN GIBEON 75g MRG11,170,2008-07-01,75,2.27,WorthPoint
gibeon-meteorite,IRON-NICKEL METEORITE SLICE SPECIMEN GIBEON 72.9g MRG12,180,2008-06-28,72.9,2.47,WorthPoint
gibeon-meteorite,IRON-NICKEL METEORITE SLICE SPECIMEN GIBEON 83.1g MRG16,197.5,2008-06-28,83.1,2.38,WorthPoint
gibeon-meteorite,Gibeon Meteorite Earrings-beautiful And Affordable,44.95,2008-06-27,,,WorthPoint
gibeon-meteorite,Iron Nickel Gibeon Meteorite Etched Pyramid 10.9 Grams,34,2008-06-26,10.9,3.12,WorthPoint
gibeon-meteorite,Iron Nickel Gibeon Meteorite Etched Pyramid 10.5 Grams,58,2008-06-18,10.5,5.52,WorthPoint
gibeon-meteorite,RON-NICKEL METEORITE SLICE SPECIMEN GIBEON 83.2g MRG1,255,2008-06-14,83.2,3.06,WorthPoint
gibeon-meteorite,"GIBEON Iron Meteorite Womens' Watch, Rectangular Face",99,2008-06-14,,,WorthPoint
gibeon-meteorite,Gibeon Meteorite Etched Full Slice 301.5 Grams!,299,2008-06-13,301.5,0.99,WorthPoint
gibeon-meteorite,Gibeon Iron Meteorite-landed In Africa-found 1836,19.95,2008-06-12,,,WorthPoint
gibeon-meteorite,Gibeon - Unusual Complete Meteorite,7767.5,2008-06-08,,,WorthPoint
gibeon-meteorite,Mark Terrell Splice #1 Of 10 W/Gibeon Meteorite Knife,290,2008-06-05,,,WorthPoint
gibeon-meteorite,Iron Nickel Gibeon Meteorite Sphere 36 Gram Space Ball,72.01,2008-06-03,36,2,WorthPoint
gibeon-meteorite,Rare Gibeon Meteorite 1 Inch Polished Crystal Sphere,210,2008-06-02,,,WorthPoint
gibeon-meteorite,Gibeon Meteorite Men's Ring,40,2008-05-26,,,WorthPoint
gibeon-meteorite,"MUONIONALUSTA Iron Meteorite Star Pendant, 44mm Long",15,2008-05-10,,,WorthPoint
gibeon-meteorite,Gibeon Meteorite Part Slice Etched 6.9 Grams NR,10.5,2008-05-09,6.9,1.52,WorthPoint
gibeon-meteorite,"My Only GIBEON Meteorite Etched Pendant Necklace, Charm",51,2008-05-05,,,WorthPoint
gibeon-meteorite,Gibeon Meteorite Etched End Cut! 27.1 Grams!,29,2008-04-29,27.1,1.07,WorthPoint
gibeon-meteorite,Gibeon Meteorite Etched Part Slice! 21.3 Grams!,23.5,2008-04-29,21.3,1.1,WorthPoint
gibeon-meteorite,9 GIBEON Meteorites Etched Different Shapes 9.9 Grams,13.15,2008-04-22,9,1.46,WorthPoint
gibeon-meteorite,Meteorites: Gibeon Meteorite Stardust 10 Grams,13,2008-04-21,10,1.3,WorthPoint
gibeon-meteorite,Gibeon Meteorite Etched End Cut! 67.5 Grams!,71,2008-04-17,67.5,1.05,WorthPoint
gibeon-meteorite,Gibeon Meteorite Etched Part Slice! 11.3 Grams!,17.5,2008-04-17,11.3,1.55,WorthPoint
gibeon-meteorite,Gibeon Meteorite Etched Part Slice! 19.5 Grams!,26,2008-04-17,19.5,1.33,WorthPoint
gibeon-meteorite,Gibeon Meteorite Etched Part Slice! 34.1 Grams!,35.99,2008-04-15,34.1,1.06,WorthPoint
gibeon-meteorite,Meteorites- Gibeon Iron Meteorite 29.44g Etched Part Sl,26.99,2008-04-14,29.44,0.92,WorthPoint
gibeon-meteorite,Gibeon Meteorite Etched Part Slice! 31 Grams!,35,2008-04-14,31,1.13,WorthPoint
gibeon-meteorite,Gibeon Meteorite Etched Part Slice! 19.1 Grams!,22.5,2008-04-14,19.1,1.18,WorthPoint
gibeon-meteorite,"GIBEON METEORITE ""The Arrowhead"" 13.5 Lb RARE SPECIMEN",4000,2008-04-13,,,WorthPoint
gibeon-meteorite,Whole Nice Natural As Found GIBEON Meteorite 2.61 Grams,12.5,2008-04-09,2.61,4.79,WorthPoint
gibeon-meteorite,Gibeon Meteorite Full Slab Etched 35.4 Grams NR,51,2008-04-09,35.4,1.44,WorthPoint
gibeon-meteorite,Gibeon Meteorite Etched End Piece Meteor Asteroid Star,375,2008-04-06,,,WorthPoint
gibeon-meteorite,"Amboyna Burl Knife Scales, Indonesia,",10.95,2008-04-04,,,WorthPoint
gibeon-meteorite,Gibeon Meteorite Full Slab Etched 22.7 Grams NR,31,2008-04-02,22.7,1.37,WorthPoint
gibeon-meteorite,Gibeon Meteorite Etched End Piece! 98.2 Grams!,78.86,2008-03-28,98.2,0.8,WorthPoint
gibeon-meteorite,GIBEON METEORITE COSMIC SCULPTURE 4.5 Lb RARE SPECIMEN,1750,2008-03-26,,,WorthPoint
gibeon-meteorite,1 Whole Nice Uncut GIBEON Meteorite 3.8 Grams,66,2008-03-21,3.8,17.37,WorthPoint
gibeon-meteorite,Awesome Looking GIBEON Meteorite Etched 20 Grams,14.49,2008-03-15,20,0.72,WorthPoint
gibeon-meteorite,Gibeon Meteorite Etched Part Slice! 73 Grams!,73,2008-03-14,73,1,WorthPoint
gibeon-meteorite,Large Gibeon Meteorite RARE!,920,2008-03-13,,,WorthPoint
gibeon-meteorite,Gibeon Meteorite Etched Part Slice! 54.7 Grams!,55,2008-03-12,54.7,1.01,WorthPoint
gibeon-meteorite,6 GIBEON Meteorites Etched Coin Like Disks 13 Grams,30,2008-03-10,6,5,WorthPoint
gibeon-meteorite,Gibeon Meteorite Etched Part Slice! 135.3 Grams!,155,2008-03-10,135.3,1.15,WorthPoint
gibeon-meteorite,8 GIBEON Meteorites Etched Coin Like Disks 11 Grams,20.5,2008-03-08,8,2.56,WorthPoint
gibeon-meteorite,GIBEON Meteorite Coin Disk,15,2008-03-07,,,WorthPoint
gibeon-meteorite,Nice Whole Uncut GIBEON Meteorite Just Over 18 Grams,21.5,2008-03-07,18,1.19,WorthPoint
gibeon-meteorite,5 GIBEON Meteorites Etched Coin Like Disks 10 Grams,28.65,2008-03-06,5,5.73,WorthPoint
gibeon-meteorite,GIBEON 6.7 Gram Meteorite Etched All Over It AWESOME !!,36,2008-03-05,6.7,5.37,WorthPoint
gibeon-meteorite,"GIBEON METEORITE, 478 Grams (1+ Pound)",192.39,2008-03-04,478,0.4,WorthPoint
gibeon-meteorite,9 GIBEON Meteorites Etched Coin Like Disks 17 Grams $40,54.64,2008-03-03,9,6.07,WorthPoint
gibeon-meteorite,"GIBEON Iron Meteorite Mens' Watch, 29mm Dial",139,2008-03-02,,,WorthPoint
gibeon-meteorite,1 Whole Nice Uncut GIBEON Meteorite Just Over 70 Grams,62,2008-03-01,70,0.89,WorthPoint
gibeon-meteorite,"Meteorite Gibeon ,Full Slice Both Sides Etched ~65.3g",76,2008-02-26,65.3,1.16,WorthPoint
gibeon-meteorite,6.2g PART SLICE ETCHED GIBEON METEORITE `BEAUTIFUL`,16,2008-02-25,6.2,2.58,WorthPoint
gibeon-meteorite,Iron Meteorite/ Gibeon,90,2008-02-17,,,WorthPoint
gibeon-meteorite,Gibeon Meteorite Etched Part Slice! 355.7 Grams!,381.25,2008-02-12,355.7,1.07,WorthPoint
gibeon-meteorite,Awesome Looking GIBEON Meteorite Etched 11.8 Grams,10.99,2008-02-04,11.8,0.93,WorthPoint
gibeon-meteorite,Rare Gibeon Meteorite Sphere - Over 1 Pound 10 Ounces,1495,2008-02-02,,,WorthPoint
gibeon-meteorite,Gibeon Meteorite Tie Tack,15.25,2008-01-30,,,WorthPoint
gibeon-meteorite,GIBEON 18 Gram Meteorite Unetched / Back Side Natural,26,2008-01-06,18,1.44,WorthPoint
gibeon-meteorite,5 GIBEON Meteorites Etched Coin Like Disks 17 Grams,21.49,2008-01-04,5,4.3,WorthPoint
gibeon-meteorite,8 GIBEON Meteorites Etched Coin Like Disks 27 Grams,26.99,2007-12-27,8,3.37,WorthPoint
gibeon-meteorite,31 GIBEON Meteorites All Etched Pieces Of 64 Grams,49,2007-12-25,31,1.58,WorthPoint
gibeon-meteorite,METEORITE JEWELRY: GIBEON PENDANT 12 Grams,44,2007-12-19,12,3.67,WorthPoint
gibeon-meteorite,7 GIBEON Meteorites Etched Coin Like Disks 11 Grams,15.5,2007-12-18,7,2.21,WorthPoint
gibeon-meteorite,GIBEON 13.7 Gram Meteorite Etched / Back Side Natural,17.51,2007-12-18,13.7,1.28,WorthPoint
gibeon-meteorite,"METEORITE GIBEON OCTAEDRITE IVA / ETCHED SPHERE 32,4 Gr",51,2007-12-08,4,12.75,WorthPoint
gibeon-meteorite,Awesome GIBEON Meteorite Etched 18.5 Grams,41,2007-12-08,18.5,2.22,WorthPoint
gibeon-meteorite,16 GIBEON Meteorite Etched Coin Like Disks 20 Grams,26,2007-12-05,16,1.63,WorthPoint
gibeon-meteorite,METEORITE JEWELRY: GIBEON EARRINGS 6 Grams,24,2007-12-04,6,4,WorthPoint
gibeon-meteorite,"Gibeon Meteorite Dragon Tanto Knife, Sterling Silver",1099,2007-12-03,,,WorthPoint
gibeon-meteorite,GIBEON Meteorite 6.3 Gram,13.79,2007-11-30,6.3,2.19,WorthPoint
gibeon-meteorite,Etched CUBE Made From Gibeon Meteorite - Great Gift,81,2007-11-29,,,WorthPoint
gibeon-meteorite,"METEORITE GIBEON OCTAEDRITE IVA / ETCHED SPHERE 37,9 Gr",55,2007-11-29,9,6.11,WorthPoint
gibeon-meteorite,"METEORITE GIBEON OCTAEDRITE IVA / ETCHED SPHERE 11,7 Gr",33.77,2007-11-29,7,4.82,WorthPoint
gibeon-meteorite,Gibeon Meteorite Fr Africa With Crystalline Structure,42,2007-11-18,,,WorthPoint
gibeon-meteorite,3 GIBEON Meteorites Etched Coin Disk + 2 Cut 17.4 Grams,10.5,2007-11-13,3,3.5,WorthPoint
gibeon-meteorite,7 GIBEON Meteorite Etched Coin Like Disks 30 Grams,21,2007-11-13,7,3,WorthPoint
gibeon-meteorite,GIBEON Meteorite 6.8 Gram,14.89,2007-11-03,6.8,2.19,WorthPoint
gibeon-meteorite,Meteorite Jewelry: Gibeon Pendant,20.5,2007-10-29,,,WorthPoint
gibeon-meteorite,Gibeon Meteorite Etched FULL Slice! 338.8 Grams!,279,2007-10-25,338.8,0.82,WorthPoint
gibeon-meteorite,A.c. Metsala Custom Mosaic Damascus Folding Knife Nr,649.99,2007-10-20,,,WorthPoint
gibeon-meteorite,Gibeon Meteorite Etched Slice! 10.8 Grams! WOW!,20.5,2007-10-17,10.8,1.9,WorthPoint
gibeon-meteorite,"Gibeon Iron Meteorite Pyramid Size 2""W Square X 1 1/4""H",365.95,2007-10-17,,,WorthPoint
gibeon-meteorite,Gibeon Meteorite Etched Slice! 32.4 Grams! WOW!,39,2007-10-10,32.4,1.2,WorthPoint
gibeon-meteorite,GIBEON 11.16 Gram Meteorite Etched / Back Side Natural,15.5,2007-10-08,11.16,1.39,WorthPoint
gibeon-meteorite,Gibeon Meteorite Etched FULL Slice! 129.5 Grams!,154.73,2007-10-08,129.5,1.19,WorthPoint
gibeon-meteorite,"METEORITE GIBEON OCTAEDRITE IVA ETCHED SPHERE 7,2 Gr.",15.5,2007-08-16,2,7.75,WorthPoint
gibeon-meteorite,Gibeon Meteorite Etched Slice! 43.6 Grams! WOW!,29.5,2007-08-15,43.6,0.68,WorthPoint
gibeon-meteorite,Gibeon Meteorite Etched Slice! 34.1 Grams! WOW!,30,2007-08-15,34.1,0.88,WorthPoint
gibeon-meteorite,"METEORITE GIBEON OCTAEDRITE IVA ETCHED SPHERE 23,1 Gr.",40,2007-08-15,1,40,WorthPoint
gibeon-meteorite,Gibeon Meteorite Etched Slice! 37.4 Grams! WOW!,37,2007-08-13,37.4,0.99,WorthPoint
gibeon-meteorite,Gibeon Meteorite Etched Slice! 32.8 Grams! WOW!,28,2007-08-07,32.8,0.85,WorthPoint
gibeon-meteorite,Gibeon Meteorite Etched Slice! 22.6 Grams! WOW!,20.5,2007-08-02,22.6,0.91,WorthPoint
gibeon-meteorite,"Gibeon Meteorite Etched Display Slice, Rare Item",185,2007-08-02,,,WorthPoint
gibeon-meteorite,"METEORITE GIBEON OCTAEDRITE IVA ETCHED ENDCUT 86,3 Gr",68.95,2007-08-01,3,22.98,WorthPoint
gibeon-meteorite,Gibeon Meteorite From Africa Diminutive Space Sculpture,20.5,2007-07-29,,,WorthPoint
gibeon-meteorite,Gibeon Meteorite Etched Slice! 27.6 Grams! WOW!,23,2007-07-26,27.6,0.83,WorthPoint
gibeon-meteorite,Gibeon Meteorite Etched Slice! 53.3 Grams! WOW!,45,2007-07-26,53.3,0.84,WorthPoint
gibeon-meteorite,Nice GIBEON Meteorite 26 Grams Etched Piece,12.99,2007-07-15,26,0.5,WorthPoint
gibeon-meteorite,NWA 869 / NWA Unclassified / Gibeon Etched,24.95,2007-07-15,,,WorthPoint
gibeon-meteorite,Gibeon Iron Meteorite Nice Small Individual From Africa,35.99,2007-07-15,,,WorthPoint
gibeon-meteorite,7 GIBEONS Of 50 Grams Meteorites Etched Pieces Coins,35,2007-07-15,7,5,WorthPoint
gibeon-meteorite,Nice GIBEON Meteorite 23 Grams Etched Piece,10.49,2007-07-14,23,0.46,WorthPoint
gibeon-meteorite,GIBEON 170 Grams Meteorite Etched Full Slice,116,2007-07-13,170,0.68,WorthPoint
gibeon-meteorite,Iron GIBEON Meteorite 25 Grams Etched Piece,16.49,2007-07-12,25,0.66,WorthPoint
gibeon-meteorite,Gibeon Meteorite Etched Slice! 33.2 Grams! WOW!,20.5,2007-07-12,33.2,0.62,WorthPoint
gibeon-meteorite,Gibeon Meteorite Etched Slice! 217.7 Grams! WOW!,185,2007-07-01,217.7,0.85,WorthPoint
gibeon-meteorite,Meteorite Great Looking Gibeon Piece Weighs 23.6 Gm,15,2007-06-22,23.6,0.64,WorthPoint
gibeon-meteorite,GIBEON 32 Grams Meteorite Etched Flat SQUARE,29.8,2007-06-18,32,0.93,WorthPoint
gibeon-meteorite,Gibeon Meteorite Etched Full Slice! 40 Grams! WOW!,53,2007-06-18,40,1.33,WorthPoint
gibeon-meteorite,GIBEON 28 Grams Meteorite Etched Disk Like Coin,17.3,2007-06-16,28,0.62,WorthPoint
gibeon-meteorite,Nice GIBEON Meteorite 29 Grams Etched Piece,27,2007-06-15,29,0.93,WorthPoint
gibeon-meteorite,10 GIBEONS At 101 Grams Meteorites Etched Pieces,70,2007-06-12,10,7,WorthPoint
gibeon-meteorite,GIBEON 300 Grams Meteorite Etched Full Slice,189,2007-06-12,300,0.63,WorthPoint
gibeon-meteorite,Meteorite Great Looking Gibeon Piece Weighs 48.8 Gm,31,2007-06-04,48.8,0.64,WorthPoint
gibeon-meteorite,GIBEON 73 Grams Meteorite Etched Full Slice,109.5,2007-05-29,73,1.5,WorthPoint
gibeon-meteorite,Etched Gibeon 27 Grams,11.13,2007-05-29,27,0.41,WorthPoint
gibeon-meteorite,21 GIBEONS At 148 Grams Meteorites Etched Pieces,120,2007-05-25,21,5.71,WorthPoint
gibeon-meteorite,GIBEON 617 Grams Meteorite Etched FULL No Rust SQUARE,550,2007-05-25,617,0.89,WorthPoint
gibeon-meteorite,RARE - 2 ETCHED Spheres Made From GIBEON METEORITE,26.75,2007-05-24,,,WorthPoint
gibeon-meteorite,WOW! 7.4 Gram GIBEON Meteorite Etched Coin Like Disk,18,2007-05-21,7.4,2.43,WorthPoint
gibeon-meteorite,GIBEON ~ 12.8 Gram Meteorite Etched Coin Like Disk,15,2007-05-21,12.8,1.17,WorthPoint
gibeon-meteorite,51 GIBEON Meteorites 200 Grams Of Nice Cut Eched Pieces,133.54,2007-05-19,51,2.62,WorthPoint
gibeon-meteorite,GIBEON 8.6 Gram Meteorite Etched Full Dome Like Disk,12,2007-05-19,8.6,1.4,WorthPoint
gibeon-meteorite,Meteorite Gibeon Etched Piece!,26.99,2007-05-17,,,WorthPoint
gibeon-meteorite,16 GIBEON Meteorite 82 Grams Of Cut And Eched Pieces,72,2007-05-17,16,4.5,WorthPoint
gibeon-meteorite,RARE - ETCHED Sphere Made Frm GIBEON METEORITE,47,2007-05-17,,,WorthPoint
gibeon-meteorite,53 GIBEON Meteorites 200 Grams Of Nice Cut Eched Pieces,159,2007-05-16,53,3,WorthPoint
gibeon-meteorite,154 Gram Etched Gibeon Meteorite Nice!!,36,2007-05-14,154,0.23,WorthPoint
gibeon-meteorite,12 GIBEON Meteorite 133 Grams Of Cut And Eched Pieces,80,2007-05-14,12,6.67,WorthPoint
gibeon-meteorite,18 GIBEON Meteorite 52 Grams Of Cut And Eched Pieces,24.99,2007-05-13,18,1.39,WorthPoint
gibeon-meteorite,18 GIBEON Meteorite 68 Grams Of Cut And Eched Pieces,36.51,2007-05-11,18,2.03,WorthPoint
gibeon-meteorite,Gibeon Meteorite Etched Slice! 19.7 Grams! WOW!,17,2007-05-11,19.7,0.86,WorthPoint
gibeon-meteorite,Gibeon Meteorite Etched Slice 7.9grams! WOW!,17.5,2007-05-10,7.9,2.22,WorthPoint
gibeon-meteorite,Gibeon Meteorite Etched Slice! 32.1 Grams! WOW!,30.05,2007-05-10,32.1,0.94,WorthPoint
gibeon-meteorite,WOW! 24 Grams GIBEON Meteorite Etched Coin Like Disk,20.51,2007-05-08,24,0.85,WorthPoint
gibeon-meteorite,4 GIBEON Meteorite 36 Grams Of Cut And Eched Pieces,22.5,2007-05-07,4,5.63,WorthPoint
gibeon-meteorite,Gibeon Meteorite Etched Slice! 28.1 Grams! WOW!,66,2007-05-07,28.1,2.35,WorthPoint
gibeon-meteorite,8 GIBEON Meteorite 56 Grams Of Cut And Eched Pieces,37,2007-05-05,8,4.63,WorthPoint
gibeon-meteorite,Gibeon Meteorite Etched Slice! 35.6 Grams! WOW!,31,2007-05-04,35.6,0.87,WorthPoint
gibeon-meteorite,Gibeon Meteorite Etched Slice! 62.7 Grams! WOW!,56.87,2007-05-04,62.7,0.91,WorthPoint
gibeon-meteorite,RARE - ETCHED Jewelry Bead Made Frm GIBEON METEORITE,71.05,2007-05-03,,,WorthPoint
gibeon-meteorite,2004 Liberia Silver $10 NWA 267 Meteorite Coin & Gibeon,495,2007-05-03,,,WorthPoint
gibeon-meteorite,Gibeon Meteorite Etched Slice! 118.9 Grams! WOW!,119,2007-05-03,118.9,1,WorthPoint
gibeon-meteorite,Gibeon Meteorite Silver Pendant,41,2007-04-29,,,WorthPoint
gibeon-meteorite,Gibeon Meteorite Sphere NR!,54.01,2007-04-29,,,WorthPoint
gibeon-meteorite,MUONIONALUSTA Iron Meteorite Slice 112g,109,2007-04-29,112,0.97,WorthPoint
gibeon-meteorite,Gibeon Meteorite Etched Slice! 37.5 Grams! WOW!,32,2007-04-24,37.5,0.85,WorthPoint
gibeon-meteorite,Gibeon Meteorite Etched Slice! 24.8 Grams! WOW!,36.87,2007-04-24,24.8,1.49,WorthPoint
gibeon-meteorite,"Meteorite GIBEON, 1908 G! Individual W. Great Shape! NR",635.88,2007-04-23,1908,0.33,WorthPoint
gibeon-meteorite,WOW! 40 Gram GIBEON Meteorite Etched Coin Like Disk,19.99,2007-04-21,40,0.5,WorthPoint
gibeon-meteorite,7 GIBEON Meteorites 47 Grams Of Cut And Eched Pieces,26,2007-04-21,7,3.71,WorthPoint
gibeon-meteorite,Silver Meteorite Ring,17.77,2007-04-21,,,WorthPoint
gibeon-meteorite,Gibeon Meteorite Slice NR!,10,2007-04-15,,,WorthPoint
gibeon-meteorite,Gibeon Meteorite Egg 113 Grams NR!,76.45,2007-04-15,113,0.68,WorthPoint
gibeon-meteorite,GIBEON Meteorite Etched Coin Disk,23,2007-04-14,,,WorthPoint
gibeon-meteorite,Gibeon Meteorite Egg NR!,41.01,2007-04-14,,,WorthPoint
gibeon-meteorite,Gibeon Meteorite Cabochon NR!,15.49,2007-04-14,,,WorthPoint
gibeon-meteorite,5 GIBEON Meteorites 71 Grams Of Cut And Etched Pieces,32.86,2007-04-14,5,6.57,WorthPoint
gibeon-meteorite,Gibeon Meteorite Sphere Rare Silicate Inclusion!!! NR,76,2007-04-14,,,WorthPoint
gibeon-meteorite,Gibeon Meteorite Slice With Hole 48 Grams NR!!!,20.5,2007-04-12,48,0.43,WorthPoint
gibeon-meteorite,6 GIBEON Meteorites 40 Grams Of Cut And Etched Pieces,22,2007-04-12,6,3.67,WorthPoint
gibeon-meteorite,GIBEON Meteorite 24.3 Gram Awesome Cut And Etched Piece,15,2007-04-12,24.3,0.62,WorthPoint
gibeon-meteorite,7 GIBEON Meteorites 66 Grams Of Cut And Etched Pieces,29.99,2007-04-10,7,4.28,WorthPoint
gibeon-meteorite,Gibeon Meteorite Round Slice With Hole NR!,15,2007-04-09,,,WorthPoint
gibeon-meteorite,Gibeon Meteorites Round Slice With Hole NR!,15,2007-04-09,,,WorthPoint
gibeon-meteorite,Gibeon Meteorite Square Slab 15.5g Specimen,20.55,2007-04-04,15.5,1.33,WorthPoint
gibeon-meteorite,"GIBEON METEORITE, 3.9 Kilograms (8.5 Pounds)",995,2007-04-04,,,WorthPoint
gibeon-meteorite,"GIBEON METEORITE, 1.1 Kilograms (2.5 Pounds)",305,2007-04-04,,,WorthPoint
gibeon-meteorite,10 GIBEON Meteorites 90 Grams Of Cut And Eched Pieces,56,2007-03-31,10,5.6,WorthPoint
gibeon-meteorite,WOW! 23 Gram GIBEON Meteorite Etched Coin Like Disk,26.99,2007-03-30,23,1.17,WorthPoint
gibeon-meteorite,3 GIBEON Meteorites 43.3 Grams Of Cut And Eched Pieces,17.51,2007-03-29,3,5.84,WorthPoint
gibeon-meteorite,MUONIONALUSTA Iron Meteorite Slice 121g,45.26,2007-03-28,121,0.37,WorthPoint
gibeon-meteorite,Gibeon Meteorite Ring,51.03,2007-03-28,,,WorthPoint
gibeon-meteorite,9 GIBEON Meteorites 82.5 Grams Of Cut And Eched Pieces,47.88,2007-03-27,9,5.32,WorthPoint
gibeon-meteorite,Gibeon Meteorite 46.7g Etched Slice. Fusion Crust #S8,46.7,2007-03-26,46.7,1,WorthPoint
gibeon-meteorite,Gibeon Meteorite Etched Slice! 255.4 Grams! WOW!,255,2007-03-26,255.4,1,WorthPoint
gibeon-meteorite,3 GIBEON Meteorites 44.4 Grams Of Cut And Eched Pieces,20.11,2007-03-25,3,6.7,WorthPoint
gibeon-meteorite,Gibeon Meteorite Slice With Graphite!,16,2007-03-24,,,WorthPoint
gibeon-meteorite,Gibeon Sliced End Cut With Fusion Crust!,32,2007-03-24,,,WorthPoint
gibeon-meteorite,Meteorite Silver Ring,15.01,2007-03-24,,,WorthPoint
gibeon-meteorite,Gibeon Meteorite Etched Slice! 108.3 Grams! WOW!,108,2007-03-23,108.3,1,WorthPoint
gibeon-meteorite,"360: Rare Gibeon Meteorite 1"" Shpere -africa",34,2007-03-21,,,WorthPoint
gibeon-meteorite,Gibeon Meteorite Etched Slice! 25.6 Grams! WOW!,45.99,2007-03-16,25.6,1.8,WorthPoint
gibeon-meteorite,MUONIONALUSTA Iron Meteorite Slice 96g,46,2007-03-14,96,0.48,WorthPoint
gibeon-meteorite,"Gibeon Meteorite- 24.4 Gram Etched, Polished Slice NR",24.69,2007-03-14,24.4,1.01,WorthPoint
gibeon-meteorite,GIBEON Meteorite 28 Grams Cut And Eched With No Rust,32.22,2007-03-11,28,1.15,WorthPoint
gibeon-meteorite,GIBEON Meteorite 50 Grams Cut And Eched With No Rust,22,2007-03-11,50,0.44,WorthPoint
gibeon-meteorite,9 GIBEON Meteorites 90.8 Grams Cut And Eched Pieces,43.25,2007-03-10,9,4.81,WorthPoint
gibeon-meteorite,GIBEON Meteorite BIG Etched Coin Disk,35,2007-03-10,,,WorthPoint
gibeon-meteorite,Gibeon Meteorite Etched Slice! 45.1 Grams! WOW!,33.89,2007-03-09,45.1,0.75,WorthPoint
gibeon-meteorite,GIBEON Meteorite 12.22 Gram Cut And Eched With No Rust,10.5,2007-03-07,12.22,0.86,WorthPoint
gibeon-meteorite,Gibeon Meteorite Etched Slice! 96.9 Grams! WOW!,97,2007-03-07,96.9,1,WorthPoint
gibeon-meteorite,GIBEON Meteorite 7.7 Grams Cut And Eched With No Rust,16.5,2007-03-05,7.7,2.14,WorthPoint
gibeon-meteorite,GIBEON METEORITE - Hard To Find Individual - RARE,15.5,2007-03-01,,,WorthPoint
gibeon-meteorite,GIBEON Meteorite 22.8 Grams Cut And Eched With No Rust,19.25,2007-02-28,22.8,0.84,WorthPoint
gibeon-meteorite,GIBEON Meteorite 36 Grams Cut And Eched With No Rust,21.71,2007-02-25,36,0.6,WorthPoint
gibeon-meteorite,MUONIONALUSTA Iron Meteorite Slice 46g,31.11,2007-02-24,46,0.68,WorthPoint
gibeon-meteorite,GIBEON Iron Meteorite/Silver Ring Size 11 1/2,27,2007-02-24,,,WorthPoint
gibeon-meteorite,GIBEON Meteorite 37.5 Gram Cut And Eched With No Rust,18.72,2007-02-19,37.5,0.5,WorthPoint
gibeon-meteorite,10 GIBEON Meteorites132 Grams Cut And Eched Pieces,78,2007-02-17,10,7.8,WorthPoint
gibeon-meteorite,Gibeon Meteorite Etched Slice! 48.7 Grams! WOW!,36,2007-02-16,48.7,0.74,WorthPoint
gibeon-meteorite,Gibeon Meteorite Etched Slice! 28.7 Grams! WOW!,39,2007-02-16,28.7,1.36,WorthPoint
gibeon-meteorite,Gibeon Meteorite Etched Slice! 38.9 Grams! WOW!,21.71,2007-02-16,38.9,0.56,WorthPoint
gibeon-meteorite,Very Nice 98 Gram Gibeon Meteorite !,76.01,2007-02-16,98,0.78,WorthPoint
gibeon-meteorite,Gibeon Meteorite Etched Slice! 77.2 Grams! WOW!,77,2007-02-13,77.2,1,WorthPoint
gibeon-meteorite,"16.5g Gibeon Meteorite Cut/ Etched, Multi-Face Polygon",33.99,2007-02-13,16.5,2.06,WorthPoint
gibeon-meteorite,Gibeon Meteorite Etched Slice! 173 Grams! WOW!,173,2007-02-13,173,1,WorthPoint
gibeon-meteorite,GIBEON Meteorite Etched Slice Crusty Top *2 Troilite*,30,2007-02-12,,,WorthPoint
gibeon-meteorite,Gibeon Meteorite Etched Widmanstatten Pattern 7 Grams,10.5,2007-02-12,7,1.5,WorthPoint
gibeon-meteorite,MUONIONALUSTA Iron Meteorite Endpiece 67g,59,2007-02-08,67,0.88,WorthPoint
gibeon-meteorite,"Gibeon Meteorite- 9.9 Gram Etched, Polished Slice NR",14.33,2007-02-07,9.9,1.45,WorthPoint
gibeon-meteorite,"25.0g Gibeon Meteorite Etched Slice, Nice Widmanstatten",25.48,2007-02-06,25,1.02,WorthPoint
gibeon-meteorite,Gibeon Meteorite Etched Widmanstatten Pattern 19 Grams,19.95,2007-02-06,19,1.05,WorthPoint
gibeon-meteorite,Gibeon Meteorite Etched Slice! 795 Grams! WOW!,635,2007-02-01,795,0.8,WorthPoint
gibeon-meteorite,GIBEON Meteorite Etched Sphere 14.5 G. 15 Mm,36,2007-01-27,14.5,2.48,WorthPoint
gibeon-meteorite,Meteorite Jewelry: Gibeon Pendant 134,22.49,2007-01-22,,,WorthPoint
gibeon-meteorite,Gibeon Meteorite 29mm Disk,25,2007-01-21,,,WorthPoint
gibeon-meteorite,Meteorite Jewelry: Gibeon Pendant 191,11.5,2007-01-01,,,WorthPoint
gibeon-meteorite,GIBEON Meteorite Etched Sphere With Troilite,42,2006-12-24,,,WorthPoint
gibeon-meteorite,"METEORITE Awesome Complete Slice Of Gibeon, IVA, 550g",625,2006-12-19,550,1.14,WorthPoint
gibeon-meteorite,GIBEON METEORITE - Hard To Find Individual,18.5,2006-12-14,,,WorthPoint
gibeon-meteorite,Meteorite Jewelry: Gibeon Pendant 188,14,2006-12-12,,,WorthPoint
gibeon-meteorite,Meteorite Jewelry: Gibeon Pendant 203,24,2006-12-12,,,WorthPoint
gibeon-meteorite,Meteorite Jewelry: Gibeon Pendant 193,16,2006-12-11,,,WorthPoint
gibeon-meteorite,Meteorite Jewelry: Gibeon Pendant 187,12,2006-12-11,,,WorthPoint
gibeon-meteorite,Meteorite Jewelry: Gibeon Earrings,28.23,2006-12-11,,,WorthPoint
gibeon-meteorite,Meteorites: Gibeon Meteorite 37 Grams,23.77,2006-12-11,37,0.64,WorthPoint
gibeon-meteorite,Gibeon Meteorite Sphere - 19mm,38.88,2006-12-11,,,WorthPoint
gibeon-meteorite,Gibeon Meteorite Pendant Earring Set,40,2006-12-08,,,WorthPoint
gibeon-meteorite,Etched Gibeon Meteorite Slice 167 Grams,76,2006-12-06,167,0.46,WorthPoint
gibeon-meteorite,"GIBEON Iron Meteorite Men's Watch, 29mm Diameter Dial",76,2006-12-04,,,WorthPoint
gibeon-meteorite,Meteorite Jewelry: Gibeon Pendant 199,15,2006-12-04,,,WorthPoint
gibeon-meteorite,Meteorite Jewelry: Gibeon Pendant 198,14,2006-12-04,,,WorthPoint
gibeon-meteorite,"GIBEON Iron Meteorite Women's Watch, 20mm Diameter Dial",49,2006-11-30,,,WorthPoint
gibeon-meteorite,88 Gram Unique Triangle Shaped Etched Gibeon Meteorite,93.85,2006-11-26,88,1.07,WorthPoint
gibeon-meteorite,56 Gram Etched Gibeon Meteorite,37,2006-11-26,56,0.66,WorthPoint
gibeon-meteorite,Meteorites- Gibeon Iron Meteorite 20g Etched Slice,32.1,2006-11-25,20,1.61,WorthPoint
gibeon-meteorite,GIBEON Meteorite Etched Disk,15,2006-11-25,,,WorthPoint
gibeon-meteorite,14 Gram Etched Gibeon Meteorite,12.49,2006-11-24,14,0.89,WorthPoint
gibeon-meteorite,Gibeon Meteorite Polished Slice! 74.7 Grams !,52.57,2006-11-24,74.7,0.7,WorthPoint
gibeon-meteorite,Gibeon Meteorite Etched Slice! 17.8 Grams! WOW!,16.27,2006-11-24,17.8,0.91,WorthPoint
gibeon-meteorite,Gibeon Meteorite Etched Slice! 35.8 Grams! WOW!,31.11,2006-11-24,35.8,0.87,WorthPoint
gibeon-meteorite,Gibeon Meteorite Etched Slice! 102.3 Grams! WOW!,72,2006-11-24,102.3,0.7,WorthPoint
gibeon-meteorite,Gibeon Meteorite Etched Slice! 175.5 Grams! WOW!,175,2006-11-24,175.5,1,WorthPoint
gibeon-meteorite,Gibeon Meteorite Etched Slice! 37.6 Grams !,28,2006-11-17,37.6,0.74,WorthPoint
gibeon-meteorite,Gibeon Meteorite Etched Slice! 31.7 Grams !,28,2006-11-17,31.7,0.88,WorthPoint
gibeon-meteorite,Gibeon Meteorite Etched Slice! 62.1 Grams !,53,2006-11-17,62.1,0.85,WorthPoint
gibeon-meteorite,Beautiful ETCHED Jewelry Bead Made Frm GIBEON METEORITE,23.25,2006-11-16,,,WorthPoint
gibeon-meteorite,WHOLE & COMPLETE Gibeon Meteorite Crystal Diamond Shape,11.5,2006-11-16,,,WorthPoint
gibeon-meteorite,GIBEON Meteorite Etched Square Slice,15,2006-11-15,,,WorthPoint
gibeon-meteorite,GIBEON Meteorite Etched Sphere 20.2 G. 17 Mm,50,2006-11-15,20.2,2.48,WorthPoint
gibeon-meteorite,GIBEON Meteorite Full Etched On Both Sides Thin Slice,100,2006-11-13,,,WorthPoint
gibeon-meteorite,Meteorites- Gibeon Iron Meteorite 29g Etched Slice,26,2006-11-11,29,0.9,WorthPoint
gibeon-meteorite,Gibeon Meteorite Etched Slice! 292.8 Grams! WOW!,203.49,2006-11-10,292.8,0.69,WorthPoint
gibeon-meteorite,Gibeon Meteorite Etched Slice! 30.7 Grams !,23.5,2006-11-09,30.7,0.77,WorthPoint
gibeon-meteorite,Gibeon Meteorite Etched Slice! 43.7 Grams !,33,2006-11-09,43.7,0.76,WorthPoint
gibeon-meteorite,Gibeon Meteorite Etched Slice! 108.5 Grams !,83.99,2006-11-09,108.5,0.77,WorthPoint
gibeon-meteorite,Gibeon Meteorite 4154 Grams (9.14 Lbs) IVA,1950,2006-11-06,4154,0.47,WorthPoint
gibeon-meteorite,Meteorites- Gibeon Iron Meteorite 28g Etched Slice,21.9,2006-11-04,28,0.78,WorthPoint
gibeon-meteorite,46 Gram Etched Gibeon Meteorite,20.5,2006-11-01,46,0.45,WorthPoint
