material_slug,title,price_usd,sale_date,weight_grams,price_per_gram,source
impact-spherules,"ALAMO, NEVADA, USA IMPACTITE, Impact Melt With Spherules, 288-grams, 10.2-oz.",34.95,2026-01-03,288,0.12,WorthPoint
impact-spherules,.149 Gram Micro Fragments NWA 1068 MARTIAN Shergottite Mars Meteorite With A COA,39.99,2025-12-29,149,0.27,WorthPoint
impact-spherules,Cretaceous-Tertiary (K/T) Boundary From France - Cretaceous/Paleogene Extinction,12.5,2025-12-21,,,WorthPoint
impact-spherules,NWA 13475 L5 Melt Breccia Chondrite Meteorite 21.3 Gram Slice,21.5,2025-12-20,21.3,1.01,WorthPoint
impact-spherules,"NWA 16520, Lunar (frag. Breccia), 5.56g, Meteorite Discounted, Buried Sample",100,2025-12-19,5.56,17.99,WorthPoint
impact-spherules,NWA 13475 L5 Melt Breccia Chondrite Meteorite 10.6 Gram Slice,10.51,2025-12-10,10.6,0.99,WorthPoint
impact-spherules,"NWA 16520, Lunar (frag. Breccia) 2.04g Meteorite Polished Face, Surface Sample",73,2025-12-09,2.04,35.78,WorthPoint
impact-spherules,"NWA 16520, Lunar (frag. Breccia) 2.06g Meteorite From Moon, Surface Collected",61,2025-12-03,2.06,29.61,WorthPoint
impact-spherules,"TWENTY DIFFERENT IMPACTITES From ALL OVER Weigh 866-grams, (One-lb., 14.5-oz.)",95,2025-12-03,866,0.11,WorthPoint
impact-spherules,"Twenty-one IMPACTITES From ALL OVER The WORLD, Weigh 467-grams (one-pound) Set 2",95,2025-11-24,467,0.2,WorthPoint
impact-spherules,"NWA 16520, Lunar (frag. Breccia), 1.5g, Meteorite Discounted, Buried Sample",18,2025-11-09,1.5,12,WorthPoint
impact-spherules,"Twenty-Eight IMPACTITE ROCKS From ALL OVER The WORLD, Weight Over One-Kilo ( 2#)",127.5,2025-11-09,,,WorthPoint
impact-spherules,"NWA 16520, Lunar (frag. Breccia) 4.3g Meteorite Polished Face, Surface Sample",154,2025-11-06,4.3,35.81,WorthPoint
impact-spherules,"Twenty-Eight, Two Kilos IMPACT ROCKS Best Ever Offered From ALL OVER The WORLD",200,2025-10-17,,,WorthPoint
impact-spherules,"NWA 16520, Lunar (frag. Breccia) 1.39g Meteorite From Moon, Surface Collected",41,2025-10-17,1.39,29.5,WorthPoint
impact-spherules,"NWA 16520, Lunar (frag. Breccia), 2.74g, Meteorite As Found, Buried Sample",65,2025-10-12,2.74,23.72,WorthPoint
impact-spherules,"NWA 16520, Lunar (frag. Breccia) 0.78g Meteorite From Moon, Surface Collected",24,2025-10-05,0.78,30.77,WorthPoint
impact-spherules,"NWA 16520, Lunar (frag. Breccia), 2.47g, Meteorite Polished Face, Buried Sample",75,2025-10-04,2.47,30.36,WorthPoint
impact-spherules,"NWA 16520, Lunar (frag. Breccia) 4.05g Lot Of 8 Meteorites , Surface Samples",120,2025-10-03,4.05,29.63,WorthPoint
impact-spherules,"NWA 16520, Lunar (frag. Breccia), 0.5g, Meteorite Polished Face, Buried Sample",18,2025-10-03,0.5,36,WorthPoint
impact-spherules,"NWA 16520, Lunar (frag. Breccia), 0.72g, Meteorite Special Note- Discounted",16,2025-10-03,0.72,22.22,WorthPoint
impact-spherules,"NWA 16520, Lunar (frag. Breccia), 0.8g, Meteorite Polished Face, Buried Sample",24,2025-09-30,0.8,30,WorthPoint
impact-spherules,"NWA 16520, Lunar (frag. Breccia), 2.26g, Meteorite Polished Face, Buried Sample",68,2025-09-20,2.26,30.09,WorthPoint
impact-spherules,"NWA 16520, Lunar (frag. Breccia), 0.53g, Meteorite Polished Face, Buried Sample",18,2025-09-05,0.53,33.96,WorthPoint
impact-spherules,.095 Grams Micros NWA 1068 Martian Shergottite Meteorite Fragments From Mars COA,9.99,2025-08-29,95,0.11,WorthPoint
impact-spherules,Barberton Greenstone Belt Rock Collection,295,2025-08-15,,,WorthPoint
impact-spherules,.047 Grams 3x3x2mm Fragment Of NWA 1068 MARTIAN SHERGOTTITE METEORITE From Mars,5.99,2025-04-23,47,0.13,WorthPoint
impact-spherules,#6 MOON LUNAR METEORITE - 36.00 Grams - Feldspathic Breccia - NWA 11828,900,2025-02-20,36,25,WorthPoint
impact-spherules,.037 Grams 4x2x2mm Fragment Of NWA 1068 MARTIAN SHERGOTTITE METEORITE From Mars,5.99,2024-12-12,37,0.16,WorthPoint
impact-spherules,Cosmogenic Silicide Spherules (Set Of 3),37500,2024-11-20,,,WorthPoint
impact-spherules,"Paperback: A Comet Strikes The Earth, Nininger, 1946, With Meteorite Specimen",70,2024-11-17,,,WorthPoint
impact-spherules,.036 Grams 4x3x2mm Fragment Of NWA 1068 MARTIAN SHERGOTTITE METEORITE From Mars,5.99,2024-10-18,36,0.17,WorthPoint
impact-spherules,.038 Grams 4x2x2mm Fragment Of NWA 1068 MARTIAN SHERGOTTITE METEORITE From Mars,5.49,2024-10-11,38,0.14,WorthPoint
impact-spherules,Asteroid Impact Libyan Desert Glass Ring Vintage Art Deco Period Sterling S 5.75,119.95,2024-09-06,,,WorthPoint
impact-spherules,#9 MOON LUNAR METEORITE - 37.99 Grams - Feldspathic Breccia - NWA 11828,850,2024-09-01,37.99,22.37,WorthPoint
impact-spherules,#4 MOON LUNAR METEORITE -38.80 Grams - Feldspathic Breccia - NWA 11828,850,2024-08-21,38.8,21.91,WorthPoint
impact-spherules,"Chicxulub ""Extinction Rock"" Asteroid Impact Beloc, Haiti Microslide",135,2024-05-08,,,WorthPoint
impact-spherules,0.679g MONTURAQUI IMPACTITE W/COA - CRATER FORMING EVENT - Atacama Desert Chile,15,2024-02-14,0.679,22.09,WorthPoint
impact-spherules,#55 LUNAR METEORITE NWA 11828 - 2.01 Gr - Feldspathic Breccia With FeNi Metal,50,2024-01-31,2.01,24.88,WorthPoint
impact-spherules,1.095g MONTURAQUI IMPACTITE W/COA - CRATER FORMING EVENT - Atacama Desert Chile,20,2024-01-28,1.095,18.26,WorthPoint
impact-spherules,#7 MOON LUNAR METEORITE - 33.66 Grams - Feldspathic Breccia - NWA 11828,700,2024-01-08,33.66,20.8,WorthPoint
impact-spherules,0.480g MONTURAQUI IMPACTITE W/COA - CRATER FORMING EVENT - Atacama Desert Chile,13,2024-01-07,0.48,27.08,WorthPoint
impact-spherules,"Rare Nwa 11220 Martian Black Beauty Meteorite Part Slice In Display Box, Xl!!!!!",269,2023-12-21,,,WorthPoint
impact-spherules,Cosmogenic Silicide Spherules (Set Of 4),42500,2023-11-10,,,WorthPoint
impact-spherules,Cosmogenic Silicide Spherule,6875,2023-11-10,,,WorthPoint
impact-spherules,"A Large, Oriented Sikhote-Alin Meteorite 722 Grams",6790,2023-10-20,722,9.4,WorthPoint
impact-spherules,"22 Different Asteroid And Comet IMPACTITES, 1.16-kilos, 2 1/2-lbs. Of Fine Rocks",48.89,2023-09-30,,,WorthPoint
impact-spherules,#61 MOON - Lunar Meteorite - 1.96 Grams - NWA 11828,50,2023-09-18,1.96,25.51,WorthPoint
impact-spherules,"Chicxulub ""Extinction Rock"" Asteroid Impact - Beloc, Haiti Microslide",125,2023-08-22,,,WorthPoint
impact-spherules,"Almahata Sitta, .75 Gram Slice, Meteorite. Ureilite-AN",435,2023-07-30,75,5.8,WorthPoint
impact-spherules,#72 - MOON Lunar Meteorite - 1.85 Grams - NWA 11828,48,2023-07-06,1.85,25.95,WorthPoint
impact-spherules,ALMAHATA SITTA - 1st Meteorite Tracked By NASA Observed Witnessed Fall 2008 .15g,150,2023-01-05,15,10,WorthPoint
impact-spherules,#40B2 MOON LUNAR METEORITE 45.74 G Feldspathic Breccia W/metal NWA 11828,1600,2022-12-29,45.74,34.98,WorthPoint
impact-spherules,#79 GIVE THEM THE MOON - Lunar Meteorite - 1.14 Grams - NWA 11828,39.9,2022-12-15,79,0.51,WorthPoint
impact-spherules,#62 GIVE THEM THE MOON - Lunar Meteorite - 2.36 Grams - NWA 11828,82.6,2022-12-11,62,1.33,WorthPoint
impact-spherules,0.710g MONTURAQUI IMPACTITE W/COA - CRATER FORMING EVENT - Atacama Desert Chile,27,2022-11-18,0.71,38.03,WorthPoint
impact-spherules,#5 MOON LUNAR METEORITE - 58.98 Gr - Feldspathic Breccia - NWA 11828,2100,2022-10-30,58.98,35.61,WorthPoint
impact-spherules,"SLICE Rubielos De La Cérida, Spain IMPACT BRECCIA Impactite 56-gram (2.0-oz.)",19.95,2022-08-11,56,0.36,WorthPoint
impact-spherules,#53 MOON LUNAR METEORITE - 2.40 Grams - Feldspathic Breccia - NWA 11828,95,2022-07-30,2.4,39.58,WorthPoint
impact-spherules,#8 MOON LUNAR METEORITE - 27.93 Grams - Feldspathic Breccia - NWA 11828,1150,2022-05-11,27.93,41.17,WorthPoint
impact-spherules,0.739g MONTURAQUI IMPACTITE W/COA - CRATER FORMING EVENT - Atacama Desert Chile,39,2022-04-15,0.739,52.77,WorthPoint
impact-spherules,#51 MOON LUNAR METEORITE - 1.52 Grams - Feldspathic Breccia - NWA 11828,76,2022-04-12,1.52,50,WorthPoint
impact-spherules,#81 MOON LUNAR METEORITE - 1.21 Grams - Feldspathic Breccia - NWA 11828,32,2022-04-11,1.21,26.45,WorthPoint
impact-spherules,#52 MOON LUNAR METEORITE - 1.67 Grams - Feldspathic Breccia - NWA 11828,83.5,2022-04-11,1.67,50,WorthPoint
impact-spherules,#80 MOON LUNAR METEORITE - 1.14 Grams - Feldspathic Breccia - NWA 11828,50,2022-04-04,1.14,43.86,WorthPoint
impact-spherules,"Rubielos De La Cérida, Spain IMPACT MELT BRECCIA Impactite 72-gram (2.6-oz.)",26,2022-04-01,72,0.36,WorthPoint
impact-spherules,0.632 Gram - ALAMAHATA SITTA METEORITE - Fell Oct 2008 In SUDAN- Ex Schooler,880,2022-03-18,0.632,1392.41,WorthPoint
impact-spherules,"MARS! NWA 13366, 2.9g Martian Meteorite. End Cut, Polished",398.58,2022-03-14,2.9,137.44,WorthPoint
impact-spherules,"MARS! NWA 13366, 2.3g Martian Meteorite. End Cut, Polished",306.99,2022-03-07,2.3,133.47,WorthPoint
impact-spherules,"ALAMO, NEVADA IMPACTITE 454-gr. (1#) Impact Melt Slice With Sphericlal Lapllii",66.95,2022-02-06,454,0.15,WorthPoint
impact-spherules,#17 MOON - METEORITE - 11.70 Grams - Lunar Feldspathic Breccia - NWA 11828,468,2021-11-08,11.7,40,WorthPoint
impact-spherules,#3 MOON - METEORITE - 56.34 Grams - Lunar Feldspathic Breccia - NWA 11828,2500,2021-10-26,56.34,44.37,WorthPoint
impact-spherules,#13 MOON - METEORITE - 13.39 Grams - Lunar Feldspathic Breccia - NWA 11828,600,2021-10-20,13.39,44.81,WorthPoint
impact-spherules,#19 MOON - METEORITE - 14.86 Grams - Lunar Feldspathic Breccia - NWA 11828,625,2021-10-03,14.86,42.06,WorthPoint
impact-spherules,#39 MOON - METEORITE - 55.50 Grams - Lunar Feldspathic Breccia - NWA 11828,2500,2021-09-23,55.5,45.05,WorthPoint
impact-spherules,"NEW RARE!! NWA 11828 LUNAR, Feldspathic Regolith Breccia, Piece, 6.84 Grams",341.99,2021-09-20,6.84,50,WorthPoint
impact-spherules,#30 MOON - METEORITE - 4.74 Grams - Lunar Feldspathic Breccia - NWA 11828,237,2021-08-27,4.74,50,WorthPoint
impact-spherules,#34 MOON - METEORITE - 5.64 Grams - Lunar Feldspathic Breccia - NWA 11828,282,2021-08-19,5.64,50,WorthPoint
impact-spherules,#21 MOON - METEORITE - 7.97 Grams - Lunar Feldspathic Breccia - NWA 11828,399,2021-08-16,7.97,50.06,WorthPoint
impact-spherules,#26 MOON - METEORITE - 5.35 Grams - Lunar Feldspathic Breccia - NWA 11828,268,2021-07-27,5.35,50.09,WorthPoint
impact-spherules,#31 MOON - METEORITE - 3.88 Grams - Lunar Feldspathic Breccia - NWA 11828,194,2021-07-27,3.88,50,WorthPoint
impact-spherules,#33 MOON - METEORITE - 4.49 Grams - Lunar Feldspathic Breccia - NWA 11828,225,2021-07-23,4.49,50.11,WorthPoint
impact-spherules,#35 MOON - METEORITE - 2.72 Grams - Lunar Feldspathic Breccia - NWA 11828,136,2021-06-30,2.72,50,WorthPoint
impact-spherules,#23 MOON - METEORITE - 5.89 Grams - Lunar Feldspathic Breccia - NWA 11828,295,2021-06-18,5.89,50.08,WorthPoint
impact-spherules,#38 MOON - METEORITE - 3.51 Grams - Lunar Feldspathic Breccia - NWA 11828,176,2021-06-12,3.51,50.14,WorthPoint
impact-spherules,#24 MOON - METEORITE - 6.29 Grams - Lunar Feldspathic Breccia - NWA 11828,300,2021-06-01,6.29,47.69,WorthPoint
impact-spherules,#37 MOON - METEORITE - 1.01 Grams - Lunar Feldspathic Breccia - NWA 11828,50,2021-05-19,1.01,49.5,WorthPoint
impact-spherules,#11 - MOON - METEORITE - 17.51 Grams - Lunar Feldspathic Breccia - NWA 11828,775,2021-05-19,17.51,44.26,WorthPoint
impact-spherules,#22 MOON - METEORITE - 8.86 Grams - Lunar Feldspathic Breccia - NWA 11828,443,2021-04-24,8.86,50,WorthPoint
impact-spherules,#14 - MOON - METEORITE - 11.89 Grams - Lunar Feldspathic Breccia - NWA 11828,594.5,2021-04-19,11.89,50,WorthPoint
impact-spherules,#01-A MOON METEORITE - 30.45 Grams - Lunar Feldspathic Breccia - NWA 11828,1750,2021-04-12,30.45,57.47,WorthPoint
impact-spherules,#01-B MOON METEORITE - 25.57 Grams - Lunar Feldspathic Breccia - NWA 11828,1500,2021-04-12,25.57,58.66,WorthPoint
impact-spherules,#16 MOON - METEORITE - 14.79 Grams - Lunar Feldspathic Breccia - NWA 11828,739.5,2021-04-06,14.79,50,WorthPoint
impact-spherules,#36 MOON - METEORITE - 3.92 Grams - Lunar Feldspathic Breccia - NWA 11828,196,2021-04-02,3.92,50,WorthPoint
impact-spherules,#51 MOON - METEORITE - 7.40 Grams - Lunar Feldspathic Breccia - NWA 11828,350,2021-03-22,7.4,47.3,WorthPoint
impact-spherules,.101 Grams 6x5x3mm NWA 11828 Lunar (feldsp. Breccia) Moon Meteorite Individual,13,2021-03-20,101,0.13,WorthPoint
impact-spherules,.238 Grams 7x6x4mm NWA 11828 Lunar (feldsp. Breccia) Moon Meteorite Individual,21,2021-03-09,238,0.09,WorthPoint
impact-spherules,#18 MOON - METEORITE - 6.98 Grams - Lunar Feldspathic Breccia - NWA 11828,349,2021-03-08,6.98,50,WorthPoint
impact-spherules,#15 METEORITE - 15.40 Gram Individual - Lunar Feldspathic Breccia - NWA 11828,770,2021-02-24,15.4,50,WorthPoint
impact-spherules,#47 MOON - METEORITE - 4.29 Grams - Lunar Feldspathic Breccia - NWA 11828,195,2021-02-17,4.29,45.45,WorthPoint
impact-spherules,"NWA 13367, 7.44 G, Polished Slice Of Martian Lherzolitic Shergottite Meteorite",740,2021-02-13,7.44,99.46,WorthPoint
impact-spherules,#50 - MOON - METEORITE - 4.45 Grams - Lunar Feldspathic Breccia - NWA 11828,195,2021-02-08,4.45,43.82,WorthPoint
impact-spherules,#25 MOON - METEORITE - GEM - 5.27 Grams Lunar Feldspathic Breccia - NWA 11828,263.5,2021-01-31,5.27,50,WorthPoint
impact-spherules,#27 MOON - METEORITE - 7.60 Grams - Lunar Feldspathic Breccia - NWA 11828,380,2021-01-24,7.6,50,WorthPoint
impact-spherules,#32 MOON - METEORITE - 5.54 Grams - Lunar Feldspathic Breccia - NWA 11828,277,2021-01-05,5.54,50,WorthPoint
impact-spherules,#53 - MOON - METEORITE - 4.45 Grams - Lunar Feldspathic Breccia - NWA 11828,190,2021-01-05,4.45,42.7,WorthPoint
impact-spherules,#15 MOON - METEORITE - 15.40 Grams - Lunar Feldspathic Breccia - NWA 11828,770,2021-01-03,15.4,50,WorthPoint
impact-spherules,MOON - METEORITE - 2.20 Grams - Lunar Feldspathic Breccia - NWA 11828 - #45,96,2020-12-19,2.2,43.64,WorthPoint
impact-spherules,MOON - METEORITE - 2.02 Grams - Lunar Feldspathic Breccia - NWA 11828 - #43,63,2020-12-19,2.02,31.19,WorthPoint
impact-spherules,MOON - METEORITE - 2.81 Grams - Lunar Feldspathic Breccia - NWA 11828 - #42,99,2020-12-19,2.81,35.23,WorthPoint
impact-spherules,MOON - METEORITE - 0.88 Grams - Lunar Feldspathic Breccia - NWA 11828 - #44,45,2020-12-19,0.88,51.14,WorthPoint
impact-spherules,MOON - METEORITE - 3.25 Grams - Lunar Feldspathic Breccia - NWA 11828 - #52,150,2020-12-17,3.25,46.15,WorthPoint
impact-spherules,MOON - METEORITE - 1.02 Grams - Lunar Feldspathic Breccia - NWA 11828 - #46,49,2020-12-17,1.02,48.04,WorthPoint
impact-spherules,MOON - METEORITE - 1.73 Grams - Lunar Feldspathic Breccia - NWA 11828 - #48,60,2020-12-13,1.73,34.68,WorthPoint
impact-spherules,MOON - METEORITE - 20.63grams - Lunar Feldspathic Breccia - NWA 11828 - #10,1031.5,2020-11-17,20.63,50,WorthPoint
impact-spherules,MOON ROCK - METEORITE - 8 Gram - Lunar Feldspathic Breccia - NWA 11828,240,2020-08-22,8,30,WorthPoint
impact-spherules,METEORITE - 8 Gram Individual As Found - Lunar Feldspathic Breccia - NWA 11828,240,2020-08-12,8,30,WorthPoint
impact-spherules,Meteorite Canyon Diablo Authentic Crater Dust 135 G,25,2020-03-02,135,0.19,WorthPoint
impact-spherules,"Libyan Desert Glass, Pendant, Tektite, Signed **free Shipping**",100,2020-01-21,,,WorthPoint
impact-spherules,1.25g Slice Of Almahata Sitta 181 Meteorite. CB. First Tracked Fall. 52g TKW.,936,2019-12-21,1.25,748.8,WorthPoint
impact-spherules,.057 Grams 4x3x3mm Fragment Of NWA 1068 MARTIAN SHERGOTTITE METEORITE From Mars,16.15,2019-09-07,57,0.28,WorthPoint
impact-spherules,Official NASA Apollo 11 Photo Numbered Moon Lunar Surface Vtg 1969 Original Rare,49.95,2019-09-05,,,WorthPoint
impact-spherules,.088 Grams 5x5x3mm Fragment Of NWA 1068 MARTIAN SHERGOTTITE METEORITE From Mars,22.8,2019-09-02,88,0.26,WorthPoint
impact-spherules,.090 Grams 4x4x4mm Fragment Of NWA 1068 MARTIAN SHERGOTTITE METEORITE From Mars,25,2019-08-28,90,0.28,WorthPoint
impact-spherules,.048 Grams 5x3x3mm Fragment Of NWA 1068 MARTIAN SHERGOTTITE METEORITE From Mars,16,2019-08-26,48,0.33,WorthPoint
impact-spherules,.044 Grams 5x3x2mm Fragment Of NWA 1068 MARTIAN SHERGOTTITE METEORITE From Mars,15,2019-08-26,44,0.34,WorthPoint
impact-spherules,K-Pg Boundary With Microtektites Beloc Haiti Microslide,89.46,2019-08-18,,,WorthPoint
impact-spherules,Meteorite Impact Sand From Canyon Diablo Barringer Meteor Crater Unsifted 100g,15.5,2019-08-02,100,0.16,WorthPoint
impact-spherules,"Dr. Paul W. Gast, Chief Of Planetary Sciences: Important Folio Of Electron Microscopy Photos Of Apollo 11 Lunar Samples + 150 NASA Photos",1170,2019-07-27,,,WorthPoint
impact-spherules,.031 Very Small Fragment Of NWA 1068 MARTIAN SHERGOTTITE METEORITE From Mars,25,2018-10-26,,,WorthPoint
impact-spherules,.038 Very Small Fragment Of NWA 1068 MARTIAN SHERGOTTITE METEORITE From Mars,25,2018-10-26,,,WorthPoint
impact-spherules,.036 Very Small Fragment Of NWA 1068 MARTIAN SHERGOTTITE METEORITE From Mars,25,2018-10-08,,,WorthPoint
impact-spherules,.023 Very Small Fragment Of NWA 1068 MARTIAN SHERGOTTITE METEORITE From Mars,10,2017-12-29,,,WorthPoint
impact-spherules,.024 Very Small Fragment Of NWA 1068 MARTIAN SHERGOTTITE METEORITE From Mars,20.5,2017-12-17,,,WorthPoint
impact-spherules,.063 Very Small Fragment Of NWA 1068 MARTIAN SHERGOTTITE METEORITE From Mars,23,2017-12-12,,,WorthPoint
impact-spherules,"NWA 11220 ""Black Beauty"" Martian Basaltic Breccia TKW 36.6 G - Micro Specimen",30,2017-12-11,36.6,0.82,WorthPoint
impact-spherules,.039 Nice Small Fragment Of NWA 1068 MARTIAN SHERGOTTITE METEORITE From Mars,22,2017-11-25,,,WorthPoint
impact-spherules,.029 Nice Small Fragment Of NWA 1068 MARTIAN SHERGOTTITE METEORITE From Mars,13.99,2017-11-25,,,WorthPoint
impact-spherules,.031 Nice Small Fragment Of NWA 1068 MARTIAN SHERGOTTITE METEORITE From Mars,14.99,2017-11-20,,,WorthPoint
impact-spherules,Meteorite NWA 1068 Achondrite Martian Shergottite - 1068-0004 - 0.29g Fragment,43.95,2017-10-05,0.29,151.55,WorthPoint
impact-spherules,Almahata Sitta Ureilite Meteorite TC3 Rare,12,2017-06-06,,,WorthPoint
impact-spherules,Northwest Africa 1068 Martian Meteorite,225,2017-06-03,,,WorthPoint
impact-spherules,RARELY SEEN .93 Gram ALMAHATA SITTA METEORITE Crusted Full Slice/2008 Sudan Fall,399,2017-03-08,93,4.29,WorthPoint
impact-spherules,Everett Gibson Kathie Thomas-Keprta DAVID MCKAY AUTOGRAPHS NASA SCIENTISTS MARS,26.86,2017-01-07,,,WorthPoint
impact-spherules,NEA 001 Lunar Moon Meteorite Card #5 Print #41 From Adam Hupe Collection,100,2016-12-23,,,WorthPoint
impact-spherules,"Dar Al Gani 262 Lunar Moon Meteorite Feldspathic Breccia, Capsule Fragment",98,2016-06-19,,,WorthPoint
impact-spherules,ALMAHATA SITTA .560g Meteorite-2008TC3-1st Meteorite Seen From Space-IMCA 1633!,136.5,2016-02-01,560,0.24,WorthPoint
impact-spherules,Canyon Diablo Spherules From Meteor Crater Impactor!,10,2015-12-19,,,WorthPoint
impact-spherules,ALMAHATA SITTA Meteorite-2008TC3-1st Meteorite Seen From Space-IMCA 1633!,10.45,2015-10-06,,,WorthPoint
impact-spherules,.246 Grams NWA 1068 Martian Fragment (basaltic Shergottite) Mars Meteorite,76.81,2014-11-26,246,0.31,WorthPoint
impact-spherules,.035 Grams NWA 1068 Martian Fragment (basaltic Shergottite) Mars Meteorite,20.51,2014-11-26,35,0.59,WorthPoint
impact-spherules,.040 Grams NWA 1068 Martian Fragment (basaltic Shergottite) Mars Meteorite,17.5,2014-11-26,40,0.44,WorthPoint
impact-spherules,.032 Grams NWA 1068 Martian Fragment (basaltic Shergottite) Mars Meteorite,10.5,2014-11-26,32,0.33,WorthPoint
impact-spherules,.046 Grams NWA 1068 Martian Fragment (basaltic Shergottite) Mars Meteorite,25,2014-11-26,46,0.54,WorthPoint
impact-spherules,.257 Grams NWA 1068 Martian Fragment (basaltic Shergottite) Mars Meteorite,47.99,2014-11-23,257,0.19,WorthPoint
impact-spherules,.078 Grams NWA 1068 Martian Fragment (basaltic Shergottite) Mars Meteorite,24.99,2014-11-23,78,0.32,WorthPoint
impact-spherules,.033 Grams NWA 1068 Martian Fragment (basaltic Shergottite) Mars Meteorite,14,2014-11-19,33,0.42,WorthPoint
impact-spherules,.093 Grams NWA 1068 Martian Fragment (basaltic Shergottite) Mars Meteorite,33,2014-11-16,93,0.35,WorthPoint
impact-spherules,Czech Moldavite Green Meteorite Tektite Pendant -- MT932,41.95,2014-03-05,,,WorthPoint
impact-spherules,Czech Moldavite Green Meteorite Tektite Pendant -- MT928,37.95,2014-03-03,,,WorthPoint
impact-spherules,Czech Moldavite Green Meteorite Tektite Pendant -- MT930,41.95,2014-02-07,,,WorthPoint
impact-spherules,Czech Moldavite Green Meteorite Tektite Pendant -- MT933,41.95,2014-02-06,,,WorthPoint
impact-spherules,Czech Moldavite Green Meteorite Tektite Pendant -- MT929,39.95,2013-12-19,,,WorthPoint
impact-spherules,Czech Moldavite Green Meteorite Tektite Pendant -- MT934,43.95,2013-12-01,,,WorthPoint
impact-spherules,NWA 1068 Martian Shergottite Meteorite - 0.17 Grams,57.02,2013-10-27,0.17,335.41,WorthPoint
impact-spherules,NEA 001 LUNAR IMB .64 Mg W/ Case And COA IMCA Metorite,23.53,2013-10-22,,,WorthPoint
impact-spherules,Czech Moldavite Green Meteorite Tektite Pendant -- MT906,37.95,2013-08-28,,,WorthPoint
impact-spherules,Czech Moldavite Green Meteorite Tektite Pendant -- MT865,36.95,2013-08-22,,,WorthPoint
impact-spherules,Czech Moldavite Green Meteorite Tektite Pendant -- MT892,35.95,2013-07-14,,,WorthPoint
impact-spherules,Czech Moldavite Green Meteorite Tektite Pendant -- MT873,32.95,2013-07-07,,,WorthPoint
impact-spherules,Czech Moldavite Green Meteorite Tektite Pendant -- MT837,35.95,2013-07-04,,,WorthPoint
impact-spherules,Meteorite Related - Bristol Impact Layer From The United Kingdom,34.02,2013-06-30,,,WorthPoint
impact-spherules,Czech Moldavite Green Meteorite Tektite Pendant -- MT839,39.95,2013-06-19,,,WorthPoint
impact-spherules,Czech Moldavite Green Meteorite Tektite Pendant -- MT875,35.95,2013-06-18,,,WorthPoint
impact-spherules,Czech Moldavite Green Meteorite Tektite Pendant -- MT858,36.95,2013-05-19,,,WorthPoint
impact-spherules,Czech Moldavite Green Meteorite Tektite Pendant -- MT867,35.95,2013-05-05,,,WorthPoint
impact-spherules,Czech Moldavite Green Meteorite Tektite Pendant -- MT862,35.95,2013-04-25,,,WorthPoint
impact-spherules,Czech Moldavite Green Meteorite Tektite Pendant -- MT804,36.95,2013-04-22,,,WorthPoint
impact-spherules,Czech Moldavite Green Meteorite Tektite Pendant -- MT878,32.95,2013-04-19,,,WorthPoint
impact-spherules,Czech Moldavite Green Meteorite Tektite Pendant -- MT869,33.95,2013-04-17,,,WorthPoint
impact-spherules,Czech Moldavite Green Meteorite Tektite Pendant -- MT830,35.95,2013-04-11,,,WorthPoint
impact-spherules,Czech Moldavite Green Meteorite Tektite Pendant -- MT868,36.95,2013-04-11,,,WorthPoint
impact-spherules,Czech Moldavite Green Meteorite Tektite Pendant -- MT908,37.95,2013-04-11,,,WorthPoint
impact-spherules,Czech Moldavite Green Meteorite Tektite Pendant -- MT909,37.95,2013-04-11,,,WorthPoint
impact-spherules,Czech Moldavite Green Meteorite Tektite Pendant -- MT888,36.95,2013-04-11,,,WorthPoint
impact-spherules,Czech Moldavite Green Meteorite Tektite Pendant -- MT898,36.95,2013-04-09,,,WorthPoint
impact-spherules,Impact Melt Rock From Azuara / Rubielos De La Cerida Multiple Impact Structure,29.99,2013-04-04,,,WorthPoint
impact-spherules,Czech Moldavite Green Meteorite Tektite Pendant -- MT835,19.95,2013-03-24,,,WorthPoint
impact-spherules,Czech Moldavite Green Meteorite Tektite Pendant -- MT848,36.95,2013-03-23,,,WorthPoint
impact-spherules,Czech Moldavite Green Meteorite Tektite Pendant -- MT877,35.95,2013-03-01,,,WorthPoint
impact-spherules,Czech Moldavite Green Meteorite Tektite Pendant -- MT870,35.95,2013-02-21,,,WorthPoint
impact-spherules,Czech Moldavite Green Meteorite Tektite Pendant -- MT863,35.95,2013-02-19,,,WorthPoint
impact-spherules,"LARGE METEORITE IMPACTS III, Kenkmann, Hörz, And Deutsch, Editors",14,2013-02-04,,,WorthPoint
impact-spherules,Czech Moldavite Green Meteorite Tektite Pendant -- MT872,35.95,2013-02-04,,,WorthPoint
impact-spherules,Czech Moldavite Green Meteorite Tektite Pendant -- MT806,33.95,2013-02-02,,,WorthPoint
impact-spherules,Czech Moldavite Green Meteorite Tektite Pendant -- MT887,36.95,2013-01-29,,,WorthPoint
impact-spherules,Czech Moldavite Green Meteorite Tektite Pendant -- MT803,36.95,2013-01-25,,,WorthPoint
impact-spherules,Czech Moldavite Green Meteorite Tektite Pendant -- MT891,36.95,2013-01-24,,,WorthPoint
impact-spherules,Czech Moldavite Green Meteorite Tektite Pendant -- MT903,37.95,2013-01-24,,,WorthPoint
impact-spherules,Czech Moldavite Green Meteorite Tektite Pendant -- MT828,35.95,2013-01-23,,,WorthPoint
impact-spherules,Czech Moldavite Green Meteorite Tektite Pendant -- MT833,35.95,2013-01-23,,,WorthPoint
impact-spherules,Czech Moldavite Green Meteorite Tektite Pendant -- MT829,35.95,2013-01-23,,,WorthPoint
impact-spherules,Czech Moldavite Green Meteorite Tektite Pendant -- MT831,35.95,2013-01-23,,,WorthPoint
impact-spherules,Czech Moldavite Green Meteorite Tektite Pendant -- MT886,36.95,2013-01-23,,,WorthPoint
impact-spherules,Czech Moldavite Green Meteorite Tektite Pendant -- MT844,34.95,2013-01-21,,,WorthPoint
impact-spherules,Czech Moldavite Green Meteorite Tektite Pendant -- MT826,35.95,2013-01-21,,,WorthPoint
impact-spherules,Czech Moldavite Green Meteorite Tektite Pendant -- MT854,34.95,2013-01-18,,,WorthPoint
impact-spherules,Czech Moldavite Green Meteorite Tektite Pendant -- MT846,31.95,2012-12-26,,,WorthPoint
impact-spherules,Czech Moldavite Green Meteorite Tektite Pendant -- MT832,35.95,2012-12-24,,,WorthPoint
impact-spherules,Czech Moldavite Green Meteorite Tektite Pendant -- MT840,29.95,2012-12-21,,,WorthPoint
impact-spherules,Czech Moldavite Green Meteorite Tektite Pendant -- MT820,36.95,2012-12-19,,,WorthPoint
impact-spherules,Czech Moldavite Green Meteorite Tektite Pendant -- MT841,31.95,2012-12-17,,,WorthPoint
impact-spherules,"Moon Rock Display - Genuine Lunar Meteorite Fragment, Out Of This World Gift",39,2012-12-16,,,WorthPoint
impact-spherules,Czech Moldavite Green Meteorite Tektite Pendant -- MT789,32.95,2012-12-15,,,WorthPoint
impact-spherules,Czech Moldavite Green Meteorite Tektite Pendant -- MT859,35.95,2012-12-13,,,WorthPoint
impact-spherules,Czech Moldavite Green Meteorite Tektite Pendant -- MT823,36.95,2012-12-10,,,WorthPoint
impact-spherules,Czech Moldavite Green Meteorite Tektite Pendant -- MT864,35.95,2012-12-06,,,WorthPoint
impact-spherules,Czech Moldavite Green Meteorite Tektite Pendant -- MT825,35.95,2012-11-26,,,WorthPoint
impact-spherules,Czech Moldavite Green Meteorite Tektite Pendant -- MT827,35.95,2012-11-26,,,WorthPoint
impact-spherules,Czech Moldavite Green Meteorite Tektite Pendant -- MT851,37.95,2012-11-26,,,WorthPoint
impact-spherules,Czech Moldavite Green Meteorite Tektite Pendant -- MT821,35.95,2012-11-23,,,WorthPoint
impact-spherules,Czech Moldavite Green Meteorite Tektite Pendant -- MT807,34.95,2012-11-13,,,WorthPoint
impact-spherules,DHO 490 Moon / Lunar Meteorite - Ultra Low TKW 34.05g - Rare 6mg Lunaite,28.64,2012-09-06,34.05,0.84,WorthPoint
impact-spherules,Czech Moldavite Green Meteorite Tektite Pendant -- MT876,37.95,2012-08-31,,,WorthPoint
impact-spherules,NEA 001 Lunar Meteorite - Huge 42mg Specimen From Hupe Collection.,16.6,2012-08-26,,,WorthPoint
impact-spherules,"Irghizite 2 - Zhamanshin Crater, Kazakhstan 16 X 10 Mm",23.18,2012-07-09,,,WorthPoint
impact-spherules,Czech Moldavite Green Meteorite Tektite Pendant - MT759,37.95,2012-06-24,,,WorthPoint
impact-spherules,Irghizite 4 - Rare Impact Glass Zhamanshin Crater,23.63,2012-05-21,,,WorthPoint
impact-spherules,"Almahata Sitta Meteorite - Asteroid 2008 TC3 , Super Rare Ureilite-an",60,2012-04-19,,,WorthPoint
impact-spherules,New Copy Large Meteorite Impacts III,22.63,2012-04-08,,,WorthPoint
impact-spherules,"Almahata Sitta Meteorite - Asteroid 2008 TC3 , Sudan ~ Ureilite-an , Rare !",39.2,2012-03-18,,,WorthPoint
impact-spherules,Czech Moldavite Green Meteorite Tektite Pendant - MT756,45.95,2012-01-04,,,WorthPoint
impact-spherules,Czech Moldavite Green Meteorite Tektite Pendant - MT755,59,2012-01-04,,,WorthPoint
impact-spherules,Czech Moldavite Green Meteorite Tektite Pendant - MT781,37.95,2012-01-03,,,WorthPoint
impact-spherules,Czech Moldavite Green Meteorite Tektite Pendant - MT773,38.95,2012-01-03,,,WorthPoint
impact-spherules,Czech Moldavite Green Meteorite Tektite Pendant - MT769,38.95,2011-12-19,,,WorthPoint
impact-spherules,Czech Moldavite Green Meteorite Tektite Pendant - MT779,45.95,2011-12-14,,,WorthPoint
impact-spherules,"METEORITE- Lunar Impact Melt - NEA 001, Lunar, Sudan- 52 Milligram",60,2011-12-09,,,WorthPoint
impact-spherules,Czech Moldavite Green Meteorite Tektite Pendant - MT772,35.95,2011-12-06,,,WorthPoint
impact-spherules,"METEORITE- Fragmental Breccia - DHOFAR 081 - Lunar From Oman, 82 Milligram",139,2011-12-03,,,WorthPoint
impact-spherules,Bristol Spherule Layer 29g - Manicouagan Impact Microtektites,38.45,2011-11-06,29,1.33,WorthPoint
impact-spherules,"B.J.F. New Libyan Desert Glass, 23.3 Grams",7.09,2011-11-03,23.3,0.3,WorthPoint
impact-spherules,"B.J.F. New Libyan Desert Glass, 17.2 Grams",9.77,2011-10-31,17.2,0.57,WorthPoint
impact-spherules,"B.J.F. New Libyan Desert Glass, 12.4 Grams",11.15,2011-10-21,12.4,0.9,WorthPoint
impact-spherules,Czech Moldavite Green Meteorite Tektite Pendant - MT733,32.95,2011-08-01,,,WorthPoint
impact-spherules,Czech Moldavite Green Meteorite Tektite Pendant - MT741,31.95,2011-07-11,,,WorthPoint
impact-spherules,Czech Moldavite Green Meteorite Tektite Pendant - MT742,29.95,2011-06-19,,,WorthPoint
impact-spherules,Czech Moldavite Green Meteorite Tektite Pendant - MT732,31.95,2011-06-19,,,WorthPoint
impact-spherules,Czech Moldavite Green Meteorite Tektite Pendant - MT735,31.95,2011-06-19,,,WorthPoint
impact-spherules,Czech Moldavite Green Meteorite Tektite Pendant - MT743,31.95,2011-06-19,,,WorthPoint
impact-spherules,Czech Moldavite Green Meteorite Tektite Pendant - MT736,31.95,2011-06-19,,,WorthPoint
impact-spherules,Czech Moldavite Green Meteorite Tektite Pendant - MT740,31.95,2011-06-19,,,WorthPoint
impact-spherules,Czech Moldavite Green Meteorite Tektite Pendant - MT737,31.95,2011-06-19,,,WorthPoint
impact-spherules,Czech Moldavite Green Meteorite Tektite Pendant - MT744,31.95,2011-06-19,,,WorthPoint
impact-spherules,Czech Moldavite Green Meteorite Tektite Pendant - MT739,31.95,2011-06-19,,,WorthPoint
impact-spherules,Czech Moldavite Green Meteorite Tektite Pendant - MT738,31.95,2011-06-14,,,WorthPoint
impact-spherules,Czech Moldavite Green Meteorite Tektite Pendant - MT734,31.95,2011-05-11,,,WorthPoint
impact-spherules,Czech Moldavite Green Meteorite Tektite Pendant - MT730,31.95,2011-05-08,,,WorthPoint
impact-spherules,Czech Moldavite Green Meteorite Tektite Pendant - MT729,31.95,2011-04-24,,,WorthPoint
impact-spherules,Czech Moldavite Green Meteorite Tektite Pendant - MT728,31.95,2011-04-19,,,WorthPoint
impact-spherules,Impact Melt Rock Rubielos De La Cerida Meteorite Crater,33,2011-03-31,,,WorthPoint
impact-spherules,"Meteorite NWA 3347, Chondritic Breccia, L3-5",15.5,2011-03-20,,,WorthPoint
impact-spherules,"Meteorite NWA, LL Chondrite, Breccia",17.01,2011-03-13,,,WorthPoint
impact-spherules,"Meteorite NWA 5074, Chondrite LL6, Dark-veined Breccia",98,2011-03-07,,,WorthPoint
impact-spherules,"Meteorite NWA 4207, Chondritic Breccia L3-6",18.5,2011-03-06,,,WorthPoint
impact-spherules,"Meteorite NWA 5078, Chondritic Breccia, LL4-6",21.5,2011-03-06,,,WorthPoint
impact-spherules,"Monturaqui Impactite, Atacama Meteorite Crater, 17.8g",29.99,2011-02-23,17.8,1.68,WorthPoint
impact-spherules,Czech Moldavite Green Meteorite Tektite Pendant - MT720,29.95,2010-11-04,,,WorthPoint
impact-spherules,Czech Moldavite Green Meteorite Tektite Pendant - MT719,27.95,2010-10-28,,,WorthPoint
impact-spherules,Czech Moldavite Green Meteorite Tektite Pendant - MT710,30.95,2010-08-10,,,WorthPoint
impact-spherules,65-MY Old MICRO-TEKTITES In A Microscope Well Slide,20.45,2010-07-06,,,WorthPoint
impact-spherules,K/t Boundary Material Granulates Stevens Klint/denmark,12,2010-06-29,,,WorthPoint
impact-spherules,Czech Moldavite Green Meteorite Tektite Pendant - MT711,30.95,2010-05-07,,,WorthPoint
impact-spherules,NEW! LUNAR Meteorite Dhofar 1442 (prop. Name) 2.12g Sl,1249.99,2008-09-05,2.12,589.62,WorthPoint
impact-spherules,NEW! LUNAR Meteorite Dhofar 1442 (prop. Name) 4.96g Sl,2499.99,2008-09-04,4.96,504.03,WorthPoint
impact-spherules,A+++BIG 4+Inch RARE OUTER SPACE TEKTITE METEORITE China,34.95,2008-07-27,,,WorthPoint
impact-spherules,"METEORITE Lunar Impact Melt, NEA 001, 6mg Specimen",55,2008-01-01,,,WorthPoint
impact-spherules,*** Meteorite Dhofar 081 (ALUN-A) - 0.075g***,44.36,2007-11-16,0.075,591.47,WorthPoint
impact-spherules,*** Meteorite Dhofar 081 (ALUN-A) - 0.052g***,26.52,2007-11-13,0.052,510,WorthPoint
impact-spherules,*** Meteorite Northeast Africa 001 (Lunar) 0.020g ***,13.51,2007-10-18,0.02,675.5,WorthPoint
impact-spherules,Lunar Meteorite-huge 27.7g End-cut Nea 001!beauty!!!,11000,2007-10-06,27.7,397.11,WorthPoint
impact-spherules,MARTIAN BLUEBERRIES! Set Of TEN Earth Analogs,43.8,2007-02-08,,,WorthPoint
