material_slug,title,price_usd,sale_date,weight_grams,price_per_gram,source
indochinite-tektite,15g Tektite Meteorite Natural Stone Cosmic Energy Protection Lucky Charm,24.98,2026-01-19,15,1.67,WorthPoint
indochinite-tektite,Indochinite Tektite,84,2026-01-15,,,WorthPoint
indochinite-tektite,Tektite Indochinite Space Rock Impactite Meteorite Impact Stone Gems 144 Gm Lot,45,2026-01-04,144,0.31,WorthPoint
indochinite-tektite,"Moldavite 3.0 Grams, Indochinite 1.36grams,Libyan 3.9 Grams Copper Pendant",150,2025-12-29,3,50,WorthPoint
indochinite-tektite,"18.5g Natural Indochinite Tektite Space Rock Impact Glass, 2 Pcs.",14,2025-12-28,18.5,0.76,WorthPoint
indochinite-tektite,"""r365-10) 1-1/2"""" Fulgurite Lightning Strike Beach Sand Glass Georgia Fulgurites""",15.99,2025-12-20,,,WorthPoint
indochinite-tektite,"""cool Concavity : Indochina Tektite ("""" Indochinite""""); Awesome Formation, China""",10,2025-12-20,,,WorthPoint
indochinite-tektite,Tektite From THAILAND 52 Grams Thailandite - Domed Disc Shape,7.16,2025-12-19,52,0.14,WorthPoint
indochinite-tektite,310g LOT INDONESIAN INDOCHINITE TEKTITES LAVA Meteorite STONE TEKTITE,55,2025-12-13,310,0.18,WorthPoint
indochinite-tektite,Tektite From THAILAND 9.2 Grams Thailandite From The Dirk Ross Collection ANDA??,13.2,2025-12-10,9.2,1.43,WorthPoint
indochinite-tektite,"""""""tooth-like """" Indochina Tektite ("""" Indochinite""""); Awesome Formation, China""",7,2025-12-07,,,WorthPoint
indochinite-tektite,TEKTITE METEORITE PIECE METEOR STONE SPACE ROCK ASTEROID INDOCHINITE SHARD 5g,7.95,2025-12-06,5,1.59,WorthPoint
indochinite-tektite,Tektite Meteorite Large Impact Fragment Piece Big Space Rock Asteroid Specimen,22.95,2025-12-05,,,WorthPoint
indochinite-tektite,"TWENTY DIFFERENT IMPACTITES From ALL OVER Weigh 866-grams, (One-lb., 14.5-oz.)",95,2025-12-03,866,0.11,WorthPoint
indochinite-tektite,"""(r365-56) 1-3/4"""" Fulgurite Lightning Strike Beach Sand Glass Georgia Fulgurites""",16.49,2025-11-29,,,WorthPoint
indochinite-tektite,Western Australia Indochinites Meteorites Tektites .5 Oz,12.99,2025-11-27,141.75,0.09,WorthPoint
indochinite-tektite,"Philippinite Tektite 43.14g Subtly Grooved Biscuit, Made By Meteorite Impactite",33,2025-11-26,43.14,0.76,WorthPoint
indochinite-tektite,Indochinite Tektite From China- 7.2 Gram- Australasian Impact- TA10,12,2025-11-25,7.2,1.67,WorthPoint
indochinite-tektite,"Moldavite 3.9 Grams, Indochinite 3.5 Grams & Libyan 4.5 Grams Pendant & Necklace",160,2025-11-22,3.9,41.03,WorthPoint
indochinite-tektite,INDOCHINITE TEKTITE Meteorite Impact Impactite Nodule Gemstone GUANGDONG CHINA,19.99,2025-11-20,,,WorthPoint
indochinite-tektite,Tektite Var. Indochinite / China / Mineral Specimen,11.99,2025-11-15,,,WorthPoint
indochinite-tektite,"24.9g Natural Indochinite Tektite Space Rock Impact Glass Specimen, 1 Pc.",15,2025-11-09,24.9,0.6,WorthPoint
indochinite-tektite,"Tektite - Indochinite From Thailand, 6.3 Grams",15,2025-11-05,6.3,2.38,WorthPoint
indochinite-tektite,Indochinite Tektite Meteorite Impact Glass Formations,15.95,2025-11-04,,,WorthPoint
indochinite-tektite,"""(r365-55) 1-3/4"""" Fulgurite Lightning Strike Beach Sand Glass Georgia Fulgurites""",16.49,2025-10-26,,,WorthPoint
indochinite-tektite,69.60 Gram - Large TEKTITE (METEORITE / Indochinite) Specimen - From Thailand,39,2025-10-16,69.6,0.56,WorthPoint
indochinite-tektite,Combined Listing Nine Items,1200,2025-10-07,,,WorthPoint
indochinite-tektite,18.13 Gram - Small TEKTITE (METEORITE / Indochinite) Specimen - From Thailand,9.99,2025-10-05,18.13,0.55,WorthPoint
indochinite-tektite,84.72 Gram - Large TEKTITE (METEORITE / Indochinite) Specimen - From Thailand,40,2025-10-05,84.72,0.47,WorthPoint
indochinite-tektite,"""(R399-17-1) 4"""" Fossil Fulgurite Petrified Lightning Strike Beach Sand Glass GA""",26.99,2025-09-30,,,WorthPoint
indochinite-tektite,50g+ Indochinite Tektite Meteorite Impact Glass Formations,20.95,2025-09-29,50,0.42,WorthPoint
indochinite-tektite,110.24 Gram - Large TEKTITE (METEORITE / Indochinite) Specimen - From Thailand,50,2025-09-18,110.24,0.45,WorthPoint
indochinite-tektite,102.00 Gram - Large TEKTITE (METEORITE / Indochinite) Specimen - From Thailand,55,2025-09-18,102,0.54,WorthPoint
indochinite-tektite,106.76 Gram - Large TEKTITE (METEORITE / Indochinite) Specimen - From Thailand,50,2025-09-18,106.76,0.47,WorthPoint
indochinite-tektite,Udon Thani Thailand TEKTITE Meteorite Impactite Indochinite,18,2025-09-02,,,WorthPoint
indochinite-tektite,"""r365-13) 1-1/2"""" Fulgurite Lightning Strike Beach Sand Glass Georgia Fulgurites""",15.99,2025-08-31,,,WorthPoint
indochinite-tektite,"""r365-11) 1-1/2"""" Fulgurite Lightning Strike Beach Sand Glass Georgia Fulgurites""",15.99,2025-08-31,,,WorthPoint
indochinite-tektite,Indochinite Tektite ~ Meteorite Impact ~ 54 Gram ~ Perfect Dumbbell Shape ~ 70mm,165,2025-08-30,54,3.06,WorthPoint
indochinite-tektite,ONE LB. (451-gr.) FOURTEEN Different IMPACTITES From ALL OVER The WORLD,45,2025-08-27,451,0.1,WorthPoint
indochinite-tektite,38.4g Indochinite Tektite Tear Drop Rain Drop Impactite Meteorite Crystal Gem,22,2025-08-16,38.4,0.57,WorthPoint
indochinite-tektite,"""elliptical Shaped Indochina Tektite ("""" Indochinite""""); Awesome Formation""",7.95,2025-08-14,,,WorthPoint
indochinite-tektite,52.27 Gram - Large TEKTITE (METEORITE / Indochinite) Specimen - From Thailand,30,2025-08-13,52.27,0.57,WorthPoint
indochinite-tektite,Indochinite Tektite Spiral Space Rock Impact 32 Gram,19.99,2025-08-10,32,0.62,WorthPoint
indochinite-tektite,"""(r364-118) 1-1/8"""" Fulgurite Lightning Strike Beach Sand Glass Georgia Fulgurites""",14.99,2025-08-03,,,WorthPoint
indochinite-tektite,Indochinite Tektite LARGE Dumbbell Shaped From Vietnam 125 Grams,70,2025-07-31,125,0.56,WorthPoint
indochinite-tektite,"""r365-1) 1-1/2"""" Fulgurite Lightning Strike Beach Sand Glass Georgia Fulgurites""",15.99,2025-07-27,,,WorthPoint
indochinite-tektite,"""(r365-34) 1-3/4"""" Fulgurite Lightning Strike Beach Sand Glass Georgia Fulgurites""",16.49,2025-07-24,,,WorthPoint
indochinite-tektite,Indochinite Tektite Meteorite Impact Glass Formations Lot Thailand 58.51 Grams,28.26,2025-07-20,58.51,0.48,WorthPoint
indochinite-tektite,"""(r365-41) 1-3/4"""" Fulgurite Lightning Strike Beach Sand Glass Georgia Fulgurites""",16.49,2025-07-15,,,WorthPoint
indochinite-tektite,"""(r365-53) 1-3/4"""" Fulgurite Lightning Strike Beach Sand Glass Georgia Fulgurites""",16.49,2025-07-14,,,WorthPoint
indochinite-tektite,Indochinite Tektite Skin Splits & Starburst Rays Guangdong China 109.5 Grams,49,2025-07-13,109.5,0.45,WorthPoint
indochinite-tektite,Group Of 10 Indochinite Tektite Meteorite Specimens Weighs 327 Grams,19.99,2025-07-09,327,0.06,WorthPoint
indochinite-tektite,"""(r365-42) 1-3/4"""" Fulgurite Lightning Strike Beach Sand Glass Georgia Fulgurites""",16.49,2025-06-27,,,WorthPoint
indochinite-tektite,"76g Natural Indochinite Tektite Space Rock Impact Glass Specimen, 2 Pcs.",30,2025-06-26,76,0.39,WorthPoint
indochinite-tektite,"87.5g Natural Indochinite Tektite Space Rock Impact Glass Specimen, 7 Pcs.",32,2025-06-26,87.5,0.37,WorthPoint
indochinite-tektite,Indochinite Tektite From China- 5.1 Gram- Translucent- Australasian Impact- TA11,9,2025-06-26,5.1,1.76,WorthPoint
indochinite-tektite,"""r365-3) 1-1/2"""" Fulgurite Lightning Strike Beach Sand Glass Georgia Fulgurites""",15.99,2025-06-25,,,WorthPoint
indochinite-tektite,"""(r365-54) 1-3/4"""" Fulgurite Lightning Strike Beach Sand Glass Georgia Fulgurites""",16.49,2025-06-24,,,WorthPoint
indochinite-tektite,Indochinite Tektites ~ Meteorite Impact ~ Found In Thailand ~ 82 Gram & 65 Gram,25,2025-06-14,82,0.3,WorthPoint
indochinite-tektite,LARGER! Super Symmetrical TEKTITE Or Indochinite 100% Natural China 56.3gr,14.99,2025-06-08,56.3,0.27,WorthPoint
indochinite-tektite,"""(r365-36) 1-3/4"""" Fulgurite Lightning Strike Beach Sand Glass Georgia Fulgurites""",16.49,2025-06-03,,,WorthPoint
indochinite-tektite,Indochinite -- Tektite Glass - 10g - (Root Chakra Cintamani) #TK5.,14.99,2025-06-01,10,1.5,WorthPoint
indochinite-tektite,Indochinite Tektite With Bubble Blister Guangdong China 65.4 Grams,30,2025-06-01,65.4,0.46,WorthPoint
indochinite-tektite,Indochinite Tektite With Bubble Blister Guangdong China 77.5 Grams,30,2025-06-01,77.5,0.39,WorthPoint
indochinite-tektite,Indochinite Tektite Lot Of Six 174 Grams,70,2025-05-26,174,0.4,WorthPoint
indochinite-tektite,"""(r366-22) 2-1/8"""" Fulgurite Lightning Strike Beach Sand Glass Georgia Fulgurites""",18.99,2025-05-25,,,WorthPoint
indochinite-tektite,"""(r365-48) 1-3/4"""" Fulgurite Lightning Strike Beach Sand Glass Georgia Fulgurites""",16.49,2025-05-25,,,WorthPoint
indochinite-tektite,"""(r365-35) 1-3/4"""" Fulgurite Lightning Strike Beach Sand Glass Georgia Fulgurites""",16.49,2025-05-25,,,WorthPoint
indochinite-tektite,"""(r365-50) 1-3/4"""" Fulgurite Lightning Strike Beach Sand Glass Georgia Fulgurites""",16.49,2025-05-25,,,WorthPoint
indochinite-tektite,TEKTITE METEORITE LARGE IMPACT FRAGMENT PIECE SPACE ROCK ASTEROID SPECIMEN 40g,22.95,2025-05-23,40,0.57,WorthPoint
indochinite-tektite,"""(r364-117) 1-1/8"""" Fulgurite Lightning Strike Beach Sand Glass Georgia Fulgurites""",14.99,2025-05-19,,,WorthPoint
indochinite-tektite,"""r365-6) 1-1/2"""" Fulgurite Lightning Strike Beach Sand Glass Georgia Fulgurites""",15.99,2025-05-06,,,WorthPoint
indochinite-tektite,"""(r364-113) 1-1/8"""" Fulgurite Lightning Strike Beach Sand Glass Georgia Fulgurites""",14.99,2025-05-05,,,WorthPoint
indochinite-tektite,Super Symmetrical! TEKTITE 100% Natural From China 52.6gr,14.99,2025-05-03,52.6,0.28,WorthPoint
indochinite-tektite,"""2 3/4"""" Dumbbell Shaped Indochina Tektite ("""" Indochinite""""); Awesome Formation""",8.95,2025-04-22,,,WorthPoint
indochinite-tektite,Udon Thani Thailand Indochinite Tektite Meteorite Impactite,18,2025-04-13,,,WorthPoint
indochinite-tektite,Super Symmetrical TEKTITE 100% Natural From China 30.1gr,9.99,2025-04-11,30.1,0.33,WorthPoint
indochinite-tektite,"Tektites In Rare Shapes, Super Quality",79,2025-04-09,,,WorthPoint
indochinite-tektite,"""(r365-45) 1-3/4"""" Fulgurite Lightning Strike Beach Sand Glass Georgia Fulgurites""",16.49,2025-04-09,,,WorthPoint
indochinite-tektite,Large Indochinite Tektite 236 Grams,150,2025-04-04,236,0.64,WorthPoint
indochinite-tektite,Indochinite -- Tektite Glass - 4g - (Root Chakra Cintamani) #TK13.,10.49,2025-04-02,4,2.62,WorthPoint
indochinite-tektite,Super Symmetrical TEKTITE 100% Natural From China 57.7gr,13.99,2025-04-02,57.7,0.24,WorthPoint
indochinite-tektite,Super Symmetrical TEKTITE 100% Natural From China 72.4gr,15.99,2025-03-25,72.4,0.22,WorthPoint
indochinite-tektite,Larger! Symmetrical TEKTITE 100% Natural China 61.9gr,14.99,2025-03-25,61.9,0.24,WorthPoint
indochinite-tektite,"""(R399-17-4) 4"""" Fossil Fulgurite Petrified Lightning Strike Beach Sand Glass GA""",26.99,2025-03-24,,,WorthPoint
indochinite-tektite,Large Tektite Indochinite Meteorite Impactite Glass Stone 64 Grams A32,25,2025-03-18,64,0.39,WorthPoint
indochinite-tektite,Larger! Super Symmetrical TEKTITE 100% Natural China 66.7gr,13.99,2025-03-14,66.7,0.21,WorthPoint
indochinite-tektite,Super Symmetrical TEKTITE 100% Natural From China 60.2gr,14.99,2025-03-12,60.2,0.25,WorthPoint
indochinite-tektite,Super Symmetrical TEKTITE 100% Natural From China 38.5gr,11.99,2025-03-11,38.5,0.31,WorthPoint
indochinite-tektite,"Two Huge Tektites, Indochinites, Asteroid Impactite",59,2025-03-07,,,WorthPoint
indochinite-tektite,Indochinite Tektite (Meteorite Related) ~ 51.488 Grams ~ A Curious Oddity!,295,2025-03-05,51.488,5.73,WorthPoint
indochinite-tektite,"""(r365-44) 1-3/4"""" Fulgurite Lightning Strike Beach Sand Glass Georgia Fulgurites""",16.49,2025-03-04,,,WorthPoint
indochinite-tektite,"""(r365-37) 1-3/4"""" Fulgurite Lightning Strike Beach Sand Glass Georgia Fulgurites""",16.49,2025-03-03,,,WorthPoint
indochinite-tektite,Indochinite Tektite From China- 3.5 Gram- Australasian Impact- TA5,6,2025-02-24,3.5,1.71,WorthPoint
indochinite-tektite,"3 Indochinite Tektite, China- 6.5 Grams Translucent- Australasian Impact- TA6",10,2025-02-24,6.5,1.54,WorthPoint
indochinite-tektite,"""r365-32-6) 1-1/2"""" Fulgurite Lightning Strike Beach Sand Glass Georgia Fulgurites""",15.99,2025-02-21,,,WorthPoint
indochinite-tektite,10g Tektite Indochinite Tear Drop Meteorite Impact Specimen,15,2025-02-20,10,1.5,WorthPoint
indochinite-tektite,Indochinite Tektite From China- 3.6 Gram- Translucent- Australasian Impact- TA1,5,2025-02-19,3.6,1.39,WorthPoint
indochinite-tektite,Tektite 50.1g (1.8oz) Meteorite Impact Indochinite + Black Kyanite Fan 19g,22,2025-02-14,50.1,0.44,WorthPoint
indochinite-tektite,Lot Of THREE! TEKTITES Or Indochinites 100% Natural China 67.0gr,15.99,2025-02-10,67,0.24,WorthPoint
indochinite-tektite,Larger! TEKTITE Or Indochinite 100% Natural From China 73.0gr,19.99,2025-02-10,73,0.27,WorthPoint
indochinite-tektite,"""(r362-50) 4 Piece Set 1/2-1-1/8"""" Fulgurites Lightning Strike Beach Sand Glass GA""",22.99,2025-02-08,,,WorthPoint
indochinite-tektite,"""(r364-132) 1-1/8"""" Fulgurite Lightning Strike Beach Sand Glass Georgia Fulgurites""",14.99,2025-01-22,,,WorthPoint
indochinite-tektite,"""r365-4) 1-1/2"""" Fulgurite Lightning Strike Beach Sand Glass Georgia Fulgurites""",15.99,2025-01-22,,,WorthPoint
indochinite-tektite,"""r365-8) 1-1/2"""" Fulgurite Lightning Strike Beach Sand Glass Georgia Fulgurites""",15.99,2025-01-22,,,WorthPoint
indochinite-tektite,"""2 5/8 """" Tear Drop Indochina Tektite ("""" Indochinite""""); Awesome Formation""",9.95,2025-01-13,,,WorthPoint
indochinite-tektite,"""r365-2) 1-1/2"""" Fulgurite Lightning Strike Beach Sand Glass Georgia Fulgurites""",15.99,2025-01-11,,,WorthPoint
indochinite-tektite,Indochinite,169,2025-01-02,,,WorthPoint
indochinite-tektite,"""(r364-138) 1-1/8"""" Fulgurite Lightning Strike Beach Sand Glass Georgia Fulgurites""",14.99,2024-12-19,,,WorthPoint
indochinite-tektite,"Philippinite Tektite 136.14g Deeply Grooved Biscuit, By Meteorite Impact",69,2024-12-14,136.14,0.51,WorthPoint
indochinite-tektite,"""r365-32-4) 1-1/2"""" Fulgurite Lightning Strike Beach Sand Glass Georgia Fulgurites""",15.99,2024-12-12,,,WorthPoint
indochinite-tektite,"""500 G Lot- """"SPLASH FORM"""" TEKTITE - METEORITE - Darryl Futrell Collection - Lot 5""",55,2024-12-07,500,0.11,WorthPoint
indochinite-tektite,USA SALE SEE VIDEO 73g LOT INDONESIAN INDOCHINITE TEKTITES LAVA STONE TEKTITE,34,2024-11-25,73,0.47,WorthPoint
indochinite-tektite,"""disc Shaped Indochina Tektite ("""" Indochinite""""); Cool Formation: See Photos!""",8.99,2024-11-17,,,WorthPoint
indochinite-tektite,"""tear Drop Indochina Tektite ("""" Indochinite""""); Awesome Formation: See Photos!""",7.99,2024-11-17,,,WorthPoint
indochinite-tektite,50.9 Gram - SPLASH FORM TEKTITE - METEORITE - Darryl Futrell Collection,12.5,2024-11-11,50.9,0.25,WorthPoint
indochinite-tektite,28.3 Gram - SPLASH FORM TEKTITE - METEORITE - Darryl Futrell Collection,7,2024-11-11,28.3,0.25,WorthPoint
indochinite-tektite,"""Tektites From Thailand 3/4""""""",8.99,2024-11-08,,,WorthPoint
indochinite-tektite,Indochinite Tektite From China- 5.7 Gram- Translucent- Australasian Impact- TA4,10,2024-11-08,5.7,1.75,WorthPoint
indochinite-tektite,Tektite Indochinite Necklace 20.1g Meteorite Impact Glass Natural Gemstone,24,2024-11-07,20.1,1.19,WorthPoint
indochinite-tektite,"""(r364-134) 1-1/8"""" Fulgurite Lightning Strike Beach Sand Glass Georgia Fulgurites""",14.99,2024-11-05,,,WorthPoint
indochinite-tektite,"""(r365-23) 1-1/2"""" Fulgurite Lightning Strike Beach Sand Glass Georgia Fulgurites""",15.99,2024-11-02,,,WorthPoint
indochinite-tektite,Tektite Indochinite 15.3g Necklace Meteorite Impact Glass Gemstone,20,2024-11-01,15.3,1.31,WorthPoint
indochinite-tektite,"17.7g Tektite Var. Indochinite / Quy Chau, Vietnam / Meteorite Impact Specimen",9.99,2024-11-01,17.7,0.56,WorthPoint
indochinite-tektite,Super Symmetrical TEARDROP TEKTITE 100% Natural China 32.9gr,19.99,2024-10-24,32.9,0.61,WorthPoint
indochinite-tektite,Super Symmetrical TEKTITE 100% Natural From China 72.3gr,18.99,2024-10-23,72.3,0.26,WorthPoint
indochinite-tektite,Larger! Super Symmetrical TEKTITE 100% Natural From China 58.4gr,17.99,2024-10-17,58.4,0.31,WorthPoint
indochinite-tektite,"""(r366-24) 2-1/8"""" Fulgurite Lightning Strike Beach Sand Dune Glass GA Fulgurites""",18.99,2024-10-10,,,WorthPoint
indochinite-tektite,"""tear Drop Indochina Tektite ("""" Indochinite""""); Cool Formation: See Photos!""",11,2024-10-06,,,WorthPoint
indochinite-tektite,"""awesome Indochina Tektite ("""" Indochinite""""); Dumb Bell Formation: See Photos!""",10.5,2024-10-06,,,WorthPoint
indochinite-tektite,"10.8g Natural Indochinite Tektite Space Rock Impact Glass, 2 Pcs.",7.99,2024-09-29,10.8,0.74,WorthPoint
indochinite-tektite,Larger! Super Symmetrical TEKTITE 100% Natural China 77.7gr,24.99,2024-09-25,77.7,0.32,WorthPoint
indochinite-tektite,Big Lot Of TEKTITES Or Indochinites 100% Natural China 159gr,24.99,2024-09-25,159,0.16,WorthPoint
indochinite-tektite,Lot Of THREE! TEKTITES Or Indochinites 100% Natural China 103gr,16.99,2024-09-22,103,0.16,WorthPoint
indochinite-tektite,"(r363-19) 2 Fulgurites 1-1/8"" Lightning Strike Beach Sand Dune Glass Georgia",18.99,2024-09-17,,,WorthPoint
indochinite-tektite,"(r364-112) 1-1/8"" Fulgurite Lightning Strike Beach Sand Glass Georgia Fulgurites",14.99,2024-08-24,,,WorthPoint
indochinite-tektite,Larger! TEKTITE Or Indochinite 100% Natural From China 42.2gr,17.99,2024-08-08,42.2,0.43,WorthPoint
indochinite-tektite,Larger! Super Symmetrical TEKTITE 100% Natural China 62.8gr,18.99,2024-08-08,62.8,0.3,WorthPoint
indochinite-tektite,"(r364-29) 2 Fulgurites 1-5/8"" Lightning Strike Beach Sand Glass Georgia Set",22.99,2024-07-29,,,WorthPoint
indochinite-tektite,"(r365-24) 1-1/2"" Fulgurite Lightning Strike Beach Sand Glass Georgia Fulgurites",15.99,2024-07-29,,,WorthPoint
indochinite-tektite,Teardrop Shaped TEKTITE Or Indochinite 100% Natural China 37.9gr,11.99,2024-07-13,37.9,0.32,WorthPoint
indochinite-tektite,Glassy Meteorite Tektite -51.1 Grams- # Ll Cambodia,22,2024-07-08,51.1,0.43,WorthPoint
indochinite-tektite,Tektite Indochinite Dumbell Barbell 68 Grams,75,2024-07-08,68,1.1,WorthPoint
indochinite-tektite,"(r365-22) 1-1/2"" Fulgurite Lightning Strike Beach Sand Glass Georgia Fulgurites",15.99,2024-07-06,,,WorthPoint
indochinite-tektite,Teardrop Collectible Indochinite Tektite Meteorite,899.99,2024-07-05,,,WorthPoint
indochinite-tektite,"(r365-18) 1-1/2"" Fulgurite Lightning Strike Beach Sand Glass Georgia Fulgurites",15.99,2024-06-08,,,WorthPoint
indochinite-tektite,Lot Of FOUR! Bubble TEKTITES Or Indochinites 100% Natural China 125gr,19.99,2024-06-08,125,0.16,WorthPoint
indochinite-tektite,Lot Of THREE! Bubble TEKTITES Or Indochinites 100% Natural China 118gr,19.99,2024-06-08,118,0.17,WorthPoint
indochinite-tektite,"(r364-114) 1-1/8"" Fulgurite Lightning Strike Beach Sand Glass Georgia Fulgurites",14.99,2024-05-26,,,WorthPoint
indochinite-tektite,Indochinite Tektite Meteorite Impact Glass Formations 79.35 Grams,39.75,2024-05-24,79.35,0.5,WorthPoint
indochinite-tektite,"(r365-43) 1-3/4"" Fulgurite Lightning Strike Beach Sand Glass Georgia Fulgurites",16.49,2024-05-09,,,WorthPoint
indochinite-tektite,Tektite Glass From A Space Meteor Impact China Minerals,7.99,2024-05-07,,,WorthPoint
indochinite-tektite,"(r365-17) 1-1/2"" Fulgurite Lightning Strike Beach Sand Glass Georgia Fulgurites",15.99,2024-05-06,,,WorthPoint
indochinite-tektite,"Cool Indochina Tektite ("" Indochinite""); Rare Two-sided Formtion: See Photos!",5.99,2024-04-30,,,WorthPoint
indochinite-tektite,"R362-51) 4 Piece Set 1/2 1-1/8"" Fulgurites Lightning Strike Beach Sand Glass GA",22.99,2024-04-29,,,WorthPoint
indochinite-tektite,Philippinite Tektite From Philippines Rizalite Copper PENDANT Handcrafted S17,39,2024-04-21,,,WorthPoint
indochinite-tektite,Indochinite Tektite (Bicolite),79,2024-04-11,,,WorthPoint
indochinite-tektite,45.7 Gram - SPLASH FORM TEKTITE - METEORITE - Darryl Futrell Collection,20.7,2024-04-06,45.7,0.45,WorthPoint
indochinite-tektite,"(r364-130) 1-1/8"" Fulgurite Lightning Strike Beach Sand Glass Georgia Fulgurites",14.99,2024-04-04,,,WorthPoint
indochinite-tektite,Tektite Var. Indochinite / 47.51 Gram Mineral Specimen / From China,27.6,2024-04-03,47.51,0.58,WorthPoint
indochinite-tektite,Large Tektite Indochinite Meteorite Impactite Glass Stone 99 Grams A16,40,2024-03-27,99,0.4,WorthPoint
indochinite-tektite,"(r363-20) 2 Fulgurites 1-1/8"" Lightning Strike Beach Sand Glass Georgia Set",18.99,2024-03-27,,,WorthPoint
indochinite-tektite,"(r364-109) 1-1/8"" Fulgurite Lightning Strike Beach Sand Glass Georgia Fulgurites",14.99,2024-03-27,,,WorthPoint
indochinite-tektite,27.40 Gram - SPLASH FORM TEKTITE - METEORITE - Darryl Futrell Collection,11.9,2024-03-26,27.4,0.43,WorthPoint
indochinite-tektite,"R365-32-2) 1-1/2"" Fulgurite Lightning Strike Beach Sand Glass Georgia Fulgurites",15.99,2024-03-25,,,WorthPoint
indochinite-tektite,31.10 Gram - SPLASH FORM TEKTITE - METEORITE - Darryl Futrell Collection,12.71,2024-03-24,31.1,0.41,WorthPoint
indochinite-tektite,"(r363-14) 2 Fulgurites 1-5/8"" Lightning Strike Beach Sand Glass Georgia Set",18.99,2024-03-22,,,WorthPoint
indochinite-tektite,"31.13 Grams Vietnam Veit Nam Tektite ""Patty Form"" Shaped From Meteorite Impact",6.49,2024-03-16,31.13,0.21,WorthPoint
indochinite-tektite,33.51 Gram - SPLASH FORM TEKTITE - METEORITE - Darryl Futrell Collection,14.02,2024-03-16,33.51,0.42,WorthPoint
indochinite-tektite,Bubble Shaped TEKTITE 100% Natural From China 40.1gr,16.99,2024-03-13,40.1,0.42,WorthPoint
indochinite-tektite,Great Deal! Low Price! Great Shape! Incredible Indochinite Tektite! 93.1 Gms,74.25,2024-03-08,93.1,0.8,WorthPoint
indochinite-tektite,20.46 Gram - SPLASH FORM TEKTITE - METEORITE - Darryl Futrell Collection,10,2024-03-08,20.46,0.49,WorthPoint
indochinite-tektite,30.3 Gram - SPLASH FORM TEKTITE - METEORITE - Darryl Futrell Collection,14.4,2024-03-06,30.3,0.48,WorthPoint
indochinite-tektite,Super Symmetrical TEKTITE 100% Natural From China 39.7gr,18.99,2024-03-05,39.7,0.48,WorthPoint
indochinite-tektite,Super Symmetrical TEKTITE 100% Natural From China 41.7gr,17.99,2024-03-05,41.7,0.43,WorthPoint
indochinite-tektite,"Cool Indochina Tektite ("" Indochinite"") Pendant On Silk Cord",6.95,2024-02-28,,,WorthPoint
indochinite-tektite,33.1 Gram - SPLASH FORM TEKTITE - METEORITE - Darryl Futrell Collection,16,2024-02-27,33.1,0.48,WorthPoint
indochinite-tektite,"(r364-31) 2 Fulgurites 1-5/8"" Lightning Strike Beach Sand Glass Georgia Set",22.99,2024-02-18,,,WorthPoint
indochinite-tektite,"Philippinite Tektite 111.30g Deeply Grooved Biscuit, Made By Meteorite Impactite",37,2024-02-03,111.3,0.33,WorthPoint
indochinite-tektite,"(r364-135) 1-1/8"" Fulgurite Lightning Strike Beach Sand Glass Georgia Fulgurites",14.99,2024-01-31,,,WorthPoint
indochinite-tektite,6 Healing Crystal Collection Lot Fulgarite Petalite Benitoite Tektite Ammonite +,29.95,2024-01-30,,,WorthPoint
indochinite-tektite,Indochinite Tektite (Meteorite Impact) ~ 30.9g ~ Unusual Aerodynamic Shape ~ AA+,65,2024-01-25,30.9,2.1,WorthPoint
indochinite-tektite,Lot Of 7 BEAUTIFUL TEKTITE INDOCHINITES Free Shipping,56,2024-01-18,,,WorthPoint
indochinite-tektite,BEAUTIFUL TEKTITE INDOCHINITE Angel Chime Impact Glass Impactite METEORITE 92gms,8.99,2024-01-14,92,0.1,WorthPoint
indochinite-tektite,"Tektite ~ (Meteorite Impact Glass) ~ Indochinite ~ ""HAPPY FACE"" ~ 13.567 Grams",140,2024-01-08,13.567,10.32,WorthPoint
indochinite-tektite,Large Tektite Indochinite Meteorite Impactite Glass Stone 109 Grams A27,50,2024-01-06,109,0.46,WorthPoint
indochinite-tektite,"(r365-26) 1-1/2"" Fulgurite Lightning Strike Beach Sand Glass Georgia Fulgurites",15.99,2024-01-05,,,WorthPoint
indochinite-tektite,"(r365-15) 1-1/2"" Fulgurite Lightning Strike Beach Sand Glass Georgia Fulgurites",15.99,2024-01-01,,,WorthPoint
indochinite-tektite,"(r364-2) 2 Fulgurites 1-5/8"" Lightning Strike Beach Sand Glass Georgia Set",22.99,2023-12-31,,,WorthPoint
indochinite-tektite,62g Rare Sirian Meteorite Tektite Meteor Impact Glass Indochinite: Indonesia 25T,6.1,2023-12-29,62,0.1,WorthPoint
indochinite-tektite,Indochinite Tektite Meteorite Impact Glass Formations Thailand 15.96 Grams,14.24,2023-12-24,15.96,0.89,WorthPoint
indochinite-tektite,Rare Sirian Indochinite Tektite Meteoric Impact Glass 28g (1T),5.74,2023-12-23,28,0.21,WorthPoint
indochinite-tektite,"(r365-25) 1-1/2"" Fulgurite Lightning Strike Beach Sand Glass Georgia Fulgurites",15.99,2023-12-22,,,WorthPoint
indochinite-tektite,Four Major Shapes Of Indochinite Tektites.,155,2023-12-13,,,WorthPoint
indochinite-tektite,"(r364-21) 2 Fulgurites 1-5/8"" Lightning Strike Beach Sand Glass Georgia Set",22.99,2023-12-05,,,WorthPoint
indochinite-tektite,55g+ Indochinite Tektite Meteorite Impact Glass Formations,19.95,2023-12-01,55,0.36,WorthPoint
indochinite-tektite,"(r364-6) 2 Fulgurites 1-5/8"" Lightning Strike Beach Sand Glass Georgia Set",22.99,2023-11-29,,,WorthPoint
indochinite-tektite,"(r364-17) 2 Fulgurites 1-5/8"" Lightning Strike Beach Sand Glass Georgia Set",22.99,2023-11-29,,,WorthPoint
indochinite-tektite,"(r371-2) 2-3/4"" Fulgurite Lightning Strike Beach Sand Glass Georgia Specimen",29.99,2023-11-29,,,WorthPoint
indochinite-tektite,"(r366-37) 2-1/8"" Fulgurite Lightning Strike Beach Sand Glass Georgia Fulgurites",18.99,2023-11-29,,,WorthPoint
indochinite-tektite,"(r365-31) 1-1/2"" Fulgurite Lightning Strike Beach Sand Glass Georgia Fulgurites",15.99,2023-11-29,,,WorthPoint
indochinite-tektite,"(r365-123) 1-7/8"" Fulgurite Lightning Strike Beach Sand Glass Georgia Fulgurites",16.99,2023-11-16,,,WorthPoint
indochinite-tektite,RARE Curved Tektite Indochinite ~ Meteorite Impact Glass ~ Phú Yên Provin ~ 11g,55,2023-11-13,11,5,WorthPoint
indochinite-tektite,Large Tektite Indochinite Meteorite Impactite Glass Stone 139 Grams A24,54,2023-11-06,139,0.39,WorthPoint
indochinite-tektite,"(r365-16) 1-1/2"" Fulgurite Lightning Strike Beach Sand Glass Georgia Fulgurites",15.99,2023-11-01,,,WorthPoint
indochinite-tektite,"Indochinite Tektite 73.4 Grams Estate Find 700,000 Year Old Meteorite Impact",19.95,2023-10-30,73.4,0.27,WorthPoint
indochinite-tektite,"R365-32-7) 1-1/2"" Fulgurite Lightning Strike Beach Sand Glass Georgia Fulgurites",15.99,2023-10-28,,,WorthPoint
indochinite-tektite,"R365-32-5) 1-1/2"" Fulgurite Lightning Strike Beach Sand Glass Georgia Fulgurites",15.99,2023-10-28,,,WorthPoint
indochinite-tektite,"48 Grams Vietnam Veit Nam Tektite ""Patty Form"" Shaped From Meteorite Impact",12.99,2023-10-23,48,0.27,WorthPoint
indochinite-tektite,"41.7 Grams Vietnam Veit Nam Tektite ""Patty Form"" Shaped From Meteorite Impact",8.49,2023-10-23,41.7,0.2,WorthPoint
indochinite-tektite,"(r364-128) 1-1/8"" Fulgurite Lightning Strike Beach Sand Glass Georgia Fulgurites",14.99,2023-10-23,,,WorthPoint
indochinite-tektite,"R362-36) 4 Piece Set 1/2 1-1/8"" Fulgurites Lightning Strike Beach Sand Glass GA",22.99,2023-10-23,,,WorthPoint
indochinite-tektite,"30.2 Grams Vietnam Veit Nam Tektite ""Patty Form"" Shaped From Meteorite Impact",5.99,2023-10-16,30.2,0.2,WorthPoint
indochinite-tektite,Glassy Meteorite Tektite -59.6 Grams- #l Cambodia,22,2023-10-10,59.6,0.37,WorthPoint
indochinite-tektite,"(r364-136) 1-1/8"" Fulgurite Lightning Strike Beach Sand Glass Georgia Fulgurites",14.99,2023-10-07,,,WorthPoint
indochinite-tektite,"(r364-116) 1-1/8"" Fulgurite Lightning Strike Beach Sand Glass Georgia Fulgurites",14.99,2023-09-30,,,WorthPoint
indochinite-tektite,Indochinite Tektite Meteorite Impact Glass Formations 88.40 Grams,42.75,2023-09-13,88.4,0.48,WorthPoint
indochinite-tektite,"(r365-85) 1-7/8"" Fulgurite Lightning Strike Beach Sand Glass Georgia Fulgurites",16.99,2023-09-10,,,WorthPoint
indochinite-tektite,"R362-52) 4 Piece Set 1/2 1-1/8"" Fulgurites Lightning Strike Beach Sand Glass GA",22.99,2023-08-20,,,WorthPoint
indochinite-tektite,Philippinite Tektite 125.32g Deeply Grooved Soccer Ball From Meteorite Impact,51,2023-08-19,125.32,0.41,WorthPoint
indochinite-tektite,Large Tektite Indochinite Meteorite Impactite Glass Stone 94 Grams A30,37,2023-08-04,94,0.39,WorthPoint
indochinite-tektite,"(r365-37) 1-3/4"" Fulgurite Lightning Strike Beach Sand Glass Georgia Fulgurites",16.49,2023-07-27,,,WorthPoint
indochinite-tektite,Indochinite Tektites (Group Of 8),312.5,2023-07-22,,,WorthPoint
indochinite-tektite,"(r365-110) 1-7/8"" Fulgurite Lightning Strike Beach Sand Glass Georgia Fulgurites",16.99,2023-07-17,,,WorthPoint
indochinite-tektite,"26.6 Grams Vietnam Veit Nam Tektite ""Patty Form"" Shaped From Meteorite Impact",5.49,2023-07-15,26.6,0.21,WorthPoint
indochinite-tektite,"27.6 Grams Vietnam Veit Nam Tektite ""Patty Form"" Shaped From Meteorite Impact",5.49,2023-07-15,27.6,0.2,WorthPoint
indochinite-tektite,"29.7 Grams Vietnam Veit Nam Tektite ""Patty Form"" Shaped From Meteorite Impact",5.49,2023-07-15,29.7,0.18,WorthPoint
indochinite-tektite,"33.53 Grams Vietnam Veit Nam Tektite ""Patty Form"" Shaped From Meteorite Impact",7.99,2023-07-15,33.53,0.24,WorthPoint
indochinite-tektite,"37.9 Grams Vietnam Veit Nam Tektite ""Patty Form"" Shaped From Meteorite Impact",6.59,2023-07-15,37.9,0.17,WorthPoint
indochinite-tektite,"45.7 Grams Vietnam Veit Nam Tektite ""Patty Form"" Shaped From Meteorite Impact",8.49,2023-07-15,45.7,0.19,WorthPoint
indochinite-tektite,"36.7 Grams Vietnam Veit Nam Tektite ""Patty Form"" Shaped From Meteorite Impact",6.79,2023-07-15,36.7,0.19,WorthPoint
indochinite-tektite,68.5g Vietnam Tektite. Nice Size And Displays Very Nicely.,13,2023-07-10,68.5,0.19,WorthPoint
indochinite-tektite,57.44g Bar Shaped Indochinite Tektite. Nice Clean Example With Nice Sculpture,9,2023-07-10,57.44,0.16,WorthPoint
indochinite-tektite,"(r365-46) 1-3/4"" Fulgurite Lightning Strike Beach Sand Glass Georgia Fulgurites",16.49,2023-07-06,,,WorthPoint
indochinite-tektite,"34 Grams Vietnam Veit Nam Tektite ""Patty Form"" Shaped From Meteorite Impact",6.99,2023-06-30,34,0.21,WorthPoint
indochinite-tektite,"R362-49) 4 Piece Set 1/2 1-1/8"" Fulgurites Lightning Strike Beach Sand Glass GA",22.99,2023-06-24,,,WorthPoint
indochinite-tektite,"Tektite From Thailand- 39.8 Grams- Thailandite, Indochinite - TW21",48,2023-06-22,39.8,1.21,WorthPoint
indochinite-tektite,Set Of 2 Tektites! Indochinite & Australite!,36,2023-06-11,,,WorthPoint
indochinite-tektite,Set Of 2 Indochinite Tektites!,10.5,2023-05-28,,,WorthPoint
indochinite-tektite,"R362-39) 4 Piece Set 1/2 1-1/8"" Fulgurites Lightning Strike Beach Sand Glass GA",22.99,2023-05-13,,,WorthPoint
indochinite-tektite,"Raw Natural Black Indochinite Tektite Rock Specimen, U Judge",29,2023-05-13,,,WorthPoint
indochinite-tektite,"Tektite From Thailand- 38 Grams- Thailandite, Indochinite - TW1",46,2023-05-12,38,1.21,WorthPoint
indochinite-tektite,"49.7 Grams Vietnam Veit Nam Tektite ""Patty Form"" Shaped From Meteorite Impact",14.5,2023-04-29,49.7,0.29,WorthPoint
indochinite-tektite,"41.6 Grams Vietnam Veit Nam Tektite ""Patty Form"" Shaped From Meteorite Impact",13.99,2023-04-17,41.6,0.34,WorthPoint
indochinite-tektite,"39.6 Grams Vietnam Veit Nam Tektite ""Patty Form"" Shaped From Meteorite Impact",13.99,2023-04-16,39.6,0.35,WorthPoint
indochinite-tektite,48g Rare Sirian Meteorite Tektite Meteor Impact Glass Indochinite: Indonesia (5T,10.23,2023-04-11,48,0.21,WorthPoint
indochinite-tektite,"R365-32-3) 1-1/2"" Fulgurite Lightning Strike Beach Sand Glass Georgia Fulgurites",15.99,2023-04-10,,,WorthPoint
indochinite-tektite,"(r366-44) 2-1/8"" Fulgurite Lightning Strike Beach Sand Glass Georgia Fulgurites",18.99,2023-04-08,,,WorthPoint
indochinite-tektite,"Indochinite - 15g ""Black Moldavite"" (Root Chakra Tektite Cintamani) #ind15",17.99,2023-03-25,15,1.2,WorthPoint
indochinite-tektite,"Indochinite - 9g ""Black Moldavite"" (Root Chakra Tektite Cintamani) #ind3",17.99,2023-03-17,9,2,WorthPoint
indochinite-tektite,"Indochinite - 13g ""Black Moldavite"" (Root Chakra Tektite Cintamani) #ind10",16.19,2023-03-17,13,1.25,WorthPoint
indochinite-tektite,"Indochinite - 10g ""Black Moldavite"" (Root Chakra Tektite Cintamani) #ind9",16.19,2023-03-17,10,1.62,WorthPoint
indochinite-tektite,"Indochinite - 14g ""Black Moldavite"" (Root Chakra Tektite Cintamani) #ind14",16.19,2023-03-17,14,1.16,WorthPoint
indochinite-tektite,"32.4 Grams Vietnam Veit Nam Tektite ""Patty Form"" Shaped From Meteorite Impact",5.99,2023-03-16,32.4,0.18,WorthPoint
indochinite-tektite,"49.8 Grams Vietnam Veit Nam Tektite ""Patty Form"" Shaped From Meteorite Impact",14.5,2023-03-12,49.8,0.29,WorthPoint
indochinite-tektite,174 Gram - Large Tektite (Meteorite) Indochinite Space Glass- Round Specimen,77,2023-03-11,174,0.44,WorthPoint
indochinite-tektite,84 Gram - Large Tektite (Meteorite) Indochinite Space Glass- Round Specimen,33,2023-03-11,84,0.39,WorthPoint
indochinite-tektite,182 Gram - Large Tektite (Meteorite) Indochinite Space Glass- Round Specimen,82,2023-03-11,182,0.45,WorthPoint
indochinite-tektite,107.7 Gram - Large Tektite (Meteorite) Indochinite Space Glass- Round Specimen,41,2023-03-11,107.7,0.38,WorthPoint
indochinite-tektite,107 Gram - Large Tektite (Meteorite) Indochinite Space Glass- Teardrop Specimen,42.75,2023-03-11,107,0.4,WorthPoint
indochinite-tektite,90.4 Gram - Large Tektite (Meteorite) Indochinite Space Glass- Teardrop Specimen,50,2023-03-11,90.4,0.55,WorthPoint
indochinite-tektite,31.5 Gram - Large Tektite (Meteorite) Indochinite Space Glass- Teardrop Specimen,65,2023-03-11,31.5,2.06,WorthPoint
indochinite-tektite,215 Gram - Large Tektite (Meteorite) Indochinite Space Glass- Dumbbell Specimen,40,2023-03-11,215,0.19,WorthPoint
indochinite-tektite,52.7 Gram - Large Tektite (Meteorite) Indochinite Space Glass- Dumbbell Specimen,51,2023-03-11,52.7,0.97,WorthPoint
indochinite-tektite,42.6 Gram - Large Tektite (Meteorite) Indochinite Space Glass- Dumbbell Specimen,30,2023-03-11,42.6,0.7,WorthPoint
indochinite-tektite,121.7 Gram - Large Tektite (Meteorite) Indochinite Space Glass- Rounded Specimen,61,2023-03-11,121.7,0.5,WorthPoint
indochinite-tektite,184.8 Gram - Large Tektite (Meteorite) Indochinite Space Glass- Rounded Specimen,51,2023-03-11,184.8,0.28,WorthPoint
indochinite-tektite,"31.56 Grams Vietnam Veit Nam Tektite ""Patty Form"" Shaped From Meteorite Impact",6.99,2023-03-06,31.56,0.22,WorthPoint
indochinite-tektite,Large Tektite Indochinite Meteorite Impactite Glass Stone 50 Grams AA13,25,2023-02-16,50,0.5,WorthPoint
indochinite-tektite,"26.13 Grams Vietnam Veit Nam Tektite ""Patty Form"" Shaped From Meteorite Impact",5.9,2023-02-15,26.13,0.23,WorthPoint
indochinite-tektite,28g Rare Sirian Meteorite Tektite Meteor Impact Glass Indochinite: Indonesia (7T,7.47,2023-02-03,28,0.27,WorthPoint
indochinite-tektite,"31.2 Grams Vietnam Veit Nam Tektite ""Patty Form"" Shaped From Meteorite Impact",5.99,2023-02-02,31.2,0.19,WorthPoint
indochinite-tektite,"(r365-39) 1-3/4"" Fulgurite Lightning Strike Beach Sand Glass Georgia Fulgurites",16.49,2023-01-28,,,WorthPoint
indochinite-tektite,"44.7 Grams Vietnam Veit Nam Tektite ""Patty Form"" Shaped From Meteorite Impact",9.99,2023-01-26,44.7,0.22,WorthPoint
indochinite-tektite,"31.4 Grams Vietnam Veit Nam Tektite ""Patty Form"" Shaped From Meteorite Impact",5.99,2023-01-26,31.4,0.19,WorthPoint
indochinite-tektite,"28 Grams Vietnam Veit Nam Tektite ""Patty Form"" Shaped From Meteorite Impact",5.89,2023-01-13,28,0.21,WorthPoint
indochinite-tektite,"Indochinite - 12g ""Black Moldavite"" (Root Chakra Tektite Cintamani) #ind5",17.99,2023-01-04,12,1.5,WorthPoint
indochinite-tektite,3 Piece Indochinite Tektite Meteoric Impact Glass 50g (27T),11.97,2023-01-01,50,0.24,WorthPoint
indochinite-tektite,"33.8 Grams Vietnam Veit Nam Tektite ""Patty Form"" Shaped From Meteorite Impact",5.99,2022-12-26,33.8,0.18,WorthPoint
indochinite-tektite,"(r365-54) 1-3/4"" Fulgurite Lightning Strike Beach Sand Glass Georgia Fulgurites",16.49,2022-12-23,,,WorthPoint
indochinite-tektite,Tektites Collected By Dr. Nininger In The Late 1950's Vietnam,149.99,2022-12-22,,,WorthPoint
indochinite-tektite,"(r364-124) 1-1/8"" Fulgurite Lightning Strike Beach Sand Glass Georgia Fulgurites",14.99,2022-12-20,,,WorthPoint
indochinite-tektite,"(r365-56) 1-3/4"" Fulgurite Lightning Strike Beach Sand Glass Georgia Fulgurites",16.49,2022-12-18,,,WorthPoint
indochinite-tektite,"(r366-50) 2-1/8"" Fulgurite Lightning Strike Beach Sand Dune Glass GA Fulgurites",18.99,2022-12-18,,,WorthPoint
indochinite-tektite,"(r367-3) 2-1/4"" Fulgurite Lightning Strike Beach Sand Glass Georgia Specimen",20.99,2022-12-18,,,WorthPoint
indochinite-tektite,"(r365-38) 1-3/4"" Fulgurite Lightning Strike Beach Sand Glass Georgia Fulgurites",16.49,2022-12-16,,,WorthPoint
indochinite-tektite,"(r365-61) 1-7/8"" Fulgurite Lightning Strike Beach Sand Glass Georgia Fulgurites",16.99,2022-12-14,,,WorthPoint
indochinite-tektite,Indochinite Tektite Meteorite Impact Glass Formations 30.76 Grams,15.75,2022-12-14,30.76,0.51,WorthPoint
indochinite-tektite,"(r364-18) 2 Fulgurites 1-5/8"" Lightning Strike Beach Sand Glass Georgia Set",22.99,2022-12-13,,,WorthPoint
indochinite-tektite,18g Rare Meteorite Black Tektite Meteor Impact Glass Stone Indochinite China (2T,11.49,2022-12-07,18,0.64,WorthPoint
indochinite-tektite,"24.87 Grams Vietnam Veit Nam Tektite ""Patty Form"" Shaped From Meteorite Impact",5.8,2022-12-06,24.87,0.23,WorthPoint
indochinite-tektite,"(r365-125) 1-7/8"" Fulgurite Lightning Strike Beach Sand Glass Georgia Fulgurites",16.99,2022-12-04,,,WorthPoint
indochinite-tektite,Indochinite Meteorite Black Tektite Meteoric Impact Glass 16g (4T),9.77,2022-12-04,16,0.61,WorthPoint
indochinite-tektite,Glassy Meteorite Tektite -50.8 Grams- # LV Cambodia,22,2022-12-01,50.8,0.43,WorthPoint
indochinite-tektite,Glassy Meteorite Tektite -54.8 Grams- # V Cambodia,22,2022-12-01,54.8,0.4,WorthPoint
indochinite-tektite,"33.7 Grams Vietnam Veit Nam Tektite "" Bar / Rod "" Shaped From Meteorite Impact",6.99,2022-11-30,33.7,0.21,WorthPoint
indochinite-tektite,"52.4 Grams Vietnam Veit Nam Tektite ""Patty Form"" Shaped From Meteorite Impact",14.5,2022-11-30,52.4,0.28,WorthPoint
indochinite-tektite,Meteorite/tektite Assortment,40,2022-11-28,,,WorthPoint
indochinite-tektite,"(r369-5) 2-1/2"" Fulgurite Lightning Strike Beach Sand Glass GA Display Specimen",24.99,2022-11-26,,,WorthPoint
indochinite-tektite,"Indochinite - 18g ""Black Moldavite"" (Root Chakra Tektite Cintamani) #ind4",17.99,2022-11-24,18,1,WorthPoint
indochinite-tektite,54g Rare Meteorite Black Tektites Meteor Impact Glass Indochinite:China (26T),13.67,2022-11-22,54,0.25,WorthPoint
indochinite-tektite,"(r365-33) 1-3/4"" Fulgurite Lightning Strike Beach Sand Glass Georgia Fulgurites",16.49,2022-11-12,,,WorthPoint
indochinite-tektite,"R362-42) 4 Piece Set 1/2 1-1/8"" Fulgurites Lightning Strike Beach Sand Glass GA",22.99,2022-11-02,,,WorthPoint
indochinite-tektite,"(r364-28) 2 Fulgurites 1-5/8"" Lightning Strike Beach Sand Glass Georgia Set",22.99,2022-10-28,,,WorthPoint
indochinite-tektite,"(r364-125) 1-1/8"" Fulgurite Lightning Strike Beach Sand Glass Georgia Fulgurites",14.99,2022-10-27,,,WorthPoint
indochinite-tektite,Rare Very Large Black Indochinite Tektite Stone 86g 431 Carat Museum Quality,69.99,2022-10-24,86,0.81,WorthPoint
indochinite-tektite,"36.9 Grams Vietnam Veit Nam Tektite ""Patty Form"" Shaped From Meteorite Impact",6.89,2022-10-13,36.9,0.19,WorthPoint
indochinite-tektite,"R362-40) 4 Piece Set 1/2 1-1/8"" Fulgurites Lightning Strike Beach Sand Glass GA",22.99,2022-10-12,,,WorthPoint
indochinite-tektite,"R362-37) 4 Piece Set 1/2 1-1/8"" Fulgurites Lightning Strike Beach Sand Glass GA",22.99,2022-10-11,,,WorthPoint
indochinite-tektite,"(r365-45) 1-3/4"" Fulgurite Lightning Strike Beach Sand Glass Georgia Fulgurites",16.49,2022-10-08,,,WorthPoint
indochinite-tektite,Big Lot Of 100% Natural Tektites Or Indochinites! From China 162gr,39.99,2022-10-04,162,0.25,WorthPoint
indochinite-tektite,Large 112-gr. (3.9-oz.) Dumbbell TEKTITE Indochinite 10.0 X 3.0-cm (4 X 1¼-inch),49.95,2022-10-04,112,0.45,WorthPoint
indochinite-tektite,Indochinite Tektite Meteorite Impact Glass Formations 52.84 Grams,26.75,2022-09-28,52.84,0.51,WorthPoint
indochinite-tektite,"32.7 Grams Vietnam Veit Nam Tektite ""Patty Form"" Shaped From Meteorite Impact",8,2022-09-26,32.7,0.24,WorthPoint
indochinite-tektite,"R362-38) 4 Piece Set 1/2 1-1/8"" Fulgurites Lightning Strike Beach Sand Glass GA",22.99,2022-09-25,,,WorthPoint
indochinite-tektite,"(r364-27) 2 Fulgurites 1-5/8"" Lightning Strike Beach Sand Glass Georgia Set",22.99,2022-09-25,,,WorthPoint
indochinite-tektite,"25.52 Grams Vietnam Veit Nam Tektite ""Patty Form"" Shaped From Meteorite Impact",5.99,2022-09-16,25.52,0.23,WorthPoint
indochinite-tektite,"29 Grams Vietnam Veit Nam Tektite "" Bar / Rod "" Shaped From Meteorite Impact",5.99,2022-09-13,29,0.21,WorthPoint
indochinite-tektite,"R399-19-3) 5.25"" Fossil Fulgurite Petrified Lightning Strike Beach Sand Glass GA",35.99,2022-09-11,,,WorthPoint
indochinite-tektite,"(r364-9) 2 Fulgurites 1-5/8"" Lightning Strike Beach Sand Glass Georgia Set",22.99,2022-09-08,,,WorthPoint
indochinite-tektite,"(r364-16) 2 Fulgurites 1-5/8"" Lightning Strike Beach Sand Glass Georgia Set",22.99,2022-09-04,,,WorthPoint
indochinite-tektite,"25.73 Grams Vietnam Veit Nam Tektite "" Bar / Rod "" Shaped From Meteorite Impact",5.49,2022-09-04,25.73,0.21,WorthPoint
indochinite-tektite,"37.5 Grams Vietnam Veit Nam Tektite ""Patty Form"" Shaped From Meteorite Impact",11.99,2022-08-31,37.5,0.32,WorthPoint
indochinite-tektite,"38 Grams Vietnam Veit Nam Tektite ""Patty Form"" Shaped From Meteorite Impact",6.9,2022-08-31,38,0.18,WorthPoint
indochinite-tektite,Indochinite Tektite Set Of 2 Splash Drops Meteorite Impact Glass Formations,12,2022-08-29,,,WorthPoint
indochinite-tektite,"Tektite Rare LARGE 4.25"" A+ Meteorite Generated Indochinite Tektite - US Seller!",149.99,2022-08-23,,,WorthPoint
indochinite-tektite,"(r365-135) 1-7/8"" Fulgurite Lightning Strike Beach Sand Glass Georgia Fulgurites",16.99,2022-08-21,,,WorthPoint
indochinite-tektite,"(r365-63) 1-7/8"" Fulgurite Lightning Strike Beach Sand Glass GA Fulgurites Piece",16.99,2022-08-21,,,WorthPoint
indochinite-tektite,"(r367-7) 2-1/4"" Fulgurite Lightning Strike Beach Sand Dune Glass GA Specimen",20.99,2022-08-21,,,WorthPoint
indochinite-tektite,"(r365-128) 1-7/8"" Fulgurite Lightning Strike Beach Sand Glass Georgia Fulgurites",16.99,2022-08-21,,,WorthPoint
indochinite-tektite,"(r364-26) 2 Fulgurites 1-5/8"" Lightning Strike Beach Sand Glass Georgia Set",22.99,2022-08-21,,,WorthPoint
indochinite-tektite,"29.51 Grams Vietnam Veit Nam Tektite "" Bar / Rod "" Shaped From Meteorite Impact",5.99,2022-08-13,29.51,0.2,WorthPoint
indochinite-tektite,"35 Grams Vietnam Veit Nam Tektite "" Bar / Rod "" Shaped From Meteorite Impact",6.99,2022-08-13,35,0.2,WorthPoint
indochinite-tektite,"24.59 Grams Vietnam Veit Nam Tektite "" Bar / Rod "" Shaped From Meteorite Impact",5.99,2022-08-13,24.59,0.24,WorthPoint
indochinite-tektite,"24 Grams Vietnam Veit Nam Tektite "" Bar / Rod "" Shaped From Meteorite Impact",5.99,2022-08-12,24,0.25,WorthPoint
indochinite-tektite,"26.54 Grams Vietnam Veit Nam Tektite "" Rod / Pole "" Shaped From Meteorite Impact",6,2022-08-12,26.54,0.23,WorthPoint
indochinite-tektite,"15.4 Grams Vietnam Veit Nam Tektite "" Dumbbell Shaped "" From Meteorite Impact",6.99,2022-08-12,15.4,0.45,WorthPoint
indochinite-tektite,"35 Grams Vietnam Veit Nam Tektite ""Patty Form"" Shaped From Meteorite Impact",5.99,2022-08-12,35,0.17,WorthPoint
indochinite-tektite,62.4 Grams Vietnam Veit Nam Tektite Awesome Shaped From Meteorite Impact W/ COA,13.99,2022-08-02,62.4,0.22,WorthPoint
indochinite-tektite,"40.1 Grams Vietnam Veit Nam Tektite ""Patty Form"" Shaped From Meteorite Impact",8.99,2022-07-31,40.1,0.22,WorthPoint
indochinite-tektite,Listing For Oscar171,69.98,2022-07-30,,,WorthPoint
indochinite-tektite,"36.06 Grams Vietnam Veit Nam Tektite ""Patty Form"" Shaped From Meteorite Impact",6.99,2022-07-28,36.06,0.19,WorthPoint
indochinite-tektite,"13.94 Grams Vietnam Veit Nam Tektite ""Patty Form"" Shaped From Meteorite Impact",5.5,2022-07-28,13.94,0.39,WorthPoint
indochinite-tektite,"44.2 Grams Vietnam Veit Nam Tektite ""Patty Form"" Shaped From Meteorite Impact",8.99,2022-07-21,44.2,0.2,WorthPoint
indochinite-tektite,"43.96 Grams Vietnam Veit Nam Tektite ""Patty Form"" Shaped From Meteorite Impact",7.9,2022-07-21,43.96,0.18,WorthPoint
indochinite-tektite,"(r365-124) 1-7/8"" Fulgurite Lightning Strike Beach Sand Glass Georgia Fulgurites",16.99,2022-07-18,,,WorthPoint
indochinite-tektite,"36.54 Grams Vietnam Veit Nam Tektite ""Patty Form"" Shaped From Meteorite Impact",6.9,2022-07-16,36.54,0.19,WorthPoint
indochinite-tektite,"(r365-129) 1-7/8"" Fulgurite Lightning Strike Beach Sand Glass Georgia Fulgurites",16.99,2022-07-15,,,WorthPoint
indochinite-tektite,"CHIPPED 70 Grams Vietnam Veit Nam Tektite ""Patty"" Shaped From Meteorite Impact",9.99,2022-07-12,70,0.14,WorthPoint
indochinite-tektite,"(r365-32) 1-1/2"" Fulgurite Lightning Strike Beach Sand Glass Georgia Fulgurites",15.99,2022-07-10,,,WorthPoint
indochinite-tektite,"(R399-8-9) 2"" Fossil Fulgurite Petrified Lightning Strike Beach Sand Glass GA",18.99,2022-07-07,,,WorthPoint
indochinite-tektite,"35.6 Grams Vietnam Veit Nam Tektite ""Patty Form"" Shaped From Meteorite Impact",7.5,2022-07-04,35.6,0.21,WorthPoint
indochinite-tektite,Indochinite Tektite Meteorite Impact Glass Formations 66.30 Grams,36.75,2022-07-04,66.3,0.55,WorthPoint
indochinite-tektite,"41 Grams Vietnam Veit Nam Tektite ""Patty Form"" Shaped From Meteorite Impact",6.99,2022-07-03,41,0.17,WorthPoint
indochinite-tektite,"(r365-35) 1-3/4"" Fulgurite Lightning Strike Beach Sand Glass Georgia Fulgurites",16.49,2022-07-01,,,WorthPoint
indochinite-tektite,"(r364-24) 2 Fulgurites 1-5/8"" Lightning Strike Beach Sand Glass Georgia Set",22.99,2022-06-22,,,WorthPoint
indochinite-tektite,"94.6 Grams Vietnam Veit Nam Tektite ""Patty Form"" Shaped From Meteorite Impact",15.99,2022-06-16,94.6,0.17,WorthPoint
indochinite-tektite,"27.4 Grams Vietnam Veit Nam Tektite "" Rod / Pole "" Shaped From Meteorite Impact",6.8,2022-06-13,27.4,0.25,WorthPoint
indochinite-tektite,"31.38 Grams Vietnam Veit Nam Tektite "" Rod / Pole "" Shaped From Meteorite Impact",5.99,2022-06-07,31.38,0.19,WorthPoint
indochinite-tektite,"30.47 Grams Vietnam Veit Nam Tektite ""Patty Form"" Shaped From Meteorite Impact",6.5,2022-06-03,30.47,0.21,WorthPoint
indochinite-tektite,"47.27 Grams Vietnam Veit Nam Tektite "" Rod / Pole "" Shaped From Meteorite Impact",8.9,2022-05-31,47.27,0.19,WorthPoint
indochinite-tektite,"38.8 Grams Vietnam Veit Nam Tektite "" Bar / Rod "" Shaped From Meteorite Impact",7.99,2022-05-31,38.8,0.21,WorthPoint
indochinite-tektite,"35.9 Grams Vietnam Veit Nam Tektite "" Bar / Rod "" Shaped From Meteorite Impact",7.99,2022-05-31,35.9,0.22,WorthPoint
indochinite-tektite,"40.4 Grams Vietnam Veit Nam Tektite "" Bar / Rod "" Shaped From Meteorite Impact",7.49,2022-05-30,40.4,0.19,WorthPoint
indochinite-tektite,36g Rare Sirian Meteorite Tektite Meteor Impact Glass Indochinite Indonesia (10T,14.82,2022-05-29,36,0.41,WorthPoint
indochinite-tektite,"(r365-132) 1-7/8"" Fulgurite Lightning Strike Beach Sand Glass Georgia Fulgurites",16.99,2022-05-26,,,WorthPoint
indochinite-tektite,"(r364-19) 2 Fulgurites 1-5/8"" Lightning Strike Beach Sand Glass Georgia Set",22.99,2022-05-26,,,WorthPoint
indochinite-tektite,"40.6 Grams Vietnam Veit Nam Tektite "" Bar / Rod "" Shaped From Meteorite Impact",7.49,2022-05-19,40.6,0.18,WorthPoint
indochinite-tektite,"38.3 Grams Vietnam Veit Nam Tektite "" Bar / Rod "" Shaped From Meteorite Impact",5.49,2022-05-14,38.3,0.14,WorthPoint
indochinite-tektite,48.7 Grams Vietnam Veit Nam Tektite Round Long Like Shaped From Meteorite Impact,9.99,2022-05-12,48.7,0.21,WorthPoint
indochinite-tektite,62.2 Grams Vietnam Veit Nam Tektite Round Long Like Shaped From Meteorite Impact,13.99,2022-05-12,62.2,0.22,WorthPoint
indochinite-tektite,"(r365-34) 1-3/4"" Fulgurite Lightning Strike Beach Sand Glass Georgia Fulgurites",16.49,2022-05-06,,,WorthPoint
indochinite-tektite,"42.3 Grams Vietnam Veit Nam Tektite ""Patty Form"" Shaped From Meteorite Impact",7.99,2022-05-04,42.3,0.19,WorthPoint
indochinite-tektite,"25 Grams Vietnam Veit Nam Tektite ""Patty Form"" Shaped From Meteorite Impact",6,2022-05-04,25,0.24,WorthPoint
indochinite-tektite,"34.3 Grams Vietnam Veit Nam Tektite "" Rod / Pole "" Shaped From Meteorite Impact",5.99,2022-05-01,34.3,0.17,WorthPoint
indochinite-tektite,"43.5 Grams Vietnam Veit Nam Tektite ""Patty Form"" Shaped From Meteorite Impact",8.99,2022-04-28,43.5,0.21,WorthPoint
indochinite-tektite,"25.74 Grams Vietnam Veit Nam Tektite ""Patty Form"" Shaped From Meteorite Impact",5,2022-04-25,25.74,0.19,WorthPoint
indochinite-tektite,"(r364-127) 1-1/8"" Fulgurite Lightning Strike Beach Sand Glass Georgia Fulgurites",14.99,2022-04-18,,,WorthPoint
indochinite-tektite,"(r365-44) 1-3/4"" Fulgurite Lightning Strike Beach Sand Glass Georgia Fulgurites",16.49,2022-04-17,,,WorthPoint
indochinite-tektite,"(r364-13) 2 Fulgurites 1-5/8"" Lightning Strike Beach Sand Glass Georgia Set",22.99,2022-04-17,,,WorthPoint
indochinite-tektite,"31.3 Grams Vietnam Veit Nam Tektite ""Patty Form"" Shaped From Meteorite Impact",10.99,2022-04-13,31.3,0.35,WorthPoint
indochinite-tektite,"R365-32-6) 1-1/2"" Fulgurite Lightning Strike Beach Sand Glass Georgia Fulgurites",15.99,2022-04-08,,,WorthPoint
indochinite-tektite,Indochinite Tektite Impact Glass Tumbled And Polished Thailand 52.18 Gram Lot,32.75,2022-04-05,52.18,0.63,WorthPoint
indochinite-tektite,Indochonite Tektite Khorat Plateau Northeast Thailand 20 Grams,13.49,2022-04-04,20,0.67,WorthPoint
indochinite-tektite,Indochinite Tektite Meteorite Impact Glass Formations 70.90 Grams,39.75,2022-04-02,70.9,0.56,WorthPoint
indochinite-tektite,49.87ct Chinese Tektite Splash Form Indochinite Specimen With Base! (china),26,2022-04-02,9.974,2.61,WorthPoint
indochinite-tektite,Indochinite Tektite Meteorite Impact Glass Formations 33.99 Grams,17.75,2022-04-02,33.99,0.52,WorthPoint
indochinite-tektite,Black Indochinite TEKTITE 5.3 Grams Meteorite Impact 40 X 23 X 10 Mm Complete,16.5,2022-04-02,5.3,3.11,WorthPoint
indochinite-tektite,"R365-32-8) 1-1/2"" Fulgurite Lightning Strike Beach Sand Glass Georgia Fulgurites",15.99,2022-04-01,,,WorthPoint
indochinite-tektite,"(r364-123) 1-1/8"" Fulgurite Lightning Strike Beach Sand Glass Georgia Fulgurites",14.99,2022-04-01,,,WorthPoint
indochinite-tektite,"(r365-53) 1-3/4"" Fulgurite Lightning Strike Beach Sand Glass Georgia Fulgurites",16.49,2022-04-01,,,WorthPoint
indochinite-tektite,"(r365-57) 1-3/4"" Fulgurite Lightning Strike Beach Sand Glass Georgia Fulgurites",16.49,2022-04-01,,,WorthPoint
indochinite-tektite,"(r364-122) 1-1/8"" Fulgurite Lightning Strike Beach Sand Glass Georgia Fulgurites",14.99,2022-04-01,,,WorthPoint
indochinite-tektite,14g Rare Sirian Meteorite Tektite Meteor Impact Glass Indochinite: Indonesia (3T,11.13,2022-03-29,14,0.8,WorthPoint
indochinite-tektite,Indochinite Tektite Meteorite Impact Glass Formations 29.79 Grams,34.75,2022-03-29,29.79,1.17,WorthPoint
indochinite-tektite,Indochinite Tektite Meteorite Impact Glass Formations 66.48 Grams,37.75,2022-03-29,66.48,0.57,WorthPoint
indochinite-tektite,Black Indochinite TEKTITE 3.8 Grams Meteorite Impact 33 X 18 X 7 Mm Complete,10.5,2022-03-29,3.8,2.76,WorthPoint
indochinite-tektite,"34.5 Grams Vietnam Veit Nam Tektite "" Rod / Pole "" Shaped From Meteorite Impact",6.99,2022-03-21,34.5,0.2,WorthPoint
indochinite-tektite,"(r364-14) 2 Fulgurites 1-5/8"" Lightning Strike Beach Sand Glass Georgia Set",22.99,2022-03-18,,,WorthPoint
indochinite-tektite,"42 Grams Vietnam Veit Nam Tektite ""Patty Form"" Shaped From Meteorite Impact",13.99,2022-03-18,42,0.33,WorthPoint
indochinite-tektite,"(r365-23) 1-1/2"" Fulgurite Lightning Strike Beach Sand Glass Georgia Fulgurites",15.99,2022-03-02,,,WorthPoint
indochinite-tektite,"(r364-129) 1-1/8"" Fulgurite Lightning Strike Beach Sand Glass Georgia Fulgurites",14.99,2022-03-02,,,WorthPoint
indochinite-tektite,"28.86 Grams Vietnam Veit Nam Tektite ""Patty Form"" Shaped From Meteorite Impact",5.99,2022-03-02,28.86,0.21,WorthPoint
indochinite-tektite,"(r365-50) 1-3/4"" Fulgurite Lightning Strike Beach Sand Glass Georgia Fulgurites",16.49,2022-02-27,,,WorthPoint
indochinite-tektite,Black Indochinite TEKTITE 8.0 Grams Meteorite Impact 37 X 22 X 9 Mm Complete,10.5,2022-02-14,8,1.31,WorthPoint
indochinite-tektite,"35.77 Grams Vietnam Veit Nam Tektite ""Patty Form"" Shaped From Meteorite Impact",7.99,2022-02-12,35.77,0.22,WorthPoint
indochinite-tektite,"29.70 Grams Vietnam Veit Nam Tektite ""Patty Form"" Shaped From Meteorite Impact",6.99,2022-02-12,29.7,0.24,WorthPoint
indochinite-tektite,"(r365-51) 1-3/4"" Fulgurite Lightning Strike Beach Sand Glass Georgia Fulgurites",16.49,2022-02-11,,,WorthPoint
indochinite-tektite,"(r365-41) 1-3/4"" Fulgurite Lightning Strike Beach Sand Glass Georgia Fulgurites",16.49,2022-02-11,,,WorthPoint
indochinite-tektite,"34.21 Grams Vietnam Veit Nam Tektite ""Patty Form"" Shaped From Meteorite Impact",7.99,2022-02-10,34.21,0.23,WorthPoint
indochinite-tektite,"32.60 Grams Vietnam Veit Nam Tektite ""Patty Form"" Shaped From Meteorite Impact",6.99,2022-02-06,32.6,0.21,WorthPoint
indochinite-tektite,"27.60 Grams Vietnam Veit Nam Tektite ""Patty Form"" Shaped From Meteorite Impact",5.99,2022-02-06,27.6,0.22,WorthPoint
indochinite-tektite,2.281 G Thailand Indochinite Tektite W/COA - As Found From Meteorite Impact,6.95,2022-02-06,2.281,3.05,WorthPoint
indochinite-tektite,"(r368-2) 2-3/8"" Fulgurite Lightning Strike Beach Sand Dune Glass GA Specimen",22.99,2022-02-05,,,WorthPoint
indochinite-tektite,"(r364-15) 2 Fulgurites 1-5/8"" Lightning Strike Beach Sand Glass Georgia Set",22.99,2022-02-03,,,WorthPoint
indochinite-tektite,"40.6 Grams Vietnam Veit Nam Tektite ""Patty Form"" Shaped From Meteorite Impact",9.99,2022-01-28,40.6,0.25,WorthPoint
indochinite-tektite,Tektite - Indochinite,10,2022-01-24,,,WorthPoint
indochinite-tektite,Indochinite -- Tektite Glass - 18g - (Root Chakra Cintamani) #TK16,25.44,2022-01-23,18,1.41,WorthPoint
indochinite-tektite,Synergy 12 Crystals Lot Quartz Obsidian Tektites Bracelets Libyan Desert Glass,54,2022-01-15,,,WorthPoint
indochinite-tektite,"(r365-55) 1-3/4"" Fulgurite Lightning Strike Beach Sand Glass Georgia Fulgurites",16.49,2022-01-14,,,WorthPoint
indochinite-tektite,"R362-43) 4 Piece Set 1/2 1-1/8"" Fulgurites Lightning Strike Beach Sand Glass GA",22.99,2022-01-09,,,WorthPoint
indochinite-tektite,"(r365-65) 1-7/8"" Fulgurite Lightning Strike Beach Sand Glass Georgia Fulgurites",16.99,2022-01-08,,,WorthPoint
indochinite-tektite,"(r365-49) 1-3/4"" Fulgurite Lightning Strike Beach Sand Glass Georgia Fulgurites",16.49,2022-01-06,,,WorthPoint
indochinite-tektite,Glassy Meteorite Tektite -49.8 Grams- #lX Cambodia,22,2022-01-04,49.8,0.44,WorthPoint
indochinite-tektite,"(two) 1-3/4"" Fulgurites Lightning Strike Beach Sand Glass Georgia Fulgurites",32,2022-01-03,,,WorthPoint
indochinite-tektite,"(r365-48) 1-3/4"" Fulgurite Lightning Strike Beach Sand Glass Georgia Fulgurites",16.49,2022-01-03,,,WorthPoint
indochinite-tektite,"(r364-115) 1-1/8"" Fulgurite Lightning Strike Beach Sand Glass Georgia Fulgurites",14.99,2022-01-03,,,WorthPoint
indochinite-tektite,"(r365-64) 1-7/8"" Fulgurite Lightning Strike Beach Sand Glass Georgia Fulgurites",16.99,2022-01-03,,,WorthPoint
indochinite-tektite,"(r367-19) 2-1/4"" Fulgurite Lightning Strike Beach Sand Dune Glass GA Specimen",20.99,2022-01-03,,,WorthPoint
indochinite-tektite,"(r365-133) 1-7/8"" Fulgurite Lightning Strike Beach Sand Glass Georgia Fulgurites",16.99,2022-01-03,,,WorthPoint
indochinite-tektite,"(r365-127) 1-7/8"" Fulgurite Lightning Strike Beach Sand Glass Georgia Fulgurites",16.99,2021-12-29,,,WorthPoint
indochinite-tektite,"(r364-11) 2 Fulgurites 1-5/8"" Lightning Strike Beach Sand Glass Georgia Set",22.99,2021-12-29,,,WorthPoint
indochinite-tektite,"Indochinite - 17g ""Black Moldavite"" (Root Chakra Tektite Cintamani) #ind12",19.99,2021-12-28,17,1.18,WorthPoint
indochinite-tektite,Meteorite Collection Lot Of 4 Genuine Authentic Specimens,8.95,2021-12-27,4,2.24,WorthPoint
indochinite-tektite,3.291 G Thailand Indochinite Tektite W/COA - As Found From Meteorite Impact,6.95,2021-12-27,3.291,2.11,WorthPoint
indochinite-tektite,Natural Tektite Pendant With Reiki Symbol On Silk Cord,5.95,2021-12-27,,,WorthPoint
indochinite-tektite,"Meteorite Collection 4 Different Meteorites/tektites, Instant Collection",9.99,2021-12-24,,,WorthPoint
indochinite-tektite,"(r365-126) 1-7/8"" Fulgurite Lightning Strike Beach Sand Glass Georgia Fulgurites",16.99,2021-12-23,,,WorthPoint
indochinite-tektite,Meteorite Collection Lot Of 8 Genuine Meteorites,10.55,2021-12-23,8,1.32,WorthPoint
indochinite-tektite,"(r364-113) 1-1/8"" Fulgurite Lightning Strike Beach Sand Glass Georgia Fulgurites",14.99,2021-12-22,,,WorthPoint
indochinite-tektite,Meteorite Collection Lot Of 4 Genuine Specimens,10.95,2021-12-21,4,2.74,WorthPoint
indochinite-tektite,"(r365-42) 1-3/4"" Fulgurite Lightning Strike Beach Sand Glass Georgia Fulgurites",16.49,2021-12-20,,,WorthPoint
indochinite-tektite,"(r363-24) 2 Fulgurites 1-1/8"" Lightning Strike Beach Sand Glass Georgia Set",18.99,2021-12-16,,,WorthPoint
indochinite-tektite,Meteorite Collection Lot Of 4 Genuine Authentic Meteorites,11.75,2021-12-15,4,2.94,WorthPoint
indochinite-tektite,"Indochinite - 16g ""Black Moldavite"" (Root Chakra Tektite Cintamani) #ind1",19.99,2021-12-09,16,1.25,WorthPoint
indochinite-tektite,Indochinite Healing Crystal Mereorite - Drop Shape- Natural Lower Fragment,39,2021-12-09,,,WorthPoint
indochinite-tektite,Meteorite Collection Lot Of 10 REAL METEORITES With Free Case!,19.99,2021-12-09,,,WorthPoint
indochinite-tektite,4.538 G Thailand Indochinite Tektite W/COA - As Found From Meteorite Impact,6.95,2021-12-03,4.538,1.53,WorthPoint
indochinite-tektite,"(r365-52) 1-3/4"" Fulgurite Lightning Strike Beach Sand Glass Georgia Fulgurites",16.49,2021-11-29,,,WorthPoint
indochinite-tektite,"(r364-138) 1-1/8"" Fulgurite Lightning Strike Beach Sand Glass Georgia Fulgurites",14.99,2021-11-26,,,WorthPoint
indochinite-tektite,Large Black Thailand Tektite Specimen | Tek7,27.99,2021-11-25,,,WorthPoint
indochinite-tektite,Indochinite Tektite Meteorite Impact Glass Formations 37.25 Grams,18.75,2021-11-18,37.25,0.5,WorthPoint
indochinite-tektite,"(r366-30) 2-1/8"" Fulgurite Lightning Strike Beach Sand Glass Georgia Fulgurites",18.99,2021-11-17,,,WorthPoint
indochinite-tektite,2.370 G Thailand Indochinite Tektite W/COA - As Found From Meteorite Impact,7,2021-11-08,2.37,2.95,WorthPoint
indochinite-tektite,"Indochinite Tektite Guangdong Province China 700,000 Years Old",10.5,2021-11-08,,,WorthPoint
indochinite-tektite,"Black Indochinite Tektite Meteorite Natural Rock / Stone, 64 Grams... 320 Carats",14.99,2021-11-04,64,0.23,WorthPoint
indochinite-tektite,Glassy Meteorite Tektite -53.1 Grams- # Vll Cambodia,22,2021-11-02,53.1,0.41,WorthPoint
indochinite-tektite,"(r362-42) 4 Fulgurites 1/2-1-1/8"" Lightning Strike Beach Sand Glass GA Specimens",22.99,2021-10-30,,,WorthPoint
indochinite-tektite,"(r365-47) 1-3/4"" Fulgurite Lightning Strike Beach Sand Glass Georgia Fulgurites",16.49,2021-10-26,,,WorthPoint
indochinite-tektite,Black Indochinite TEKTITE 4.9 Grams Meteorite Impact 30 X 14 X 8 Mm Complete,9.5,2021-10-26,4.9,1.94,WorthPoint
indochinite-tektite,Indochinite Tektite (Meteorite) Flight Oriented ~ 7.26g ~ Second Tektite FREE,17,2021-10-21,7.26,2.34,WorthPoint
indochinite-tektite,"(r365-140) 1-7/8"" Fulgurite Lightning Strike Beach Sand Glass Georgia Fulgurites",16.99,2021-10-20,,,WorthPoint
indochinite-tektite,"(r363-17) 2 Fulgurites 1-1/8"" Lightning Strike Beach Sand Glass Georgia Set",18.99,2021-10-20,,,WorthPoint
indochinite-tektite,"R362-47) 4 Fulgurites 1/2to1-1/8"" Lightning Strike Beach Sand Glass GA Specimens",22.99,2021-10-20,,,WorthPoint
indochinite-tektite,"(r366-40) 2-1/8"" Fulgurite Lightning Strike Beach Sand Glass Georgia Fulgurites",18.99,2021-10-20,,,WorthPoint
indochinite-tektite,Indochinite Tektite Meteorite Impact Glass Formations 32.44 Grams,16.75,2021-10-19,32.44,0.52,WorthPoint
indochinite-tektite,Pseudo Tektite - A Monster Piece At 227 Grams Saffordite Maybe?,50,2021-10-18,227,0.22,WorthPoint
indochinite-tektite,Tektite - Nice Elongated Patty Shape,13,2021-10-18,,,WorthPoint
indochinite-tektite,"Tektite - Unusual Split Or ""cut""",10,2021-10-18,,,WorthPoint
indochinite-tektite,Tektite - Nice Set Of Indochinite Specimens,20.5,2021-10-18,,,WorthPoint
indochinite-tektite,"Black Indochinite Tektite Meteorite Natural Rock / Stone, 51 Grams... 260 Carats",27,2021-10-18,51,0.53,WorthPoint
indochinite-tektite,"Indochinite Tektite, A Collection Of Nine Handpicked Specimens From Thailand.",34,2021-10-17,,,WorthPoint
indochinite-tektite,"(r371-7) 2-3/4"" Fulgurite Lightning Strike Beach Sand Glass Georgia Specimen",29.99,2021-10-14,,,WorthPoint
indochinite-tektite,"(r367-14) 2-1/4"" Fulgurite Lightning Strike Beach Sand Dune Glass GA Specimen",20.99,2021-10-13,,,WorthPoint
indochinite-tektite,"(r365-138) 1-7/8"" Fulgurite Lightning Strike Beach Sand Glass Georgia Fulgurites",16.99,2021-10-11,,,WorthPoint
indochinite-tektite,"R365-32-4) 1-1/2"" Fulgurite Lightning Strike Beach Sand Glass Georgia Fulgurites",15.99,2021-10-11,,,WorthPoint
indochinite-tektite,"(r365-60) 1-7/8"" Fulgurite Lightning Strike Beach Sand Glass Georgia Fulgurites",16.99,2021-10-11,,,WorthPoint
indochinite-tektite,Black Indochinite TEKTITE 5.7 Grams Meteorite Impact 39 X 24 X 5mm Complete,9.5,2021-10-04,5.7,1.67,WorthPoint
indochinite-tektite,Indochinite Tektite Meteorite Impact Glass Formations 28.21 Grams,14.75,2021-10-03,28.21,0.52,WorthPoint
indochinite-tektite,"(r365-78) 1-7/8"" Fulgurite Lightning Strike Beach Sand Glass Georgia Fulgurites",16.99,2021-10-01,,,WorthPoint
indochinite-tektite,"(r364-120) 1-1/8"" Fulgurite Lightning Strike Beach Sand Glass Georgia Fulgurites",14.99,2021-10-01,,,WorthPoint
indochinite-tektite,"(r365-19) 1-1/2"" Fulgurite Lightning Strike Beach Sand Glass Georgia Fulgurites",15.99,2021-10-01,,,WorthPoint
indochinite-tektite,"(r365-93) 1-7/8"" Fulgurite Lightning Strike Beach Sand Glass Georgia Fulgurites",16.99,2021-10-01,,,WorthPoint
indochinite-tektite,"(r367-18) 2-1/4"" Fulgurite Lightning Strike Beach Sand Dune Glass GA Specimen",20.99,2021-10-01,,,WorthPoint
indochinite-tektite,"(r365-134) 1-7/8"" Fulgurite Lightning Strike Beach Sand Glass Georgia Fulgurites",16.99,2021-09-23,,,WorthPoint
indochinite-tektite,Tektite Indochinite. China. 48g. 2pcs.,6.5,2021-09-20,48,0.14,WorthPoint
indochinite-tektite,Indochinite Tektite. China. 69g. 2pcs.,5.99,2021-09-20,69,0.09,WorthPoint
indochinite-tektite,Indochinite Tektite. China. 2 Pcs. 62g.,5.99,2021-09-20,62,0.1,WorthPoint
indochinite-tektite,Indochinite Tektite. China. 65g. 2pcs.,5.99,2021-09-20,65,0.09,WorthPoint
indochinite-tektite,Indochinite Tektite Meteorite Impact Glass Crystal,5,2021-09-15,,,WorthPoint
indochinite-tektite,Indochinite Tektite Meteorite Impact Glass,5.5,2021-09-15,,,WorthPoint
indochinite-tektite,Indochinite Tektite Indochina Peninsula 136.7 Grams,40,2021-09-14,136.7,0.29,WorthPoint
indochinite-tektite,Indochinite Tektite. China. 74g. 2pcs.,5.99,2021-09-13,74,0.08,WorthPoint
indochinite-tektite,Black Indochinite Tektite Stone 6 Pieces Plastic Box Set Natural Specimen Kit,11.97,2021-09-07,,,WorthPoint
indochinite-tektite,Indochinite Tektite. China. 51.9g. 2pcs.,5.99,2021-09-06,51.9,0.12,WorthPoint
indochinite-tektite,Indochinite Tektite Meteorite Impact Glass Formation,17.5,2021-09-06,,,WorthPoint
indochinite-tektite,Tektite Southern Laos Strewn Field,5,2021-09-06,,,WorthPoint
indochinite-tektite,Indochinite -- Tektite Glass - 14g - (Root Chakra Cintamani) #TK19,19.99,2021-08-26,14,1.43,WorthPoint
indochinite-tektite,"Indochinite Tektite.Maoming City,Guangdong Prv,China.SEE NOTES HERE. 2pc.",8.99,2021-08-23,,,WorthPoint
indochinite-tektite,Indochinite Tektite Meteorite Impact Glass Formations 50.38 Grams,25.75,2021-08-15,50.38,0.51,WorthPoint
indochinite-tektite,"(R399-8) 2.5"" Fossil Fulgurite Petrified Lightning Strike Beach Sand Glass GA",18.99,2021-08-12,,,WorthPoint
indochinite-tektite,"(r365-131) 1-7/8"" Fulgurite Lightning Strike Beach Sand Glass Georgia Fulgurites",16.99,2021-08-02,,,WorthPoint
indochinite-tektite,Black Indochinite Tektite Stone (9) Total 71.1g,11,2021-07-25,71.1,0.15,WorthPoint
indochinite-tektite,Indochinite Tektite Meteorite Impact Glass Formations 72 Grams TEK42,34.75,2021-07-23,72,0.48,WorthPoint
indochinite-tektite,"(r365-29) 1-1/2"" Fulgurite Lightning Strike Beach Sand Glass Georgia Fulgurites",15.99,2021-07-15,,,WorthPoint
indochinite-tektite,"(r363-21) 2 Fulgurites 1-1/8"" Lightning Strike Beach Sand Dune Glass Georgia",18.99,2021-07-14,,,WorthPoint
indochinite-tektite,"(r364-121) 1-1/8"" Fulgurite Lightning Strike Beach Sand Glass Georgia Fulgurites",14.99,2021-07-12,,,WorthPoint
indochinite-tektite,"(r364-3) 2 Fulgurites 1-5/8"" Lightning Strike Beach Sand Glass Georgia Set",22.99,2021-07-12,,,WorthPoint
indochinite-tektite,"(r364-13o) 1-1/8"" Fulgurite Lightning Strike Beach Sand Glass Georgia Fulgurites",14.99,2021-07-12,,,WorthPoint
indochinite-tektite,"Tektite, China - 3.8 Cm - Item 11626",8,2021-07-11,,,WorthPoint
indochinite-tektite,"R399-14-4 Fossil Fulgurite 3-1/4"" Petrified Lightning Strike Beach Sand Glass GA",22.99,2021-07-11,,,WorthPoint
indochinite-tektite,"(r365-70) 1-7/8"" Fulgurite Lightning Strike Beach Sand Glass Georgia Fulgurites",16.99,2021-07-03,,,WorthPoint
indochinite-tektite,"(r362-23) 4 Fulgurites 1/2-1-1/8"" Lightning Strike Beach Sand Dune Glass Georgia",22.99,2021-07-01,,,WorthPoint
indochinite-tektite,"(r364-8) 2 Fulgurites 1-5/8"" Lightning Strike Beach Sand Glass Georgia Set",22.99,2021-06-19,,,WorthPoint
indochinite-tektite,"(r371-6) 2-3/4"" Fulgurite Lightning Strike Beach Sand Glass Georgia Specimen",29.99,2021-06-19,,,WorthPoint
indochinite-tektite,"(r366-41) 2-1/8"" Fulgurite Lightning Strike Beach Sand Glass Georgia Fulgurites",18.99,2021-06-19,,,WorthPoint
indochinite-tektite,"(r374-2) 3-1/8"" Fulgurite Lightning Strike Beach Sand Glass GA Display Specimen",36.99,2021-06-16,,,WorthPoint
indochinite-tektite,Indochinite Tektite - 53.1g Individual - Meteorite Impact Glass,9.99,2021-06-09,53.1,0.19,WorthPoint
indochinite-tektite,"(r366-43) 2-1/8"" Fulgurite Lightning Strike Beach Sand Dune Glass GA Fulgurites",18.99,2021-06-03,,,WorthPoint
indochinite-tektite,"(r364-4) 2 Fulgurites 1-5/8"" Lightning Strike Beach Sand Glass Georgia Set",22.99,2021-05-30,,,WorthPoint
indochinite-tektite,Indochinite Tektite Indochina Peninsula 145.6 Grams,45,2021-05-05,145.6,0.31,WorthPoint
indochinite-tektite,"(r362-45) 4 Fulgurites 1/2-1-1/8"" Lightning Strike Beach Sand Glass GA Specimens",22.99,2021-04-30,,,WorthPoint
indochinite-tektite,AUSTRALIA TEKTITE Australite From Meteorite Impact Collectible AT-6,62,2021-04-29,,,WorthPoint
indochinite-tektite,"(r364-7) 2 Fulgurites 1-5/8"" Lightning Strike Beach Sand Glass Georgia Set",22.99,2021-04-26,,,WorthPoint
indochinite-tektite,"(r364-119) 1-1/8"" Fulgurite Lightning Strike Beach Sand Glass Georgia Fulgurites",14.99,2021-04-25,,,WorthPoint
indochinite-tektite,"(r365-10) 1-1/2"" Fulgurite Lightning Strike Beach Sand Glass Georgia Fulgurites",15.99,2021-04-18,,,WorthPoint
indochinite-tektite,51.57ct Chinese Tektite Splash Form Indochinite Specimen With Base! (china),26,2021-04-18,10.314,2.52,WorthPoint
indochinite-tektite,"Tektite Meteorite Natural Crystal Medium,Tibetan,6.45Grams Deep Yellow-Black #2",10.49,2021-04-13,6.45,1.63,WorthPoint
indochinite-tektite,"Tektite Meteorite Natural Crystal Medium,Tibetan,4.78Grams Deep Yellow-Black #1",10.49,2021-04-13,4.78,2.19,WorthPoint
indochinite-tektite,"Tektite Meteorite Natural Crystal Medium,Tibetan,4.65Grams Deep Yellow-Black #3",6.05,2021-04-13,4.65,1.3,WorthPoint
indochinite-tektite,CZECH MOLDAVITE (23 PIECES) 155.5 Cwt. 31.1gr. INC'S 4 FREE TIBETAN TEKTITES! A+,599,2021-04-10,31.1,19.26,WorthPoint
indochinite-tektite,Indochinite Tektite Comet Impact - 95.9 Grams - Large Dumbell - Custom Display,49.95,2021-04-04,95.9,0.52,WorthPoint
indochinite-tektite,CZECH MOLDAVITE (22 PIECES) 167 Cwt. 33.4 Gr. INCLUDES 4 FREE TIBETAN TEKTITES!!,788,2021-04-01,33.4,23.59,WorthPoint
indochinite-tektite,"(R399-9) 3-1/4"" Fossil Fulgurite Petrified Lightning Strike Beach Sand Glass GA",22.99,2021-04-01,,,WorthPoint
indochinite-tektite,"(r371-14) 2-3/4"" Fulgurite Lightning Strike Beach Sand Glass Georgia Specimen",29.99,2021-03-31,,,WorthPoint
indochinite-tektite,"(r362-49) 4 Fulgurites 1/2-1-1/8"" Lightning Strike Beach Sand Dune Glass Georgia",22.99,2021-03-29,,,WorthPoint
indochinite-tektite,Indochinite -- Tektite Glass - 12g - (Root Chakra Cintamani) #TK1,15.82,2021-03-28,12,1.32,WorthPoint
indochinite-tektite,Indochinite -- Tektite Glass - 6g - (Root Chakra Cintamani) #TK20,15.82,2021-03-26,6,2.64,WorthPoint
indochinite-tektite,"(r364-101) 1-1/8"" Fulgurite Lightning Strike Beach Sand Glass Georgia Fulgurites",14.99,2021-03-24,,,WorthPoint
indochinite-tektite,"(r364-23) 2 Fulgurites 1-5/8"" Lightning Strike Beach Sand Glass Georgia Set",22.99,2021-03-23,,,WorthPoint
indochinite-tektite,"(r362-40) 4 Fulgurites 1/2-1/1-8"" Lightning Strike Beach Sand Glass GA Specimen",22.99,2021-03-23,,,WorthPoint
indochinite-tektite,"(r362-37) 4 Fulgurites 1/2-1-1/8"" Lightning Strike Beach Sand Glass GA Specimens",22.99,2021-03-22,,,WorthPoint
indochinite-tektite,"(r363-15) 2 Fulgurites 1-1/8"" Lightning Strike Beach Sand Glass Georgia Set",18.99,2021-03-22,,,WorthPoint
indochinite-tektite,"(r365-101) 1-7/8"" Fulgurite Lightning Strike Beach Sand Glass Georgia Fulgurites",16.99,2021-03-17,,,WorthPoint
indochinite-tektite,"(r362-33) 4 Fulgurites 1/2-1-1/8"" Lightning Strike Beach Sand Glass GA Display",22.99,2021-03-17,,,WorthPoint
indochinite-tektite,"(r365-98) 1-7/8"" Fulgurite Lightning Strike Beach Sand Glass Georgia Fulgurites",16.99,2021-03-15,,,WorthPoint
indochinite-tektite,MOLDAVITE PENDANT $169 Tektite 925 Sterling Jewelry STARBORN CREATIONS MP169-M2,169,2021-03-15,,,WorthPoint
indochinite-tektite,"(r364-118) 1-1/8"" Fulgurite Lightning Strike Beach Sand Glass Georgia Fulgurites",14.99,2021-03-12,,,WorthPoint
indochinite-tektite,MOLDAVITE PENDANT $109 Tektite 925 Sterling Jewelry STARBORN CREATIONS MP109-M3,109,2021-03-10,,,WorthPoint
indochinite-tektite,"(r364-108) 1-1/8"" Fulgurite Lightning Strike Beach Sand Glass Georgia Fulgurites",14.99,2021-03-10,,,WorthPoint
indochinite-tektite,"(r363-16) 2 Fulgurites 1-1/8"" Lightning Strike Beach Sand Glass Georgia Set",18.99,2021-03-09,,,WorthPoint
indochinite-tektite,"(r364-25) 2 Fulgurites 1-5/8"" Lightning Strike Beach Sand Glass GA Specimens",22.99,2021-02-28,,,WorthPoint
indochinite-tektite,2.5 Grams ODESSA METEORITE Pendant Necklace Complete Specimen Coarse Octahedrite,24,2021-02-27,2.5,9.6,WorthPoint
indochinite-tektite,"(r362-38) 4 Fulgurites 1/2-1-1/8"" Lightning Strike Beach Sand Glass GA Specimens",22.99,2021-02-25,,,WorthPoint
indochinite-tektite,Indochinite Tektite Individual 71.3 Grams,60.35,2021-02-20,71.3,0.85,WorthPoint
indochinite-tektite,"Tektites Indochinite Lot, (51) Tektites, With Drilled Hole For Necklace",20,2021-02-20,,,WorthPoint
indochinite-tektite,Dumbbell Tektite 17.49g Splashform Impactite Created By Meteorite Impact,20,2021-02-19,17.49,1.14,WorthPoint
indochinite-tektite,"(R399-2) 2.5"" Fossil Fulgurite Petrified Lightning Strike Beach Sand Glass GA",18.99,2021-02-09,,,WorthPoint
indochinite-tektite,"(r365-66) 1-7/8"" Fulgurite Lightning Strike Beach Sand Glass Georgia Fulgurites",16.99,2021-02-01,,,WorthPoint
indochinite-tektite,Black Tektite Stone Lot Of 8 Meteorite 105g Total Weight Indochinite Specimen,10.5,2021-01-29,105,0.1,WorthPoint
indochinite-tektite,"(r366-48) 2-1/8"" Fulgurite Lightning Strike Beach Sand Glass Georgia Fulgurites",18.99,2021-01-22,,,WorthPoint
indochinite-tektite,Philippinite Tektite 160.76g Deeply Grooved Biscuit From Meteorite Impact,72,2021-01-16,160.76,0.45,WorthPoint
indochinite-tektite,"(r365-122) 1-7/8"" Fulgurite Lightning Strike Beach Sand Glass Georgia Fulgurites",16.99,2021-01-15,,,WorthPoint
indochinite-tektite,"(r365-112) 1-7/8"" Fulgurite Lightning Strike Beach Sand Glass Georgia Fulgurites",16.99,2021-01-03,,,WorthPoint
indochinite-tektite,"(r365-36) 1-3/4"" Fulgurite Lightning Strike Beach Sand Glass Georgia Fulgurites",16.49,2021-01-03,,,WorthPoint
indochinite-tektite,"(r364-117) 1-1/8"" Fulgurite Lightning Strike Beach Sand Glass Georgia Fulgurites",14.99,2020-12-30,,,WorthPoint
indochinite-tektite,Miscellaneous Meteorite Collection - Lot Of 27 Pieces,355,2020-12-28,,,WorthPoint
indochinite-tektite,"(r362-39) 4 Fulgurites 1/2-1-1/8"" Lightning Strike Beach Sand Glass GA Specimens",22.99,2020-12-15,,,WorthPoint
indochinite-tektite,"(r362-46) 4 Fulgurites 1/2-1-1/8"" Lightning Strike Beach Sand Glass GA Specimens",22.99,2020-12-15,,,WorthPoint
indochinite-tektite,"(r365-114) 1-7/8"" Fulgurite Lightning Strike Beach Sand Glass Georgia Fulgurites",16.99,2020-12-15,,,WorthPoint
indochinite-tektite,"(r362-48) 4 Fulgurites 1/2-1-1/8"" Lightning Strike Beach Sand Dune Glass Georgia",22.99,2020-12-14,,,WorthPoint
indochinite-tektite,"(r373-12) 3"" Fulgurite Lightning Strike Beach Sand Glass GA Display Specimen",33.99,2020-12-13,,,WorthPoint
indochinite-tektite,"(r365-117) 1-7/8"" Fulgurite Lightning Strike Beach Sand Glass Georgia Fulgurites",16.99,2020-12-11,,,WorthPoint
indochinite-tektite,Philippinite Tektite 208.58g AAA Deeply Grooved Soccer Ball From Meteorite Impac,81,2020-12-05,208.58,0.39,WorthPoint
indochinite-tektite,Indochinite Tektite A Collection Of Ten Handpicked Specimens From Thailand.,34,2020-12-04,,,WorthPoint
indochinite-tektite,Indochinite Tektite Dumbbell Display Specimen Collected From Asia,5.5,2020-11-30,,,WorthPoint
indochinite-tektite,"(R399-20) 6-3/8"" Fossil Fulgurite Petrified Lightning Strike Beach Sand Glass GA",48.99,2020-11-26,,,WorthPoint
indochinite-tektite,"Meteorite**Tektite, Indochinite**36.596 Grams, 700,000 Yrs Old!!!",5.5,2020-11-23,36.596,0.15,WorthPoint
indochinite-tektite,"Meteorite-Tektite Necklace-2"" X 3/4"" -22""length-on Chain 700,000 Yrs Old",40,2020-11-14,,,WorthPoint
indochinite-tektite,"(r362-53) 4 Fulgurites 1/2-1-1/8"" Lightning Strike Beach Sand Dune Glass Georgia",22.99,2020-11-12,,,WorthPoint
indochinite-tektite,"(r365-89) 1-7/8"" Fulgurite Lightning Strike Beach Sand Glass Georgia Fulgurites",16.99,2020-11-05,,,WorthPoint
indochinite-tektite,Meteorite Assortment,30,2020-10-16,,,WorthPoint
indochinite-tektite,Indochinite Tektite China 6.9 Grams,8.49,2020-10-15,6.9,1.23,WorthPoint
indochinite-tektite,"Indochinites From Guangdong Privince , China - 117.8 Gram Lot",11.61,2020-10-13,117.8,0.1,WorthPoint
indochinite-tektite,"(R399-14) 3-1/4"" Fossil Fulgurite Petrified Lightning Strike Beach Sand Glass GA",22.99,2020-10-02,,,WorthPoint
indochinite-tektite,"(r365-116) 1-7/8"" Fulgurite Lightning Strike Beach Sand Glass Georgia Fulgurites",16.99,2020-09-21,,,WorthPoint
indochinite-tektite,"(r365-120) 1-7/8"" Fulgurite Lightning Strike Beach Sand Glass Georgia Fulgurites",16.99,2020-09-13,,,WorthPoint
indochinite-tektite,"(R399-17-5) 4"" Fossil Fulgurite Petrified Lightning Strike Beach Sand Glass GA",26.99,2020-09-13,,,WorthPoint
indochinite-tektite,Two Tektite Rounded Space Balls 20mm Reiki Healing Crystal China Magical Dreams,8.49,2020-09-11,,,WorthPoint
indochinite-tektite,"(r362-52) 4 Fulgurites 1/2-1-1/8"" Lightning Strike Beach Sand Dune Glass Georgia",22.99,2020-09-09,,,WorthPoint
indochinite-tektite,"Black Dumbbell Indochinite Tektite Stone 42.1 Grams, 3 Inches",24.95,2020-09-07,42.1,0.59,WorthPoint
indochinite-tektite,"Black Dumbbell Indochinite Tektite Stone 35.8 Grams, 2.8 Inches",24.95,2020-09-07,35.8,0.7,WorthPoint
indochinite-tektite,"Green Stone Pi Xiu Dragon Sculpture Indochinite Jade Tektite Granite 4lbs 9""",80,2020-09-05,,,WorthPoint
indochinite-tektite,29.75 Carat Thalandite Meteor Impact Glass Tektite From Thailand Like Moldavite,49.95,2020-09-03,,,WorthPoint
indochinite-tektite,"(r363-10) 2 Fulgurites 1-5/8"" Lightning Strike Beach Sand Glass Georgia Set",18.99,2020-09-02,,,WorthPoint
indochinite-tektite,"(r365-74) 1-7/8"" Fulgurite Lightning Strike Beach Sand Glass Georgia Fulgurites",16.99,2020-09-02,,,WorthPoint
indochinite-tektite,Philippinite Tektite 124.58g Happy Face Biscuit Impactite - Not Meteorite,32,2020-08-29,124.58,0.26,WorthPoint
indochinite-tektite,"(r364-5) 2 Fulgurites 1-5/8"" Lightning Strike Beach Dune Sand Glass Georgia",22.99,2020-08-26,,,WorthPoint
indochinite-tektite,"(r365-11) 1-1/2"" Fulgurite Lightning Strike Beach Sand Glass Georgia Fulgurites",15.99,2020-08-26,,,WorthPoint
indochinite-tektite,"(r365-92) 1-7/8"" Fulgurite Lightning Strike Beach Sand Glass Georgia Fulgurites",16.99,2020-08-17,,,WorthPoint
indochinite-tektite,"(r365-24) 1-3/4"" Fulgurite Lightning Strike Beach Sand Glass Georgia Fulgurites",16.49,2020-08-17,,,WorthPoint
indochinite-tektite,"(r367-29) 2-1/4"" Fulgurite Lightning Strike Beach Sand Dune Glass GA Specimen",20.99,2020-08-14,,,WorthPoint
indochinite-tektite,"(r363-16) 2 Fulgurites 1-5/8"" Lightning Strike Beach Sand Dune Glass Georgia",18.99,2020-08-12,,,WorthPoint
indochinite-tektite,"(r365-32) 1-3/4"" Fulgurite Lightning Strike Beach Sand Glass Georgia Fulgurites",16.49,2020-08-10,,,WorthPoint
indochinite-tektite,Indochinite Tektite Meteorite Impact Glass Formations 43 Grams TEK38,23.75,2020-08-05,43,0.55,WorthPoint
indochinite-tektite,"(r365-28) 1-3/4"" Fulgurite Lightning Strike Beach Sand Glass Georgia Fulgurites",16.49,2020-08-04,,,WorthPoint
indochinite-tektite,"(r362-54) 4 Fulgurites 1/2-1-1/8"" Lightning Strike Beach Sand Dune Glass Georgia",22.99,2020-08-04,,,WorthPoint
indochinite-tektite,"(r365-121) 1-7/8"" Fulgurite Lightning Strike Beach Sand Glass Georgia Fulgurites",16.99,2020-08-01,,,WorthPoint
indochinite-tektite,"(R399-13) 3-1/4"" Fossil Fulgurite Petrified Lightning Strike Beach Sand Glass GA",22.99,2020-08-01,,,WorthPoint
indochinite-tektite,"(r363-13) 2 Fulgurites 1-5/8"" Lightning Strike Beach Sand Glass Georgia Set",18.99,2020-07-28,,,WorthPoint
indochinite-tektite,"(r365-119) 1-7/8"" Fulgurite Lightning Strike Beach Sand Glass Georgia Fulgurites",16.99,2020-07-28,,,WorthPoint
indochinite-tektite,"(r365-3) 1-1/2"" Fulgurite Lightning Strike Beach Sand Glass Georgia Fulgurites",15.99,2020-07-19,,,WorthPoint
indochinite-tektite,"(r367-4) 2-1/4"" Fulgurite Lightning Strike Beach Sand Glass Georgia Specimen",20.99,2020-07-01,,,WorthPoint
indochinite-tektite,"(r367-28) 2-1/4"" Fulgurite Lightning Strike Beach Sand Dune Glass GA Specimen",20.99,2020-06-25,,,WorthPoint
indochinite-tektite,"(r365-118) 1-7/8"" Fulgurite Lightning Strike Beach Sand Glass Georgia Fulgurites",16.99,2020-06-17,,,WorthPoint
indochinite-tektite,"(r364-107) 1-1/8"" Fulgurite Lightning Strike Beach Sand Glass Georgia Fulgurites",14.99,2020-06-16,,,WorthPoint
indochinite-tektite,"(r373-8) 3"" Fulgurite Lightning Strike Beach Sand Hill Glass GA Display Specimen",33.99,2020-06-16,,,WorthPoint
indochinite-tektite,Indochinite Tektite Individual 73.1 Grams,72,2020-06-05,73.1,0.98,WorthPoint
indochinite-tektite,Indochinite Tektite Lot Of Individuals - 161.8 Grams,26.6,2020-06-02,161.8,0.16,WorthPoint
indochinite-tektite,"R362-26) 4 Piece Set 1/2 1-1/8"" Fulgurites Lightning Strike Beach Sand Glass GA",22.99,2020-05-30,,,WorthPoint
indochinite-tektite,"(r364-106) 1-1/8"" Fulgurite Lightning Strike Beach Sand Glass Georgia Fulgurites",14.99,2020-05-28,,,WorthPoint
indochinite-tektite,"(r365-113) 1-7/8"" Fulgurite Lightning Strike Beach Sand Glass Georgia Fulgurites",16.99,2020-05-18,,,WorthPoint
indochinite-tektite,"(r365-45) 1-7/8"" Fulgurite Lightning Strike Beach Sand Dune Glass GA Fulgurites",16.99,2020-05-16,,,WorthPoint
indochinite-tektite,"(r364-105) 1-1/8"" Fulgurite Lightning Strike Beach Sand Glass Georgia Fulgurites",14.99,2020-05-12,,,WorthPoint
indochinite-tektite,"(r385-1) 4-5/8"" Fulgurite Lightning Strike Beach Sand Glass GA Display Specimen",58.99,2020-05-10,,,WorthPoint
indochinite-tektite,Black Tektite Meteorite Indochinite Rock Rough Raw Palm Stone Crystal 98g (TKI),17.99,2020-05-05,98,0.18,WorthPoint
indochinite-tektite,"(R399-12) 3-1/4"" Fossil Fulgurite Petrified Lightning Strike Beach Sand Glass GA",22.99,2020-04-26,,,WorthPoint
indochinite-tektite,Muong Nong Layered Tektite - 27.8 Gram Individual,29.78,2020-04-25,27.8,1.07,WorthPoint
indochinite-tektite,"(r365-105) 1-7/8"" Fulgurite Lightning Strike Beach Sand Glass Georgia Fulgurites",16.99,2020-04-17,,,WorthPoint
indochinite-tektite,TEKTITE Indochinite Dalat Vietnam 35g,11.19,2020-04-04,35,0.32,WorthPoint
indochinite-tektite,Indochinite Tektite Large Individual Dumbbell - 54.9 Grams,15.5,2020-03-31,54.9,0.28,WorthPoint
indochinite-tektite,"(R399-8-8) 2"" Fossil Fulgurite Petrified Lightning Strike Beach Sand Glass GA",18.99,2020-03-31,,,WorthPoint
indochinite-tektite,Indochinite Tektite Large Individual Teardrop - 64.4 Grams,11.5,2020-03-24,64.4,0.18,WorthPoint
indochinite-tektite,"(r378-3) 3-5/8"" Fulgurite Lightning Strike Beach Sand Glass GA Display Specimen",46.99,2020-03-18,,,WorthPoint
indochinite-tektite,"(r366-45) 2-1/8"" Fulgurite Lightning Strike Beach Sand Glass Georgia Fulgurites",18.99,2020-03-15,,,WorthPoint
indochinite-tektite,A Lot Of THREE! 100% Natural Tektites Or Indochinites! From China 70.0gr,10.99,2020-03-11,70,0.16,WorthPoint
indochinite-tektite,Indochinite Tektite Lot Of 4 Individuals - 149.5 Grams,18.68,2020-03-07,149.5,0.12,WorthPoint
indochinite-tektite,A Very Symmetrical 100% Natural Oval Shaped Tektite! From China 57.4gr,13.99,2020-03-02,57.4,0.24,WorthPoint
indochinite-tektite,"(r365-54) 1-7/8"" Fulgurite Lightning Strike Beach Sand Glass Georgia Fulgurites",16.99,2020-03-01,,,WorthPoint
indochinite-tektite,"(r372-14) 2-7/8"" Fulgurite Lightning Strike Beach Sand Glass GA Display Specimen",31.99,2020-03-01,,,WorthPoint
indochinite-tektite,A Big Symmetrical 100% Natural U.F.O. Or Disc Shaped Tektite! China 229gr E,49.99,2020-02-29,229,0.22,WorthPoint
indochinite-tektite,"(r366-52) 2-1/8"" Fulgurite Lightning Strike Beach Sand Dune Glass GA Fulgurites",18.99,2020-02-26,,,WorthPoint
indochinite-tektite,A Super Symmetrical 100% Natural Round / Oval Shaped Tektite! China 54.8gr,11.99,2020-02-23,54.8,0.22,WorthPoint
indochinite-tektite,"(r370-4) 2-5/8"" Fulgurite Lightning Strike Beach Sand Glass Georgia Specimen",27.99,2020-02-20,,,WorthPoint
indochinite-tektite,"(R399-17-3) 4"" Fossil Fulgurite Petrified Lightning Strike Beach Sand Glass GA",26.99,2020-02-20,,,WorthPoint
indochinite-tektite,Natural Rare Stone Black Indochinite TEKTITE SPECIMEN FROM THAILAND,15,2020-02-18,,,WorthPoint
indochinite-tektite,"(r365-95) 1-7/8"" Fulgurite Lightning Strike Beach Sand Glass Georgia Fulgurites",16.99,2020-02-14,,,WorthPoint
indochinite-tektite,"(r363-15) 2 Fulgurites 1-5/8"" Lightning Strike Beach Sand Glass Georgia Set",18.99,2020-02-06,,,WorthPoint
indochinite-tektite,A Big Lot Of SIX! 100% Natural BUBBLE Tektites Or Indochinites! From China 177gr,15.99,2020-01-29,177,0.09,WorthPoint
indochinite-tektite,"Meteorite**Tektite, Indochinite**36.55 Grams, Museum Quality!!!",20.5,2020-01-20,36.55,0.56,WorthPoint
indochinite-tektite,Rare Very Large Black Indochinite Tektite Meteorite Stone 152gr Museum Quality,20,2020-01-19,152,0.13,WorthPoint
indochinite-tektite,"(r365-107) 1-7/8"" Fulgurite Lightning Strike Beach Sand Glass Georgia Fulgurites",16.99,2020-01-17,,,WorthPoint
indochinite-tektite,A Lot Of FIVE! 100% Natural Tektites Or Indochinites! From China 94.2gr,15.99,2020-01-16,94.2,0.17,WorthPoint
indochinite-tektite,"Meteorite**Tektite, Indochinite**57.35 Grams, Museum Quality!!!",53,2020-01-13,57.35,0.92,WorthPoint
indochinite-tektite,A Small Very Symmetrical 100% Natural Round Shaped Tektite! China 29.3gr E,12.99,2020-01-05,29.3,0.44,WorthPoint
indochinite-tektite,Tektite Indochinite. Assorted Lot. 149.8 Total Weight.,17.49,2020-01-05,,,WorthPoint
indochinite-tektite,"(R399-17-6) 4"" Fossil Fulgurite Petrified Lightning Strike Beach Sand Glass GA",26.99,2020-01-03,,,WorthPoint
indochinite-tektite,"Tektite Indochinite. Assorted Lot From Maoming City, Guangdong Province, China.",17.49,2019-12-31,,,WorthPoint
indochinite-tektite,A Big Lot Of Nice And 100% Natural Tektites Or Indochinites! From China 153gr,21.99,2019-12-28,153,0.14,WorthPoint
indochinite-tektite,Tektite Indochinite. Assorted Lot. 137.9g Total Weight.,17.99,2019-12-16,137.9,0.13,WorthPoint
indochinite-tektite,TEKTITE Indochinite Dalat Vietnam 34g,14.99,2019-12-12,34,0.44,WorthPoint
indochinite-tektite,"Meteorite**Tektite, Indochinite**58.88 Grams, Museum Quality!!!",39.99,2019-12-06,58.88,0.68,WorthPoint
indochinite-tektite,"Meteorite**Tektite, Indochinite**33.12 Grams, Museum Quality!!!",29.99,2019-12-02,33.12,0.91,WorthPoint
indochinite-tektite,"(r365-1) 1-1/2"" Fulgurite Lightning Strike Beach Sand Glass Georgia Fulgurites",15.99,2019-11-30,,,WorthPoint
indochinite-tektite,TEKTITE Indochinite Dalat Vietnam 37g,14.99,2019-11-26,37,0.41,WorthPoint
indochinite-tektite,"(r363-11) 2 Fulgurites 1-5/8"" Lightning Strike Beach Sand Glass Georgia Set",18.99,2019-11-13,,,WorthPoint
indochinite-tektite,"(r363-19) 2 Fulgurites 1-5/8"" Lightning Strike Beach Sand Glass Georgia Set",18.99,2019-11-13,,,WorthPoint
indochinite-tektite,"Meteorite**Tektite, Indochinite**34.84 Grams, Museum Quality!!!",49.99,2019-11-10,34.84,1.43,WorthPoint
indochinite-tektite,A Larger Symmetrical 100% Natural Round / Oval Shaped Tektite! China 110gr E,20.99,2019-11-07,110,0.19,WorthPoint
indochinite-tektite,A Very Symmetrical 100% Natural Oval Or U.F.O. Shaped Tektite! China 95.5gr E,15.99,2019-10-26,95.5,0.17,WorthPoint
indochinite-tektite,"Meteorites: Allende, Gibeon, Canyon Diablo, Indochinite, Moldavite",35,2019-10-11,,,WorthPoint
indochinite-tektite,"(r365-19) 1-3/4"" Fulgurite Lightning Strike Beach Sand Glass Georgia Fulgurites",16.49,2019-10-10,,,WorthPoint
indochinite-tektite,Philippinite Tektite 255.53g AAA Deeply Grooved Soccer Ball From Meteorite Impac,215,2019-10-01,255.53,0.84,WorthPoint
indochinite-tektite,A Very Symmetrical 100% Natural Teardrop Shaped Tektite! Found In China 65.1gr E,15.99,2019-09-27,65.1,0.25,WorthPoint
indochinite-tektite,"(r362-35) 4 Fulgurites 1/2-1-1/8"" Lightning Strike Beach Sand Glass GA Specimens",22.99,2019-09-23,,,WorthPoint
indochinite-tektite,Philippinite Tektite 176.86g AAA Deeply Grooved Soccer Ball From Meteorite Impac,176.5,2019-09-07,176.86,1,WorthPoint
indochinite-tektite,Indochinite Tektites - 254.0 Gram Lot From Thailand,16.26,2019-09-03,254,0.06,WorthPoint
indochinite-tektite,"(r368-8) 2-3/8"" Fulgurite Lightning Strike Beach Sand Glass Georgia Specimen",22.99,2019-08-26,,,WorthPoint
indochinite-tektite,"12 Gram Thailandite Tektite: Australasian Strewn Field, Thailand - Nr!",18.5,2019-08-26,12,1.54,WorthPoint
indochinite-tektite,"(r365-106) 1-7/8"" Fulgurite Lightning Strike Beach Sand Glass Georgia Fulgurites",16.99,2019-08-25,,,WorthPoint
indochinite-tektite,Philippinite Tektite 153.01g AAA Deeply Grooved Soccer Ball From Meteorite Impac,129,2019-08-25,153.01,0.84,WorthPoint
indochinite-tektite,"Maoming City Tektite, China Tektites, 49.3 Grams",10,2019-08-20,49.3,0.2,WorthPoint
indochinite-tektite,"Maoming City Tektite, China Tektites, 70.1 Grams",15,2019-08-20,70.1,0.21,WorthPoint
indochinite-tektite,"(r365-109) 1-7/8"" Fulgurite Lightning Strike Beach Sand Glass Georgia Fulgurites",16.99,2019-08-20,,,WorthPoint
indochinite-tektite,"Indochinite, Paulin District, Thailand, Tektites, 121.3 Grams",10,2019-08-17,121.3,0.08,WorthPoint
indochinite-tektite,Indochinite Tektites - 204.5 Gram Lot From Thailand,21.16,2019-08-13,204.5,0.1,WorthPoint
indochinite-tektite,"(r365-22) 1-3/4"" Fulgurite Lightning Strike Beach Sand Glass Georgia Fulgurites",16.49,2019-08-11,,,WorthPoint
indochinite-tektite,"(r365-108) 1-7/8"" Fulgurite Lightning Strike Beach Sand Glass Georgia Fulgurites",16.99,2019-08-05,,,WorthPoint
indochinite-tektite,"Philippinite Tektite 57.33g Deeply Grooved Biscuit, Made By Meteorite Impactite",26,2019-08-03,57.33,0.45,WorthPoint
indochinite-tektite,"(r365-82) 1-7/8"" Fulgurite Lightning Strike Beach Sand Glass Georgia Fulgurites",16.99,2019-07-31,,,WorthPoint
indochinite-tektite,"(r365-8) 1-1/2"" Fulgurite Lightning Strike Beach Sand Glass Georgia Fulgurites",15.99,2019-07-30,,,WorthPoint
indochinite-tektite,Indochinite Tektites - 201.8 Gram Lot From Thailand,18.68,2019-07-23,201.8,0.09,WorthPoint
indochinite-tektite,"(r365-75) 1-7/8"" Fulgurite Lightning Strike Beach Sand Glass Georgia Fulgurites",16.99,2019-07-23,,,WorthPoint
indochinite-tektite,"(r364-29) 2 Fulgurites 1-5/8"" Lightning Strike Beach Dune Sand Glass Georgia",22.99,2019-07-22,,,WorthPoint
indochinite-tektite,"(r363-12) 2 Fulgurites 1-5/8"" Lightning Strike Beach Sand Glass Georgia Set",18.99,2019-07-02,,,WorthPoint
indochinite-tektite,"(r365-111) 1-7/8"" Fulgurite Lightning Strike Beach Sand Glass Georgia Fulgurites",16.99,2019-06-28,,,WorthPoint
indochinite-tektite,Indochinite Tektites - 201.7 Gram Lot From Thailand,18.25,2019-06-25,201.7,0.09,WorthPoint
indochinite-tektite,Indochinite Tektite Meteorite Display Specimen / Indonesia 012,12,2019-06-24,,,WorthPoint
indochinite-tektite,"(r365-9) 1-1/2"" Fulgurite Lightning Strike Beach Sand Glass Georgia Fulgurites",15.99,2019-06-23,,,WorthPoint
indochinite-tektite,"Philippinite Tektite 113.92g AAA Deeply Grooved Biscuit, Made By Meteorite Impac",111,2019-06-23,113.92,0.97,WorthPoint
indochinite-tektite,"(r365-4) 1-1/2"" Fulgurite Lightning Strike Beach Sand Glass Georgia Fulgurites",15.99,2019-06-18,,,WorthPoint
indochinite-tektite,"(r364-104) 1-1/8"" Fulgurite Lightning Strike Beach Sand Glass Georgia Fulgurites",14.99,2019-06-10,,,WorthPoint
indochinite-tektite,TEKTITE Indochinite Dalat Vietnam 26g,12.99,2019-06-09,26,0.5,WorthPoint
indochinite-tektite,"(r364-111) 1-1/8"" Fulgurite Lightning Strike Beach Sand Glass Georgia Fulgurites",14.99,2019-06-07,,,WorthPoint
indochinite-tektite,Indochinite Tektites - 199.6 Gram Lot From Thailand,31,2019-06-04,199.6,0.16,WorthPoint
indochinite-tektite,"Philippinite Tektite 59.69g AAA Deeply Grooved Biscuit, Made By Meteorite Impact",39,2019-06-01,59.69,0.65,WorthPoint
indochinite-tektite,"(r365-7) 1-1/2"" Fulgurite Lightning Strike Beach Sand Glass Georgia Fulgurites",15.99,2019-05-28,,,WorthPoint
indochinite-tektite,Indochinite Tektite Meteorite Impact Glass Formations 67 Grams TEK44,25.87,2019-05-28,67,0.39,WorthPoint
indochinite-tektite,"(r365-77) 1-7/8"" Fulgurite Lightning Strike Beach Sand Glass Georgia Fulgurites",16.99,2019-05-16,,,WorthPoint
indochinite-tektite,Indochinite Tektites - 203.1 Gram Lot From Thailand,18.35,2019-04-30,203.1,0.09,WorthPoint
indochinite-tektite,Vintage Thailand TEKTITE As Found From Meteorite Impact Indochinite Space Glass,59,2019-04-12,,,WorthPoint
indochinite-tektite,"Philippinite Tektite 103.83g AAA Deeply Grooved Biscuit, Made By Meteorite Impac",111,2019-04-08,103.83,1.07,WorthPoint
indochinite-tektite,Philippinite Tektite 40.69g Astounding Assymetrical Burger Impactite,15,2019-04-06,40.69,0.37,WorthPoint
indochinite-tektite,MOLDAVITE PENDANT $118 Tektite 925 Sterling Jewelry STARBORN CREATIONS MP118-M7,118,2019-04-04,,,WorthPoint
indochinite-tektite,"(r363-9) 2 Fulgurites 1-5/8"" Lightning Strike Beach Sand Glass Georgia Set",18.99,2019-04-01,,,WorthPoint
indochinite-tektite,"(r365-30) 1-3/4"" Fulgurite Lightning Strike Beach Sand Glass Georgia Fulgurites",16.49,2019-03-31,,,WorthPoint
indochinite-tektite,"Philippinite Tektite 106.08g AAA Deeply Grooved Biscuit, Made By Meteorite Impac",152.5,2019-03-30,106.08,1.44,WorthPoint
indochinite-tektite,Indochinite Tektite Earrings (I) Impact Glass Jewelry By Meteorite Men Steve,10.99,2019-03-20,,,WorthPoint
indochinite-tektite,Indochinite Tektites - 201.2 Gram Lot From Thailand,12.5,2019-03-19,201.2,0.06,WorthPoint
indochinite-tektite,Philippinite Tektite 205.22g AAA Deeply Grooved Soccer Ball From Meteorite Impac,325,2019-03-18,205.22,1.58,WorthPoint
indochinite-tektite,"Philippinite Tektite 71.16g Beautiful Assymetrical, Deeply Grooved Biscuit Impac",77,2019-03-16,71.16,1.08,WorthPoint
indochinite-tektite,"(r365-2) 1-1/2"" Fulgurite Lightning Strike Beach Sand Glass Georgia Fulgurites",15.99,2019-03-12,,,WorthPoint
indochinite-tektite,Indochinite Tektites - 203.7 Gram Lot From Thailand,26,2019-03-05,203.7,0.13,WorthPoint
indochinite-tektite,Philippinite Tektite 73.16g Beautiful Biscuit Impactite,23,2019-03-02,73.16,0.31,WorthPoint
indochinite-tektite,Indochinite Tektite (64g),11.85,2019-03-02,64,0.19,WorthPoint
indochinite-tektite,Tektite - Teardrop Indochinite 54mm,12,2019-02-26,,,WorthPoint
indochinite-tektite,Indochinite Tektite Individual 99.9 Grams,73.86,2019-02-20,99.9,0.74,WorthPoint
indochinite-tektite,Indochinite Tektites - 202.4 Gram Lot From Thailand,15.5,2019-02-19,202.4,0.08,WorthPoint
indochinite-tektite,"(r365-31) 1-3/4"" Fulgurite Lightning Strike Beach Sand Glass Georgia Fulgurites",16.49,2019-02-18,,,WorthPoint
indochinite-tektite,Indochinite Tektites - 196.7 Gram Lot From Thailand,16.5,2019-02-12,196.7,0.08,WorthPoint
indochinite-tektite,Philippinite Tektite 71.06g Beautiful Assymetrical Biscuit Impactite,17,2019-02-09,71.06,0.24,WorthPoint
indochinite-tektite,"(r365-13) 1-1/2"" Fulgurite Lightning Strike Beach Sand Glass Georgia Fulgurites",15.99,2019-02-08,,,WorthPoint
indochinite-tektite,Indochinite Tektites - 200.0 Gram Lot From Thailand,27,2019-02-05,200,0.14,WorthPoint
indochinite-tektite,79 GRAMS Tektite Flanged Button Natural Black Indochinite Meteorite (RARE),31.51,2019-01-27,79,0.4,WorthPoint
indochinite-tektite,Indochinite Tektite Meteorite Impact Glass Formations 48 Grams TEK40,23.75,2019-01-26,48,0.49,WorthPoint
indochinite-tektite,Philippinite Tektite 32.80g Beautiful Assymetrical Biscuit Impactite,10,2019-01-26,32.8,0.3,WorthPoint
indochinite-tektite,Philippinite Tektite 61.79g Beautiful Assymetrical Biscuit Impactite,20,2019-01-19,61.79,0.32,WorthPoint
indochinite-tektite,Large Meteorite Collection Estate Sale - 45 Pieces Total,225,2019-01-14,,,WorthPoint
indochinite-tektite,"(r365-71) 1-7/8"" Fulgurite Lightning Strike Beach Sand Glass Georgia Fulgurites",16.99,2019-01-14,,,WorthPoint
indochinite-tektite,Nininger Indochinite Tektite #32v387 - Vietnam - 4.1 Grams,30,2019-01-13,4.1,7.32,WorthPoint
indochinite-tektite,"(r365-72) 1-7/8"" Fulgurite Lightning Strike Beach Sand Glass Georgia Fulgurites",16.99,2019-01-10,,,WorthPoint
indochinite-tektite,"(r364-20) 1-5/8"" - 2 Fulgurites Lightning Strike Beach Sand Glass GA Fulgurite",22.99,2019-01-08,,,WorthPoint
indochinite-tektite,20mm INDOCHINITE TEKTITE 9.55g; Thailand; ORGONE;METAPHYSICAL;MAGIC;WICCA #10,11.99,2019-01-06,9.55,1.26,WorthPoint
indochinite-tektite,Philippinite Tektite 64.58g Beautiful Assymetrical Biscuit Impactite,15,2019-01-05,64.58,0.23,WorthPoint
indochinite-tektite,"(r365-76) 1-7/8"" Fulgurite Lightning Strike Beach Sand Glass Georgia Fulgurites",16.99,2019-01-05,,,WorthPoint
indochinite-tektite,"R399-19-1) 5.25"" Fossil Fulgurite Petrified Lightning Strike Beach Sand Glass GA",35.99,2019-01-02,,,WorthPoint
indochinite-tektite,Philippinite Tektite 41.49g Beautiful Bisquit Shaped Impactite,13,2018-12-28,41.49,0.31,WorthPoint
indochinite-tektite,"Indochinite Tektite, China 205 Grams From Mark Bostick (not A Meteorite)",46.5,2018-12-23,205,0.23,WorthPoint
indochinite-tektite,Philippinite Tektite 42.93g Beautiful Rod Shaped Impactite,13,2018-12-22,42.93,0.3,WorthPoint
indochinite-tektite,"(R399-5) 2"" Fossil Fulgurite Petrified Lightning Strike Beach Sand Glass GA",18.99,2018-12-22,,,WorthPoint
indochinite-tektite,"(r365-43) 1-7/8"" Fulgurite Lightning Strike Beach Sand Dune Glass GA Fulgurites",16.99,2018-12-19,,,WorthPoint
indochinite-tektite,"(r364-103) 1-1/8"" Fulgurite Lightning Strike Beach Sand Glass Georgia Fulgurites",14.99,2018-12-18,,,WorthPoint
indochinite-tektite,"(r366-53) 2-1/8"" Fulgurite Lightning Strike Beach Sand Dune Glass GA Fulgurites",18.99,2018-12-18,,,WorthPoint
indochinite-tektite,"(r365-79) 1-7/8"" Fulgurite Lightning Strike Beach Sand Glass Georgia Fulgurites",16.99,2018-12-18,,,WorthPoint
indochinite-tektite,"(r364-100) 1-1/8"" Fulgurite Lightning Strike Beach Sand Glass Georgia Fulgurites",14.99,2018-12-17,,,WorthPoint
indochinite-tektite,Nininger Indochinite Tektite #32v197 - Vietnam - 8.8 Grams,50,2018-12-11,8.8,5.68,WorthPoint
indochinite-tektite,Philippinite Tektite 51.74g Beautiful Biscuit Shape Impactite,20,2018-12-09,51.74,0.39,WorthPoint
indochinite-tektite,Philippinite Tektite 158.35g Magnificent Mushroom Shape Impactite,51,2018-12-08,158.35,0.32,WorthPoint
indochinite-tektite,Philippinite Tektite 32.83g Beautiful Biscuit Shape Impactite,21.5,2018-12-08,32.83,0.65,WorthPoint
indochinite-tektite,Munalma33,11.88,2018-11-30,,,WorthPoint
indochinite-tektite,Philippinite Tektite 177.02g Beautiful Breadcrust Shape Impactite,46,2018-11-27,177.02,0.26,WorthPoint
indochinite-tektite,Indochinite Tektite Individual 113.8 Grams,99,2018-11-25,113.8,0.87,WorthPoint
indochinite-tektite,"Philippinite Tektite 196.16g Unique, Anomalous Shape Impactite",41,2018-11-24,196.16,0.21,WorthPoint
indochinite-tektite,Philippinite Tektite 168.66g Beautiful Soccerball Shape Impactite,46,2018-11-18,168.66,0.27,WorthPoint
indochinite-tektite,"Philippinite Tektite 219.80g Unique, Anomalous Shape Impactite",46,2018-11-14,219.8,0.21,WorthPoint
indochinite-tektite,"(R399-17) 4-1/4"" Fossil Fulgurite Petrified Lightning Strike Beach Sand Glass GA",26.99,2018-11-14,,,WorthPoint
indochinite-tektite,"(r365-6) 1-1/2"" Fulgurite Lightning Strike Beach Sand Glass Georgia Fulgurites",15.99,2018-11-12,,,WorthPoint
indochinite-tektite,"(r365-14) 1-1/2"" Fulgurite Lightning Strike Beach Sand Glass Georgia Fulgurites",15.99,2018-11-08,,,WorthPoint
indochinite-tektite,Mystic Treasures: 17.5ct Natural Indochinite Tektite Hand Forged Pendant .925 SS,59,2018-10-23,3.5,16.86,WorthPoint
indochinite-tektite,Philippinite Tektite 204.83g Beautiful Breadcrusted Scarab Impactite,50,2018-10-20,204.83,0.24,WorthPoint
indochinite-tektite,"(r368-10) 2-3/8"" Fulgurite Lightning Strike Beach Sand Glass Georgia Specimen",22.99,2018-10-17,,,WorthPoint
indochinite-tektite,"(r366-34) 2-1/8"" Fulgurite Lightning Strike Beach Sand Dune Glass GA Fulgurites",18.99,2018-10-14,,,WorthPoint
indochinite-tektite,Philippinite Tektite 92.85g Impactite W/ Intriguingly Anomalous Shape,26,2018-10-13,92.85,0.28,WorthPoint
indochinite-tektite,Philippinite Tektite 254.47g Beautiful Breadcrusted Soccerball Impactite,65,2018-10-13,254.47,0.26,WorthPoint
indochinite-tektite,"(r365-5) 1-1/2"" Fulgurite Lightning Strike Beach Sand Glass Georgia Fulgurites",15.99,2018-10-11,,,WorthPoint
indochinite-tektite,Nininger Indochinite Tektite #14v249 - Vietnam - 9.5 Grams,50,2018-10-09,9.5,5.26,WorthPoint
indochinite-tektite,Nininger Indochinite Tektite #35v603 - Vietnam - With Writing Sample,120,2018-10-09,,,WorthPoint
indochinite-tektite,"Stone Specimens W/ Diogenite Meteorite,",59,2018-10-06,,,WorthPoint
indochinite-tektite,"(R399-21) 9"" Fossil Fulgurite Petrified Lightning Strike Beach Sand Glass GA",55.99,2018-10-03,,,WorthPoint
indochinite-tektite,"(r365-27) 1-3/4"" Fulgurite Lightning Strike Beach Sand Glass Georgia Fulgurites",16.49,2018-09-20,,,WorthPoint
indochinite-tektite,"Meteorite**Tektite, Indochinite**8.30 Gram Individual, High Quality!!!",16.5,2018-09-03,8.3,1.99,WorthPoint
indochinite-tektite,"(r365-12) 1-1/2"" Fulgurite Lightning Strike Beach Sand Glass Georgia Fulgurites",15.99,2018-09-01,,,WorthPoint
indochinite-tektite,15.3g BICOLITE TEKTITE AAA Grade Meteor Impact Glass!! From The Phillippines!S,15.99,2018-09-01,15.3,1.05,WorthPoint
indochinite-tektite,"(r365-26) 1-3/4"" Fulgurite Lightning Strike Beach Sand Glass Georgia Fulgurites",16.49,2018-08-25,,,WorthPoint
indochinite-tektite,Meteorite Rough Stone Mineral Natural Black Tektite Moldavite Thailand Rock.,34,2018-08-24,,,WorthPoint
indochinite-tektite,3pcs. LOT TEKTITE PENDANT= Natural BLACK TEKTITE(Meteorite)=Silver Plated#S01622,12.5,2018-08-23,,,WorthPoint
indochinite-tektite,"152g 3.3"" BIG/FLAT OVAL NATURAL BLACK TEKTITE ROUGH(METEORITE) #MA0182",89.5,2018-08-23,152,0.59,WorthPoint
indochinite-tektite,414g == BIG RARE AUSTRALASIAN MUONG NONG TEKTITE (METEORITE) THAILAND #S01935,51,2018-08-22,414,0.12,WorthPoint
indochinite-tektite,70g - BIG STRANGE ONION TEKTITE NATURAL ROUGH (METEORITE) SPACE ROCK #S01960,16.5,2018-08-22,70,0.24,WorthPoint
indochinite-tektite,108g == RARE AUSTRALASIAN MUONG NONG TEKTITE (METEORITE) THAILAND #S00764,43.5,2018-08-22,108,0.4,WorthPoint
indochinite-tektite,241g == BIG RARE AUSTRALASIAN MUONG NONG TEKTITE (METEORITE) THAILAND #S02058,24.99,2018-08-21,241,0.1,WorthPoint
indochinite-tektite,"56g - ""LONG TEARDROP"" ROCK TEKTITE NATURAL ROUGH (METEORITE)SPACE ROCK #S02063",14.5,2018-08-21,56,0.26,WorthPoint
indochinite-tektite,51g ORIGINAL BLACK NATURAL THAILAND TEKTITE ROUGH (METEORITE) SPACE ROCK #S01605,11.5,2018-08-20,51,0.23,WorthPoint
indochinite-tektite,1 VERY LARGE CINTAMANI SAFFORDITE TEKTITE HEALING STONE 88.52g .Meteorite,38,2018-08-20,88.52,0.43,WorthPoint
indochinite-tektite,Lot 1 Kg 41 Pcs. Size; 9 To 59 G. Black Tektite Stone Original From Thailand,179,2018-08-20,59,3.03,WorthPoint
indochinite-tektite,46g AWESOME BLACK NATURAL THAILAND TEKTITE ROUGH (METEORITE) SPACE ROCK #S01611,11.5,2018-08-19,46,0.25,WorthPoint
indochinite-tektite,1 Set Of 3 CINTAMANI SAFFORDITE TEKTITE HEALING STONE 44.01g .Meteorite,15.5,2018-08-18,44.01,0.35,WorthPoint
indochinite-tektite,31g ORIGINAL TEARDROP BLACK NATURAL THAILAND TEKTITE ROUGH (METEORITE) #S01697,12.99,2018-08-18,31,0.42,WorthPoint
indochinite-tektite,2pcs. LOT TEKTITE PENDANT= Natural BLACK TEKTITE(Meteorite)=Silver Plated#S01702,12.5,2018-08-18,,,WorthPoint
indochinite-tektite,"8g ""NICE AMAZING ORANGE SPOT"" ORIGINAL NATURAL TEKTITE ROUGH METEORITE #S00512",12.5,2018-08-18,8,1.56,WorthPoint
indochinite-tektite,"110g 3.0"" BIG OVAL ORIGINAL NATURAL BLACK TEKTITE ROUGH(METEORITE) #MA3452",88.5,2018-08-17,110,0.8,WorthPoint
indochinite-tektite,55g ORIGINAL BLACK NATURAL THAILAND TEKTITE ROUGH (METEORITE) SPACE ROCK #S00487,39.5,2018-08-17,55,0.72,WorthPoint
indochinite-tektite,1 VERY LARGE CINTAMANI SAFFORDITE TEKTITE HEALING STONE 67.35g .Meteorite,29,2018-08-11,67.35,0.43,WorthPoint
indochinite-tektite,1 VERY LARGE CINTAMANI SAFFORDITE TEKTITE HEALING STONE 70.48g. Meteorite,36,2018-08-10,70.48,0.51,WorthPoint
indochinite-tektite,"93g 2.4"" BIG OVAL ORIGINAL NATURAL BLACK TEKTITE ROUGH(METEORITE) #SO0486",65.5,2018-08-10,93,0.7,WorthPoint
indochinite-tektite,1 VERY LARGE CINTAMANI SAFFORDITE TEKTITE HEALING STONE 73.87g .Meteorite,20,2018-08-09,73.87,0.27,WorthPoint
indochinite-tektite,1 VERY LARGE CINTAMANI SAFFORDITE TEKTITE HEALING STONE 98.67g .Meteorite,47,2018-08-08,98.67,0.48,WorthPoint
indochinite-tektite,152g == BIG RARE AUSTRALASIAN MUONG NONG TEKTITE (METEORITE) THAILAND #S01033,19.99,2018-08-07,152,0.13,WorthPoint
indochinite-tektite,298g == BIG RARE AUSTRALASIAN MUONG NONG TEKTITE (METEORITE) THAILAND #S00990,29.99,2018-08-06,298,0.1,WorthPoint
indochinite-tektite,125g - PERFECT BIG JUMBO SMOOTH ROUND TEKTITE NATURAL ROUGH (METEORITE) #S00919,24.99,2018-08-04,125,0.2,WorthPoint
indochinite-tektite,25mm INDOCHINITE TEKTITE 12.35g; Thailand; ORGONE;METAPHYSICAL;MAGIC;WICCA #13,11.99,2018-08-02,12.35,0.97,WorthPoint
indochinite-tektite,268g ==BIG RARE AUSTRALASIAN MUONG NONG TEKTITE (METEORITE) THAILAND #S01782,29.99,2018-07-31,268,0.11,WorthPoint
indochinite-tektite,30g GOOD OVEL SHAPE ORIGINAL NATURAL BLACK TEKTITE ROUGH(METEORITE) #MA3993,23.6,2018-07-29,30,0.79,WorthPoint
indochinite-tektite,316g ==BIG RARE AUSTRALASIAN MUONG NONG TEKTITE (METEORITE) THAILAND #S01764,29.99,2018-07-28,316,0.09,WorthPoint
indochinite-tektite,44g - BIG STRANGE TEARDROP TEKTITE NATURAL ROUGH (METEORITE) SPACE ROCK #S01757,19.99,2018-07-28,44,0.45,WorthPoint
indochinite-tektite,249g == BIG RARE AUSTRALASIAN MUONG NONG TEKTITE (METEORITE) THAILAND #S01545,29.99,2018-07-26,249,0.12,WorthPoint
indochinite-tektite,105g == RARE AUSTRALASIAN MUONG NONG TEKTITE (METEORITE) THAILAND #S00763,25,2018-07-26,105,0.24,WorthPoint
indochinite-tektite,1 VERY LARGE CINTAMANI SAFFORDITE TEKTITE HEALING STONE 73.39g .Meteorite,32.95,2018-07-26,73.39,0.45,WorthPoint
indochinite-tektite,1 Set Of 6 CINTAMANI SAFFORDITE TEKTITE HEALING STONE 68.26g.Meteorite,21.25,2018-07-26,68.26,0.31,WorthPoint
indochinite-tektite,Tektite Stony Iron Meteorite Space Rock Specimen Cielo Moon Genuine Rare 135g,41,2018-07-23,135,0.3,WorthPoint
indochinite-tektite,68g - BEST SUPER BALL TEKTITE NATURAL ROUGH (METEORITE) SPACE ROCK #S01450,19.99,2018-07-22,68,0.29,WorthPoint
indochinite-tektite,76g. SUPER EGG ROCK TEKTITE NATURAL ROUGH (METEORITE) SPACE ROCK #S01394,14.99,2018-07-18,76,0.2,WorthPoint
indochinite-tektite,285g ==BIG RARE AUSTRALASIAN MUONG NONG TEKTITE (METEORITE) THAILAND #S00908,36.99,2018-07-14,285,0.13,WorthPoint
indochinite-tektite,30G Bermuda Triangle Tektites Meteorite Thailand Very Rare Unique Teardrop Curve,30,2018-07-14,30,1,WorthPoint
indochinite-tektite,163g == BIG RARE AUSTRALASIAN MUONG NONG TEKTITE (METEORITE) THAILAND #S01261,19.99,2018-07-11,163,0.12,WorthPoint
indochinite-tektite,75g - PERFECT BIG STRANGE TEARDROP TEKTITE NATURAL ROUGH (METEORITE) #S01346,29.99,2018-07-10,75,0.4,WorthPoint
indochinite-tektite,143g == BIG RARE AUSTRALASIAN MUONG NONG TEKTITE (METEORITE) THAILAND #S01313,17.99,2018-07-08,143,0.13,WorthPoint
indochinite-tektite,81g - BEST BIG ROUND TEKTITE NATURAL ROUGH (METEORITE) #S01355,14.99,2018-07-08,81,0.19,WorthPoint
indochinite-tektite,"(r367-30) 2-1/4"" Fulgurite Lightning Strike Beach Sand Dune Glass GA Specimen",20.99,2018-07-08,,,WorthPoint
indochinite-tektite,109g ==BIG RARE AUSTRALASIAN MUONG NONG TEKTITE (METEORITE) THAILAND #S00743,34.8,2018-07-08,109,0.32,WorthPoint
indochinite-tektite,155g == BIG RARE AUSTRALASIAN MUONG NONG TEKTITE (METEORITE) THAILAND #S01068,17.99,2018-07-05,155,0.12,WorthPoint
indochinite-tektite,64g ORIGINAL BAR SMOOTH BLACK NATURAL THAILAND TEKTITE ROUGH (METEORITE) #S01119,14.99,2018-07-02,64,0.23,WorthPoint
indochinite-tektite,Philippinite Tektite 25.76g Impactite W/ Intriguingly Anomalous Shape,26,2018-07-02,25.76,1.01,WorthPoint
indochinite-tektite,494g == BIG RARE AUSTRALASIAN MUONG NONG TEKTITE (METEORITE) THAILAND #S01061,39.99,2018-07-01,494,0.08,WorthPoint
indochinite-tektite,66g AWESOME BLACK NATURAL THAILAND TEKTITE ROUGH (METEORITE) SPACE ROCK #S01009,12.99,2018-06-29,66,0.2,WorthPoint
indochinite-tektite,294g ==BIG RARE AUSTRALASIAN MUONG NONG TEKTITE (METEORITE) THAILAND #S00781,70.5,2018-06-29,294,0.24,WorthPoint
indochinite-tektite,"(r365-18r) 1-1/2"" Fulgurite Lightning Strike Beach Sand Glass Georgia Fulgurites",15.99,2018-06-29,,,WorthPoint
indochinite-tektite,92g == RARE AUSTRALASIAN MUONG NONG TEKTITE (METEORITE) THAILAND #S00767,21.9,2018-06-28,92,0.24,WorthPoint
indochinite-tektite,187g ==BIG RARE AUSTRALASIAN MUONG NONG TEKTITE (METEORITE) THAILAND #S00772,44.7,2018-06-27,187,0.24,WorthPoint
indochinite-tektite,51g - PERFECT SMOOTH ROUND TEKTITE NATURAL ROUGH (METEORITE) #S00851,33.3,2018-06-25,51,0.65,WorthPoint
indochinite-tektite,371g =SUPER BIG RARE AUSTRALASIAN MUONG NONG TEKTITE (METEORITE) THAILAND#S00489,23.7,2018-06-24,371,0.06,WorthPoint
indochinite-tektite,Philippinite Tektite 159.59g Beautiful Breadcrusted Soccerball Impactite,150,2018-06-23,159.59,0.94,WorthPoint
indochinite-tektite,"5.8g ""THE HOLE"" ORIGINAL NATURAL BLACK TEKTITE ROUGH(METEORITE)SPACE ROCK#S00170",35.7,2018-06-21,5.8,6.16,WorthPoint
indochinite-tektite,32g QUALITY ORIGINAL NATURAL BLACK TEKTITE ROUGH(METEORITE)SPACE ROCK#MA4189,11.7,2018-06-21,32,0.37,WorthPoint
indochinite-tektite,31g QUALITY ORIGINAL NATURAL BLACK TEKTITE ROUGH(METEORITE)SPACE ROCK#MA3860,11.7,2018-06-21,31,0.38,WorthPoint
indochinite-tektite,81g == RARE AUSTRALASIAN MUONG NONG TEKTITE (METEORITE) THAILAND #S00880,10.49,2018-06-19,81,0.13,WorthPoint
indochinite-tektite,Philippinite Tektite 18.80g Bisquit Impactite,13,2018-06-18,18.8,0.69,WorthPoint
indochinite-tektite,89g == RARE AUSTRALASIAN MUONG NONG TEKTITE (METEORITE) THAILAND #S00768,21.3,2018-06-17,89,0.24,WorthPoint
indochinite-tektite,90g - PERFECT BIG STRANGE TEARDROP TEKTITE NATURAL ROUGH (METEORITE) #S00861,39.99,2018-06-17,90,0.44,WorthPoint
indochinite-tektite,Philippinite Tektite 35.65g Bisquit Impactite,10,2018-06-16,35.65,0.28,WorthPoint
indochinite-tektite,76g - STRANGE TEARDROP TEKTITE NATURAL ROUGH (METEORITE) #S00844,14.99,2018-06-12,76,0.2,WorthPoint
indochinite-tektite,4pcs. LOT TEKTITE PENDANT= Natural BLACK TEKTITE(Meteorite)=Silver Plated#S00827,12.99,2018-06-12,,,WorthPoint
indochinite-tektite,75g ORIGINAL BLACK NATURAL THAILAND TEKTITE ROUGH (METEORITE) SPACE ROCK #S00914,13.5,2018-06-11,75,0.18,WorthPoint
indochinite-tektite,144g - PERFECT BIG & FLAT OVAL TEKTITE NATURAL ROUGH (METEORITE) #S00847,38,2018-06-10,144,0.26,WorthPoint
indochinite-tektite,"(r383-2) 4-3/8"" Fulgurite Lightning Strike Beach Sand Glass GA Display Specimen",58.99,2018-06-10,,,WorthPoint
indochinite-tektite,141g -BEST BIG JUMBO OVAL TEKTITE NATURAL ROUGH (METEORITE) #S00815,29.99,2018-06-09,141,0.21,WorthPoint
indochinite-tektite,288g ==BIG RARE AUSTRALASIAN MUONG NONG TEKTITE (METEORITE) THAILAND #S00786,69.3,2018-06-09,288,0.24,WorthPoint
indochinite-tektite,"(r364-102) 1-1/8"" Fulgurite Lightning Strike Beach Sand Glass Georgia Fulgurites",14.99,2018-06-09,,,WorthPoint
indochinite-tektite,248g ==BIG RARE AUSTRALASIAN MUONG NONG TEKTITE (METEORITE) THAILAND #S00530,62,2018-06-06,248,0.25,WorthPoint
indochinite-tektite,"69g 3.5"" BIG DUMBBELL ORIGINAL NATURAL BLACK TEKTITE ROUGH(METEORITE) #MA0178",47.7,2018-06-04,69,0.69,WorthPoint
indochinite-tektite,41g BLACK NATURAL THAILAND TEKTITE ROUGH (METEORITE) SPACE ROCK #S00482,10,2018-06-04,41,0.24,WorthPoint
indochinite-tektite,"Large Size, Indochinite Tektite, China 261.6 Grams From Mark Bostick",60,2018-06-04,261.6,0.23,WorthPoint
indochinite-tektite,73g -BEST OF PERFECT ROUND TEKTITE NATURAL ROUGH (METEORITE) #S00502,10.5,2018-06-02,73,0.14,WorthPoint
indochinite-tektite,Indochinite Tektite Individual 45.9 Grams,42.9,2018-06-02,45.9,0.93,WorthPoint
indochinite-tektite,67g BIG BLACK NATURAL THAILAND TEKTITE ROUGH (METEORITE) SPACE ROCK #S00469,10.5,2018-06-01,67,0.16,WorthPoint
indochinite-tektite,50g CYLINDER TEARDROP A++ ORIGINAL NATURAL BLACK TEKTITE ROUGH(METEORITE)#MA4550,27.3,2018-06-01,50,0.55,WorthPoint
indochinite-tektite,253g ==BIG RARE AUSTRALASIAN MUONG NONG TEKTITE (METEORITE) THAILAND #S00403,20.5,2018-05-31,253,0.08,WorthPoint
indochinite-tektite,73g ==BIG RARE AUSTRALASIAN MUONG NONG TEKTITE (METEORITE) THAILAND #S00384,14.99,2018-05-29,73,0.21,WorthPoint
indochinite-tektite,56g BLACK NATURAL THAILAND TEKTITE ROUGH (METEORITE) SPACE ROCK #S00348,10.5,2018-05-27,56,0.19,WorthPoint
indochinite-tektite,"2.1"" TEKTITE PENDANT== Natural BLACK TEKTITE(Meteorite)= Silver Plated #S00342",10.5,2018-05-26,,,WorthPoint
indochinite-tektite,R398-6) 2 Pieces Fossil Fulgurite Petrified Lightning Strike Beach Sand Glass GA,18.99,2018-05-25,,,WorthPoint
indochinite-tektite,"(R399-16) 4"" Fossil Fulgurite Petrified Lightning Strike Beach Sand Glass GA",26.99,2018-05-25,,,WorthPoint
indochinite-tektite,Indochinite Tektite Individual 46.1 Grams,42.9,2018-05-23,46.1,0.93,WorthPoint
indochinite-tektite,Indochinite Tektite Individual 25.3 Grams,25.3,2018-05-23,25.3,1,WorthPoint
indochinite-tektite,25g PEANUT SHAPE ORIGINAL NATURAL BLACK TEKTITE ROUGH(METEORITE) #MA4512,11.7,2018-05-22,25,0.47,WorthPoint
indochinite-tektite,80g. BIG GREAT ROUND ORIGINAL NATURAL BLACK TEKTITE ROUGH(METEORITE) #SO0506,47.7,2018-05-10,80,0.6,WorthPoint
indochinite-tektite,TEKTITE Indochinite Dalat Vietnam 45g,11.99,2018-04-30,45,0.27,WorthPoint
indochinite-tektite,25g AWESOME BLACK NATURAL THAILAND TEKTITE ROUGH (METEORITE) SPACE ROCK #SO0485,15.3,2018-04-27,25,0.61,WorthPoint
indochinite-tektite,"(R399-17-2) 4"" Fossil Fulgurite Petrified Lightning Strike Beach Sand Glass GA",26.99,2018-04-26,,,WorthPoint
indochinite-tektite,54g. GREAT ROUND ORIGINAL NATURAL BLACK TEKTITE ROUGH(METEORITE) #SO0503,26.7,2018-04-24,54,0.49,WorthPoint
indochinite-tektite,"85g 3.7"" BIG DUMBBELL ORIGINAL NATURAL BLACK TEKTITE ROUGH(METEORITE) #MA0185",47.7,2018-04-24,85,0.56,WorthPoint
indochinite-tektite,110g BIG OVAL-BOWL ORIGINAL NATURAL BLACK TEKTITE ROUGH(METEORITE) #MA0184,53.7,2018-04-24,110,0.49,WorthPoint
indochinite-tektite,Dumbbell Tektite 128.58g Splashform Impactite Created By Meteorite Impact,125,2018-04-21,128.58,0.97,WorthPoint
indochinite-tektite,TEKTITE Indochinite Dalat Vietnam 33g,14.99,2018-04-20,33,0.45,WorthPoint
indochinite-tektite,Indochinite Tektite Individual 50 Grams,42,2018-04-19,50,0.84,WorthPoint
indochinite-tektite,"26g 2.2"" TEARDROP ORIGINAL NATURAL BLACK TEKTITE ROUGH(METEORITE) #MA5394",21.3,2018-04-18,26,0.82,WorthPoint
indochinite-tektite,"2.6"" TEARDROP ORIGINAL NATURAL BLACK TEKTITE ROUGH(METEORITE) 23g #MA0158",23.7,2018-04-18,23,1.03,WorthPoint
indochinite-tektite,35g NICE OVEL SHAPE ORIGINAL NATURAL BLACK TEKTITE ROUGH(METEORITE)#MA4021,17.7,2018-04-13,35,0.51,WorthPoint
indochinite-tektite,54g QUALITY ORIGINAL NATURAL BLACK TEKTITE ROUGH(METEORITE)SPACE ROCK#MA5378,16.5,2018-04-08,54,0.31,WorthPoint
indochinite-tektite,44g ROUND SHAPE ORIGINAL NATURAL BLACK TEKTITE ROUGH(METEORITE) #MA0151,17.7,2018-04-07,44,0.4,WorthPoint
indochinite-tektite,"(r365-103) 1-7/8"" Fulgurite Lightning Strike Beach Sand Glass Georgia Fulgurites",16.99,2018-04-06,,,WorthPoint
indochinite-tektite,"(r365-102) 1-7/8"" Fulgurite Lightning Strike Beach Sand Glass Georgia Fulgurites",16.99,2018-04-06,,,WorthPoint
indochinite-tektite,Lot Of 800 Grams. 18 Pcs. Large Black Tektite Stone From Thailand,149,2018-03-26,800,0.19,WorthPoint
indochinite-tektite,Indochinite Huge Tectite 189.5g #OTHER786,59,2018-03-24,189.5,0.31,WorthPoint
indochinite-tektite,35g NICE EYE BUBBLE ORIGINAL NATURAL BLACK TEKTITE ROUGH(METEORITE) #MA3992,17.7,2018-03-23,35,0.51,WorthPoint
indochinite-tektite,37g QUALITY ORIGINAL NATURAL BLACK TEKTITE ROUGH(METEORITE)SPACE ROCK#MA3632,15.3,2018-03-23,37,0.41,WorthPoint
indochinite-tektite,28g EGG QUALITY ORIGINAL NATURAL BLACK TEKTITE ROUGH(METEORITE)SPACE ROCK#MA4018,11.7,2018-03-23,28,0.42,WorthPoint
indochinite-tektite,27g NICE BLACK HOLE EYE ORIGINAL NATURAL BLACK TEKTITE ROUGH(METEORITE) #MA5368,11.7,2018-03-23,27,0.43,WorthPoint
indochinite-tektite,29g QUALITY ORIGINAL NATURAL BLACK TEKTITE ROUGH(METEORITE)SPACE ROCK#MA5386,11.7,2018-03-23,29,0.4,WorthPoint
indochinite-tektite,33g QUALITY ORIGINAL NATURAL BLACK TEKTITE ROUGH(METEORITE)SPACE ROCK#MA3431,10.5,2018-03-23,33,0.32,WorthPoint
indochinite-tektite,26g QUALITY ORIGINAL NATURAL BLACK TEKTITE ROUGH(METEORITE)SPACE ROCK#MA5389,10.5,2018-03-23,26,0.4,WorthPoint
indochinite-tektite,"24g 2.1"" CHILLI PAPPER ORIGINAL NATURAL BLACK TEKTITE ROUGH(METEORITE) #MA4190",11.7,2018-03-23,24,0.49,WorthPoint
indochinite-tektite,35g AWESOME BLACK NATURAL THAILAND TEKTITE ROUGH (METEORITE) SPACE ROCK #MA5370,14.7,2018-03-23,35,0.42,WorthPoint
indochinite-tektite,35g QUALITY ORIGINAL NATURAL BLACK TEKTITE ROUGH(METEORITE)SPACE ROCK#MA4007,13.5,2018-03-23,35,0.39,WorthPoint
indochinite-tektite,"(r365-29) 1-3/4"" Fulgurite Lightning Strike Beach Sand Glass Georgia Fulgurites",16.49,2018-03-21,,,WorthPoint
indochinite-tektite,175g RARE AUSTRALASIAN MUONG NONG TEKTITE (METEORITE) THAILAND ROCK SPACE#MA0044,41.7,2018-03-13,175,0.24,WorthPoint
indochinite-tektite,"102g 4"" DUMBBELL ORIGINAL NATURAL BLACK TEKTITE ROUGH(METEORITE) #MA0153",47.7,2018-03-09,102,0.47,WorthPoint
indochinite-tektite,58g ROUND SHAPE ORIGINAL NATURAL BLACK TEKTITE ROUGH(METEORITE) #MA3420,21.3,2018-03-09,58,0.37,WorthPoint
indochinite-tektite,41g AWESOME BLACK NATURAL THAILAND TEKTITE ROUGH (METEORITE) SPACE ROCK #MA3998,20.1,2018-03-08,41,0.49,WorthPoint
indochinite-tektite,TEKTITE Indochinite Dalat Vietnam 29g,14.99,2018-03-08,29,0.52,WorthPoint
indochinite-tektite,"Phillippinite Tektite Sphere, 29 Grams, 1-1/8"" Diameter, Rizalite",25.99,2018-03-08,29,0.9,WorthPoint
indochinite-tektite,Lot Of 700 Grams. 20 Pcs. Black Tektite Stone From Thailand,49.99,2018-03-08,700,0.07,WorthPoint
indochinite-tektite,64g NICE RIZALITE PHILIPPINITE TEKTITE(Meteorite)SPACE ROCK #sf050,42.3,2018-03-05,64,0.66,WorthPoint
indochinite-tektite,38g NICE RIZALITE PHILIPPINITE TEKTITE(Meteorite)SPACE ROCK #sf054,31.05,2018-03-04,38,0.82,WorthPoint
indochinite-tektite,24g DUMBELL SHAPE QUALITY ORIGINAL NATURAL BLACK TEKTITE ROUGH(METEORITE)#MA4530,11.1,2018-03-04,24,0.46,WorthPoint
indochinite-tektite,"(r367-24) 2-1/4"" Fulgurite Lightning Strike Beach Sand Dune Glass GA Specimen",20.99,2018-03-03,,,WorthPoint
indochinite-tektite,Indochinite Tektite Specimen - 21g Stubby Rod,10.5,2018-03-02,21,0.5,WorthPoint
indochinite-tektite,34g QUALITY ORIGINAL NATURAL BLACK TEKTITE ROUGH(METEORITE)SPACE ROCK#MA3629,10.5,2018-02-27,34,0.31,WorthPoint
indochinite-tektite,A Nice And 100% Natural Rizalite Or Bikolite TEKTITE! From Philippines 36.4gr,24.99,2018-02-27,36.4,0.69,WorthPoint
indochinite-tektite,90g MUSEUM GRADE ORIGINAL NATURAL BLACK TEKTITE ROUGH(METEORITE) #MA0152,93,2018-02-26,90,1.03,WorthPoint
indochinite-tektite,69g BAR RIZALITE PHILIPPINITE TEKTITE(Meteorite)SPACE ROCK #sf049,51.3,2018-02-26,69,0.74,WorthPoint
indochinite-tektite,Tektite Black Meteorite Impact Glass Impact Crystal Bicolite Shambala 90g.,20,2018-02-25,90,0.22,WorthPoint
indochinite-tektite,35g BAR ORIGINAL NATURAL BLACK TEKTITE ROUGH(METEORITE)SPACE ROCK#MA4192,13.5,2018-02-24,35,0.39,WorthPoint
indochinite-tektite,Translucent Green Tektite Bubble Fragment * CLEAR *,14.5,2018-02-22,,,WorthPoint
indochinite-tektite,56g NICE BLACK BALL SHAPE ORIGINAL NATURAL BLACK TEKTITE ROUGH(METEORITE)#MA5382,29.7,2018-02-22,56,0.53,WorthPoint
indochinite-tektite,21g NICE MINI TEARDROP ORIGINAL NATURAL BLACK TEKTITE ROUGH(METEORITE) #MA4180,11.7,2018-02-21,21,0.56,WorthPoint
indochinite-tektite,"54g. 1.9"" BIG FAT OVAL ORIGINAL NATURAL BLACK TEKTITE ROUGH(METEORITE) #MA5383",17.7,2018-02-21,54,0.33,WorthPoint
indochinite-tektite,"23g 2.1"" CHILLI PADI ORIGINAL NATURAL BLACK TEKTITE ROUGH(METEORITE) #MA4017",11.7,2018-02-21,23,0.51,WorthPoint
indochinite-tektite,41.1 Grams Rizalite Or Bikolite Tektite From The Philippines!,24.5,2018-02-17,41.1,0.6,WorthPoint
indochinite-tektite,T-008 / 14.99 Grams. Natural Black Indochinite Tektite Stone From Thailand,12,2018-02-16,14.99,0.8,WorthPoint
indochinite-tektite,T-004 / 20.33 Grams. Natural Black Indochinite Tektite Stone From Thailand,13.5,2018-02-16,20.33,0.66,WorthPoint
indochinite-tektite,67g A++ QUALITY ORIGINAL NATURAL BLACK TEKTITE ROUGH(METEORITE)SPACE ROCK#MA5377,35.7,2018-02-16,67,0.53,WorthPoint
indochinite-tektite,"(R399-3) 2.5"" Fossil Fulgurite Petrified Lightning Strike Beach Sand Glass GA",18.99,2018-02-16,,,WorthPoint
indochinite-tektite,Tektite Natural Meteorite Rough Genuine Specimen Rock Space Original Impact Iron,12.99,2018-02-12,,,WorthPoint
indochinite-tektite,Muong Nong Tektite With Hole & Folding,16.01,2018-02-11,,,WorthPoint
indochinite-tektite,"(r365-20) 1-3/4"" Fulgurite Lightning Strike Beach Sand Glass Georgia Fulgurites",16.49,2018-02-05,,,WorthPoint
indochinite-tektite,72g A++ BIG OVEL ORIGINAL NATURAL BLACK TEKTITE ROUGH(METEORITE) #MA5381,55.5,2018-01-31,72,0.77,WorthPoint
indochinite-tektite,58g BIG BLACK HOLE EYE ORIGINAL NATURAL BLACK TEKTITE ROUGH(METEORITE) #MA5393,39.5,2018-01-31,58,0.68,WorthPoint
indochinite-tektite,62g BIG FAT BAR ORIGINAL NATURAL BLACK TEKTITE ROUGH(METEORITE)SPACE ROCK#MA5398,59.5,2018-01-31,62,0.96,WorthPoint
indochinite-tektite,60g NICE RIZALITE PHILIPPINITE TEKTITE(Meteorite)SPACE ROCK #sf051,70.5,2018-01-31,60,1.18,WorthPoint
indochinite-tektite,32g NICE ROUND SHAPE ORIGINAL NATURAL BLACK TEKTITE ROUGH(METEORITE) #MA4520,13.5,2018-01-29,32,0.42,WorthPoint
indochinite-tektite,39g NICE BLACK BALL SHAPE ORIGINAL NATURAL BLACK TEKTITE ROUGH(METEORITE)#MA4522,17.7,2018-01-28,39,0.45,WorthPoint
indochinite-tektite,Indochinite Tektite Black Meteorite Impact Glass China-Indonesia,10,2018-01-28,,,WorthPoint
indochinite-tektite,53g QUALITY ORIGINAL NATURAL BLACK TEKTITE ROUGH(METEORITE)SPACE ROCK#MA4005,49.5,2018-01-26,53,0.93,WorthPoint
indochinite-tektite,108g A+ QUALITY ORIGINAL NATURAL BLACK TEKTITE ROUGH(METEORITE)SPACE ROCK#MA4006,90.5,2018-01-26,108,0.84,WorthPoint
indochinite-tektite,36g QUALITY SUPER EGG ORIGINAL NATURAL BLACK TEKTITE ROUGH(METEORITE) #MA4538,13.5,2018-01-23,36,0.38,WorthPoint
indochinite-tektite,"(r365-104) 1-7/8"" Fulgurite Lightning Strike Beach Sand Glass Georgia Fulgurites",16.99,2018-01-21,,,WorthPoint
indochinite-tektite,Giant Bubble Tekttite ~ Udon Province Thailand ~ 48.8 Grams,27,2018-01-21,48.8,0.55,WorthPoint
indochinite-tektite,28g QUALITY ORIGINAL NATURAL BLACK TEKTITE ROUGH(METEORITE)SPACE ROCK#MA4529,11.1,2018-01-20,28,0.4,WorthPoint
indochinite-tektite,R398-2) 2 Pieces Fossil Fulgurite Petrified Lightning Strike Beach Sand Glass GA,18.99,2018-01-18,,,WorthPoint
indochinite-tektite,GIANT Tektite Bubble Fragment Indochinite,55,2018-01-16,,,WorthPoint
indochinite-tektite,32g OVEL SHAPE ORIGINAL NATURAL BLACK TEKTITE ROUGH(METEORITE) #MA3624,11.7,2018-01-15,32,0.37,WorthPoint
indochinite-tektite,Original Indochinite Rock Natural Tektite Fossil Gem Meteorite Black Space Rough,10.5,2018-01-13,,,WorthPoint
indochinite-tektite,56g AWESOME BLACK NATURAL THAILAND TEKTITE ROUGH (METEORITE) SPACE ROCK #MA3871,17.7,2018-01-12,56,0.32,WorthPoint
indochinite-tektite,41g BIG NICE BUBBLE EYE ORIGINAL NATURAL BLACK TEKTITE ROUGH(METEORITE) #MA4513,20.7,2018-01-08,41,0.5,WorthPoint
indochinite-tektite,Wonderful Rare Tektite Asteroid Caused This Glassy Rock Free Shipping #976,12.74,2018-01-08,,,WorthPoint
indochinite-tektite,"(r365-21) 1-3/4"" Fulgurite Lightning Strike Beach Sand Glass Georgia Fulgurites",16.49,2018-01-01,,,WorthPoint
indochinite-tektite,56g QUALITY ORIGINAL NATURAL BLACK TEKTITE ROUGH(METEORITE)SPACE ROCK#MA3424,23.7,2018-01-01,56,0.42,WorthPoint
indochinite-tektite,"(r365-100) 1-7/8"" Fulgurite Lightning Strike Beach Sand Glass Georgia Fulgurites",16.99,2017-12-30,,,WorthPoint
indochinite-tektite,A Small Nice And 100% Natural Rizalite Or Bikolite TEKTITE Philippines 24.4gr,14.99,2017-12-29,24.4,0.61,WorthPoint
indochinite-tektite,"(r366-49) 2-1/8"" Fulgurite Lightning Strike Beach Sand Glass Georgia Fulgurites",18.99,2017-12-27,,,WorthPoint
indochinite-tektite,49g A++ QUALITY ORIGINAL NATURAL BLACK TEKTITE ROUGH(METEORITE)SPACE ROCK#MA4542,35.5,2017-12-22,49,0.72,WorthPoint
indochinite-tektite,A-002 / 48.07 Grams. Black Indochinite Tektite Stone From Thailand,29,2017-12-22,48.07,0.6,WorthPoint
indochinite-tektite,A-004 / 28.70 Grams. Black Indochinite Tektite Stone From Thailand,23,2017-12-22,28.7,0.8,WorthPoint
indochinite-tektite,A-005 / 57.50 Grams. Black Indochinite Tektite Stone From Thailand,35,2017-12-22,57.5,0.61,WorthPoint
indochinite-tektite,A-006 / 83.86 Grams. Black Indochinite Tektite Stone From Thailand,45,2017-12-22,83.86,0.54,WorthPoint
indochinite-tektite,A-008 / 39.99 Grams. Black Indochinite Tektite Stone From Thailand,27,2017-12-22,39.99,0.68,WorthPoint
indochinite-tektite,A-011 / 54.17 Grams. Black Indochinite Tektite Stone From Thailand,45,2017-12-22,54.17,0.83,WorthPoint
indochinite-tektite,A-009 / 35.00 Grams. Black Indochinite Tektite Stone From Thailand,25,2017-12-22,35,0.71,WorthPoint
indochinite-tektite,A-007 / 51.27 Grams. Black Indochinite Tektite Stone From Thailand,32,2017-12-22,51.27,0.62,WorthPoint
indochinite-tektite,196 Grams. Very Large Black Indochinite Tektite Stone From Thailand,450,2017-12-20,196,2.3,WorthPoint
indochinite-tektite,Nice Meteorite Collection! 61 Different Specimens!,162.5,2017-12-18,,,WorthPoint
indochinite-tektite,37g NICE OVAL SHAPE ORIGINAL NATURAL BLACK TEKTITE ROUGH(METEORITE) #MA4535,23.5,2017-12-17,37,0.64,WorthPoint
indochinite-tektite,Tektite With A Big Internal Bubble - A Rare And Unique Specimen,43,2017-12-16,,,WorthPoint
indochinite-tektite,Meteorite Impact Glass: Authentic Tektite (found In Thailand),11.01,2017-12-15,,,WorthPoint
indochinite-tektite,BICOLITE TEKTITE 43.2g Meteor Impact Glass AAA Grade!! From The Philippines!!,15.99,2017-12-15,43.2,0.37,WorthPoint
indochinite-tektite,BICOLITE TEKTITE 13.7g AAA Grade Meteor Impact Glass!! From The Phillippines!S,15.99,2017-12-15,13.7,1.17,WorthPoint
indochinite-tektite,"(r366-54) 2-1/8"" Fulgurite Lightning Strike Beach Sand Dune Glass GA Fulgurites",18.99,2017-12-10,,,WorthPoint
indochinite-tektite,38g QUALITY ORIGINAL NATURAL BLACK TEKTITE ROUGH(METEORITE)SPACE ROCK#MA4002,12.9,2017-12-10,38,0.34,WorthPoint
indochinite-tektite,55g QUALITY ORIGINAL NATURAL BLACK TEKTITE ROUGH(METEORITE)SPACE ROCK#MA3433,17.7,2017-12-09,55,0.32,WorthPoint
indochinite-tektite,A Larger! 100% Natural Rizalite Or Bikolite TEKTITE! From Philippines 94.17gr,29.99,2017-12-07,94.17,0.32,WorthPoint
indochinite-tektite,"(R399-11) 3-1/4"" Fossil Fulgurite Petrified Lightning Strike Beach Sand Glass GA",22.99,2017-12-02,,,WorthPoint
indochinite-tektite,21.3 Grams BLACK NATURAL INDOCHINITE TEKTITE ROUGH METEORITE SPACE ROCK,15,2017-11-29,21.3,0.7,WorthPoint
indochinite-tektite,"(r378-1) 3-5/8"" Fulgurite Lightning Strike Beach Sand Glass GA Display Specimen",47.99,2017-11-28,,,WorthPoint
indochinite-tektite,"(r365-63) 1-7/8"" Fulgurite Lightning Strike Beach Sand Dune Glass GA Fulgurites",16.99,2017-11-26,,,WorthPoint
indochinite-tektite,"(r365-81) 1-7/8"" Fulgurite Lightning Strike Beach Sand Glass Georgia Fulgurites",16.99,2017-11-12,,,WorthPoint
indochinite-tektite,Nice 6 Piece Meteorite And Related Collection,14.99,2017-10-29,,,WorthPoint
indochinite-tektite,"(r368-15) 2-3/8"" Fulgurite Lightning Strike Beach Sand Dune Glass GA Specimen",22.99,2017-10-16,,,WorthPoint
indochinite-tektite,"(r365-68) 1-7/8"" Fulgurite Lightning Strike Beach Sand Glass Georgia Fulgurites",16.99,2017-10-16,,,WorthPoint
indochinite-tektite,BICOLITE TEKTITE 19.6g Meteorite Impact Glass AAA GRADE From The Philippines!,16.99,2017-10-14,19.6,0.87,WorthPoint
indochinite-tektite,"(r365-67) 1-7/8"" Fulgurite Lightning Strike Beach Sand Glass Georgia Fulgurites",16.99,2017-09-28,,,WorthPoint
indochinite-tektite,"(r368-13) 2-3/8"" Fulgurite Lightning Strike Beach Sand Dune Glass GA Specimen",22.99,2017-09-27,,,WorthPoint
indochinite-tektite,Lot Of Meteorite NWA 801 Tamdakht. Canyon Diablo And Impact Glass,25,2017-09-20,,,WorthPoint
indochinite-tektite,"Meteorite**Tektite, Indochinite**29.08 Grams, Translucent!!Grade AAA",18.5,2017-09-15,29.08,0.64,WorthPoint
indochinite-tektite,"(r363-24) 2 Fulgurites 1-5/8"" Lightning Strike Beach Sand Glass GA Specimens",18.99,2017-09-13,,,WorthPoint
indochinite-tektite,"(r371-5) 2-3/4"" Fulgurite Lightning Strike Beach Sand Glass Georgia Specimen",29.99,2017-09-11,,,WorthPoint
indochinite-tektite,"(r365-83) 1-7/8"" Fulgurite Lightning Strike Beach Sand Glass Georgia Fulgurites",16.99,2017-09-05,,,WorthPoint
indochinite-tektite,"(r365-41) 1-7/8"" Fulgurite Lightning Strike Beach Sand Glass Georgia Fulgurites",16.99,2017-08-30,,,WorthPoint
indochinite-tektite,"(r365-94) 1-7/8"" Fulgurite Lightning Strike Beach Sand Glass Georgia Fulgurites",16.99,2017-08-29,,,WorthPoint
indochinite-tektite,"(R399-92) 10"" Fossil Fulgurite Petrified Lightning Strike Beach Sand Glass GA",88.99,2017-08-28,,,WorthPoint
indochinite-tektite,R398-7) 3 Pieces Fossil Fulgurite Petrified Lightning Strike Beach Sand Glass GA,18.99,2017-08-28,,,WorthPoint
indochinite-tektite,"(r365-90) 1-7/8"" Fulgurite Lightning Strike Beach Sand Glass Georgia Fulgurites",16.99,2017-08-26,,,WorthPoint
indochinite-tektite,"(r365-91) 1-7/8"" Fulgurite Lightning Strike Beach Sand Glass Georgia Fulgurites",16.99,2017-08-26,,,WorthPoint
indochinite-tektite,"(r366-2) 2-1/8"" Fulgurite Lightning Strike Beach Sand Dune Glass GA Fulgurites",18.99,2017-08-24,,,WorthPoint
indochinite-tektite,"(r365-69) 1-7/8"" Fulgurite Lightning Strike Beach Sand Glass Georgia Fulgurites",16.99,2017-08-24,,,WorthPoint
indochinite-tektite,"(r365-80) 1-7/8"" Fulgurite Lightning Strike Beach Sand Glass Georgia Fulgurites",16.99,2017-08-24,,,WorthPoint
indochinite-tektite,"(r365-73) 1-7/8"" Fulgurite Lightning Strike Beach Sand Glass Georgia Fulgurites",16.99,2017-08-18,,,WorthPoint
indochinite-tektite,Lot Of THREE Little 100%Natural Rizalite Or Bikolite TEKTITES Philippines 28.8gr,14.99,2017-07-30,28.8,0.52,WorthPoint
indochinite-tektite,Perfect! A 100% Natural Rizalite Or Bikolite TEKTITE! From Philippines 39.2gr,24.99,2017-07-30,39.2,0.64,WorthPoint
indochinite-tektite,"(r385-7) 4-5/8"" Fulgurite Lightning Strike Beach Sand Glass GA Display Specimen",52.99,2017-07-23,,,WorthPoint
indochinite-tektite,"(R399-19) 5-3/4"" Fossil Fulgurite Petrified Lightning Strike Beach Sand Glass GA",35.99,2017-07-22,,,WorthPoint
indochinite-tektite,"Meteorite**Tektite, Indochinite**9.62 Grams, Translucent!!",10.49,2017-07-17,9.62,1.09,WorthPoint
indochinite-tektite,"Meteorite**Tektite, Indochinite**12.68 Grams, Translucent!!",81,2017-07-17,12.68,6.39,WorthPoint
indochinite-tektite,"(r365-56) 1-7/8"" Fulgurite Lightning Strike Beach Sand Glass Georgia Fulgurites",16.99,2017-07-17,,,WorthPoint
indochinite-tektite,"(r363-13) 2 Fulgurites 1-5/8"" Lightning Strike Beach Sand Dune Glass Georgia",18.99,2017-07-16,,,WorthPoint
indochinite-tektite,"(r365-33) 1-7/8"" Fulgurite Lightning Strike Beach Sand Glass Georgia Fulgurites",16.99,2017-07-14,,,WorthPoint
indochinite-tektite,"Meteorite**Tektite, Indochinite**34.94 Grams, Translucent!!",16.5,2017-07-09,34.94,0.47,WorthPoint
indochinite-tektite,"(r365-57) 1-7/8"" Fulgurite Lightning Strike Beach Sand Glass Georgia Fulgurites",16.99,2017-07-08,,,WorthPoint
indochinite-tektite,"(r365-87) 1-7/8"" Fulgurite Lightning Strike Beach Sand Glass Georgia Fulgurites",16.99,2017-07-06,,,WorthPoint
indochinite-tektite,"(r365-99) 1-7/8"" Fulgurite Lightning Strike Beach Sand Glass Georgia Fulgurites",16.99,2017-07-06,,,WorthPoint
indochinite-tektite,HUGE TEKTITE Meteorite Impact Impactite Rare Dumbbell GUANGDONGCHINA INDOCHINITE,41.25,2017-07-03,,,WorthPoint
indochinite-tektite,"(r366-51) 2-1/8"" Fulgurite Lightning Strike Beach Sand Dune Glass GA Fulgurites",18.99,2017-06-26,,,WorthPoint
indochinite-tektite,"(r365-58) 1-7/8"" Fulgurite Lightning Strike Beach Sand Glass Georgia Fulgurites",16.99,2017-06-26,,,WorthPoint
indochinite-tektite,Apioid (rare Teardrop) Shaped - Tektite (Indochinite) 26.4 Grams,22.65,2017-06-19,26.4,0.86,WorthPoint
indochinite-tektite,R398-5) 3 Pieces Fossil Fulgurite Petrified Lightning Strike Beach Sand Glass GA,18.99,2017-06-16,,,WorthPoint
indochinite-tektite,HUGE TEKTITE Meteorite Impact Impactite Rare Nodule GUANGDONG CHINA INDOCHINITE,50,2017-06-13,,,WorthPoint
indochinite-tektite,"(r365-96) 1-7/8"" Fulgurite Lightning Strike Beach Sand Glass Georgia Fulgurites",16.99,2017-06-12,,,WorthPoint
indochinite-tektite,"(r365-97) 1-7/8"" Fulgurite Lightning Strike Beach Sand Glass Georgia Fulgurites",16.99,2017-06-03,,,WorthPoint
indochinite-tektite,"(r371-11) 2-3/4"" Fulgurite Lightning Strike Beach Sand Glass Georgia Specimen",29.99,2017-05-21,,,WorthPoint
indochinite-tektite,"(r365-86) 1-7/8"" Fulgurite Lightning Strike Beach Sand Glass Georgia Fulgurites",16.99,2017-05-12,,,WorthPoint
indochinite-tektite,"(r365-88) 1-7/8"" Fulgurite Lightning Strike Beach Sand Glass Georgia Fulgurites",16.99,2017-05-06,,,WorthPoint
indochinite-tektite,"(r365-49) 1-7/8"" Fulgurite Lightning Strike Beach Sand Glass Georgia Fulgurites",16.99,2017-04-30,,,WorthPoint
indochinite-tektite,A NEAT! 100% Natural Rizalite Or Bikolite TEKTITE! From The Philippines 28.8gr,16.99,2017-04-26,28.8,0.59,WorthPoint
indochinite-tektite,"(r365-40) 1-7/8"" Fulgurite Lightning Strike Beach Sand Glass Georgia Fulgurites",16.99,2017-04-24,,,WorthPoint
indochinite-tektite,"(r367-15) 2-1/4"" Fulgurite Lightning Strike Beach Sand Dune Glass GA Specimen",20.99,2017-04-14,,,WorthPoint
indochinite-tektite,"(r365-59) 1-7/8"" Fulgurite Lightning Strike Beach Sand Glass Georgia Fulgurites",16.99,2017-04-11,,,WorthPoint
indochinite-tektite,"Tektite, 50g: Thailand Indochinite, Remnant Of 700ka Meteor Impact",14,2017-04-10,50,0.28,WorthPoint
indochinite-tektite,"(r364-30) 1-5/8"" - 2 Fulgurites Lightning Strike Beach Sand Glass GA Fulgurite",22.99,2017-03-22,,,WorthPoint
indochinite-tektite,"(r365-53) 1-7/8"" Fulgurite Lightning Strike Beach Sand Glass Georgia Fulgurites",16.99,2017-03-19,,,WorthPoint
indochinite-tektite,"(r365-37) 1-7/8"" Fulgurite Lightning Strike Beach Sand Glass Georgia Fulgurites",16.99,2017-03-06,,,WorthPoint
indochinite-tektite,A Small And PERFECT 100% Natural Rizalite Or Bikolite TEKTITE Philippines 20.0gr,19.99,2017-03-03,20,1,WorthPoint
indochinite-tektite,"(r365-32) 1-7/8"" Fulgurite Lightning Strike Beach Sand Dune Glass GA Fulgurites",16.99,2017-03-02,,,WorthPoint
indochinite-tektite,Indochinite Tektite - 126.0 Gram Lot Of 5 Individuals,13.07,2017-02-28,126,0.1,WorthPoint
indochinite-tektite,"(r365-51) 1-7/8"" Fulgurite Lightning Strike Beach Sand Glass Georgia Fulgurites",16.99,2017-02-19,,,WorthPoint
indochinite-tektite,14g ORANGE SPOT ORIGINAL NATURAL BLACK TEKTITE ROUGH(METEORITE) #MA0164,15.6,2017-02-17,14,1.11,WorthPoint
indochinite-tektite,15g MINI BOWL ORIGINAL NATURAL BLACK TEKTITE ROUGH(METEORITE) #MA0172,14.5,2017-02-10,15,0.97,WorthPoint
indochinite-tektite,45g RARE AUSTRALASIAN MUONG NONG TEKTITE (METEORITE) THAILAND ROCK SPACE#MA2821,22.5,2017-02-06,45,0.5,WorthPoint
indochinite-tektite,"(r367-26) 2-1/4"" Fulgurite Lightning Strike Beach Sand Dune Glass GA Specimen",20.99,2017-02-05,,,WorthPoint
indochinite-tektite,Tektite - Large Very Symmetrical Triangle-shaped Piece,14.99,2017-01-26,,,WorthPoint
indochinite-tektite,JAN. SALE! Black Tektite-Indochina 99.5 G. With Surface Pitting.,19.99,2017-01-22,99.5,0.2,WorthPoint
indochinite-tektite,"(r365-39) 1-7/8"" Fulgurite Lightning Strike Beach Sand Glass Georgia Fulgurites",16.99,2017-01-11,,,WorthPoint
indochinite-tektite,"(r365-10) 1-7/8"" Fulgurite Lightning Strike Beach Sand Glass Georgia Fulgurites",16.99,2017-01-09,,,WorthPoint
indochinite-tektite,"R399-19-2) 5.25"" Fossil Fulgurite Petrified Lightning Strike Beach Sand Glass GA",35.99,2017-01-08,,,WorthPoint
indochinite-tektite,"(r365-27) 1-7/8"" Fulgurite Lightning Strike Beach Sand Glass Georgia Fulgurites",16.99,2017-01-05,,,WorthPoint
indochinite-tektite,"(r376-2) 3-3/8"" Fulgurite Lightning Strike Beach Sand Glass GA Display Specimen",45.99,2016-12-29,,,WorthPoint
indochinite-tektite,"(r365-34) 1-7/8"" Fulgurite Lightning Strike Beach Sand Glass Georgia Fulgurites",16.99,2016-12-28,,,WorthPoint
indochinite-tektite,A Very Symmetrical 100% Natural U.F.O. Or Disc Shaped TEKTITE! China 171.5gr,14.99,2016-12-27,171.5,0.09,WorthPoint
indochinite-tektite,"(r367-27) 2-1/4"" Fulgurite Lightning Strike Beach Sand Dune Glass GA Specimen",20.99,2016-12-25,,,WorthPoint
indochinite-tektite,"(r365-36) 1-7/8"" Fulgurite Lightning Strike Beach Sand Glass Georgia Fulgurites",16.99,2016-12-20,,,WorthPoint
indochinite-tektite,"(r367-21) 2-1/4"" Fulgurite Lightning Strike Beach Sand Dune Glass GA Specimen",20.99,2016-12-16,,,WorthPoint
indochinite-tektite,"(r365-29) 1-7/8"" Fulgurite Lightning Strike Beach Sand Glass Georgia Fulgurites",16.99,2016-12-15,,,WorthPoint
indochinite-tektite,"(r365-30) 1-7/8"" Fulgurite Lightning Strike Beach Sand Glass Georgia Fulgurites",16.99,2016-12-13,,,WorthPoint
indochinite-tektite,Big Super Symmetrical 100% Natural U.F.O. Or Disc Shaped TEKTITE ! China 175.8gr,14.99,2016-12-11,175.8,0.09,WorthPoint
indochinite-tektite,A BIG Very Symmetrical 100% Natural U.F.O. Or Disc Shaped TEKTITE! China 163.2gr,29.99,2016-12-11,163.2,0.18,WorthPoint
indochinite-tektite,"(r370-1) 2-5/8"" Fulgurite Lightning Strike Beach Sand Glass Georgia Specimen",27.99,2016-12-11,,,WorthPoint
indochinite-tektite,"(r371-13) 2-3/4"" Fulgurite Lightning Strike Beach Sand Glass Georgia Specimen",29.99,2016-12-05,,,WorthPoint
indochinite-tektite,"(r367-23) 2-1/4"" Fulgurite Lightning Strike Beach Sand Dune Glass GA Specimen",20.99,2016-12-02,,,WorthPoint
indochinite-tektite,"(R399-1) 2.5"" Fossil Fulgurite Petrified Lightning Strike Beach Sand Glass GA",18.99,2016-11-30,,,WorthPoint
indochinite-tektite,"(R399-18) 5-3/4"" Fossil Fulgurite Petrified Lightning Strike Beach Sand Glass GA",35.99,2016-11-24,,,WorthPoint
indochinite-tektite,"(r364-9) 2 Fulgurites 1-5/8"" Lightning Strike Beach Dune Sand Glass Georgia",22.99,2016-11-22,,,WorthPoint
indochinite-tektite,"(r365-21) 1-7/8"" Fulgurite Lightning Strike Beach Sand Glass Georgia Fulgurites",16.99,2016-11-21,,,WorthPoint
indochinite-tektite,"(r368-12) 2-3/8"" Fulgurite Lightning Strike Beach Sand Dune Glass GA Specimen",22.99,2016-11-21,,,WorthPoint
indochinite-tektite,"(r365-48) 1-7/8"" Fulgurite Lightning Strike Beach Sand Glass Georgia Fulgurites",16.99,2016-11-21,,,WorthPoint
indochinite-tektite,"(r365-42) 1-7/8"" Fulgurite Lightning Strike Beach Sand Glass Georgia Fulgurites",16.99,2016-11-21,,,WorthPoint
indochinite-tektite,"(r365-35) 1-7/8"" Fulgurite Lightning Strike Beach Sand Glass Georgia Fulgurites",16.99,2016-11-21,,,WorthPoint
indochinite-tektite,"(r368-25) 2-3/8"" Fulgurite Lightning Strike Beach Sand Dune Glass GA Specimen",22.99,2016-11-21,,,WorthPoint
indochinite-tektite,"(r368-3) 2-3/8"" Fulgurite Lightning Strike Beach Sand Glass Georgia Specimen",22.99,2016-11-21,,,WorthPoint
indochinite-tektite,"(r367-25) 2-1/4"" Fulgurite Lightning Strike Beach Sand Dune Glass GA Specimen",20.99,2016-11-18,,,WorthPoint
indochinite-tektite,A HUGE! 100% Natural Oblong U.F.O. Shaped Tektite Found In China 233.8gr,19.99,2016-11-08,233.8,0.09,WorthPoint
indochinite-tektite,A Super Symmetrical 100% Natural U.F.O. Or Disc Shaped TEKTITE China 177.8gr,19.99,2016-11-06,177.8,0.11,WorthPoint
indochinite-tektite,"(r365-28) 1-7/8"" Fulgurite Lightning Strike Beach Sand Glass Georgia Fulgurites",16.99,2016-11-06,,,WorthPoint
indochinite-tektite,"(r367-17) 2-1/4"" Fulgurite Lightning Strike Beach Sand Dune Glass GA Specimen",20.99,2016-11-05,,,WorthPoint
indochinite-tektite,Indochinite Tektite - 81.6 Grams,12.5,2016-11-01,81.6,0.15,WorthPoint
indochinite-tektite,Nininger Indochinite Tektite #31v162 - Vietnam - With Writing Sample,160,2016-10-26,,,WorthPoint
indochinite-tektite,Thailand Tektite - Can't Quite Figure Out What Happened To This One,306.99,2016-10-20,,,WorthPoint
indochinite-tektite,Stretched Thailand Tektite With Multiple Deep Skin Splits,15,2016-10-20,,,WorthPoint
indochinite-tektite,Twisted Thailand Tektite With Multiple Skin Splits - Interesting Little Piece,15,2016-10-20,,,WorthPoint
indochinite-tektite,Stretched (Taffy Core) Thailand Tektite - Double Stretch,150,2016-10-20,,,WorthPoint
indochinite-tektite,Large Stretched (Taffy Core) Thailand Tektite With Translucent Stretch,99.99,2016-10-20,,,WorthPoint
indochinite-tektite,A Perfectly ROUND 100%Natural Rizalite Or Bikolite TEKTITE Philippines 11.5gr E,14.99,2016-10-15,11.5,1.3,WorthPoint
indochinite-tektite,Very Symmetrical 100% Natural U.F.O. Or Disc Shaped TEKTITE ! China 171.7gr,19.99,2016-10-12,171.7,0.12,WorthPoint
indochinite-tektite,Lot Of 10 MIsc Meteorites SOME CHIPS OTHERS A Larger BIGGER Indochinite ECT.....,32.66,2016-10-11,,,WorthPoint
indochinite-tektite,"(r378-4) 3-5/8"" Fulgurite Lightning Strike Beach Sand Glass GA Display Specimen",47.99,2016-10-02,,,WorthPoint
indochinite-tektite,A NEAT! And 100% Natural Rizalite Or Bikolite TEKTITE! From Philippines 29.9gr,19.99,2016-09-26,29.9,0.67,WorthPoint
indochinite-tektite,"Tektite From Guangxi, China Large 135 Grams Classic Dumbbell Shape",16.99,2016-09-17,135,0.13,WorthPoint
indochinite-tektite,COLLECTION OF THAI PREHISTORIC BLACK INDOCHINITE TEKTITES. - Largest: ... Lot 25,40,2016-09-17,,,WorthPoint
indochinite-tektite,"(r365-55) 1-7/8"" Fulgurite Lightning Strike Beach Sand Glass Georgia Fulgurites",16.99,2016-09-10,,,WorthPoint
indochinite-tektite,A NEAT! 100% Natural Rizalite Or Bikolite TEKTITE! From Philippines 49.32gr E,39.99,2016-09-10,49.32,0.81,WorthPoint
indochinite-tektite,"(r365-52) 1-7/8"" Fulgurite Lightning Strike Beach Sand Glass Georgia Fulgurites",16.99,2016-09-09,,,WorthPoint
indochinite-tektite,"(r365-25) 1-7/8"" Fulgurite Lightning Strike Beach Sand Dune Glass GA Fulgurites",16.99,2016-09-05,,,WorthPoint
indochinite-tektite,A Big! 100% Natural Rizalite Or Bikolite TEKTITE! From The Philippines 107.9gr,99.99,2016-09-04,107.9,0.93,WorthPoint
indochinite-tektite,"(r365-46) 1-7/8"" Fulgurite Lightning Strike Beach Sand Dune Glass GA Fulgurites",16.99,2016-08-22,,,WorthPoint
indochinite-tektite,"(r365-31) 1-7/8"" Fulgurite Lightning Strike Beach Sand Dune Glass GA Fulgurites",16.99,2016-08-16,,,WorthPoint
indochinite-tektite,"(R399-14) 4-1/4"" Fossil Fulgurite Petrified Lightning Strike Beach Sand Glass GA",26.99,2016-08-14,,,WorthPoint
indochinite-tektite,"(r365-47) 1-7/8"" Fulgurite Lightning Strike Beach Sand Glass Georgia Fulgurites",16.99,2016-08-14,,,WorthPoint
indochinite-tektite,"(R399-5) 2.5"" Fossil Fulgurite Petrified Lightning Strike Beach Sand Glass GA",18.99,2016-08-14,,,WorthPoint
indochinite-tektite,"(r365-26) 1-7/8"" Fulgurite Lightning Strike Beach Sand Glass Georgia Fulgurites",16.99,2016-08-13,,,WorthPoint
indochinite-tektite,"(r367-22) 2-1/4"" Fulgurite Lightning Strike Beach Sand Dune Glass GA Specimen",20.99,2016-08-10,,,WorthPoint
indochinite-tektite,A BIG! 100% Natural U.F.O. Or Disc Shaped TEKTITE ! From China 185.9gr,24.99,2016-08-10,185.9,0.13,WorthPoint
indochinite-tektite,"(r365-2) 1-7/8"" Fulgurite Lightning Strike Beach Sand Glass Georgia Fulgurites",16.99,2016-08-08,,,WorthPoint
indochinite-tektite,Indochinite Tektite Meteorite Impact Glass Formations 55 Grams TEK43,23.75,2016-08-03,55,0.43,WorthPoint
indochinite-tektite,"(R399-22) 11"" Fossil Fulgurite Petrified Lightning Strike Beach Sand Glass GA",66.99,2016-08-03,,,WorthPoint
indochinite-tektite,"(r365-12) 1-7/8"" Fulgurite Lightning Strike Beach Sand Glass Georgia Fulgurites",16.99,2016-08-01,,,WorthPoint
indochinite-tektite,A ROUND NEAT! 100% Natural Rizalite Or Bikolite TEKTITE! Philippines 21.45gr,14.99,2016-07-29,21.45,0.7,WorthPoint
indochinite-tektite,A Disc Shaped 100% Natural Rizalite Or Bikolite TEKTITE! Philippines 16.4gr E,14.99,2016-07-28,16.4,0.91,WorthPoint
indochinite-tektite,"(r364-26) 1-5/8"" - 2 Fulgurites Lightning Strike Beach Sand Glass GA Fulgurite",22.99,2016-07-26,,,WorthPoint
indochinite-tektite,LOT Of 3 PERFECT! 100% Natural Rizalite Or Bikolite TEKTITEs Philippines 64.2gr,39.99,2016-07-22,64.2,0.62,WorthPoint
indochinite-tektite,Indochinite Tektite Meteorite Impact Glass Formations 47 Grams TEK39,23.75,2016-07-21,47,0.51,WorthPoint
indochinite-tektite,"(r365-5) 1-7/8"" Fulgurite Lightning Strike Beach Sand Dune Glass GA Fulgurites",16.99,2016-07-20,,,WorthPoint
indochinite-tektite,"(r366-42) 2-1/8"" Fulgurite Lightning Strike Beach Sand Glass Georgia Fulgurites",18.99,2016-07-19,,,WorthPoint
indochinite-tektite,"(r366-39) 2-1/8"" Fulgurite Lightning Strike Beach Sand Glass Georgia Fulgurites",18.99,2016-07-19,,,WorthPoint
indochinite-tektite,"(r366-38) 2-1/8"" Fulgurite Lightning Strike Beach Sand Dune Glass GA Fulgurites",18.99,2016-07-15,,,WorthPoint
indochinite-tektite,"(r369-2) 2-1/2"" Fulgurite Lightning Strike Beach Sand Glass GA Display Specimen",24.99,2016-07-15,,,WorthPoint
indochinite-tektite,"(r366-8) 2-1/8"" Fulgurite Lightning Strike Beach Sand Glass GA Fulgurites",18.99,2016-07-15,,,WorthPoint
indochinite-tektite,"(r365-17) 1-7/8"" Fulgurite Lightning Strike Beach Sand Glass Georgia Specimen",16.99,2016-07-15,,,WorthPoint
indochinite-tektite,"(r366-5) 2-1/8"" Fulgurite Lightning Strike Beach Sand Dune Glass GA Fulgurites",18.99,2016-07-15,,,WorthPoint
indochinite-tektite,"(r365-4) 1-7/8"" Fulgurite Lightning Strike Beach Sand Dune Glass GA Fulgurites",16.99,2016-07-15,,,WorthPoint
indochinite-tektite,"(r365-8) 1-7/8"" Fulgurite Lightning Strike Beach Sand Dune Glass GA Fulgurites",16.99,2016-07-15,,,WorthPoint
indochinite-tektite,"(r366-6) 2-1/8"" Fulgurite Lightning Strike Beach Sand Dune Glass GA Fulgurites",18.99,2016-07-15,,,WorthPoint
indochinite-tektite,"(r368-16) 2-3/8"" Fulgurite Lightning Strike Beach Sand Dune Glass GA Specimen",22.99,2016-07-15,,,WorthPoint
indochinite-tektite,"(r366-7) 2-1/8"" Fulgurite Lightning Strike Beach Sand Dune Glass GA Fulgurites",18.99,2016-07-15,,,WorthPoint
indochinite-tektite,"(r365-3) 1-7/8"" Fulgurite Lightning Strike Beach Sand Dune Glass GA Fulgurites",16.99,2016-07-15,,,WorthPoint
indochinite-tektite,"(r366-9) 2-1/8"" Fulgurite Lightning Strike Beach Sand Dune Glass GA Fulgurites",18.99,2016-07-15,,,WorthPoint
indochinite-tektite,"(r366-31) 2-1/8"" Fulgurite Lightning Strike Beach Sand Glass Georgia Fulgurites",18.99,2016-07-15,,,WorthPoint
indochinite-tektite,"R364-11) 1-5/8, 1-3/4"" Fulgurites Lightning Strike Beach Sand Glass GA Fulgurite",22.99,2016-07-15,,,WorthPoint
indochinite-tektite,"(r370-5) 2-5/8"" Fulgurite Lightning Strike Beach Sand Glass Georgia Specimen",27.99,2016-07-15,,,WorthPoint
indochinite-tektite,A 100% Natural Rizalite Or Bikolite TEKTITE! From The Philippines 45.7gr E,19.99,2016-07-13,45.7,0.44,WorthPoint
indochinite-tektite,"(r383-10) 4-3/8"" Fulgurite Lightning Strike Beach Sand Glass GA Display Specimen",47.99,2016-07-06,,,WorthPoint
indochinite-tektite,"(r365-2) 1-7/8"" Fulgurite Lightning Strike Beach Sand Dune Glass GA Fulgurites",16.99,2016-06-27,,,WorthPoint
indochinite-tektite,"Large Meteorite Collection - Chondrites, HED, Falls, Angrite, Lodranite, Irons",74.99,2016-06-26,,,WorthPoint
indochinite-tektite,"(r366-19) 2-1/8"" Fulgurite Lightning Strike Beach Sand Glass Georgia Fulgurites",18.99,2016-06-19,,,WorthPoint
indochinite-tektite,"(r364-7) 1-5/8"" - 2 Fulgurites Lightning Strike Beach Sand Glass GA Fulgurite",22.99,2016-06-13,,,WorthPoint
indochinite-tektite,A Perfectly ROUND 100% Natural Rizalite Or Bikolite TEKTITE! Philippines 39.9gr,24.99,2016-06-12,39.9,0.63,WorthPoint
indochinite-tektite,"(r366-10) 2-1/8"" Fulgurite Lightning Strike Beach Sand Dune Glass GA Fulgurites",18.99,2016-06-10,,,WorthPoint
indochinite-tektite,"(r365-11) 1-7/8"" Fulgurite Lightning Strike Beach Sand Glass Georgia Fulgurites",16.99,2016-06-03,,,WorthPoint
indochinite-tektite,"(r365-1) 1-7/8"" Fulgurite Lightning Strike Beach Sand Dune Glass GA Fulgurites",16.99,2016-05-20,,,WorthPoint
indochinite-tektite,"(r365-14) 1-7/8"" Fulgurite Lightning Strike Beach Sand Glass Georgia Fulgurites",16.99,2016-05-15,,,WorthPoint
indochinite-tektite,"(r366-3) 2-1/8"" Fulgurite Lightning Strike Beach Sand Dune Glass GA Fulgurites",18.99,2016-05-15,,,WorthPoint
indochinite-tektite,"(r377-1) 3-1/2"" Fulgurite Lightning Strike Beach Sand Glass GA Display Specimen",47.99,2016-05-12,,,WorthPoint
indochinite-tektite,"(r366-1) 2-1/8"" Fulgurite Lightning Strike Beach Sand Dune Glass GA Fulgurites",18.99,2016-05-10,,,WorthPoint
indochinite-tektite,"(r368-11) 2-3/8"" Fulgurite Lightning Strike Beach Sand Dune Glass GA Specimen",22.99,2016-05-07,,,WorthPoint
indochinite-tektite,"(r365-15) 1-7/8"" Fulgurite Lightning Strike Beach Sand Glass Georgia Fulgurites",16.99,2016-05-03,,,WorthPoint
indochinite-tektite,Indochinite Tektite Meteorite Impact Glass Formations 54 Grams TEK41,23.75,2016-05-01,54,0.44,WorthPoint
indochinite-tektite,"(r365-7) 1-7/8"" Fulgurite Lightning Strike Beach Sand Dune Glass GA Fulgurites",16.99,2016-04-27,,,WorthPoint
indochinite-tektite,A BIG! 100% Natural U.F.O. Shaped Tektite With Large Caliper Stand! 400.9 E,39.99,2016-04-25,,,WorthPoint
indochinite-tektite,"(r365-9) 1-7/8"" Fulgurite Lightning Strike Beach Sand Dune Glass GA Fulgurites",16.99,2016-04-23,,,WorthPoint
indochinite-tektite,"(r365-16) 1-7/8"" Fulgurite Lightning Strike Beach Sand Glass Georgia Fulgurites",16.99,2016-04-21,,,WorthPoint
indochinite-tektite,"(r369-1) 2-1/2"" Fulgurite Lightning Strike Beach Sand Glass GA Display Specimen",24.99,2016-04-15,,,WorthPoint
indochinite-tektite,"(r366-4) 2-1/8"" Fulgurite Lightning Strike Beach Sand Dune Glass GA Fulgurites",18.99,2016-04-10,,,WorthPoint
indochinite-tektite,"(r365-13) 1-7/8"" Fulgurite Lightning Strike Beach Sand Glass Georgia Fulgurites",16.99,2016-04-09,,,WorthPoint
indochinite-tektite,"(r365-6) 1-7/8"" Fulgurite Lightning Strike Beach Sand Dune Glass GA Fulgurites",16.99,2016-04-05,,,WorthPoint
indochinite-tektite,Nice Super Symmetrical 100% Natural U.F.O. Or Disc Shaped TEKTITE! China 155.8gr,39.99,2016-03-19,155.8,0.26,WorthPoint
indochinite-tektite,"(r371-1) 2-3/4"" Fulgurite Lightning Strike Beach Sand Glass Georgia Specimen",29.99,2016-03-14,,,WorthPoint
indochinite-tektite,A HUGE! 100% Natural U.F.O. Or Disc Shaped TEKTITE China 229.1,39.99,2016-03-11,,,WorthPoint
indochinite-tektite,A Big Super Symmetrical 100% Natural U.F.O. Or Disc Shaped TEKTITE China 175.6gr,21.99,2016-03-01,175.6,0.13,WorthPoint
indochinite-tektite,"(r363-7) 2 Fulgurites 1-5/8"" Lightning Strike Beach Sand Glass GA Fulgurite Set",16.14,2016-02-27,,,WorthPoint
indochinite-tektite,"Tektite From Guangxi, China Large 72 Grams Impressive!",12.99,2016-02-27,72,0.18,WorthPoint
indochinite-tektite,"(r370-12) 2-5/8"" Fulgurite Lightning Strike Beach Sand Glass Georgia Specimen",27.99,2016-02-22,,,WorthPoint
indochinite-tektite,"(r369-9) 2-1/2"" Fulgurite Lightning Strike Beach Sand Glass GA Display Piece",24.99,2016-02-22,,,WorthPoint
indochinite-tektite,"(r369-6) 2-1/2"" Fulgurite Lightning Strike Beach Sand Glass GA Display Specimen",24.99,2016-02-22,,,WorthPoint
indochinite-tektite,"(r368-24) 2-3/8"" Fulgurite Lightning Strike Beach Sand Dune Glass GA Specimen",22.99,2016-02-14,,,WorthPoint
indochinite-tektite,Big Lot Of Nice! And 100% Natural Tektite S From China 209.3 Gr!,14.99,2016-02-13,209.3,0.07,WorthPoint
indochinite-tektite,"(r366-47) 2-1/8"" Fulgurite Lightning Strike Beach Sand Glass Georgia Fulgurites",18.99,2016-02-09,,,WorthPoint
indochinite-tektite,"(r373-17) 3"" Fulgurite Lightning Strike Beach Sand Glass GA Display Specimen",33.99,2016-02-07,,,WorthPoint
indochinite-tektite,"(r368-27) 2-3/8"" Fulgurite Lightning Strike Beach Sand Dune Glass GA Specimen",22.99,2016-02-07,,,WorthPoint
indochinite-tektite,A Big Super Symmetrical 100% Natural OBLONG Shaped TEKTITE ! China 176.4gr,24.99,2016-02-06,176.4,0.14,WorthPoint
indochinite-tektite,RARE Libyan Desert Glass Carving Meteorite Impactite Cabochon Tektite Pendant,36,2016-01-20,,,WorthPoint
indochinite-tektite,Libyan Desert Glass NATURAL HOLE Meteorite Impact Impactite Tektite Egypt Sahara,175,2016-01-13,,,WorthPoint
indochinite-tektite,"Awald Collection 33 Mm Tektite, Indochinite Sphere Nice !",26,2016-01-11,,,WorthPoint
indochinite-tektite,NEW Silver RING 11x9mm 3.55ct Top Black TEKTITE / Genuine METEORITE Indochinite,49.99,2016-01-02,0.71,70.41,WorthPoint
indochinite-tektite,PREMIUM A++ GEM Libyan Desert Glass Meteorite 2 OZ Impact Tektite Sahara Desert,260,2015-12-31,56.7,4.59,WorthPoint
indochinite-tektite,"(r396-600) Huge 8-1/4"" Fulgurite Lightning Strike Sand Glass GA Display Specimen",224.99,2015-12-30,,,WorthPoint
indochinite-tektite,Asian TEKTITE Collection (4) Pieces (3) Localities,19.95,2015-12-17,,,WorthPoint
indochinite-tektite,"FOSSILS MINERALS 700,000 Year Old Tektite Space Debris - Driest Rocks On Earth!",6.12,2015-10-13,,,WorthPoint
indochinite-tektite,"750,000 Years Old Pair Of Meteorite Tektites ~ Very Good Quality Specimens",7.2,2015-10-12,,,WorthPoint
indochinite-tektite,Libyan Desert Impact Glass Meteorite Tektite Impactite Sahara Egypt Crystal Gem,20.51,2015-10-08,,,WorthPoint
indochinite-tektite,"(r370-19) 2-5/8"" Fulgurite Lightning Strike Beach Sand Glass Georgia Specimen",27.99,2015-10-03,,,WorthPoint
indochinite-tektite,"5pc Rock & Fossil Collection - Dinosaur Bone, Ammonite, Amber, Tektite ...",7.5,2015-10-01,,,WorthPoint
indochinite-tektite,"Superb 750,000 Years Old Meteorite Tektites ~ Very Good Quality Specimens",8.44,2015-08-29,,,WorthPoint
indochinite-tektite,"10pc Fossil Collection Set - Mosasaur, Triceratops, Dinosaur Bone, Meteorite...",20.13,2015-08-11,,,WorthPoint
indochinite-tektite,DDUK - Indochinite Tektite Meteorite Crystal Whole Stone Flight Shaped Oriented,7.72,2015-08-09,,,WorthPoint
indochinite-tektite,"Superb 750,000 Years Old Meteorite Tektites ~ Really Good Quality Specimens",14.09,2015-07-30,,,WorthPoint
indochinite-tektite,"15pc Fossil Collection - Triceratops Tooth, Oviraptor Egg, Dinosaur Bone ...",37.32,2015-04-20,,,WorthPoint
indochinite-tektite,"750,000 Years Old Meteorite Tektite ~ Really Good Quality Specimen",6.47,2015-02-27,,,WorthPoint
indochinite-tektite,A Great Shaped 100% Natural Tektite From China 100.0gr,19.99,2014-11-24,100,0.2,WorthPoint
indochinite-tektite,Lot Of FIVE! Nice Tektite Specimens! Found In China 99.6gr,17.99,2014-11-23,99.6,0.18,WorthPoint
indochinite-tektite,A Great Shaped 100% Natural Tear Drop TEKTITE From China! 69.4gr,14.99,2014-11-23,69.4,0.22,WorthPoint
indochinite-tektite,"(r368-23) 2-3/8"" Fulgurite Lightning Strike Beach Sand Dune Glass GA Specimen",22.99,2014-11-19,,,WorthPoint
indochinite-tektite,Indochinite Tektites From China - 105.5 Gram Lot Of 5,10.5,2014-11-18,105.5,0.1,WorthPoint
indochinite-tektite,Lot Of FOUR Different Shaped And 100% Natural Tektites! Found In China 198.6g,24.99,2014-11-15,198.6,0.13,WorthPoint
indochinite-tektite,A Very Symmetrical Teardrop TEKTITE Found In China 41.0gr,24.99,2014-11-15,41,0.61,WorthPoint
indochinite-tektite,Lot Of FOUR Different Shaped Tektites From China 118.4 Gr !!,19.99,2014-11-08,118.4,0.17,WorthPoint
indochinite-tektite,"(r372-2) 2-7/8"" Fulgurite Lightning Strike Beach Sand Glass GA Display Specimen",31.99,2014-11-08,,,WorthPoint
indochinite-tektite,"(r375-5) 3-1/4"" Fulgurite Lightning Strike Beach Sand Glass GA Display Specimen",38.99,2014-10-25,,,WorthPoint
indochinite-tektite,"Meteorite-tektite Pendulum / Pendant 750,000 Years Old Stainless Steel Wire Wrap",10.5,2014-10-23,,,WorthPoint
indochinite-tektite,"(r381-6) 4"" Fulgurite Lightning Strike Beach Sand Dune Glass GA Display Specimen",45.99,2014-10-18,,,WorthPoint
indochinite-tektite,"(r367-20) 2-1/4"" Fulgurite Lightning Strike Beach Sand Dune Glass GA Specimen",20.99,2014-10-16,,,WorthPoint
indochinite-tektite,"Indochinite Tektite Necklace - China, Meteorite Glass Jewelry",11.48,2014-09-05,,,WorthPoint
indochinite-tektite,"Indochinite Tektite, A Very Handsome Specimen, 12.64 Grams, Lovely Flight Marks",24.89,2014-08-30,12.64,1.97,WorthPoint
indochinite-tektite,Indochinite Tektite Specimen. 15.7 Gms (0.55 Oz).,6.63,2014-08-20,15.7,0.42,WorthPoint
indochinite-tektite,Indochinite Tektite Mineral Specimen. 11 Gms (0.39 Oz).,6.81,2014-07-21,11,0.62,WorthPoint
indochinite-tektite,Indochinite Tektite Specimen. 14.9 Gms (0.53 Oz),6.82,2014-07-15,14.9,0.46,WorthPoint
indochinite-tektite,A Perfect!! Oblong Shaped Tektite!! 77.6gr,14.99,2014-07-05,77.6,0.19,WorthPoint
indochinite-tektite,"Tektite Crystals, Meteorite Impact Crystals From CHINA / TIBET 1000 CARAT LOT",12.99,2014-07-04,,,WorthPoint
indochinite-tektite,"(r365-43) 1-7/8"" Fulgurite Lightning Strike Beach Sand Glass Georgia Specimen",16.99,2014-07-03,,,WorthPoint
indochinite-tektite,"(r364-2) 1-5/8"" - 2 Fulgurites Lightning Strike Beach Sand Glass GA Fulgurite",22.99,2014-07-03,,,WorthPoint
indochinite-tektite,"A HUGE! Neat And Natural Raindrop Shaped Tektite! ALMOST 5"" LONG! 97.6gr",34.99,2014-07-03,97.6,0.36,WorthPoint
indochinite-tektite,A Long Shape On This TEKTITE With A Bubble Hole! From China 55.6gr,14.99,2014-07-03,55.6,0.27,WorthPoint
indochinite-tektite,A Long And Very Symmetrical Teardrop Shaped Tektite From China ! 51.2gr,12.99,2014-07-03,51.2,0.25,WorthPoint
indochinite-tektite,A Long Skinny Symmetrical Raindrop TEKTITE With A Bubble On BOTH Ends! 32.8gr,14.99,2014-07-03,32.8,0.46,WorthPoint
indochinite-tektite,Nininger Indochinite Tektite - 143 Grams - V4571 - Large!,400,2014-07-01,143,2.8,WorthPoint
indochinite-tektite,Lot Of FOUR Different Shaped Tektite S! Round Oblong Bar And Teardrop! 310.5gr,29.99,2014-07-01,310.5,0.1,WorthPoint
indochinite-tektite,Lot Of FOUR Different Shaped Tektites! Roundish Oblong Bar And Teardrop! 217.2gr,24.99,2014-07-01,217.2,0.12,WorthPoint
indochinite-tektite,"(r370-15) 2-5/8"" Fulgurite Lightning Strike Beach Sand Glass GA Display Piece",27.99,2014-07-01,,,WorthPoint
indochinite-tektite,"(r370-16) 2-5/8"" Fulgurite Lightning Strike Beach Sand Glass GA Display Piece",27.99,2014-06-30,,,WorthPoint
indochinite-tektite,Lot Of FOUR Different Shaped Tektites! Round Oblong Bar And Teardrop! 265.6gr,24.99,2014-06-27,265.6,0.09,WorthPoint
indochinite-tektite,"Meteorite Impactite TEKTITE , Thailand/Laos 36.9 Gram Slice",12.95,2014-06-19,36.9,0.35,WorthPoint
indochinite-tektite,"15pc Fossil Collection - Fish, Amber , Megalodon, Ammonite, Dinosaur, Tektite...",50.89,2014-06-18,,,WorthPoint
indochinite-tektite,"(r370-21) 2-5/8"" Fulgurite Lightning Strike Beach Sand Glass GA Display Piece",27.99,2014-06-17,,,WorthPoint
indochinite-tektite,"(r365-13) 1-7/8"" Fulgurite Lightning Strike Beach Sand Dune Glass GA Fulgurites",16.99,2014-06-13,,,WorthPoint
indochinite-tektite,Super Symmetrical Raindrop Shaped TEKTITE! From China 54.5gr,14.99,2014-06-12,54.5,0.28,WorthPoint
indochinite-tektite,"(r362-25) Four 1/2"" Fulgurites Lightning Strike Beach Sand Glass GA Fulgurite",22.99,2014-06-06,,,WorthPoint
indochinite-tektite,Flat Stardust Indochinite Tektite 129.91g,14.69,2014-05-27,129.91,0.11,WorthPoint
indochinite-tektite,"(r367-36) 2-1/4"" Fulgurite Lightning Strike Beach Sand Dune Glass GA Specimen",20.99,2014-05-22,,,WorthPoint
indochinite-tektite,"(r376-3) 3-3/8"" Fulgurite Lightning Strike Beach Sand Glass GA Display Specimen",45.99,2014-05-21,,,WorthPoint
indochinite-tektite,ABIG Roundish Shaped Tektite 107.2gr Found In China!,14.99,2014-05-20,107.2,0.14,WorthPoint
indochinite-tektite,"(r370-20) 2-5/8"" Fulgurite Lightning Strike Beach Sand Glass Georgia Specimen",27.99,2014-04-23,,,WorthPoint
indochinite-tektite,"Meteorite Impactite TEKTITE , Thailand/Laos 45.0 Grams Slice",12.95,2014-04-22,45,0.29,WorthPoint
indochinite-tektite,"(r372-6) 2-7/8"" Fulgurite Lightning Strike Beach Sand Glass GA Display Specimen",31.99,2014-04-19,,,WorthPoint
indochinite-tektite,"Meteorite Impactite TEKTITE , Thailand/Laos 46.0 Grams Slice",14.95,2014-04-16,46,0.33,WorthPoint
indochinite-tektite,"Meteorite Impactite TEKTITE , Thailand/Laos 41.0 Grams Slice",11.95,2014-04-16,41,0.29,WorthPoint
indochinite-tektite,A SUPER Symmetrical Oblong Disc Or U.F.O. Shaped Tektite From China ! 123.9gr,24.99,2014-04-13,123.9,0.2,WorthPoint
indochinite-tektite,A Great Shaped Long TEKTITE! Found In China! 100.4gr,14.99,2014-04-12,100.4,0.15,WorthPoint
indochinite-tektite,Bird Nest Shape Indochinite Rough Black Natural Tektite 36.24 G,12.29,2014-04-09,36.24,0.34,WorthPoint
indochinite-tektite,A SUPER Symmetrical Disc Or U.F.O. Shaped Tektite From China ! 125.3gr,29.99,2014-04-09,125.3,0.24,WorthPoint
indochinite-tektite,A Very Symmetrical TearDrop Shaped TEKTITE Found In China 47.2gr,14.99,2014-04-04,47.2,0.32,WorthPoint
indochinite-tektite,A Super Symmetrical Rain Drop TEKTITE! From China 24.5gr,39.99,2014-04-04,24.5,1.63,WorthPoint
indochinite-tektite,"Large 36.9 Grams Tektite Indochinite, Tailand, Wards Label",16.5,2014-04-03,36.9,0.45,WorthPoint
indochinite-tektite,Indochinite Tektite China 200.5 Grams From Mark Bostick,31,2014-04-03,200.5,0.15,WorthPoint
indochinite-tektite,A BIG GREAT Shaped Oblong Tektite! 100% Natural A Heavy 194.8gr,59.99,2014-04-01,194.8,0.31,WorthPoint
indochinite-tektite,A Super Symmetrical Rain Drop TEKTITE! 61.3gr,14.99,2014-03-31,61.3,0.24,WorthPoint
indochinite-tektite,"NP: Campo Del Cielo Meteorite, Zhamanshin Impactite & Indochinite Tektite Sample",19.95,2014-03-29,,,WorthPoint
indochinite-tektite,"(r383-8) 4-3/8"" Fulgurite Lightning Strike Beach Sand Glass GA Display Specimen",47.99,2014-03-27,,,WorthPoint
indochinite-tektite,A Great Shaped Long TEKTITE! Found In China! 40.7gr,14.99,2014-03-26,40.7,0.37,WorthPoint
indochinite-tektite,"(r367-31) 2-1/4"" Fulgurite Lightning Strike Beach Sand Dune Glass GA Specimen",20.99,2014-03-24,,,WorthPoint
indochinite-tektite,"(r366-33) 2-1/8"" Fulgurite Lightning Strike Beach Sand Dune Glass GA Fulgurites",18.99,2014-03-22,,,WorthPoint
indochinite-tektite,"750,000 Years Old Meteorite Tektite ~ Good Quality Specimen",9.98,2014-03-22,,,WorthPoint
indochinite-tektite,A Super Symmetrical Teardrop Shaped TEKTITE Found In China 66.5gr,24.99,2014-03-15,66.5,0.38,WorthPoint
indochinite-tektite,A Very Symmetrical Disc Or U.F.O. Shaped Tektite From China ! 137.6gr,34.99,2014-03-14,137.6,0.25,WorthPoint
indochinite-tektite,"(r370-11) 2-5/8"" Fulgurite Lightning Strike Beach Sand Glass Georgia Specimen",27.99,2014-03-07,,,WorthPoint
indochinite-tektite,A Big Long Odd Shaped Tektite 72.7gr From China,24.99,2014-03-07,72.7,0.34,WorthPoint
indochinite-tektite,"(r364-22) 1-5/8"" - 2 Fulgurites Lightning Strike Beach Sand Glass GA Fulgurite",22.99,2014-03-07,,,WorthPoint
indochinite-tektite,"(r376-4) 3-3/8"" Fulgurite Lightning Strike Beach Sand Glass GA Display Specimen",45.99,2014-03-03,,,WorthPoint
indochinite-tektite,"(r385-4) 4-5/8"" Fulgurite Lightning Strike Beach Sand Glass GA Display Specimen",58.99,2014-03-03,,,WorthPoint
indochinite-tektite,40.34 Grams Black Tektite Meteorite / China Rare No Reserve Ships Free,10.99,2014-03-03,40.34,0.27,WorthPoint
indochinite-tektite,A Great Shaped Long TEKTITE! Found In China! 70.2gr,17.99,2014-03-01,70.2,0.26,WorthPoint
indochinite-tektite,"(r386-1) 4-3/4"" Fulgurite Lightning Strike Sand Dune Glass GA Display Specimen",72.99,2014-02-25,,,WorthPoint
indochinite-tektite,Lot Of FOUR Different Shaped Tektites! Disc Oblong Bar And Teardrop! 216.8gr,29.99,2014-02-18,216.8,0.14,WorthPoint
indochinite-tektite,"(r370-13) 2-5/8"" Fulgurite Lightning Strike Beach Sand Glass GA Display Piece",27.99,2014-02-18,,,WorthPoint
indochinite-tektite,"(r366-21) 2-1/8"" Fulgurite Lightning Strike Beach Sand Dune Glass GA Fulgurites",18.99,2014-02-04,,,WorthPoint
indochinite-tektite,"(r363-18) 1-1/8"" - 2 Fulgurites Lightning Strike Beach Sand Glass GA Fulgurite",18.99,2014-02-01,,,WorthPoint
indochinite-tektite,"(r366-12) 2-1/8"" Fulgurite Lightning Strike Beach Sand Glass GA Fulgurites",18.99,2014-02-01,,,WorthPoint
indochinite-tektite,"(r366-29) 2-1/8"" Fulgurite Lightning Strike Beach Sand Glass Georgia Fulgurites",18.99,2014-02-01,,,WorthPoint
indochinite-tektite,"(r363-1) 2 Piece Set 1-5/8"" Fulgurites Lightning Strike Beach Sand Glass GA",18.99,2014-02-01,,,WorthPoint
indochinite-tektite,"(r372-10) 2-7/8"" Fulgurite Lightning Strike Beach Sand Glass GA Display Specimen",31.99,2014-01-31,,,WorthPoint
indochinite-tektite,Set Of 35 Volcanic Ash Microscope Slides In Box - SELLING UP ALL SETS,148.51,2014-01-27,,,WorthPoint
indochinite-tektite,"(r381-2) 4"" Fulgurite Lightning Strike Beach Sand Dune Glass GA Display Specimen",47.99,2014-01-16,,,WorthPoint
indochinite-tektite,A Nice! Big Roundish TEKTITE Found In China 137.2gr,29.99,2014-01-11,137.2,0.22,WorthPoint
indochinite-tektite,Indochinite Tektite From China - 121.3 Grams Lot Of 2,13.5,2014-01-07,121.3,0.11,WorthPoint
indochinite-tektite,Big Lot Of Nice Tektites From China 185.7 Gr !!,29.99,2014-01-06,185.7,0.16,WorthPoint
indochinite-tektite,"(r367-37) 2-1/4"" Fulgurite Lightning Strike Beach Sand Dune Glass GA Specimen",16.79,2014-01-05,,,WorthPoint
indochinite-tektite,"(r387-3) 4-7/8"" Fulgurite Lightning Strike Sand Dune Glass GA Display Specimen",54.39,2014-01-03,,,WorthPoint
indochinite-tektite,"(r392-2) 5-3/8"" Fulgurite Lightning Strike Sand Dune Glass GA Display Specimen",80.79,2014-01-03,,,WorthPoint
indochinite-tektite,"(r394-200) 6-3/8"" Fulgurite Lightning Strike Sand Dune Glass GA Display Specimen",90.39,2014-01-02,,,WorthPoint
indochinite-tektite,"(r365-50) 1-7/8"" Fulgurite Lightning Strike Beach Sand Glass Georgia Specimen",13.59,2014-01-01,,,WorthPoint
indochinite-tektite,Set Of 34 Volcanic Ash Microscope Slides In Box - SELLING UP ALL SETS,165.61,2014-01-01,,,WorthPoint
indochinite-tektite,"(r362-41) 4 Piece Set 1/2"" Fulgurites Lightning Strike Beach Sand Glass GA",22.99,2014-01-01,,,WorthPoint
indochinite-tektite,"(r363-6) 2 Fulgurites 1-5/8"" Lightning Strike Beach Sand Glass Georgia Pieces",18.99,2013-12-31,,,WorthPoint
indochinite-tektite,A Neat Disc Shaped TEKTITE With Display Stand ! From China 58.3 Gr,29.99,2013-12-30,58.3,0.51,WorthPoint
indochinite-tektite,A Great Shaped TEKTITE! Found In China 61.1grams,19.99,2013-12-28,61.1,0.33,WorthPoint
indochinite-tektite,"(r367-33) 2-1/4"" Fulgurite Lightning Strike Beach Sand Dune Glass GA Specimen",17.84,2013-12-28,,,WorthPoint
indochinite-tektite,"(r366-20) 2-1/8"" Fulgurite Lightning Strike Beach Sand Glass GA Fulgurites",16.14,2013-12-27,,,WorthPoint
indochinite-tektite,"(r367-39) 2-1/4"" Fulgurite Lightning Strike Beach Sand Dune Glass GA Specimen",20.99,2013-12-24,,,WorthPoint
indochinite-tektite,Big Great Shaped Oblong Tektite! 95.4gr,19.99,2013-12-23,95.4,0.21,WorthPoint
indochinite-tektite,"(r369-21) 2-1/2"" Fulgurite Lightning Strike Beach Sand Glass GA Display Specimen",21.24,2013-12-21,,,WorthPoint
indochinite-tektite,"(r362-34) 4 Fulgurites 1/2"" Lightning Strike Beach Sand Glass GA Fulgurite",19.54,2013-12-21,,,WorthPoint
indochinite-tektite,"750,000 Years Old Meteorite Tektite ~ Quality Specimen (better Than Photos)",6.87,2013-12-21,,,WorthPoint
indochinite-tektite,"(r369-26) 2-1/2"" Fulgurite Lightning Strike Beach Sand Glass GA Display Specimen",21.24,2013-12-20,,,WorthPoint
indochinite-tektite,Indochinite Tektite From Indonesia - 112.3 Gram Lot Of 10 Individuals,20.1,2013-12-17,112.3,0.18,WorthPoint
indochinite-tektite,"(r367-38) 2-1/4"" Fulgurite Lightning Strike Beach Sand Dune Glass GA Specimen",20.99,2013-12-15,,,WorthPoint
indochinite-tektite,"(r363-28) 1-5/8"" - 2 Fulgurites Lightning Strike Beach Sand Glass GA Specimens",18.99,2013-12-15,,,WorthPoint
indochinite-tektite,A Very Symmetrical Tektite From China ! 53.3gr,12.99,2013-12-09,53.3,0.24,WorthPoint
indochinite-tektite,"(r367-40) 2-1/4"" Fulgurite Lightning Strike Beach Sand Dune Glass GA Specimen",20.99,2013-12-09,,,WorthPoint
indochinite-tektite,"(r367-32) 2-1/4"" Fulgurite Lightning Strike Beach Sand Dune Glass GA Specimen",20.99,2013-12-09,,,WorthPoint
indochinite-tektite,"750,000 Years Old Meteorite Tektite ~ Superb Quality Specimen",6.05,2013-12-07,,,WorthPoint
indochinite-tektite,"(r390-4) 5-1/4"" Fulgurite Lightning Strike Sand Dune Glass GA Display Specimen",92.99,2013-12-03,,,WorthPoint
indochinite-tektite,"(r388-2) 5"" Fulgurite Lightning Strike Sand Dune Hill Glass GA Display Specimen",72.99,2013-12-02,,,WorthPoint
indochinite-tektite,A Great Shaped Tear Drop TEKTITE From China! 69.1 Gr,17.99,2013-11-26,69.1,0.26,WorthPoint
indochinite-tektite,Big SYMMETRICAL Teardrop Shaped! TEKTITE 66.8 Gr,22.99,2013-11-26,66.8,0.34,WorthPoint
indochinite-tektite,A Big Super Symmetrical Rain Drop TEKTITE With A Bubble On The Very End! 98.1gr,34.99,2013-11-26,98.1,0.36,WorthPoint
indochinite-tektite,Indochinite Tektite From Indonesia - 113.8 Gram Lot Of 10 Individuals,15.59,2013-11-26,113.8,0.14,WorthPoint
indochinite-tektite,Big Great Shaped Roundish Tektite! 97.5gr,19.99,2013-11-14,97.5,0.21,WorthPoint
indochinite-tektite,Tektite Slashform Indochinite 108.9 Grams,68,2013-11-13,108.9,0.62,WorthPoint
indochinite-tektite,"(r373-6) 3"" Fulgurite Lightning Strike Beach Sand Hill Glass GA Display Specimen",33.99,2013-11-11,,,WorthPoint
indochinite-tektite,"(r372-8) 2-7/8"" Fulgurite Lightning Strike Beach Sand Glass GA Display Specimen",31.99,2013-11-05,,,WorthPoint
indochinite-tektite,Indochinite Tektite - Guangdong - 5.2g - Meteorite Impact! Great Shape - IT2,10,2013-10-19,5.2,1.92,WorthPoint
indochinite-tektite,Very Symmetrical Long! Tear Drop Shaped TEKTITE 64.5 Grams Found In China,18.99,2013-10-17,64.5,0.29,WorthPoint
indochinite-tektite,A Very Symmetrical Oblong Tektite! Found In China 81.7 Grams,19.99,2013-10-07,81.7,0.24,WorthPoint
indochinite-tektite,Tektite Slashform Indochinite 27 Grams,19,2013-09-28,27,0.7,WorthPoint
indochinite-tektite,A Perfect!! Disc Or Crescent Shaped Tektite! 133.6gr,39.99,2013-09-24,133.6,0.3,WorthPoint
indochinite-tektite,Big Very Symmetrical Oblong Shaped TEKTITE Found In China 109.4 Grams!,22.99,2013-09-24,109.4,0.21,WorthPoint
indochinite-tektite,Great Shaped DISC Or Crescent Tektite! 159.4 Grams,34.99,2013-09-24,159.4,0.22,WorthPoint
indochinite-tektite,BIG Roundish Great Shaped Ball Tektite 99.0gr Found In China!,29.99,2013-09-24,99,0.3,WorthPoint
indochinite-tektite,Super Big Symmetrical Shaped TEKTITE Found In China 112.5 Grams,27.99,2013-09-24,112.5,0.25,WorthPoint
indochinite-tektite,"(r374-3) 3-1/8"" Fulgurite Lightning Strike Beach Sand Glass GA Display Specimen",31.44,2013-09-21,,,WorthPoint
indochinite-tektite,"(r375-6) 3-1/4"" Fulgurite Lightning Strike Beach Sand Glass GA Display Specimen",33.14,2013-09-20,,,WorthPoint
indochinite-tektite,A Set Of 10 Indochinite Tektites. Ref:(W.TK2),6.24,2013-09-09,,,WorthPoint
indochinite-tektite,"(r393-51) Big 6"" Fulgurite Lightning Strike Sand Dune Glass GA Display Specimen",134.99,2013-09-06,,,WorthPoint
indochinite-tektite,77g. PERFECT FLAT SMOOTH OVAL -INDOCHINITE TEKTITE (Meteorite)#sa640-stomulet,34.99,2013-08-30,77,0.45,WorthPoint
indochinite-tektite,17g. IRON TEKTITE MAN- NATURAL INDOCHINITE TEKTITE(Meteorite)#sb761-stomulet,11.49,2013-08-30,17,0.68,WorthPoint
indochinite-tektite,Large Black Meteorite Tektite Stone From China - 143.7 G,22,2013-08-29,143.7,0.15,WorthPoint
indochinite-tektite,Very Large Black Meteorite Tektite Stone From China - 134.9 G,19,2013-08-29,134.9,0.14,WorthPoint
indochinite-tektite,Black Meteorite Tektite Stone From China - 194.4 G (Rare Very Large Piece),30,2013-08-29,194.4,0.15,WorthPoint
indochinite-tektite,691g NICE AUSTRALASIAN MUONG NONG TEKTITE (METEORITE)-THAILAND #sb868-stomulet,55.99,2013-08-28,691,0.08,WorthPoint
indochinite-tektite,11 Pcs. WRAPPED NATURAL ROUGH TEKTITE (Meteorite)CORD PENDANT#sc605-stomulet,16.5,2013-08-27,,,WorthPoint
indochinite-tektite,649.8g NICE AUSTRALASIAN MUONG NONG TEKTITE (METEORITE)-THAILAND #sb688-stomulet,52.99,2013-08-27,649.8,0.08,WorthPoint
indochinite-tektite,596g NICE AUSTRALASIAN MUONG NONG TEKTITE (METEORITE)-THAILAND #sb866-stomulet,44.49,2013-08-27,596,0.07,WorthPoint
indochinite-tektite,369g Australasian MUONG NONG TEKTITE (METEORITE)#sb869-stomulet,26.99,2013-08-27,369,0.07,WorthPoint
indochinite-tektite,32g. BIG TRASLUCENT-INDOCHINITE TEKTITE (Meteorite)#sa669-stomulet,21.49,2013-08-27,32,0.67,WorthPoint
indochinite-tektite,"S.V.F - Australite Tektite, 1.28g, Australia - Orientated",28.05,2013-08-24,1.28,21.91,WorthPoint
indochinite-tektite,Very Large Black Meteorite Tektite Stone From China - 137.4 G,16.99,2013-08-22,137.4,0.12,WorthPoint
indochinite-tektite,Large Black Meteorite Tektite Stone From China - 85.8 G,12.49,2013-08-22,85.8,0.15,WorthPoint
indochinite-tektite,Black Meteorite Tektite Stone - 10 Small Pieces Collection Set (Plastic Box),12.99,2013-08-22,,,WorthPoint
indochinite-tektite,Large Black Meteorite Tektite Stone From China - 134.4 G,14.99,2013-08-21,134.4,0.11,WorthPoint
indochinite-tektite,Large Black Meteorite Tektite Stone From China - 92.1 G,13.49,2013-08-21,92.1,0.15,WorthPoint
indochinite-tektite,Black Meteorite Tektite Stone From China - 160.9 G (Rare Very Large Piece),25,2013-08-21,160.9,0.16,WorthPoint
indochinite-tektite,Very Large Black Meteorite Tektite Stone From China - 120.9 G,14.99,2013-08-19,120.9,0.12,WorthPoint
indochinite-tektite,20g. STAR ON HEAD- NATURAL BLACK TEKTITE (Meteorite)#sa208-stomulet,15.5,2013-08-19,20,0.78,WorthPoint
indochinite-tektite,Large Black Meteorite Tektite Stone From China - 82.1 G,11.99,2013-08-19,82.1,0.15,WorthPoint
indochinite-tektite,2pcs.110g AUSTRALASIAN MUONG NONG TEKTITE (METEORITE)-Thailand #sa850-stomulet,19.99,2013-08-19,110,0.18,WorthPoint
indochinite-tektite,4 OUTSTANDING & WHOLE TEARDROP TEKTITES From N.E. THAILAND INDOCHINITE 220 Gms,49.95,2013-08-18,220,0.23,WorthPoint
indochinite-tektite,Very Large Black Tektite Stone Specimen - 5 Pieces Lot (each Piece Over 100 G),59.99,2013-08-18,100,0.6,WorthPoint
indochinite-tektite,"(r396-200) Big 7-3/8"" Fulgurite Lightning Strike Sand Glass GA Display Specimen",196.99,2013-08-18,,,WorthPoint
indochinite-tektite,"S.V.F - Indochinite Tektite, 41.13 Grams , China",7.67,2013-07-29,41.13,0.19,WorthPoint
indochinite-tektite,"(r386-3) 4-3/4"" Fulgurite Lightning Strike Sand Dune Glass GA Display Specimen",69.99,2013-07-13,,,WorthPoint
indochinite-tektite,54g. CROSS GROOVE-NATURAL INDOCHINITE TEKTITE(Meteorite)#sb757-stomulet,22.49,2013-07-12,54,0.42,WorthPoint
indochinite-tektite,"(r365-46) 1-7/8"" Fulgurite Lightning Strike Beach Sand Glass Georgia Specimen",16.99,2013-07-12,,,WorthPoint
indochinite-tektite,Black Meteorite Tektite Stone From China - 54 G,15,2013-07-09,54,0.28,WorthPoint
indochinite-tektite,50pcs. LOT TRANSLUCENT INDOCHINITE TEKTITE (METEORITE)-Thailand #sc175-stomulet,22.49,2013-07-05,,,WorthPoint
indochinite-tektite,56g. PERFECT SMOOTH LONG OVAL-INDOCHINITE TEKTITE (Meteorite)#sa642-stomulet,13.2,2013-07-05,56,0.24,WorthPoint
indochinite-tektite,Very Large Black Tektite Stone Specimen - 0.5 Kg Lot (each Piece Over 100 G),69.99,2013-07-05,100,0.7,WorthPoint
indochinite-tektite,53g. PERFECT SMOOTH LONG OVAL-INDOCHINITE TEKTITE (Meteorite)#sa648-stomulet,23.32,2013-07-05,53,0.44,WorthPoint
indochinite-tektite,86g. PERFECT SMOOTH ROUND-INDOCHINITE TEKTITE (Meteorite)#sa631-stomulet,30.8,2013-07-05,86,0.36,WorthPoint
indochinite-tektite,28.5g. ANDA LIKE-NATURAL INDOCHINITE TEKTITE(Meteorite)#sa327-stomulet,24.64,2013-07-05,28.5,0.86,WorthPoint
indochinite-tektite,50pcs. LOT INDOCHINITE TEKTITE (METEORITE)-Thailand #sa585-stomulet,13.2,2013-07-04,,,WorthPoint
indochinite-tektite,"FOSSILS MINERALS 700,000 Year Old Tektite Space Debris",6.05,2013-07-03,,,WorthPoint
indochinite-tektite,Tek8- Tektite Asteroid Or Comet Contact With Earth - Indochinite Strewnfield,14.99,2013-07-01,,,WorthPoint
indochinite-tektite,Tek14- Tektite Asteroid Or Comet Contact With Earth - Indochinite Strewnfield,14.99,2013-07-01,,,WorthPoint
indochinite-tektite,A Really Nice Shape On This Raindrop Tektite! 21.6 Gr,29.99,2013-07-01,21.6,1.39,WorthPoint
indochinite-tektite,12pcs. LOT TRANSLUCENT INDOCHINITE TEKTITE (METEORITE)-Thailand #sc283-stomulet,10.5,2013-06-28,,,WorthPoint
indochinite-tektite,"(r365-4) 1-7/8"" Fulgurite Lightning Strike Beach Sand Glass Georgia Specimen",16.99,2013-06-28,,,WorthPoint
indochinite-tektite,Meteorite Black Tektite - 1 Kg (15 - 50 G Pieces) Lot,92,2013-06-28,50,1.84,WorthPoint
indochinite-tektite,50pcs. LOT AUSTRALASIAN MUONG NONG TEKTITE (METEORITE)-Thailand #sa520-stomulet,18.29,2013-06-27,,,WorthPoint
indochinite-tektite,Black Meteorite Tektite Stone From China - 65.6 G,10.5,2013-06-27,65.6,0.16,WorthPoint
indochinite-tektite,Large Black Meteorite Tektite Stone From China - 79 G,12.5,2013-06-27,79,0.16,WorthPoint
indochinite-tektite,Large Black Meteorite Tektite Stone From China - 89 G,14,2013-06-27,89,0.16,WorthPoint
indochinite-tektite,Large Black Meteorite Tektite Stone From China - 94 G,14.5,2013-06-27,94,0.15,WorthPoint
indochinite-tektite,TEKTITE With Two Deep Bubble Holes! From China 33.5 Gr,14.99,2013-06-25,33.5,0.45,WorthPoint
indochinite-tektite,Rare Very Large Black Meteorite Tektite Stone From China - 174.6 G,24.99,2013-06-23,174.6,0.14,WorthPoint
indochinite-tektite,Large Black Meteorite Tektite Stone From China - 131.4 G,17.99,2013-06-23,131.4,0.14,WorthPoint
indochinite-tektite,351g NICE AUSTRALASIAN MUONG NONG TEKTITE (METEORITE)-THAILAND #sb867-stomulet,30.79,2013-06-23,351,0.09,WorthPoint
indochinite-tektite,175g AUSTRALASIAN MUONG NONG TEKTITE (METEORITE) -THAILAND #sb696-stomulet,13.74,2013-06-23,175,0.08,WorthPoint
indochinite-tektite,540g Australasian MUONG NONG TEKTITE (METEORITE) #sb039-stomulet,43.44,2013-06-23,540,0.08,WorthPoint
indochinite-tektite,Large Black Meteorite Tektite Stone From China - 138.9 G,18.99,2013-06-22,138.9,0.14,WorthPoint
indochinite-tektite,Large Black Meteorite Tektite Stone From China - 96.8 G,12.99,2013-06-22,96.8,0.13,WorthPoint
indochinite-tektite,Very Large Black Meteorite Tektite Stone From China - 152.2 G,21.99,2013-06-22,152.2,0.14,WorthPoint
indochinite-tektite,Big VERY Symmetrical Rain Drop TEKTITE From China 74.2gr,34.99,2013-06-22,74.2,0.47,WorthPoint
indochinite-tektite,A Great Shaped Tear Drop TEKTITE From China 49.7 Gr,14.99,2013-06-22,49.7,0.3,WorthPoint
indochinite-tektite,A Very Symmetrical Tear Or Rain Drop TEKTITE! 65.1gr Found In China,29.99,2013-06-22,65.1,0.46,WorthPoint
indochinite-tektite,Rain Drop TEKTITE From China! 36.4 Gr,29.99,2013-06-22,36.4,0.82,WorthPoint
indochinite-tektite,Perfect Shape On This Big Raindrop TEKTITE 65.2 Grams,37.99,2013-06-22,65.2,0.58,WorthPoint
indochinite-tektite,"(r367-12) 2-1/4"" Fulgurite Lightning Strike Beach Sand Glass Georgia Specimen",20.99,2013-06-22,,,WorthPoint
indochinite-tektite,Large Black Meteorite Tektite Stone From China - 127.1 G,17.99,2013-06-21,127.1,0.14,WorthPoint
indochinite-tektite,Very Large Black Meteorite Tektite Stone From China - 150.5 G,21.99,2013-06-21,150.5,0.15,WorthPoint
indochinite-tektite,Large Black Meteorite Tektite Stone From China - 138.8 G,19.49,2013-06-20,138.8,0.14,WorthPoint
indochinite-tektite,Large Black Meteorite Tektite Stone From China - 122.6 G,22.5,2013-06-19,122.6,0.18,WorthPoint
indochinite-tektite,Very Large Black Meteorite Tektite Stone From China - 168.4 G,22.99,2013-06-19,168.4,0.14,WorthPoint
indochinite-tektite,Large Black Meteorite Tektite Stone From China - 91.9 G,12.99,2013-06-19,91.9,0.14,WorthPoint
indochinite-tektite,"(r370-3) 2-5/8"" Fulgurite Lightning Strike Beach Sand Glass GA Display Piece",22.39,2013-06-19,,,WorthPoint
indochinite-tektite,50pcs. LOT INDOCHINITE TEKTITE (METEORITE)-Thailand #sa568-stomulet,19.49,2013-06-18,,,WorthPoint
indochinite-tektite,18ct.Long Oval Facetted TEKTITE Cut -Gem (METEORITE)+Get Free!!! #sb583-stomulet,12.34,2013-06-18,3.6,3.43,WorthPoint
indochinite-tektite,Large Black Meteorite Tektite Stone From China - 87.8 G,11.99,2013-06-18,87.8,0.14,WorthPoint
indochinite-tektite,"(r363-3) 1-5/8"" 2 Fulgurites Lightning Strike Beach Sand Glass Georgia Fulgurite",15.19,2013-06-18,,,WorthPoint
indochinite-tektite,Large Black Meteorite Tektite Stone From China - 83 G,11.99,2013-06-18,83,0.14,WorthPoint
indochinite-tektite,Large Black Meteorite Tektite Stone From China - 127.6 G,18.49,2013-06-18,127.6,0.14,WorthPoint
indochinite-tektite,Large Black Meteorite Tektite Stone From China - 86.4 G,10.49,2013-06-17,86.4,0.12,WorthPoint
indochinite-tektite,Large Black Meteorite Tektite Stone From China - 130.9 G,56.5,2013-06-17,130.9,0.43,WorthPoint
indochinite-tektite,Meteorite Black Tektite - 50 To 100 Gram Pieces (200 Gram Lot),18.99,2013-06-16,100,0.19,WorthPoint
indochinite-tektite,Large Black Meteorite Tektite Stone From China - 63 G,10.5,2013-06-15,63,0.17,WorthPoint
indochinite-tektite,Very Large Black Meteorite Tektite Stone From China - 120.7 G,36,2013-06-14,120.7,0.3,WorthPoint
indochinite-tektite,Large Black Meteorite Tektite Stone From China - 80 G,10.99,2013-06-14,80,0.14,WorthPoint
indochinite-tektite,Very Large Black Meteorite Tektite Stone From China - 128.1 G,18.99,2013-06-12,128.1,0.15,WorthPoint
indochinite-tektite,"(r363-30) 1-5/8"" - 2 Fulgurites Lightning Strike Beach Sand Glass GA Fulgurite",16.14,2013-06-10,,,WorthPoint
indochinite-tektite,20g. STRANGE TEARDROP-NATURAL INDOCHINITE TEKTITE(Meteorite)#sb781-stomulet,10.5,2013-06-10,20,0.53,WorthPoint
indochinite-tektite,Large Black Meteorite Tektite Stone From China - 73 G,11,2013-06-10,73,0.15,WorthPoint
indochinite-tektite,Large Black Meteorite Tektite Stone From China - 62 G,10,2013-06-10,62,0.16,WorthPoint
indochinite-tektite,113g. BIG OVAL GLOSSY SKIN-NATURAL INDOCHINITE TEKTITE(Meteorite)#sb732-stomulet,29.99,2013-06-05,113,0.27,WorthPoint
indochinite-tektite,160.5ct.SUPER BIG MARQUISE FACETTED TEKTITE CUT -GEM (METEORITE)#sa589-stomulet,44.99,2013-06-05,32.1,1.4,WorthPoint
indochinite-tektite,A Very Symmetrical TEKTITE From China 67.6gr,14.99,2013-06-05,67.6,0.22,WorthPoint
indochinite-tektite,Large Black Meteorite Tektite Stone From China - 93 G,13.99,2013-06-04,93,0.15,WorthPoint
indochinite-tektite,Large Black Meteorite Tektite Stone From China - 105.8 G,16,2013-06-04,105.8,0.15,WorthPoint
indochinite-tektite,Large Black Meteorite Tektite Stone From China - 76 G,11.5,2013-06-04,76,0.15,WorthPoint
indochinite-tektite,245g AUSTRALASIAN MUONG NONG TEKTITE (METEORITE) -THAILAND #sb691-stomulet,34.99,2013-05-31,245,0.14,WorthPoint
indochinite-tektite,Large Black Meteorite Tektite Stone From China - 85 G,11.99,2013-05-31,85,0.14,WorthPoint
indochinite-tektite,89.1g AMAZING SKIN FLAT OVAL TEKTITE(METEORITE)#sa114-stomulet,24.99,2013-05-31,89.1,0.28,WorthPoint
indochinite-tektite,154g. BIG JUMBO ROUND -INDOCHINITE TEKTITE (Meteorite)#sa609-stomulet,77.99,2013-05-31,154,0.51,WorthPoint
indochinite-tektite,129.2g. Big & Flat OvalTektite (Meteorite)RARE#sa065-stomulet,44.99,2013-05-31,129.2,0.35,WorthPoint
indochinite-tektite,376.5g NICE AUSTRALASIAN MUONG NONG TEKTITE (METEORITE)-THAILAND #sb690-stomulet,57.99,2013-05-31,376.5,0.15,WorthPoint
indochinite-tektite,102g. MR.FAT MAN-NATURAL INDOCHINITE TEKTITE(Meteorite)#sa322-stomulet,44.99,2013-05-31,102,0.44,WorthPoint
indochinite-tektite,112g. GIANT SIZE NATURAL INDOCHINITE TEKTITE(Meteorite)#sb758-stomulet,42.99,2013-05-31,112,0.38,WorthPoint
indochinite-tektite,119g. BIG JUMBO OVAL-NATURAL INDOCHINITE TEKTITE(Meteorite)#sb733-stomulet,44.99,2013-05-31,119,0.38,WorthPoint
indochinite-tektite,113.5g AUSTRALASIAN MUONG NONG TEKTITE (METEORITE) -THAILAND #sb800-stomulet,17.99,2013-05-31,113.5,0.16,WorthPoint
indochinite-tektite,16.5ct Teardrop Facetted TEKTITE Cut -Gem (METEORITE)+Get Free!! #sb581-stomulet,12,2013-05-29,3.3,3.64,WorthPoint
indochinite-tektite,31g. PERFECT SMOOTH ROUND -INDOCHINITE TEKTITE (Meteorite)#sa693-stomulet,22.99,2013-05-29,31,0.74,WorthPoint
indochinite-tektite,110g. PERFECT A++ ROUND SHAPE -INDOCHINITE TEKTITE (Meteorite)#sa606-stomulet,120.99,2013-05-29,110,1.1,WorthPoint
indochinite-tektite,Large Black Meteorite Tektite Stone From China - 95 G,13.99,2013-05-29,95,0.15,WorthPoint
indochinite-tektite,Indochinite Black Natural Glass TN Sphere From Australasia Strewn Field S. China,71,2013-05-27,,,WorthPoint
indochinite-tektite,"METEORITE INDOCHINA VIETNAM TEKTITE TEARDROP 2 1/8""long",26.09,2013-05-27,,,WorthPoint
indochinite-tektite,Large Black Meteorite Tektite Stone From China - 66 G,10.5,2013-05-25,66,0.16,WorthPoint
indochinite-tektite,Large Black Meteorite Tektite Stone From China - 81 G,22,2013-05-23,81,0.27,WorthPoint
indochinite-tektite,"(r362-24) Four 1/2"" Fulgurites Lightning Strike Beach Sand Glass GA Fulgurite",22.99,2013-05-23,,,WorthPoint
indochinite-tektite,Indochinite Tektite - Guangdong - 5.8g - Meteorite Impact! Great Shape - IT4,12,2013-05-22,5.8,2.07,WorthPoint
indochinite-tektite,26g. SMOOTH TEARDROP CURVE -INDOCHINITE TEKTITE (Meteorite)#sa684-stomulet,14.24,2013-05-21,26,0.55,WorthPoint
indochinite-tektite,Black Tektite Stone Specimen - 74.9 G,11,2013-05-21,74.9,0.15,WorthPoint
indochinite-tektite,Large Black Meteorite Tektite Stone From China - 103.3 G,15,2013-05-21,103.3,0.15,WorthPoint
indochinite-tektite,Black Tektite Stone Specimen - 78.2 G,12,2013-05-21,78.2,0.15,WorthPoint
indochinite-tektite,Black Tektite Stone Specimen 76.3 G,11.5,2013-05-21,76.3,0.15,WorthPoint
indochinite-tektite,Black Tektite Stone Specimen - 83.3 G,11,2013-05-21,83.3,0.13,WorthPoint
indochinite-tektite,Black Meteorite Tektite Stone From China - 64 G,10,2013-05-21,64,0.16,WorthPoint
indochinite-tektite,Black Tektite Stone Specimen - 68.8 G,10,2013-05-21,68.8,0.15,WorthPoint
indochinite-tektite,Black Meteorite Tektite Stone From China - 60 G,10,2013-05-21,60,0.17,WorthPoint
indochinite-tektite,"(r375-4) 3-1/4"" Fulgurite Lightning Strike Beach Sand Glass GA Display Specimen",29.24,2013-05-21,,,WorthPoint
indochinite-tektite,"(r396-1) 6-5/8"" Fulgurite Lightning Strike Sand Dune Glass GA Display Specimen",101.24,2013-05-21,,,WorthPoint
indochinite-tektite,"(r386-5) 4-3/4"" Fulgurite Lightning Strike Sand Dune Glass GA Display Specimen",49.49,2013-05-21,,,WorthPoint
indochinite-tektite,78.1g ==Big Alien Worm==Natural Black TEKTITE(Meteorite)Rare Form#sa103-stomulet,17.07,2013-05-19,78.1,0.22,WorthPoint
indochinite-tektite,Large Black Meteorite Tektite Stone From China - 88 G,15,2013-05-19,88,0.17,WorthPoint
indochinite-tektite,Large Black Meteorite Tektite Stone From China - 77 G,12.49,2013-05-17,77,0.16,WorthPoint
indochinite-tektite,Large Black Meteorite Tektite Stone From China - 74 G,12,2013-05-17,74,0.16,WorthPoint
indochinite-tektite,Large Black Meteorite Tektite Stone From China - 68 G,11,2013-05-17,68,0.16,WorthPoint
indochinite-tektite,Large Black Meteorite Tektite Stone From China - 82 G,13.5,2013-05-17,82,0.16,WorthPoint
indochinite-tektite,Large Black Meteorite Tektite Stone From China - 100.8 G,15,2013-05-17,100.8,0.15,WorthPoint
indochinite-tektite,Black Meteorite Tektite Stone From China - 66 G,10,2013-05-17,66,0.15,WorthPoint
indochinite-tektite,Large Black Meteorite Tektite Stone From China - 100 G,15,2013-05-17,100,0.15,WorthPoint
indochinite-tektite,Black Meteorite Tektite Stone From China - 67 G,10,2013-05-17,67,0.15,WorthPoint
indochinite-tektite,Black Meteorite Tektite Stone From China - 72 G,11,2013-05-17,72,0.15,WorthPoint
indochinite-tektite,Black Meteorite Tektite Stone From China - 87 G,12.5,2013-05-17,87,0.14,WorthPoint
indochinite-tektite,Black Meteorite Tektite Stone From China - 75 G,12,2013-05-17,75,0.16,WorthPoint
indochinite-tektite,Black Meteorite Tektite Stone From China - 81 G,12,2013-05-17,81,0.15,WorthPoint
indochinite-tektite,Black Meteorite Tektite Stone From China - 70 G,11,2013-05-17,70,0.16,WorthPoint
indochinite-tektite,Black Meteorite Tektite Stone From China - 97 G,14,2013-05-17,97,0.14,WorthPoint
indochinite-tektite,Large Black Tektite Stone Specimen - 90.2 G,12,2013-05-17,90.2,0.13,WorthPoint
indochinite-tektite,Large Black Tektite Stone Specimen - 80.2 G,12,2013-05-17,80.2,0.15,WorthPoint
indochinite-tektite,Black Meteorite Tektite Stone From China - 68.6 G,11,2013-05-17,68.6,0.16,WorthPoint
indochinite-tektite,Black Meteorite Tektite Stone From China - 71 G,11,2013-05-17,71,0.15,WorthPoint
indochinite-tektite,Black Meteorite Tektite Stone From China - 69 G,11,2013-05-17,69,0.16,WorthPoint
indochinite-tektite,Large Size Black Tektite Specimen - 74.6 Gram,11.5,2013-05-17,74.6,0.15,WorthPoint
indochinite-tektite,Black Meteorite Tektite Stone From China - 66.1 G,10.5,2013-05-17,66.1,0.16,WorthPoint
indochinite-tektite,Large Black Tektite Stone Specimen - 91.7 G,14,2013-05-17,91.7,0.15,WorthPoint
indochinite-tektite,Black Meteorite Tektite Stone From China - 79 G,12,2013-05-17,79,0.15,WorthPoint
indochinite-tektite,Large Black Tektite Specimen - 74.7 G,11,2013-05-17,74.7,0.15,WorthPoint
indochinite-tektite,Black Meteorite Tektite Stone From China - 84.4 G,12,2013-05-17,84.4,0.14,WorthPoint
indochinite-tektite,Large Black Tektite Stone Specimen - 77.6 G,12,2013-05-17,77.6,0.15,WorthPoint
indochinite-tektite,Black Meteorite Tektite Stone From China - 78.8 G,12,2013-05-17,78.8,0.15,WorthPoint
indochinite-tektite,Black Meteorite Tektite Stone From China - 70.7 G,11,2013-05-17,70.7,0.16,WorthPoint
indochinite-tektite,Large Black Meteorite Tektite Stone From China - 103.7 G,15,2013-05-17,103.7,0.14,WorthPoint
indochinite-tektite,Large Black Meteorite Tektite Stone From China - 103 G,15,2013-05-17,103,0.15,WorthPoint
indochinite-tektite,90g. ABSOLUTE SMOOTH ROUND-INDOCHINITE TEKTITE (Meteorite)#sa621-stomulet,79.99,2013-05-13,90,0.89,WorthPoint
indochinite-tektite,54g. ALIEN EYE -NATURAL INDOCHINITE TEKTITE (Meteorite)#sb730-stomulet,25.99,2013-05-11,54,0.48,WorthPoint
indochinite-tektite,128g. PERFECT BIG FLAT OVAL-INDOCHINITE TEKTITE (Meteorite)#sa616-stomulet,45.49,2013-05-11,128,0.36,WorthPoint
indochinite-tektite,"(r369-23) 2-1/2"" Fulgurite Lightning Strike Beach Sand Glass GA Display Specimen",24.99,2013-05-11,,,WorthPoint
indochinite-tektite,"(r375-1) 3-1/4"" Fulgurite Lightning Strike Beach Sand Glass GA Display Specimen",38.99,2013-05-11,,,WorthPoint
indochinite-tektite,"(r373-20) 3"" Fulgurite Lightning Strike Beach Sand Glass GA Display Specimen",33.99,2013-05-11,,,WorthPoint
indochinite-tektite,"(r369-18) 2-1/2"" Fulgurite Lightning Strike Beach Sand Glass GA Display Specimen",24.99,2013-05-11,,,WorthPoint
indochinite-tektite,"(r394-201) 6-3/8"" Fulgurite Lightning Strike Sand Dune Glass GA Display Specimen",112.99,2013-05-11,,,WorthPoint
indochinite-tektite,Black Tektite Stone Specimen (Medium Size) -- 67.5 G,10,2013-05-09,67.5,0.15,WorthPoint
indochinite-tektite,Black Meteorite Tektite Stone From China - 129 G (Rare Very Large Piece),16.99,2013-05-09,129,0.13,WorthPoint
indochinite-tektite,Large Black Meteorite Tektite Stone From China - 69 G,10.49,2013-05-09,69,0.15,WorthPoint
indochinite-tektite,Large Black Meteorite Tektite Stone From China - 108.4 G,15,2013-05-08,108.4,0.14,WorthPoint
indochinite-tektite,"(r381-5) 4"" Fulgurite Lightning Strike Beach Sand Dune Glass GA Display Specimen",47.99,2013-05-08,,,WorthPoint
indochinite-tektite,A Neat Bar Bell Shape On This TEKTITE From China 40.4gr,19.99,2013-05-07,40.4,0.49,WorthPoint
indochinite-tektite,37g. -- ET FACE -- INDOCHINITE TEKTITE (Meteorite)#sa668-stomulet,49.99,2013-05-07,37,1.35,WorthPoint
indochinite-tektite,Large Black Meteorite Tektite Stone From China - 78 G,12,2013-05-07,78,0.15,WorthPoint
indochinite-tektite,Black Meteorite Tektite Stone From China - 71.4 G,11,2013-05-07,71.4,0.15,WorthPoint
indochinite-tektite,Black Meteorite Tektite Stone From China - 131 G (Rare Very Large Piece),16.99,2013-05-07,131,0.13,WorthPoint
indochinite-tektite,"(r394-1) 6-1/8"" Fulgurite Lightning Strike Sand Dune Glass GA Display Specimen",162.99,2013-05-07,,,WorthPoint
indochinite-tektite,Black Meteorite Tektite Stone From China - 130 G (Rare Very Large Piece),17.49,2013-05-05,130,0.13,WorthPoint
indochinite-tektite,Very Nice Odd Shaped TEKTITE From China 74.1 Gr,13.99,2013-05-01,74.1,0.19,WorthPoint
indochinite-tektite,314g Australasian MUONG NONG TEKTITE (METEORITE)#sb872-stomulet,41.99,2013-04-25,314,0.13,WorthPoint
indochinite-tektite,185.5ct.SUPER BIG OVAL FACETTED TEKTITE CUT -GEM (METEORITE)#sb294-stomulet,92.99,2013-04-25,37.1,2.51,WorthPoint
indochinite-tektite,"1,758g SUPER PERFECT MUONG NONG TEKTITE (METEORITE)-THAILAND #sb871-stomulet",499.99,2013-04-25,758,0.66,WorthPoint
indochinite-tektite,82.5g AUSTRALASIAN MUONG NONG TEKTITE (METEORITE) -THAILAND #sb712-stomulet,15.99,2013-04-25,82.5,0.19,WorthPoint
indochinite-tektite,134.8g AUSTRALASIAN MUONG NONG TEKTITE (METEORITE) -THAILAND #sb686-stomulet,20.99,2013-04-25,134.8,0.16,WorthPoint
indochinite-tektite,122g AUSTRALASIAN MUONG NONG TEKTITE (METEORITE) -THAILAND #sb699-stomulet,19.99,2013-04-25,122,0.16,WorthPoint
indochinite-tektite,314.5g NICE AUSTRALASIAN MUONG NONG TEKTITE (METEORITE)-THAILAND #sb703-stomulet,35.03,2013-04-23,314.5,0.11,WorthPoint
indochinite-tektite,Indochinite Tektite - Guangdong - 40.9g - Great Features - Meteorite Impact!,30,2013-04-20,40.9,0.73,WorthPoint
indochinite-tektite,25pcs. LOT AUSTRALASIAN MUONG NONG TEKTITE (METEORITE)-Thailand #sa483-stomulet,11.99,2013-04-19,,,WorthPoint
indochinite-tektite,"(r369-13) 2-1/2"" Fulgurite Lightning Strike Beach Sand Glass GA Display Specimen",24.99,2013-04-18,,,WorthPoint
indochinite-tektite,165.5g AUSTRALASIAN MUONG NONG TEKTITE (METEORITE) -THAILAND #sb708-stomulet,14.99,2013-04-18,165.5,0.09,WorthPoint
indochinite-tektite,260g NICE AUSTRALASIAN MUONG NONG TEKTITE (METEORITE) -THAILAND #sb689-stomulet,24.59,2013-04-18,260,0.09,WorthPoint
indochinite-tektite,221g AUSTRALASIAN MUONG NONG TEKTITE (METEORITE) -THAILAND #sb704-stomulet,20.39,2013-04-18,221,0.09,WorthPoint
indochinite-tektite,172g AUSTRALASIAN MUONG NONG TEKTITE (METEORITE) -THAILAND #sb693-stomulet,14.99,2013-04-18,172,0.09,WorthPoint
indochinite-tektite,129g AUSTRALASIAN MUONG NONG TEKTITE (METEORITE) -THAILAND #sb705-stomulet,11.39,2013-04-18,129,0.09,WorthPoint
indochinite-tektite,107.5g AUSTRALASIAN MUONG NONG TEKTITE (METEORITE) -THAILAND #sb715-stomulet,10.19,2013-04-18,107.5,0.09,WorthPoint
indochinite-tektite,117g AUSTRALASIAN MUONG NONG TEKTITE (METEORITE) -THAILAND #sb714-stomulet,10.79,2013-04-18,117,0.09,WorthPoint
indochinite-tektite,263.5g NICE AUSTRALASIAN MUONG NONG TEKTITE (METEORITE)-THAILAND #sb687-stomulet,25.79,2013-04-18,263.5,0.1,WorthPoint
indochinite-tektite,"BIG 3.5"" Very Symmetrical TEKTITE From China 77.3gr",14.99,2013-04-15,77.3,0.19,WorthPoint
indochinite-tektite,"(r365-5) 1-7/8"" Fulgurite Lightning Strike Beach Sand Glass Georgia Specimen",16.99,2013-04-12,,,WorthPoint
indochinite-tektite,Lot Of 5 Nice Shaped Tektites From China 132.6 Gr !!,39.99,2013-04-10,132.6,0.3,WorthPoint
indochinite-tektite,Black Meteorite Tektite Stone From China - 67.6 G,11,2013-04-08,67.6,0.16,WorthPoint
indochinite-tektite,286g Australasian MUONG NONG TEKTITE (METEORITE) -Thailand #sb203-stomulet,51.99,2013-04-08,286,0.18,WorthPoint
indochinite-tektite,95gCHINA JIANGSU INDOCHINITE TEKTITE Meteorite Impact Impactite Nodule Gemstone,10.99,2013-04-06,95,0.12,WorthPoint
indochinite-tektite,"Classic Tektite, Guandong, China - 18.8 Grams",12.38,2013-04-02,18.8,0.66,WorthPoint
indochinite-tektite,BIG Roundish Great Shaped Ball Tektite 83.5gr Found In China!,29.99,2013-04-02,83.5,0.36,WorthPoint
indochinite-tektite,Black Meteorite Tektite Stone From China - 62 G,10,2013-04-01,62,0.16,WorthPoint
indochinite-tektite,Black Meteorite Tektite Stone From China - 57 G,10,2013-04-01,57,0.18,WorthPoint
indochinite-tektite,165.8g NO.1 SUPER BIG BALL Indochinite Tektite Set (Meteorite)Lot#sa245-stomulet,89.99,2013-03-30,165.8,0.54,WorthPoint
indochinite-tektite,Tek3- Tektite Asteroid Or Comet Contact With Earth - Indochinite Strewnfield,26,2013-03-29,,,WorthPoint
indochinite-tektite,170.5g PERFECT RIZALITE PHILIPPINITE Tektite(Meteorite)#sb876-stomulet,378,2013-03-28,170.5,2.22,WorthPoint
indochinite-tektite,A Long And PERFECT Shape On This TEKTITE From China 59.5gr,34.99,2013-03-27,59.5,0.59,WorthPoint
indochinite-tektite,Large Black Tektite Stone Specimen - 1 Kg Lot (over 100 Gram Pieces),149.99,2013-03-27,100,1.5,WorthPoint
indochinite-tektite,"(r363-29) 1-5/8"" - 2 Fulgurites Lightning Strike Beach Sand Glass GA Specimens",18.99,2013-03-26,,,WorthPoint
indochinite-tektite,Large Black Meteorite Tektite Stone From China - 111.1 G,16,2013-03-26,111.1,0.14,WorthPoint
indochinite-tektite,Large Black Meteorite Tektite Stone From China - 111 G,16,2013-03-26,111,0.14,WorthPoint
indochinite-tektite,Large Black Meteorite Tektite Stone From China - 98 G,13.99,2013-03-24,98,0.14,WorthPoint
indochinite-tektite,42.5g NICE RIZALITE PHILIPPINITE Tektite(Meteorite)#sb884-stomulet,41.99,2013-03-22,42.5,0.99,WorthPoint
indochinite-tektite,"(r365-3) 1-7/8"" Fulgurite Lightning Strike Beach Sand Glass Georgia Specimen",16.99,2013-03-20,,,WorthPoint
indochinite-tektite,"(r373-22) 3"" Fulgurite Lightning Strike Beach Sand Glass GA Display Specimen",33.99,2013-03-19,,,WorthPoint
indochinite-tektite,Almost Perfect Great Shaped DISC Or U.F.O. TEKTITE 160.8 Grams,49.99,2013-03-18,160.8,0.31,WorthPoint
indochinite-tektite,VERY Symmetrical G-9 Rain Drop TEKTITE From China 19 Gr,49.99,2013-03-16,19,2.63,WorthPoint
indochinite-tektite,VERY Symmetrical Rain Drop TEKTITE From China 79.2 Gr,49.99,2013-03-15,79.2,0.63,WorthPoint
indochinite-tektite,Black Meteorite Tektite Stone From China - 114 G,12.99,2013-03-13,114,0.11,WorthPoint
indochinite-tektite,Black Meteorite Tektite Stone From China - 69.3 G,10,2013-03-11,69.3,0.14,WorthPoint
indochinite-tektite,Black Meteorite Tektite Stone From China - 97.4 G,15,2013-03-11,97.4,0.15,WorthPoint
indochinite-tektite,"750,000 Years Old Meteorite Tektite ~ Very Good Quality Specimen",8.21,2013-03-11,,,WorthPoint
indochinite-tektite,"BIG Almost 4"" TEKTITE Found In China 86.8 Grams",29.99,2013-03-11,86.8,0.35,WorthPoint
indochinite-tektite,"(r388-1) 5"" Fulgurite Lightning Strike Sand Dune Hill Glass GA Display Specimen",69.99,2013-03-09,,,WorthPoint
indochinite-tektite,Rain Drop TEKTITE From China! 36.5 Gr,29.99,2013-03-09,36.5,0.82,WorthPoint
indochinite-tektite,"S.V.F - Indochinite Tektite, 47.61 Grams , China",9.01,2013-03-08,47.61,0.19,WorthPoint
indochinite-tektite,"GIANT 5"" TEKTITE Found In China 155.5 Grams",44.99,2013-03-08,155.5,0.29,WorthPoint
indochinite-tektite,Almost Perfect Great Shaped Oblong U.F.O. Or Disc TEKTITE 176.4 Grams,49.99,2013-03-08,176.4,0.28,WorthPoint
indochinite-tektite,BIG Disc Shaped TEKTITE With Display STAND Found In China! 117.0 Gr,49.99,2013-03-08,117,0.43,WorthPoint
indochinite-tektite,Black Meteorite Tektite Stone From China - 67.4 G,10,2013-03-07,67.4,0.15,WorthPoint
indochinite-tektite,"(r365-18) 1-7/8"" Fulgurite Lightning Strike Beach Sand Glass Georgia Fulgurites",16.99,2013-03-06,,,WorthPoint
indochinite-tektite,"S.V.F - Indochinite Tektite, 48.87 Grams , China",9.06,2013-03-06,48.87,0.19,WorthPoint
indochinite-tektite,"S.V.F - Australite Tektite, 5.20g, Australia",30.22,2013-03-06,5.2,5.81,WorthPoint
indochinite-tektite,"S.V.F - Indochinite Tektite, 44.25 Grams , China",9.06,2013-03-06,44.25,0.2,WorthPoint
indochinite-tektite,"(r382-1) 4-1/4"" Fulgurite Lightning Strike Beach Sand Glass GA Display Specimen",47.99,2013-03-04,,,WorthPoint
indochinite-tektite,"S.V.F - Australite Tektite, 2.61g, Australia Partial Button",67.53,2013-03-02,2.61,25.87,WorthPoint
indochinite-tektite,Big Great Shaped Ball Tektite 124.1 Grams Found In China!,29.99,2013-03-01,124.1,0.24,WorthPoint
indochinite-tektite,Big Great Shaped Roundish Tektite With A Bubble Hole 102.1 Grams,34.99,2013-03-01,102.1,0.34,WorthPoint
indochinite-tektite,Big Unique Shaped Tektite 104.3 Gr!,39.99,2013-03-01,104.3,0.38,WorthPoint
indochinite-tektite,"(r365-7) 1-7/8"" Fulgurite Lightning Strike Beach Sand Glass Georgia Specimen",16.99,2013-03-01,,,WorthPoint
indochinite-tektite,A Set Of 5 Indochinite Tektites. Ref:A.SK1,8.4,2013-02-23,,,WorthPoint
indochinite-tektite,Large Black Meteorite Tektite Stone From China - 120 G,17,2013-02-22,120,0.14,WorthPoint
indochinite-tektite,Black Meteorite Tektite Stone From China - 73.1 G,11,2013-02-21,73.1,0.15,WorthPoint
indochinite-tektite,Giant 5 Inch TEKTITE Almost Torn In Two Found In China 103.3 Grams,29.99,2013-02-20,103.3,0.29,WorthPoint
indochinite-tektite,Lot Of 3 Nice Shaped Tektites From China 112.9 Gr !!,13.99,2013-02-20,112.9,0.12,WorthPoint
indochinite-tektite,"Meteorite Teardrop Shaped Tektite All Natural 1 1/2"" Long Indochina Vietnam",24.99,2013-02-19,,,WorthPoint
indochinite-tektite,Large Black Meteorite Tektite Stone From China - 104.8 G,14,2013-02-19,104.8,0.13,WorthPoint
indochinite-tektite,Big Great Shaped Disc Or U.F.O. Tektite 168.6 Grams,49.99,2013-02-18,168.6,0.3,WorthPoint
indochinite-tektite,169.8g THE GEART - ANDA TEKTITE (Meteorite)#sa056-stomulet,103.5,2013-02-18,169.8,0.61,WorthPoint
indochinite-tektite,312g Australasian MUONG NONG TEKTITE (METEORITE) #sb196-stomulet,16.8,2013-02-18,312,0.05,WorthPoint
indochinite-tektite,348.5g Australasian MUONG NONG TEKTITE (METEORITE) #sb015-stomulet,18.9,2013-02-18,348.5,0.05,WorthPoint
indochinite-tektite,66.3g(RESEMBLE DUMBELL SHAPE TEKTITE)METEORITE#sa190-stomulet,12,2013-02-17,66.3,0.18,WorthPoint
indochinite-tektite,236ct.SUPER BIG OVAL FACETTED TEKTITE CUT -GEM (METEORITE)#sb295-stomulet,36,2013-02-17,47.2,0.76,WorthPoint
indochinite-tektite,448g Big Australasian MUONG NONG TEKTITE (METEORITE)#sb853-stomulet,24.3,2013-02-16,448,0.05,WorthPoint
indochinite-tektite,407g Big Australasian MUONG NONG TEKTITE (METEORITE)#sb866-stomulet,21.9,2013-02-16,407,0.05,WorthPoint
indochinite-tektite,493g Big Australasian MUONG NONG TEKTITE (METEORITE)#sb863-stomulet,26.7,2013-02-16,493,0.05,WorthPoint
indochinite-tektite,405g Big Australasian MUONG NONG TEKTITE (METEORITE)#sb871-stomulet,21.9,2013-02-16,405,0.05,WorthPoint
indochinite-tektite,531g Big Australasian MUONG NONG TEKTITE (METEORITE)#sb867-stomulet,28.8,2013-02-16,531,0.05,WorthPoint
indochinite-tektite,404g Big Australasian MUONG NONG TEKTITE (METEORITE)#sb868-stomulet,21.9,2013-02-16,404,0.05,WorthPoint
indochinite-tektite,370g Big Australasian MUONG NONG TEKTITE (METEORITE)#sb870-stomulet,21,2013-02-16,370,0.06,WorthPoint
indochinite-tektite,323.6g Australasian MUONG NONG TEKTITE (METEORITE) #sb011-stomulet,17.7,2013-02-16,323.6,0.05,WorthPoint
indochinite-tektite,609g Big Australasian MUONG NONG TEKTITE (METEORITE)#sb855-stomulet,33,2013-02-16,609,0.05,WorthPoint
indochinite-tektite,"559g 5.65""Big Australasian MUONG NONG TEKTITE (METEORITE)#sb857-stomulet",31.8,2013-02-16,559,0.06,WorthPoint
indochinite-tektite,604g Big Australasian MUONG NONG TEKTITE (METEORITE)#sb858-stomulet,33,2013-02-16,604,0.05,WorthPoint
indochinite-tektite,413g Big Australasian MUONG NONG TEKTITE (METEORITE)#sb865-stomulet,22.5,2013-02-16,413,0.05,WorthPoint
indochinite-tektite,Great Shaped TEKTITE Found In China 70.2 Grams,29.99,2013-02-15,70.2,0.43,WorthPoint
indochinite-tektite,Very Symmetrical Oblong Shaped TEKTITE ! Found In China 86.5 Gr,14.99,2013-02-15,86.5,0.17,WorthPoint
indochinite-tektite,Large Black Meteorite Tektite Stone From China - 111.2 G,15,2013-02-14,111.2,0.13,WorthPoint
indochinite-tektite,12pcs. 113.3g-Mini TEARDROP SET- Tektite (Meteorite) Lot#sa280-stomulet,18,2013-02-13,113.3,0.16,WorthPoint
indochinite-tektite,Large Black Meteorite Tektite Stone From China - 112.8 G,16,2013-02-12,112.8,0.14,WorthPoint
indochinite-tektite,Large Black Meteorite Tektite Stone From China - 114 G,16,2013-02-12,114,0.14,WorthPoint
indochinite-tektite,100.2g PERFECT & BIG OVAL TEKTITE (Meteorite)#sa40-stomulet,18,2013-02-12,100.2,0.18,WorthPoint
indochinite-tektite,489g Australasian MUONG NONG TEKTITE (METEORITE) #sb194-stomulet,26.7,2013-02-12,489,0.05,WorthPoint
indochinite-tektite,Large Black Meteorite Tektite Stone From China - 109 G,16,2013-02-11,109,0.15,WorthPoint
indochinite-tektite,"(r366-17) 2-1/8"" Fulgurite Lightning Strike Beach Sand Glass Georgia Fulgurites",18.99,2013-02-11,,,WorthPoint
indochinite-tektite,73.4g SUPER EGG ROCK Tektites-Meteorite#sa159-stomulet,12.9,2013-02-10,73.4,0.18,WorthPoint
indochinite-tektite,"4 1/4"" 60.3g Natural Long Dumbell Tektite(Meteorite)#sa002-stomulet",19.2,2013-02-10,60.3,0.32,WorthPoint
indochinite-tektite,136ct.SUPER BIG OVAL FACETTED TEKTITE CUT -GEM (METEORITE)#sb296-stomulet,21,2013-02-09,27.2,0.77,WorthPoint
indochinite-tektite,118ct.SUPER BIG HEART FACETTED TEKTITE CUT -GEM (METEORITE)#sb290-stomulet,18,2013-02-09,23.6,0.76,WorthPoint
indochinite-tektite,132.5ct.SUPER BIG OVAL FACETTED TEKTITE CUT -GEM (METEORITE)#sb293-stomulet,20.1,2013-02-09,26.5,0.76,WorthPoint
indochinite-tektite,"(r378-6) 3-5/8"" Fulgurite Lightning Strike Beach Sand Glass GA Display Specimen",47.99,2013-02-09,,,WorthPoint
indochinite-tektite,VERY LONG And Skinny Symmetrical Rain Drop TEKTITE From China 58.5 Gr,34.99,2013-02-08,58.5,0.6,WorthPoint
indochinite-tektite,260g Australasian MUONG NONG TEKTITE (METEORITE) #sb031-stomulet,14.1,2013-02-08,260,0.05,WorthPoint
indochinite-tektite,4pcs. 288.8g-CLASSIC SET-BIG Indochinite Tektite (Meteorite) Lot#sa270-stomulet,129.99,2013-02-07,288.8,0.45,WorthPoint
indochinite-tektite,"MINERALS 700,000 Year Old Tektite Space Debris Thailand",7.82,2013-02-06,,,WorthPoint
indochinite-tektite,Black Meteorite Tektite Stone From China - 63.5 G,10,2013-02-05,63.5,0.16,WorthPoint
indochinite-tektite,Black Meteorite Tektite Stone From China - 68 G,10,2013-02-05,68,0.15,WorthPoint
indochinite-tektite,"(r383-3) 4-3/8"" Fulgurite Lightning Strike Beach Sand Glass GA Display Specimen",56.99,2013-02-04,,,WorthPoint
indochinite-tektite,Large Black Meteorite Tektite Stone From China - 103.6 G,15,2013-02-03,103.6,0.14,WorthPoint
indochinite-tektite,"S.V.F - Australite Tektite, 1.10g, Australia",6.28,2013-02-02,1.1,5.71,WorthPoint
indochinite-tektite,59.1g Super Egg Tektite (Meteorite)#sa054-stomulet,16.49,2013-02-01,59.1,0.28,WorthPoint
indochinite-tektite,"S.V.F - Australite Tektite, 1.49g, Australia",12.67,2013-02-01,1.49,8.5,WorthPoint
indochinite-tektite,"(r367-10) 2-1/4"" Fulgurite Lightning Strike Beach Sand Glass Georgia Specimen",20.99,2013-01-31,,,WorthPoint
indochinite-tektite,"(r369-7) 2-1/2"" Fulgurite Lightning Strike Beach Sand Glass GA Display Specimen",24.99,2013-01-31,,,WorthPoint
indochinite-tektite,36.8g BEAUTIFUL GLOSSY SKIN TEKTITE(METEORITE)#sa154-stomulet,12.99,2013-01-31,36.8,0.35,WorthPoint
indochinite-tektite,Great Shaped TEKTITE Found In China 39.3 Grams,27.99,2013-01-30,39.3,0.71,WorthPoint
indochinite-tektite,"(r380-1) 3-7/8"" Fulgurite Lightning Strike Beach Sand Glass GA Display Specimen",47.99,2013-01-30,,,WorthPoint
indochinite-tektite,"S.V.F - Indochinite Tektite, 44.17 Grams , China",9.39,2013-01-27,44.17,0.21,WorthPoint
indochinite-tektite,Large Black Meteorite Tektite Stone From China - 104.6 G,15,2013-01-26,104.6,0.14,WorthPoint
indochinite-tektite,72.4g The Eye Of Master Teardrop Tektite-Meteorite#sa090-stomulet,23.64,2013-01-26,72.4,0.33,WorthPoint
indochinite-tektite,47.99g.Nice Little Orange Spot Teardrop Natural TEKTITE Meteorite#sa193-stomulet,12.64,2013-01-25,47.99,0.26,WorthPoint
indochinite-tektite,Big Great Shaped U.F.O. Or Disc TEKTITE Found In China 168.5 Gr,39.99,2013-01-25,168.5,0.24,WorthPoint
indochinite-tektite,"Big Very Symmetrical Oblong Shaped 3 13/16"" TEKTITE Found In China 170 Grams!",34.99,2013-01-25,170,0.21,WorthPoint
indochinite-tektite,494g Big Australasian MUONG NONG TEKTITE (METEORITE)#sb860-stomulet,57.84,2013-01-24,494,0.12,WorthPoint
indochinite-tektite,104ct.OVAL FACETTED TEKTITE CUT -GEM (METEORITE)#sb368-stomulet,32.49,2013-01-24,20.8,1.56,WorthPoint
indochinite-tektite,33ct.OVAL CAB FACETTED TEKTITE CUT -GEM (METEORITE)#sb369-stomulet,12.99,2013-01-24,6.6,1.97,WorthPoint
indochinite-tektite,134ct.SUPER BIG MARQUISE FACETTED TEKTITE CUT -GEM (METEORITE)#sb292-stomulet,45.49,2013-01-24,26.8,1.7,WorthPoint
indochinite-tektite,Large Black Meteorite Tektite Stone From China - 102.5 G,11.99,2013-01-23,102.5,0.12,WorthPoint
indochinite-tektite,Large Black Meteorite Tektite Stone From China - 105.5 G,15,2013-01-23,105.5,0.14,WorthPoint
indochinite-tektite,Large Black Meteorite Tektite Stone From China - 107 G,15,2013-01-23,107,0.14,WorthPoint
indochinite-tektite,Big Lot Of Nice Tektites From China 200 Gr !!,34.99,2013-01-20,200,0.17,WorthPoint
indochinite-tektite,Large Black Meteorite Tektite Stone From China - 105.7 G,15,2013-01-20,105.7,0.14,WorthPoint
indochinite-tektite,"Meteorite Indochina Vietnam Tektite Natural Teardrop Gem Meteorite 2"" Long",14.99,2013-01-18,,,WorthPoint
indochinite-tektite,"(r396-500) Awesome 8"" Fulgurite Lightning Strike Sand Glass GA Display Specimen",274.99,2013-01-17,,,WorthPoint
indochinite-tektite,"(r369-8) 2-1/2"" Fulgurite Lightning Strike Beach Sand Glass GA Display Specimen",24.99,2013-01-16,,,WorthPoint
indochinite-tektite,"(r374-5) 3-1/8"" Fulgurite Lightning Strike Beach Sand Glass GA Display Specimen",36.99,2013-01-13,,,WorthPoint
indochinite-tektite,Black Meteorite Tektite Stone From China - 70.1 G,11,2013-01-12,70.1,0.16,WorthPoint
indochinite-tektite,"(r383-4) 4-3/8"" Fulgurite Lightning Strike Beach Sand Glass GA Display Specimen",56.99,2013-01-10,,,WorthPoint
indochinite-tektite,Big Great Shaped Roundish Tektite 95.1 Gr!,34.99,2013-01-09,95.1,0.37,WorthPoint
indochinite-tektite,Large Black Meteorite Tektite Stone From China - 107.4 G,11.99,2013-01-06,107.4,0.11,WorthPoint
indochinite-tektite,Large Black Meteorite Tektite Stone From China - 108 G,13.5,2013-01-06,108,0.13,WorthPoint
indochinite-tektite,"S.V.F - Indochinite Tektite, 69.76 Grams , China",9.61,2013-01-06,69.76,0.14,WorthPoint
indochinite-tektite,Large Black Meteorite Tektite Stone From China - 111.6 G,16,2013-01-05,111.6,0.14,WorthPoint
indochinite-tektite,Large Black Meteorite Tektite Stone From China - 113 G,12.99,2013-01-05,113,0.11,WorthPoint
indochinite-tektite,9pcs. 717g-SUPER EXTREME-Indochinite Tektite Set (Meteorite) Lot#sa243-stomulet,189.2,2013-01-05,717,0.26,WorthPoint
indochinite-tektite,"(r367-1) 2-1/4"" Fulgurite Lightning Strike Beach Sand Glass Georgia Specimen",20.99,2013-01-04,,,WorthPoint
indochinite-tektite,Large Black Meteorite Tektite Stone From China - 104.7 G,11.99,2013-01-04,104.7,0.11,WorthPoint
indochinite-tektite,"(r370-8) 2-5/8"" Fulgurite Lightning Strike Beach Sand Glass Georgia Specimen",27.99,2013-01-04,,,WorthPoint
indochinite-tektite,Large Black Meteorite Tektite Stone From China - 101.2 G,11.99,2013-01-03,101.2,0.12,WorthPoint
indochinite-tektite,"(r371-10) 2-3/4"" Fulgurite Lightning Strike Beach Sand Dune Glass GA Specimen",29.99,2013-01-02,,,WorthPoint
indochinite-tektite,Large Black Meteorite Tektite Stone From China - 118 G,14,2013-01-01,118,0.12,WorthPoint
indochinite-tektite,Large Black Meteorite Tektite Stone From China - 106 G,15.5,2012-12-31,106,0.15,WorthPoint
indochinite-tektite,"(r365-1) 1-7/8"" Fulgurite Lightning Strike Beach Sand Glass Georgia Fulgurites",16.99,2012-12-31,,,WorthPoint
indochinite-tektite,Large Black Meteorite Tektite Stone From China - 112 G,12.99,2012-12-25,112,0.12,WorthPoint
indochinite-tektite,Large Black Meteorite Tektite Stone From China - 101 G,11.99,2012-12-24,101,0.12,WorthPoint
indochinite-tektite,256.4g Australasian MUONG NONG TEKTITE (METEORITE) #sb028-stomulet,18.4,2012-12-23,256.4,0.07,WorthPoint
indochinite-tektite,Large Black Meteorite Tektite Stone From China - 109.3 G,15,2012-12-22,109.3,0.14,WorthPoint
indochinite-tektite,"(r381-3) 4"" Fulgurite Lightning Strike Beach Sand Dune Glass GA Display Specimen",47.99,2012-12-22,,,WorthPoint
indochinite-tektite,827g Big Australasian MUONG NONG TEKTITE (METEORITE)#sb851-stomulet,89.99,2012-12-21,827,0.11,WorthPoint
indochinite-tektite,456g Big Australasian MUONG NONG TEKTITE (METEORITE)#sb864-stomulet,32.8,2012-12-21,456,0.07,WorthPoint
indochinite-tektite,492g Big Australasian MUONG NONG TEKTITE (METEORITE)#sb862-stomulet,35.6,2012-12-21,492,0.07,WorthPoint
indochinite-tektite,587g Big Australasian MUONG NONG TEKTITE (METEORITE)#sb861-stomulet,42.4,2012-12-21,587,0.07,WorthPoint
indochinite-tektite,646g Big Australasian MUONG NONG TEKTITE (METEORITE)#sb859-stomulet,46.8,2012-12-21,646,0.07,WorthPoint
indochinite-tektite,753g Big Australasian MUONG NONG TEKTITE (METEORITE)#sb856-stomulet,54.4,2012-12-21,753,0.07,WorthPoint
indochinite-tektite,817g Big Australasian MUONG NONG TEKTITE (METEORITE)#sb850-stomulet,58.8,2012-12-21,817,0.07,WorthPoint
indochinite-tektite,658g Big Australasian MUONG NONG TEKTITE (METEORITE)#sb854-stomulet,47.6,2012-12-21,658,0.07,WorthPoint
indochinite-tektite,758g Big Australasian MUONG NONG TEKTITE (METEORITE)#sb852-stomulet,54.8,2012-12-21,758,0.07,WorthPoint
indochinite-tektite,13.1g Natural Indochinite TEKTITE- Cord Pendant W/Necklace-#sb479-stomulet,10.79,2012-12-20,13.1,0.82,WorthPoint
indochinite-tektite,10.8g Natural Indochinite TEKTITE- Cord Pendant W/Necklace-#sb482-stomulet,10.79,2012-12-20,10.8,1,WorthPoint
indochinite-tektite,369g Big Australasian MUONG NONG TEKTITE (METEORITE)#sb869-stomulet,26.8,2012-12-20,369,0.07,WorthPoint
indochinite-tektite,121.5ct.SUPER BIG OVAL FACETTED TEKTITE CUT -GEM (METEORITE)#sb291-stomulet,35.99,2012-12-20,24.3,1.48,WorthPoint
indochinite-tektite,9.8g Natural Indochinite TEKTITE- Cord Pendant W/Necklace-#sb476-stomulet,10.79,2012-12-19,9.8,1.1,WorthPoint
indochinite-tektite,Large Black Meteorite Tektite Stone From China - 116.6 G,17.3,2012-12-17,116.6,0.15,WorthPoint
indochinite-tektite,Very Large Black Meteorite Tektite Stone From China - 131 G,15.99,2012-12-16,131,0.12,WorthPoint
indochinite-tektite,"(r368-9) 2-3/8"" Fulgurite Lightning Strike Beach Sand Glass Georgia Specimen",22.99,2012-12-15,,,WorthPoint
indochinite-tektite,"S.V.F - Indochinite Tektite, 30.95 Grams , China",8.04,2012-12-15,30.95,0.26,WorthPoint
indochinite-tektite,"(r395-2) 6-1/2"" Fulgurite Lightning Strike Sand Dune Glass GA Display Specimen",134.99,2012-12-13,,,WorthPoint
indochinite-tektite,"(r381-4) 4"" Fulgurite Lightning Strike Beach Sand Dune Glass GA Display Specimen",47.99,2012-12-11,,,WorthPoint
indochinite-tektite,89ct.SUPER BIG MARQUISE FACETTED TEKTITE CUT -GEM (METEORITE)#sb297-stomulet,15.75,2012-12-10,17.8,0.88,WorthPoint
indochinite-tektite,Happy Buddha Head - Tektite Carving(partial Polished),45,2012-12-10,,,WorthPoint
indochinite-tektite,"(r373-5) 3"" Fulgurite Lightning Strike Beach Sand Hill Glass GA Display Specimen",33.99,2012-12-10,,,WorthPoint
indochinite-tektite,12pcs. 363.6g Lot Oval Shape Indochinite Tektite Set (Meteorite) #sa242-stomulet,22.75,2012-12-10,363.6,0.06,WorthPoint
indochinite-tektite,12pcs. 85.1g-TRANSLUCENT SET- Indochinite Tektite (Meteorite) Lot#sa274-stomulet,15.75,2012-12-10,85.1,0.19,WorthPoint
indochinite-tektite,"(r394-100) 6-1/4"" Fulgurite Lightning Strike Sand Dune Glass GA Display Specimen",156.99,2012-12-10,,,WorthPoint
indochinite-tektite,"(r385-6) 4-5/8"" Fulgurite Lightning Strike Sand Dune Glass GA Display Specimen",58.99,2012-12-10,,,WorthPoint
indochinite-tektite,"(r362-22) Four 1/2"" Fulgurites Lightning Strike Beach Sand Glass GA Fulgurite",22.99,2012-12-06,,,WorthPoint
indochinite-tektite,"(r372-4) 2-7/8"" Fulgurite Lightning Strike Beach Sand Glass GA Display Specimen",31.99,2012-12-05,,,WorthPoint
indochinite-tektite,12pcs. 118g -Smooth Set- Indochinite Tektite (Meteorite) Lot#sa255-stomulet,27.3,2012-12-04,118,0.23,WorthPoint
indochinite-tektite,Black Meteorite Tektite Stone From China - 87.5 G,12,2012-12-04,87.5,0.14,WorthPoint
indochinite-tektite,"(r389-2) 5-1/8"" Fulgurite Lightning Strike Sand Dune Glass GA Display Specimen",87.99,2012-12-04,,,WorthPoint
indochinite-tektite,Big Great Shaped Roundish Tektite 126.3 Grams,39.99,2012-12-03,126.3,0.32,WorthPoint
indochinite-tektite,Big Symmetrical Oblong TEKTITE Found In China 134.7 Grams,14.99,2012-12-03,134.7,0.11,WorthPoint
indochinite-tektite,"(r370-17) 2-5/8"" Fulgurite Lightning Strike Beach Sand Glass GA Display Piece",27.99,2012-12-01,,,WorthPoint
indochinite-tektite,"(r384-1) 4-1/2"" Fulgurite Lightning Strike Beach Sand Glass GA Display Specimen",56.99,2012-12-01,,,WorthPoint
indochinite-tektite,"(r365-15) 1-7/8"" Fulgurite Lightning Strike Beach Sand Dune Glass GA Fulgurites",16.99,2012-11-29,,,WorthPoint
indochinite-tektite,Lot Of 3 RainDrop Tektites From China 52.9 Gr !!,13.99,2012-11-28,52.9,0.26,WorthPoint
indochinite-tektite,"(r369-22) 2-1/2"" Fulgurite Lightning Strike Beach Sand Glass GA Display Specimen",24.99,2012-11-27,,,WorthPoint
indochinite-tektite,43.7g THE SECRET OF UNIVERSAL Tektites-Meteorite#sa164-stomulet,10,2012-11-27,43.7,0.23,WorthPoint
indochinite-tektite,"(r365-33) 1-7/8"" Fulgurite Lightning Strike Beach Sand Dune Glass GA Piece",16.99,2012-11-26,,,WorthPoint
indochinite-tektite,"(r370-7) 2-5/8"" Fulgurite Lightning Strike Beach Sand Glass GA Display Piece",27.99,2012-11-25,,,WorthPoint
indochinite-tektite,"(r366-26) 2-1/8"" Fulgurite Lightning Strike Beach Sand Glass Georgia Fulgurites",18.99,2012-11-22,,,WorthPoint
indochinite-tektite,249.8g Australasian MUONG NONG TEKTITE (METEORITE) #sb007-stomulet,15.75,2012-11-21,249.8,0.06,WorthPoint
indochinite-tektite,"(r385-2) 4-5/8"" Fulgurite Lightning Strike Beach Sand Glass GA Display Specimen",58.99,2012-11-21,,,WorthPoint
indochinite-tektite,"(r387-2) 4-7/8"" Fulgurite Lightning Strike Sand Dune Glass GA Display Specimen",67.99,2012-11-20,,,WorthPoint
indochinite-tektite,"(r373-3) 3"" Fulgurite Lightning Strike Beach Sand Hill Glass GA Display Specimen",33.99,2012-11-19,,,WorthPoint
indochinite-tektite,"S.V.F - Australite Tektite, 0.84g, Australia",6.32,2012-11-18,0.84,7.52,WorthPoint
indochinite-tektite,"(r396-100) 7-1/4"" Fulgurite Lightning Double Strike Sand GA Display Specimen",173.99,2012-11-16,,,WorthPoint
indochinite-tektite,12pcs. 39.6g-TRANSLUCENT SET- Indochinite Tektite (Meteorite) Lot#sa275-stomulet,13.99,2012-11-16,39.6,0.35,WorthPoint
indochinite-tektite,50pcs. Lot MINI Indochinite Tektite Set (Meteorite)#sa240-stomulet,19.79,2012-11-15,,,WorthPoint
indochinite-tektite,"S.V.F - Indochinite Tektite, 43.02 Grams , China",7.93,2012-11-14,43.02,0.18,WorthPoint
indochinite-tektite,"(r369-25) 2-1/2"" Fulgurite Lightning Strike Beach Sand Glass GA Display Specimen",24.99,2012-11-13,,,WorthPoint
indochinite-tektite,"(r385-10) 4-5/8"" Fulgurite Lightning Strike Sand Dune Glass GA Display Specimen",60.99,2012-11-13,,,WorthPoint
indochinite-tektite,"S.V.F - Indochinite Tektite, 56.50 Grams , China",9.53,2012-11-10,56.5,0.17,WorthPoint
indochinite-tektite,"S.V.F - Indochinite Tektite, 68.17 Grams , China",9.53,2012-11-10,68.17,0.14,WorthPoint
indochinite-tektite,"(r370-10) 2-5/8"" Fulgurite Lightning Strike Beach Sand Glass Georgia Specimen",27.99,2012-11-09,,,WorthPoint
indochinite-tektite,54.3g -Big Eye Moster-Tektite (Meteorite)#sa048-stomulet,16.24,2012-11-09,54.3,0.3,WorthPoint
indochinite-tektite,"(r396-300) Big 7-1/2"" Fulgurite Lightning Strike Sand Glass GA Display Specimen",196.99,2012-11-08,,,WorthPoint
indochinite-tektite,5pcs. 298g -QUALITY LARGE SET-Indochinite Tektite (Meteorite)Lot#sa266-stomulet,84.49,2012-11-07,298,0.28,WorthPoint
indochinite-tektite,"(r366-27) 2-1/8"" Fulgurite Piece Lightning Strike Beach Sand Glass Georgia",18.99,2012-11-07,,,WorthPoint
indochinite-tektite,"S.V.F - Australite Tektite, 1.44g, Australia",6.37,2012-11-06,1.44,4.42,WorthPoint
indochinite-tektite,(Rare) TEKTITE / METEORITE CHINESE SPECIMEN From GUANG DONG 45mm Healing,7.22,2012-11-05,,,WorthPoint
indochinite-tektite,"(r370-18) 2-5/8"" Fulgurite Lightning Strike Beach Sand Glass Georgia Specimen",27.99,2012-11-05,,,WorthPoint
indochinite-tektite,"(r385-11) 4-5/8"" Fulgurite Lightning Strike Sand Dune Glass GA Display Specimen",65.99,2012-11-04,,,WorthPoint
indochinite-tektite,131g BIG RARE OVAL SHAPE TEKTITE (METEORITE)#sa043-stomulet,16.2,2012-11-04,131,0.12,WorthPoint
indochinite-tektite,"HUGE Over 4"" Top 5% Great Shaped TEKTITE Found In China 108.9 Grams",49.99,2012-11-04,108.9,0.46,WorthPoint
indochinite-tektite,"(r373-18) 3"" Fulgurite Lightning Strike Beach Sand Glass GA Display Specimen",33.99,2012-11-03,,,WorthPoint
indochinite-tektite,(r366-13) Fulgurite Lightning Strike Beach Sand Glass GA Fulgurites Specimen,18.99,2012-11-01,,,WorthPoint
indochinite-tektite,Long And Skinny TEKTITE From China 40.6gr,14.99,2012-10-31,40.6,0.37,WorthPoint
indochinite-tektite,"(r370-9) 2-5/8"" Fulgurite Lightning Strike Beach Sand Glass Georgia Specimen",27.99,2012-10-23,,,WorthPoint
indochinite-tektite,"(r372-9) 2-7/8"" Fulgurite Lightning Strike Beach Sand Glass GA Display Specimen",31.99,2012-10-23,,,WorthPoint
indochinite-tektite,Very Symmetrical TWISTED Tear Or Rain Drop TEKTITE 26.5 Gr Found In China,34.99,2012-10-22,26.5,1.32,WorthPoint
indochinite-tektite,740g Australasian MUONG NONG TEKTITE (METEORITE) #sb195-stomulet,66.99,2012-10-21,740,0.09,WorthPoint
indochinite-tektite,"HUGE 4 9/16"" Top 5% Great Shaped TEKTITE Found In China 175.3 Grams",49.99,2012-10-15,175.3,0.29,WorthPoint
indochinite-tektite,"(r363-27) 1-5/8"" - 2 Fulgurites Lightning Strike Beach Sand Glass GA Fulgurite",18.99,2012-10-15,,,WorthPoint
indochinite-tektite,"Tektites - When Fragments Of Earth Are Launched Into The Upper Atmosphere: Libyan Desert Glass, Moldavite, And Two Indochinites",2250,2012-10-14,,,WorthPoint
indochinite-tektite,"(r369-16) 2-1/2"" Fulgurite Lightning Strike Beach Sand Glass GA Display Specimen",24.99,2012-10-12,,,WorthPoint
indochinite-tektite,"(r369-24) 2-1/2"" Fulgurite Lightning Strike Beach Sand Glass GA Display Specimen",24.99,2012-10-11,,,WorthPoint
indochinite-tektite,"(r365-20) 1-7/8"" Fulgurite Lightning Strike Beach Sand Glass Georgia Fulgurites",16.99,2012-10-10,,,WorthPoint
indochinite-tektite,"(r369-3) 2-1/2"" Fulgurite Lightning Strike Beach Sand Glass Georgia Specimen",24.99,2012-10-10,,,WorthPoint
indochinite-tektite,"(r384-2) 4-1/2"" Fulgurite Lightning Strike Beach Sand Glass GA Display Specimen",54.99,2012-10-09,,,WorthPoint
indochinite-tektite,"(r374-4) 3-1/8"" Fulgurite Lightning Strike Beach Sand Glass GA Display Specimen",36.99,2012-10-07,,,WorthPoint
indochinite-tektite,"(r393-50) Big 6"" Fulgurite Lightning Strike Sand Dune Glass GA Display Specimen",123.99,2012-10-05,,,WorthPoint
indochinite-tektite,"(r372-11) 2-7/8"" Fulgurite Lightning Strike Beach Sand Glass GA Display Specimen",31.99,2012-10-03,,,WorthPoint
indochinite-tektite,"(r373-4) 3"" Fulgurite Lightning Strike Beach Sand Hill Glass GA Display Specimen",33.99,2012-10-02,,,WorthPoint
indochinite-tektite,"(r369-19) 2-1/2"" Fulgurite Lightning Strike Beach Sand Glass GA Display Specimen",24.99,2012-09-30,,,WorthPoint
indochinite-tektite,"S.V.F - Indochinite Tektite, 67.56 Grams , China",9.74,2012-09-23,67.56,0.14,WorthPoint
indochinite-tektite,"(r366-9) 2-1/8"" Fulgurite Lightning Strike Beach Sand Glass Georgia Fulgurites",18.99,2012-09-21,,,WorthPoint
indochinite-tektite,"(r366-7) 2-1/8"" Fulgurite Lightning Strike Beach Sand Glass GA Specimen",18.99,2012-09-19,,,WorthPoint
indochinite-tektite,"(r364-12) 2 Fulgurites 1-5/8"" Lightning Strike Beach Sand Glass GA Fulgurite",22.99,2012-09-17,,,WorthPoint
indochinite-tektite,"(r381-1) 4"" Fulgurite Lightning Strike Beach Sand Dune Glass GA Display Specimen",56.99,2012-09-16,,,WorthPoint
indochinite-tektite,Happy Buddha -Black Tektite Carving Pendant-Silver Wrap,55,2012-09-14,,,WorthPoint
indochinite-tektite,Big Great Shaped U.F.O. Or Disc TEKTITE Found In China 154.8 Gr,39.99,2012-09-08,154.8,0.26,WorthPoint
indochinite-tektite,"S.V.F - Indochinite Tektite, 40.87 Grams , China",9.51,2012-09-02,40.87,0.23,WorthPoint
indochinite-tektite,"S.V.F - Australite Tektite, 1.80g, Australia",11.1,2012-09-02,1.8,6.17,WorthPoint
indochinite-tektite,"(r362-20) Four 1/2"" Fulgurites Lightning Strike Beach Sand Glass GA Fulgurite",22.99,2012-09-02,,,WorthPoint
indochinite-tektite,"(r389-1) 5-1/8"" Fulgurite Lightning Strike Sand Dune Glass GA Display Specimen",80.99,2012-08-30,,,WorthPoint
indochinite-tektite,"(r367-2) 2-1/4"" Fulgurite Lightning Strike Beach Sand Glass Georgia Specimen",20.99,2012-08-23,,,WorthPoint
indochinite-tektite,Meteorite Black Tektite - 15 - 50 G Pieces (100 Gram Lot),13.63,2012-08-21,50,0.27,WorthPoint
indochinite-tektite,Giant 5 Inch TEKTITE Found In China 186 Grams,49.99,2012-08-21,186,0.27,WorthPoint
indochinite-tektite,Big Symmetrical Oblong TEKTITE Found In China 125.7 Grams,19.99,2012-08-21,125.7,0.16,WorthPoint
indochinite-tektite,"(r362-32) 4 Fulgurites 1/2"" Lightning Strike Beach Sand Glass GA Fulgurite",22.99,2012-08-20,,,WorthPoint
indochinite-tektite,Big Great Shaped U.F.O. Or Disc TEKTITE Found In China 207.5 Gr,39.99,2012-08-15,207.5,0.19,WorthPoint
indochinite-tektite,"Meteorite-tektite Pendulum / Pendant 750,000 Years Old 2"" Stainless Steel Chain",44,2012-08-15,,,WorthPoint
indochinite-tektite,Big Lot Of RainDrop Tektites From China 132 Gr !!,29.99,2012-08-14,132,0.23,WorthPoint
indochinite-tektite,Large Black Meteorite Tektite Stone -- 106 G,14,2012-08-14,106,0.13,WorthPoint
indochinite-tektite,"S.V.F - Indochinite Tektite, 57.18 Grams , China",9.38,2012-08-09,57.18,0.16,WorthPoint
indochinite-tektite,"S.V.F - Indochinite Tektite, 49.08 Grams , China",7.81,2012-08-09,49.08,0.16,WorthPoint
indochinite-tektite,"S.V.F - Indochinite Tektite, 67.03 Grams , China",10.95,2012-08-09,67.03,0.16,WorthPoint
indochinite-tektite,12ct Vietnam Aquamarine Crystal Q100,19.7,2012-08-07,2.4,8.21,WorthPoint
indochinite-tektite,"(r396-400) Big 7-5/8"" Fulgurite Lightning Strike Sand Glass GA Display Specimen",213.99,2012-08-06,,,WorthPoint
indochinite-tektite,"S.V.F - Indochinite Tektite, 24.95 Grams , China",7.78,2012-08-05,24.95,0.31,WorthPoint
indochinite-tektite,"S.V.F - Indochinite Tektite, 88.35 Grams , China",10.85,2012-08-03,88.35,0.12,WorthPoint
indochinite-tektite,870gr Spinel Crystals In Matrix 3,70,2012-07-29,870,0.08,WorthPoint
indochinite-tektite,"(r369-12) 2-1/2"" Fulgurite Lightning Strike Beach Sand Glass GA Display Specimen",24.99,2012-07-27,,,WorthPoint
indochinite-tektite,"(r395-1) 6-1/2"" Fulgurite Lightning Strike Beach Sand Glass Georgia Specimen",112.99,2012-07-26,,,WorthPoint
indochinite-tektite,"(r399-1) 9-1/2"" Fulgurite Lightning Strike Beach Sand Glass Georgia Specimen",190.99,2012-07-26,,,WorthPoint
indochinite-tektite,Meteorite Black Tektite - 0.5 Kg (2 - 15 G Pieces) Lot,45,2012-07-26,15,3,WorthPoint
indochinite-tektite,"(r363-25) 1-5/8"" - 2 Fulgurites Lightning Strike Beach Sand Glass GA Fulgurite",18.99,2012-07-23,,,WorthPoint
indochinite-tektite,78gr Indochinite Tektite Meteorite Found In Vietnam E268,14.99,2012-07-21,78,0.19,WorthPoint
indochinite-tektite,"S.V.F - Indochinite Tektite, 48.95 Grams , China",10.88,2012-07-18,48.95,0.22,WorthPoint
indochinite-tektite,"S.V.F - Indochinite Tektite, 56.35 Grams , China",9.31,2012-07-16,56.35,0.17,WorthPoint
indochinite-tektite,Nice Symmetrical Tear Drop TEKTITE Found In China 57.6 Gr,17.99,2012-07-12,57.6,0.31,WorthPoint
indochinite-tektite,137gr Indochinite Tektite Meteorite E116,16,2012-07-10,137,0.12,WorthPoint
indochinite-tektite,Nice Symmetrical Tear Drop TEKTITE Found In China 36.3 Gr,17.99,2012-07-08,36.3,0.5,WorthPoint
indochinite-tektite,"(r362-30) 4 Fulgurites 1/2"" Lightning Strike Beach Sand Glass GA Fulgurite",22.99,2012-07-07,,,WorthPoint
indochinite-tektite,"S.V.F - Indochinite Tektite, 76.84 Grams , China",9.4,2012-07-03,76.84,0.12,WorthPoint
indochinite-tektite,"S.V.F - Indochinite Tektite, 58.13 Grams , China",9.4,2012-07-03,58.13,0.16,WorthPoint
indochinite-tektite,"S.V.F - Australite Tektite, 1.41g, Australia",9.4,2012-07-03,1.41,6.67,WorthPoint
indochinite-tektite,"S.V.F - Indochinite Tektite, 88.27 Grams , China",10.97,2012-07-03,88.27,0.12,WorthPoint
indochinite-tektite,400gr Spinel Crystals In Matrix 1,65,2012-06-29,400,0.16,WorthPoint
indochinite-tektite,160gr Spinel & Humite Crystals In Matrix K6,12.99,2012-06-29,160,0.08,WorthPoint
indochinite-tektite,Perfect G-10 HUGE And HEAVY Great Shaped U.F.O. Or Disc TEKTITE 381.7 Grams,149.99,2012-06-28,381.7,0.39,WorthPoint
indochinite-tektite,HUGE And HEAVY Great Shaped U.F.O. Or Disc TEKTITE Found In China 301 Grams,59.99,2012-06-26,301,0.2,WorthPoint
indochinite-tektite,448gr Bird Handicraft Spinel & Humite Pargasite K1,15,2012-06-23,448,0.03,WorthPoint
indochinite-tektite,Meteorite Black Tektite - 50 - 100 G Pieces (200 Gram Lot),18.99,2012-06-20,100,0.19,WorthPoint
indochinite-tektite,Very Symmetrical Barbell TEKTITE ! From China 32.9gr,19.99,2012-06-19,32.9,0.61,WorthPoint
indochinite-tektite,"(r368-5) 2-3/8"" Fulgurite Lightning Strike Beach Sand Dune Glass GA Specimen",22.99,2012-06-18,,,WorthPoint
indochinite-tektite,"(r369-10) 2-1/2"" Fulgurite Lightning Strike Beach Sand Glass GA Display Piece",24.99,2012-06-16,,,WorthPoint
indochinite-tektite,"(r371-4) 2-3/4"" Fulgurite Lightning Strike Beach Sand Glass GA Display Specimen",29.99,2012-06-13,,,WorthPoint
indochinite-tektite,165gr Indochinite Tektite Meteorite R1,20,2012-06-09,165,0.12,WorthPoint
indochinite-tektite,"(r366-1) 2-1/8"" Fulgurite Lightning Strike Beach Sand Glass Georgia Fulgurites",18.99,2012-06-08,,,WorthPoint
indochinite-tektite,70gr Pargasite Crystals In Matrix R39,12.99,2012-06-07,70,0.19,WorthPoint
indochinite-tektite,"Meteorite - Tektite Pendulum * 750,000 Years Old * Large 1.75"" Stainless Chain",28,2012-06-07,,,WorthPoint
indochinite-tektite,Nice Symmetrical Tear Drop TEKTITE Found In China,17.99,2012-06-04,,,WorthPoint
indochinite-tektite,"(r373-1) 3"" Fulgurite Lightning Strike Beach Sand Glass Georgia Display Specimen",33.99,2012-06-03,,,WorthPoint
indochinite-tektite,"S.V.F - Australite Tektite, 1.91g, Australia",10.72,2012-06-02,1.91,5.61,WorthPoint
indochinite-tektite,"S.V.F - Australite Tektite, 2.55g, Australia",12.25,2012-06-02,2.55,4.8,WorthPoint
indochinite-tektite,"Large Powerful Tektite-meteorite Pendulum 750,000 Years Old Stainless Chain 7.5",18.2,2012-06-02,,,WorthPoint
indochinite-tektite,"(r372-1) 2-7/8"" Fulgurite Lightning Strike Beach Sand Glass GA Display Specimen",31.99,2012-06-01,,,WorthPoint
indochinite-tektite,(Rare Large) TEKTITE / METEORITE CHINESE SPECIMEN From GUANG DONG 45mm Healing,13.29,2012-05-29,,,WorthPoint
indochinite-tektite,"S.V.F - Australite Tektite, 1.71g, Australia",11.05,2012-05-20,1.71,6.46,WorthPoint
indochinite-tektite,"S.V.F - Australite Tektite, 1.69g, Australia",11.05,2012-05-20,1.69,6.54,WorthPoint
indochinite-tektite,"S.V.F - Australite Tektite, 1.98g, Australia",11.05,2012-05-20,1.98,5.58,WorthPoint
indochinite-tektite,"S.V.F - Australite Tektite, 2.06g, Australia",13.31,2012-05-07,2.06,6.46,WorthPoint
indochinite-tektite,"S.V.F - Australite Tektite, 2.80g, Australia",9.68,2012-05-07,2.8,3.46,WorthPoint
indochinite-tektite,"S.V.F - Large Indochinite Tektite, 19.74g, China",6.04,2012-05-07,19.74,0.31,WorthPoint
indochinite-tektite,"Indochinite Tektite, 20.02g, China",6.04,2012-05-07,20.02,0.3,WorthPoint
indochinite-tektite,"S.V.F - Australite Tektite, 1.20g, Australia",6.45,2012-05-05,1.2,5.38,WorthPoint
indochinite-tektite,"S.V.F - Australite Tektite, 0.91g, Australia",6.48,2012-04-28,0.91,7.12,WorthPoint
indochinite-tektite,"Indochinite Tektite, 11.41g, China",6.48,2012-04-28,11.41,0.57,WorthPoint
indochinite-tektite,"S.V.F - Indochinite Tektite, 20.36g, China",8.06,2012-04-25,20.36,0.4,WorthPoint
indochinite-tektite,122gr Pargasite & Spinel Crystals In Matrix R49,14.99,2012-04-22,122,0.12,WorthPoint
indochinite-tektite,Large Black Meteorite Tektite Stone From China - 100.2 G,11.5,2012-04-22,100.2,0.11,WorthPoint
indochinite-tektite,Large Black Meteorite Tektite Stone From China - 119 G,16,2012-04-21,119,0.13,WorthPoint
indochinite-tektite,"S.V.F - Indochinite Tektite, 22.60g, China",5.64,2012-04-21,22.6,0.25,WorthPoint
indochinite-tektite,"Indochinite Tektite, 27.13g, China",8.04,2012-04-21,27.13,0.3,WorthPoint
indochinite-tektite,Large Black Meteorite Tektite Stone From China - 126.8 G,20.6,2012-04-20,126.8,0.16,WorthPoint
indochinite-tektite,Extra Large Black Meteorite Tektite Stone From China - 245.6 G,40.79,2012-04-18,245.6,0.17,WorthPoint
indochinite-tektite,Large Black Meteorite Tektite Stone From China - 104.2 G,12.5,2012-04-15,104.2,0.12,WorthPoint
indochinite-tektite,Large Black Meteorite Tektite Stone From China - 134.2 G,18,2012-04-13,134.2,0.13,WorthPoint
indochinite-tektite,Large Black Meteorite Tektite Stone From China - 103.5 G,16.6,2012-04-12,103.5,0.16,WorthPoint
indochinite-tektite,Big Lot Of 12 Tektites From China 288gr !!,19.99,2012-04-10,288,0.07,WorthPoint
indochinite-tektite,"(r366-3) 2-1/8"" Fulgurite Lightning Strike Beach Sand Glass Georgia Fulgurites",18.99,2012-04-09,,,WorthPoint
indochinite-tektite,Large Black Meteorite Tektite Stone - 107.9 G,16,2012-04-08,107.9,0.15,WorthPoint
indochinite-tektite,"(r365-8) 1-7/8"" Fulgurite Lightning Strike Beach Sand Glass Georgia Specimen",16.99,2012-04-06,,,WorthPoint
indochinite-tektite,"Indochinite Tektite, 12.62g, China",6.33,2012-04-05,12.62,0.5,WorthPoint
indochinite-tektite,A Black Meteorite 47.1g,35,2012-04-04,47.1,0.74,WorthPoint
indochinite-tektite,Wow! Gift From The Space - 125gr Indochinite Tektite,12.99,2012-04-04,125,0.1,WorthPoint
indochinite-tektite,Large Black Tektite Stone Specimen -75.3 G,10,2012-04-03,75.3,0.13,WorthPoint
indochinite-tektite,"(r374-1) 3-1/8"" Fulgurite Lightning Strike Beach Sand Glass GA Display Specimen",36.99,2012-04-03,,,WorthPoint
indochinite-tektite,"(r367-5) 2-1/4"" Fulgurite Lightning Strike Beach Sand Glass Georgia Specimen",20.99,2012-04-03,,,WorthPoint
indochinite-tektite,Large Black Meteorite Tektite Stone From China - 111.8 G,15,2012-04-02,111.8,0.13,WorthPoint
indochinite-tektite,Very Nice Barbell TEKTITE With A BUBBLE ! From China 56.4gr,12.99,2012-03-31,56.4,0.23,WorthPoint
indochinite-tektite,Meteorite Black Tektite - 250 G (2 - 15 G Pieces) Lot,28.56,2012-03-26,250,0.11,WorthPoint
indochinite-tektite,Black Tektite Specimen - 0.5 Kg (15 - 50 G Pieces) Lot,52.35,2012-03-26,50,1.05,WorthPoint
indochinite-tektite,"S.V.F - Indochinite Tektite, 60.25g, China",9.42,2012-03-25,60.25,0.16,WorthPoint
indochinite-tektite,Large Black Meteorite Tektite Stone From China - 106.6 G,15,2012-03-23,106.6,0.14,WorthPoint
indochinite-tektite,Large Black Meteorite Tektite Stone From China - 108.2 G,13.5,2012-03-23,108.2,0.12,WorthPoint
indochinite-tektite,BIG FAT TearDrop TEKTITE 42.5 Grams Found In China,14.99,2012-03-21,42.5,0.35,WorthPoint
indochinite-tektite,"Great Shaped 3"" Or 7.6cm TEKTITE Found In China 68 Grams",17.99,2012-03-21,68,0.26,WorthPoint
indochinite-tektite,Large Black Tektite Specimen - 105.1 G,14,2012-03-21,105.1,0.13,WorthPoint
indochinite-tektite,Large Black Meteorite Tektite Stone - 118.6 G,17,2012-03-21,118.6,0.14,WorthPoint
indochinite-tektite,Large Black Tektite Specimen- 128.6 G,18,2012-03-21,128.6,0.14,WorthPoint
indochinite-tektite,Large Black Meteorite Tektite Stone From China - 117.3 G,15,2012-03-19,117.3,0.13,WorthPoint
indochinite-tektite,"S.V.F - Indochinite Tektite, 48.43g, China",11.07,2012-03-19,48.43,0.23,WorthPoint
indochinite-tektite,"S.V.F - Indochinite Tektite, 62.70g, China",9.4,2012-03-11,62.7,0.15,WorthPoint
indochinite-tektite,"S.V.F - Indochinite Tektite, 22.93g, China",7.84,2012-03-08,22.93,0.34,WorthPoint
indochinite-tektite,"Australite Tektite, 2.46g, Australia",12.64,2012-02-19,2.46,5.14,WorthPoint
indochinite-tektite,An Indochinite Tektite 39.9g. Ref:2.TK1,6.15,2012-01-19,39.9,0.15,WorthPoint
indochinite-tektite,"Australite Tektite, 4.40g, Australia",17.02,2012-01-11,4.4,3.87,WorthPoint
indochinite-tektite,"Indochinite Tektite, 58.01g, China",9.23,2012-01-08,58.01,0.16,WorthPoint
indochinite-tektite,"Indochinite Tektite, 50.97g, China",9.23,2012-01-08,50.97,0.18,WorthPoint
indochinite-tektite,"Australite Tektite, 7.29g, Australia",23.1,2012-01-08,7.29,3.17,WorthPoint
indochinite-tektite,"Indochinite Tektite, Group Of Six - 29 Grams, China",12.31,2012-01-07,29,0.42,WorthPoint
indochinite-tektite,"Australite Tektite, 6.96g, Australia",23.1,2012-01-07,6.96,3.32,WorthPoint
indochinite-tektite,Very Large Rare Black Meteorite Tektite Stone -- 202.6 G (69x67x26 Mm),19.99,2012-01-04,202.6,0.1,WorthPoint
indochinite-tektite,Large Black Meteorite Tektite Stone - 121.5 G,17,2012-01-03,121.5,0.14,WorthPoint
indochinite-tektite,"Powerful Pendulum Of Tektite-meteorite 750,000 Years Old, Stainless Chain 9.5",18.88,2011-12-29,,,WorthPoint
indochinite-tektite,Very Large Black Meteorite Tektite Stone - 141.5 G,19,2011-12-24,141.5,0.13,WorthPoint
indochinite-tektite,Black Tektite Specimen -- 109 G (Large Piece),15,2011-12-24,109,0.14,WorthPoint
indochinite-tektite,Great Oval TEKTITE From China With A Label And Stand,19.99,2011-12-19,,,WorthPoint
indochinite-tektite,"Large Meteorite - Tektite 750,000+/- Years Old * Beautiful Shape & Texture 2.75",56,2011-12-19,,,WorthPoint
indochinite-tektite,"Meteorite -tektite Pendant 750,000+/- Years Old, Stainless Steel Wire-wrap 1.6",28,2011-12-17,,,WorthPoint
indochinite-tektite,Large Size Black Tektite Specimen - 105.1 Gram,16,2011-12-11,105.1,0.15,WorthPoint
indochinite-tektite,Large Black Meteorite Tektite Stone -- 120 G,16,2011-12-08,120,0.13,WorthPoint
indochinite-tektite,"Large Indochinite Tektite, 68.71g, China",6.82,2011-11-09,68.71,0.1,WorthPoint
indochinite-tektite,"Large Teardrop Indochinite Tektite, 25.20g, China",7.87,2011-10-13,25.2,0.31,WorthPoint
indochinite-tektite,45 Grams Of Black Indochinite Tektites. Ref:(O.BKT),6.08,2011-10-07,45,0.14,WorthPoint
indochinite-tektite,"Indochinite Tektite,14.07g, China",5.45,2011-10-03,14.07,0.39,WorthPoint
indochinite-tektite,"Indochinite Tektite, 25.51g, China",5.45,2011-10-03,25.51,0.21,WorthPoint
indochinite-tektite,Meteorite Black Tektite Indochinite Impact Glass 110g,40,2011-09-29,110,0.36,WorthPoint
indochinite-tektite,Large Black Tektite Stone Specimen 103.7 G,15,2011-09-15,103.7,0.14,WorthPoint
indochinite-tektite,BIG Long Teardrop TEKTITE 67.8 Grams Found In China,14.99,2011-09-13,67.8,0.22,WorthPoint
indochinite-tektite,1 TEKTITE Space Stone NEW 1.8oz Indochinites Magical,17.99,2011-08-02,51.03,0.35,WorthPoint
indochinite-tektite,Very Symmetrical TearDrop TEKTITE Museum Label & Stand!,29.99,2011-07-29,,,WorthPoint
indochinite-tektite,Roundish Shaped TEKTITE Thailand METEORITE 20.6 Grams,24.49,2011-07-22,20.6,1.19,WorthPoint
indochinite-tektite,MASSIVE Indochinite Tektite**Patty/Splatform! 163.3g!!!,15,2011-07-19,163.3,0.09,WorthPoint
indochinite-tektite,Meteorite Black Tektite - 1 Kg (2 - 15 G Pieces) Lot,49.99,2011-07-05,15,3.33,WorthPoint
indochinite-tektite,318ct Huge Black Meteorite Specimen 2pc Set Natural 302,22.5,2011-07-04,63.6,0.35,WorthPoint
indochinite-tektite,Barbell TEKTITE From China With Museum Label & Stand,24.99,2011-06-12,,,WorthPoint
indochinite-tektite,"Indochinite Tektite, 113g, Very Large China",14.59,2011-06-11,113,0.13,WorthPoint
indochinite-tektite,Large Size Black Tektite Specimen - 101.1 Gram,14,2011-06-08,101.1,0.14,WorthPoint
indochinite-tektite,12 X Polished Black Indochinite Tektites. Ref:(F.TK1),16.33,2011-05-27,,,WorthPoint
indochinite-tektite,100 Grams Of Black Indochinite Tektites. Ref:E.TK3,17.88,2011-05-26,100,0.18,WorthPoint
indochinite-tektite,Roundish Shaped TEKTITE Thailand METEORITE 16.6 Grams,10,2011-05-24,16.6,0.6,WorthPoint
indochinite-tektite,Meteorite Indochina Vietnam Tektite Teardrop Shape,24.99,2011-05-11,,,WorthPoint
indochinite-tektite,Silver Wired Meteorite Black Tektite Pendant -- 8 G,12,2011-05-11,8,1.5,WorthPoint
indochinite-tektite,Silver Wired Meteorite Tektite Pendant -- 7.4 G,12,2011-05-11,7.4,1.62,WorthPoint
indochinite-tektite,Meteorite Tektite --89 G,11.5,2011-05-07,89,0.13,WorthPoint
indochinite-tektite,Indochinite Tektite 22.8 G - From China,13.63,2011-05-07,22.8,0.6,WorthPoint
indochinite-tektite,81 Gram Crescent TEKTITE From China With Label / Stand,24.99,2011-04-27,81,0.31,WorthPoint
indochinite-tektite,"Large Teardrop Indochinite Tektite, 36.81g, China",8.21,2011-04-27,36.81,0.22,WorthPoint
indochinite-tektite,Odd Shaped G-10 Tektite From China !!,29.99,2011-04-27,,,WorthPoint
indochinite-tektite,Nice Round Shaped TEKTITE Thailand METEORITE 22.8 Grams,12.49,2011-04-27,22.8,0.55,WorthPoint
indochinite-tektite,"Large Indochinite Tektite, 71.06g, China",8.24,2011-04-23,71.06,0.12,WorthPoint
indochinite-tektite,114 Gram Oval TEKTITE From China With Label And Stand !,19.99,2011-04-19,114,0.18,WorthPoint
indochinite-tektite,Silver Wired Meteorite Black Tektite Pendant -- 11 G,12,2011-04-18,11,1.09,WorthPoint
indochinite-tektite,Silver Wired Meteorite Black Tektite Pendant --7.6 G,12,2011-04-18,7.6,1.58,WorthPoint
indochinite-tektite,Silver Wired Meteorite Black Tektite Pendant -- 7.1 G,12,2011-04-18,7.1,1.69,WorthPoint
indochinite-tektite,Giant 12.3 Cm 116 Gr Barbell Or BAR TEKTITE !!!,24.99,2011-04-18,116,0.22,WorthPoint
indochinite-tektite,Super TOP 5% TearDrop TEKTITE From China 37 Grams Wow!,29.99,2011-04-16,37,0.81,WorthPoint
indochinite-tektite,Large Black Tektite Specimen -- 139 G,19,2011-04-15,139,0.14,WorthPoint
indochinite-tektite,Meteorite Black Tektite Indochinite Impact Glass 160g,40,2011-04-15,160,0.25,WorthPoint
indochinite-tektite,Almost Perfect U.F.O. Or Oval Tektite From China !!,14.99,2011-04-14,,,WorthPoint
indochinite-tektite,Weird Or Different Looking TEKTITE - METEORITE 79 Grams,10.5,2011-04-12,79,0.13,WorthPoint
indochinite-tektite,"Large Indochinite Tektite, 78.40g, China",8.19,2011-04-12,78.4,0.1,WorthPoint
indochinite-tektite,Large Black Tektite Specimen -- 140.7 G,22,2011-04-11,140.7,0.16,WorthPoint
indochinite-tektite,Black Tektite Specimen - 104.3 G,14,2011-04-11,104.3,0.13,WorthPoint
indochinite-tektite,Black Tektite Specimen -- 100 G,14,2011-04-11,100,0.14,WorthPoint
indochinite-tektite,Very Large Black Tektite Specimen -- 152.6 G,22,2011-04-11,152.6,0.14,WorthPoint
indochinite-tektite,Large Black Tektite Specimen -- 113 G,15,2011-04-11,113,0.13,WorthPoint
indochinite-tektite,Black Tektite Specimen -- 98 G,15,2011-04-11,98,0.15,WorthPoint
indochinite-tektite,Large Black Tektite Specimen -- 137.6 G,19,2011-04-11,137.6,0.14,WorthPoint
indochinite-tektite,Large Black Tektite Specimen -- 125.1 G,17,2011-04-11,125.1,0.14,WorthPoint
indochinite-tektite,Large Black Tektite Specimen - 103.4 G,15,2011-04-11,103.4,0.15,WorthPoint
indochinite-tektite,Large Black Tektite Specimen -- 126.7 G,18,2011-04-08,126.7,0.14,WorthPoint
indochinite-tektite,Large Black Tektite Specimen -- 138.1 G,19,2011-04-06,138.1,0.14,WorthPoint
indochinite-tektite,Black Tektite Specimen- 105 G,15,2011-04-06,105,0.14,WorthPoint
indochinite-tektite,Big U.F.O. TEKTITE From China With Label And Stand,18.99,2011-04-01,,,WorthPoint
indochinite-tektite,Large Black Tektite Specimen - 104.1 G,15,2011-03-31,104.1,0.14,WorthPoint
indochinite-tektite,Large Black Tektite Specimen -- 103.3 G,14,2011-03-31,103.3,0.14,WorthPoint
indochinite-tektite,Black Tektite Specimen -- 110 G,15,2011-03-31,110,0.14,WorthPoint
indochinite-tektite,Large Black Tektite Specimen -- 108 G,15,2011-03-31,108,0.14,WorthPoint
indochinite-tektite,Silver Wired Meteorite Black Tektite Pendant -- 8.7 G,12,2011-03-30,8.7,1.38,WorthPoint
indochinite-tektite,Lot Of Very Nice Hollow Or Bubble Tektites From China !,24.99,2011-03-26,,,WorthPoint
indochinite-tektite,Silver Wired Black Tektite Pendant -- 8.8 G,12,2011-03-22,8.8,1.36,WorthPoint
indochinite-tektite,Giant 11 Cm 144.4 Gr Barbell Or BAR TEKTITE !!!,19.99,2011-03-08,144.4,0.14,WorthPoint
indochinite-tektite,Amazing TEKTITE World Class BUTTON Like !! WoW !! China,59.99,2011-03-08,,,WorthPoint
indochinite-tektite,Very Large Black Tektite Specimen - 156.6 G,23,2011-03-07,156.6,0.15,WorthPoint
indochinite-tektite,Tektite-Dumbell Shaped Indochinite,40.99,2011-03-06,,,WorthPoint
indochinite-tektite,"HUGE 314 Gram Or 4"" U.F.O.or Oval Tektite Flow Lines !",79.99,2011-02-28,314,0.25,WorthPoint
indochinite-tektite,Tektite Indochinite Vietnam Gem Teardrop Black Necklace,29.99,2011-02-27,,,WorthPoint
indochinite-tektite,Large Black Tektite Specimen -- 100 G,14,2011-02-26,100,0.14,WorthPoint
indochinite-tektite,"★ TEKTITES Book! - Meteorites, Space Glass, Moon Rocks★",39.5,2011-02-24,,,WorthPoint
indochinite-tektite,Giant 12 Cm 158.8 Gr Barbell Or BAR TEKTITE !!!,19.99,2011-02-23,158.8,0.13,WorthPoint
indochinite-tektite,Super TOP 1% TearDrop TEKTITE From China 26 Grams Wow!,39.99,2011-02-19,26,1.54,WorthPoint
indochinite-tektite,Black Tektite Specimen -- 101.5 G,14,2011-02-18,101.5,0.14,WorthPoint
indochinite-tektite,Black Tektite Specimen -- 117.2 G,15,2011-02-18,117.2,0.13,WorthPoint
indochinite-tektite,Large Black Tektite Specimen -- 93 G,12.8,2011-02-12,93,0.14,WorthPoint
indochinite-tektite,Silver Wired Meteorite Tektite Pendant -- 6.8 G,12,2011-02-11,6.8,1.76,WorthPoint
indochinite-tektite,Large Black Tektite Specimen - 96.7 G,14,2010-12-22,96.7,0.14,WorthPoint
indochinite-tektite,Nice Round PIT On TEKTITE Thailand METEORITE 74.9 Grams,16.05,2010-11-05,74.9,0.21,WorthPoint
indochinite-tektite,Very Large Black Tektite Specimen -- 147.2 G,20,2010-11-04,147.2,0.14,WorthPoint
indochinite-tektite,Black Tektite Specimen -- 155 G,21,2010-11-04,155,0.14,WorthPoint
indochinite-tektite,Black Tektite Specimen - 135.4 G,19,2010-11-04,135.4,0.14,WorthPoint
indochinite-tektite,WHOLESALE FLAT Meteorite TEKTITES-12@$8ea-China,95,2010-11-04,,,WorthPoint
indochinite-tektite,Extra Large Black Tektite Specimen -- 188 G,26,2010-11-04,188,0.14,WorthPoint
indochinite-tektite,Meteorite Tektite 56g - (T179),14,2010-11-03,56,0.25,WorthPoint
indochinite-tektite,Meteorite Tektite 71g - (T121),12,2010-11-02,71,0.17,WorthPoint
indochinite-tektite,Silver Wired Black Tektite Pendant -- 15 G,12,2010-11-01,15,0.8,WorthPoint
indochinite-tektite,Silver Wired Black Tektite Pendant -- 15.9 G,12,2010-10-30,15.9,0.75,WorthPoint
indochinite-tektite,Large Black Meteorite Tektite -- 125 G,18,2010-10-26,125,0.14,WorthPoint
indochinite-tektite,Large Black Meteorite Tektite - 115 G,10,2010-10-26,115,0.09,WorthPoint
indochinite-tektite,Extra Large Black Meteorite Tektite -- 191 G,28,2010-10-26,191,0.15,WorthPoint
indochinite-tektite,Black Meteorite Tektite - 128 G,18,2010-08-16,128,0.14,WorthPoint
indochinite-tektite,Meteorite Black Tektite Stone From China -130 G (Large),13,2010-08-16,130,0.1,WorthPoint
indochinite-tektite,Large Black Meteorite Tektite - 130.4 G,19,2010-08-16,130.4,0.15,WorthPoint
indochinite-tektite,Extra Large Black Meteorite Tektite - 179.2 G,28,2010-08-16,179.2,0.16,WorthPoint
indochinite-tektite,Rare Meteorite Black Tektite -- 211 G (XL Piece),30,2010-08-16,211,0.14,WorthPoint
indochinite-tektite,Very Large Black Meteorite Tektite -- 163.3 G,14.5,2010-08-14,163.3,0.09,WorthPoint
indochinite-tektite,Extra Large Black Meteorite Tektite -- 182.8 G,13.5,2010-08-13,182.8,0.07,WorthPoint
indochinite-tektite,Black Meteorite Tektite -- 125.4 G,10.5,2010-08-12,125.4,0.08,WorthPoint
indochinite-tektite,Black Roundish TEKTITE Thailand METEORITE 27.3 Grams,10.5,2010-08-11,27.3,0.38,WorthPoint
indochinite-tektite,Tear Drop / Rod ★ TEKTITE Thailand Meteorite 83.3 Grams,10,2010-08-11,83.3,0.12,WorthPoint
indochinite-tektite,Meteorite Black Tektite -- 128 G (Large Piece),12.5,2010-08-11,128,0.1,WorthPoint
indochinite-tektite,NATURAL Half Moon Shape Tektite Meteorite Specimen RARE,24.49,2010-08-11,,,WorthPoint
indochinite-tektite,"41g Meteorite Egg Shaped Indochinite. 700,000 Yrs. Old",27,2010-08-11,41,0.66,WorthPoint
indochinite-tektite,Black Meteorite Tektite - 130 G,18,2010-08-09,130,0.14,WorthPoint
indochinite-tektite,Meteorite Black Tektite Stone From China -120 G (Large),12,2010-08-09,120,0.1,WorthPoint
indochinite-tektite,Large Black Meteorite Tektite - 123.6 G,16,2010-08-09,123.6,0.13,WorthPoint
indochinite-tektite,Black Meteorite Tektite -98.8 G,14,2010-08-09,98.8,0.14,WorthPoint
indochinite-tektite,Meteorite Black Tektite Stone From China -115 G (Large),11,2010-08-09,115,0.1,WorthPoint
indochinite-tektite,Extra Black Meteorite Tektite - 150 G,20,2010-08-09,150,0.13,WorthPoint
indochinite-tektite,Tektite Indochinite Vietnam Aaaa Gemmy Teardrop Shape,14.9,2010-08-06,,,WorthPoint
indochinite-tektite,Extra Large Black Meteorite Tektite - 147.4 G,20,2010-07-27,147.4,0.14,WorthPoint
indochinite-tektite,Black Meteorite Tektite - 132.5 G,11,2010-07-23,132.5,0.08,WorthPoint
indochinite-tektite,Black Meteorite Tektite - 111 G,16.25,2010-07-22,111,0.15,WorthPoint
indochinite-tektite,Meteorite Black Tektite -- 111 G (Large Piece),11,2010-07-20,111,0.1,WorthPoint
indochinite-tektite,Black Meteorite Tektite - 121.8 G,17,2010-07-19,121.8,0.14,WorthPoint
indochinite-tektite,Very Large Black Meteorite Tektite - 140 G,19,2010-07-12,140,0.14,WorthPoint
indochinite-tektite,Black Meteorite Tektite - 101.3 G,12.01,2010-07-12,101.3,0.12,WorthPoint
indochinite-tektite,Black Tear Drop TEKTITE Thailand METEORITE 77 Grams,10,2010-07-02,77,0.13,WorthPoint
indochinite-tektite,Large Black Meteorite Tektite - 120 G,17,2010-06-29,120,0.14,WorthPoint
indochinite-tektite,Extra Large Black Meteorite Tektite - 143.2 G,19,2010-06-29,143.2,0.13,WorthPoint
indochinite-tektite,Black Meteorite Tektite -- 114 G,15,2010-06-25,114,0.13,WorthPoint
indochinite-tektite,Large Black Meteorite Tektite - 136.8 G,17,2010-06-19,136.8,0.12,WorthPoint
indochinite-tektite,HUGE Oval Or U.F.O. TEKTITE From China 243 Grams,19.99,2010-06-18,243,0.08,WorthPoint
indochinite-tektite,Very Symmetrical U.F.O. TEKTITE From China !!,19.99,2010-05-24,,,WorthPoint
indochinite-tektite,Black Meteorite Tektite - 103 G,14,2010-04-29,103,0.14,WorthPoint
indochinite-tektite,Black Meteorite Tektite - 105 G,14,2010-04-29,105,0.13,WorthPoint
indochinite-tektite,Black Meteorite Tektite - 103.5 G,14,2010-04-29,103.5,0.14,WorthPoint
indochinite-tektite,Black Meteorite Tektite -- 116.7 G,15,2010-04-21,116.7,0.13,WorthPoint
indochinite-tektite,Meteorite Black Tektite Stone From China-115.7 G(Large),11,2010-04-19,115.7,0.1,WorthPoint
indochinite-tektite,Meteorite Black Tektite Stone From China-119.5 G(Large),12,2010-04-18,119.5,0.1,WorthPoint
indochinite-tektite,Black Meteorite Tektite - 137.4 G,18,2010-04-16,137.4,0.13,WorthPoint
indochinite-tektite,Meteorite Black Tektite -- 103 G (Large Piece),10,2010-04-08,103,0.1,WorthPoint
indochinite-tektite,Meteorite Black Tektite -- 119 G (Large Piece),15,2010-04-07,119,0.13,WorthPoint
indochinite-tektite,Black Meteorite Tektite - 97.8 G,12.5,2010-04-06,97.8,0.13,WorthPoint
indochinite-tektite,Meteorite Black Tektite Stone From China -104 G (Large),10,2010-04-05,104,0.1,WorthPoint
indochinite-tektite,Meteorite Black Tektite Stone From China -108 G (Large),10,2010-04-04,108,0.09,WorthPoint
indochinite-tektite,Solid Roundish TEKTITE Thailand METEORITE 30.3 Grams,11.5,2009-07-18,30.3,0.38,WorthPoint
indochinite-tektite,Meteorite Tektite -- 150 G,18,2009-07-16,150,0.12,WorthPoint
indochinite-tektite,Rare Meteorite Tektite -- 150.7 G (XL Piece),20,2009-07-16,150.7,0.13,WorthPoint
indochinite-tektite,Meteorite Tektite -- 105 G,12.5,2009-07-15,105,0.12,WorthPoint
indochinite-tektite,Meteorite Black Tektite -- 108 G (Large Piece),11,2009-07-12,108,0.1,WorthPoint
indochinite-tektite,123.4g(SPOT ON PIECE FULL HAND ROUND TEKTITE)IMPAC#if28,14.99,2009-07-11,123.4,0.12,WorthPoint
indochinite-tektite,Meteorite Black Tektite -- 109 G (Large Piece),12.9,2009-07-10,109,0.12,WorthPoint
indochinite-tektite,"355 Gram 1,775 Ct Tektite Disc Huge & Rare (meteorite)",200,2009-07-10,355,0.56,WorthPoint
indochinite-tektite,"470 Gram 2,350 Ct Tektite Disc Huge & Rare (meteorite)",275,2009-07-10,470,0.59,WorthPoint
indochinite-tektite,Meteorite Tektite -- 94 G,12,2009-07-08,94,0.13,WorthPoint
indochinite-tektite,Rare Meteorite Black Tektite -- 126 G (XL Piece),16.9,2009-07-07,126,0.13,WorthPoint
indochinite-tektite,Aaa Regmaglypt Thumbprint Indochinite Vietnam Tektite,19.99,2009-07-06,,,WorthPoint
indochinite-tektite,Meteorite Black Tektite -- 113 G (Large Piece),14.9,2009-07-04,113,0.13,WorthPoint
indochinite-tektite,25.9g(SUPERB ANDA DESIGN TEKTITE)RARE METEORITE#id05,59.99,2009-06-30,25.9,2.32,WorthPoint
indochinite-tektite,266.4g NATURAL MUONG NONG-LAYER TEKTITE METEORITE #lc96,26.11,2009-06-29,266.4,0.1,WorthPoint
indochinite-tektite,264.1g NATURAL MUONG NONG (LAYER TEKTITE)METEORITE#ld97,19.99,2009-06-27,264.1,0.08,WorthPoint
indochinite-tektite,48.3g(SMARTH FAT OVAL ANDA-TYPE TEKTITE)METEORITE#ig37,14.99,2009-05-14,48.3,0.31,WorthPoint
indochinite-tektite,Silver Wired Meteorite Tektite Pendant -- 15.2 G,10,2009-05-14,15.2,0.66,WorthPoint
indochinite-tektite,20.5g (THE BEST ANDA DESIGN TEKTITE)RARE METEORITE#id04,69.99,2009-05-11,20.5,3.41,WorthPoint
indochinite-tektite,331.6g NATURAL MUONG NONG-LAYER TEKTITE METEORITE #lc84,17.6,2009-05-10,331.6,0.05,WorthPoint
indochinite-tektite,87.2g(THE BEST DISC SHAPE ROUND TEKTITE)METEORITE#ik19,29.99,2009-05-04,87.2,0.34,WorthPoint
indochinite-tektite,81.2g MUONG NONG-AUSTRALASIAN TEKTITE METEORITE #ld26,13.99,2009-05-01,81.2,0.17,WorthPoint
indochinite-tektite,89g NATURAL MUONG NONG-LAYER TEKTITE METEORITE #lc92,12.99,2009-04-06,89,0.15,WorthPoint
indochinite-tektite,55g (TEARDROP ANDA DESIGN TEKTITE)RARE METEORITE#id06,27,2009-03-25,55,0.49,WorthPoint
indochinite-tektite,113g(HUGE PIECE GLOBAL GROOVE TEKTITE)METEORITE#ik22,19.99,2009-03-19,113,0.18,WorthPoint
indochinite-tektite,GREAT TEKTITE COLLECTION~ METEORITE With BOX #tw48,99.99,2009-03-17,,,WorthPoint
indochinite-tektite,25.6g(MODERN SPACESHIP IN FUTURE TEKTITE)METEORITE#ik23,10.5,2009-03-15,25.6,0.41,WorthPoint
indochinite-tektite,421.9g GIANT MUONG NONG (LAYER TEKTITE) METEORITE #ld96,51.99,2009-03-12,421.9,0.12,WorthPoint
indochinite-tektite,57.2g(THE BEST OF SHADOW&SKIN BALL TEKTITE)IMPACT#ig36,10.49,2009-03-12,57.2,0.18,WorthPoint
indochinite-tektite,49g(TOP LINED PATTERN ANDA-TYPE TEKTITE)METEORITE#ig23,49.99,2009-03-05,49,1.02,WorthPoint
indochinite-tektite,271.7g LONG MUONG NONG (LAYER TEKTITE) METEORITE#le02,24.99,2009-03-04,271.7,0.09,WorthPoint
indochinite-tektite,265.7g MUONG NONG-AUSTRALASIAN TEKTITE METEORITE #lc98,31.99,2009-03-03,265.7,0.12,WorthPoint
indochinite-tektite,207.1g MUONG NONG-AUSTRALASIAN TEKTITE METEORITE #ld04,20,2009-03-01,207.1,0.1,WorthPoint
indochinite-tektite,90.9g(PERFECT BIG SIZE ROUND ROCK TEKTITE)IMPACT#il01,15.5,2009-03-01,90.9,0.17,WorthPoint
indochinite-tektite,142.9g NATURAL MUONG NONG-LAYER TEKTITE METEORITE #lc78,21.44,2009-03-01,142.9,0.15,WorthPoint
indochinite-tektite,356.7g GEART MUONG NONG (LAYER TEKTITE) METEORITE#le04,24.99,2009-03-01,356.7,0.07,WorthPoint
indochinite-tektite,Libyan Desert Glass - When An Asteroid And The Earth Collide,776.75,2009-01-18,,,WorthPoint
indochinite-tektite,Silver Wired Meteorite Tektite Pendant -- 16 G,10,2008-12-31,16,0.63,WorthPoint
indochinite-tektite,145.1g MUONG NONG-AUSTRALASIAN TEKTITE METEORITE #ld23,25.49,2008-12-30,145.1,0.18,WorthPoint
indochinite-tektite,Silver Wired Meteorite Tektite Pendant -- 17.8 G,10,2008-12-29,17.8,0.56,WorthPoint
indochinite-tektite,96.7g(LONG DUMBBELL TEKTITE)NATURAL METEORITE+BOX#tw68,19.99,2008-12-18,96.7,0.21,WorthPoint
indochinite-tektite,22g TEKTITE Owl Statuette For Wax Stamp Seal *tk25v,19.99,2008-12-10,22,0.91,WorthPoint
indochinite-tektite,287.6g MUONG NONG-AUSTRALASIAN TEKTITE METEORITE #ld41,19.99,2008-11-27,287.6,0.07,WorthPoint
indochinite-tektite,Indo-China Meteorite Tektite - 0.5 Kg Medium Pieces Lot,47,2008-09-06,500,0.09,WorthPoint
indochinite-tektite,Silver Wired Meteorite Tektite Pendant -- 12 G,10,2008-08-31,12,0.83,WorthPoint
indochinite-tektite,Silver Wired Meteorite Tektite Pendant -- 11.3 G,10,2008-08-31,11.3,0.88,WorthPoint
indochinite-tektite,50.6g(BALL IN YOUR HAND ROCK TEKTITE) METEORITE#id34,12.5,2008-08-28,50.6,0.25,WorthPoint
indochinite-tektite,Meteorite Tektite -- 116.4 G,10,2008-08-28,116.4,0.09,WorthPoint
indochinite-tektite,83.3g (FLOW LINE DESIGN TEKTITE)NATURAL METEORITE#tn45,12.99,2008-08-19,83.3,0.16,WorthPoint
indochinite-tektite,57g(BUTTER FLY FLOWER CONCAVE TEKTITE METEORITE#ia70,11,2008-08-04,57,0.19,WorthPoint
indochinite-tektite,A+++BIG 4+Inch RARE OUTER SPACE TEKTITE METEORITE China,34.95,2008-07-27,,,WorthPoint
indochinite-tektite,Â~...82.0g.RARE PERFECT OVAL TEKTITE METEORITE (THAILAND),10.68,2008-07-20,82,0.13,WorthPoint
indochinite-tektite,Â~...96.3 G.HEAD OF DINO TEKTITE METEORITE (THAILAND),10.7,2008-07-20,96.3,0.11,WorthPoint
indochinite-tektite,A+++huge Over 5 Inch Rare Outer Space Tektite Meteorite,51,2008-06-18,,,WorthPoint
indochinite-tektite,"71g""MARVELOUS! LINE GROOVE""Tetktite Meteorite TKS354",11.99,2008-06-18,71,0.17,WorthPoint
indochinite-tektite,"Tektite - Exceedingly Rare, Complete Flanged-button Australite",4481.25,2008-06-08,,,WorthPoint
indochinite-tektite,Fantastic Regmaglypt Fingerprint Indochinite Tektite,22.99,2008-06-04,,,WorthPoint
indochinite-tektite,"28 Meteorite Tektite Collection,campo,sikhot-alin,oman+",192.51,2008-04-13,,,WorthPoint
indochinite-tektite,"Tektites From Guangdong, China",10,2008-03-23,,,WorthPoint
indochinite-tektite,"111g""GREAT BEAUTY TEKTITE""HUGE Meteorite Impactite#TD69",22.99,2008-03-11,111,0.21,WorthPoint
indochinite-tektite,Silver Wired Meteorite Tektite Pendant -- 19 G,10,2008-02-22,19,0.53,WorthPoint
indochinite-tektite,200g / 0.44lbs.(Size5g-50g)Tektite Wholesale~Meteorite,14.99,2008-02-20,200,0.07,WorthPoint
indochinite-tektite,"50g ""SHARK FIN"" Unusual Tektite Meteorite TKS549",12.99,2008-02-04,50,0.26,WorthPoint
indochinite-tektite,97.4g (EXTRAORDINARY TEKTITE)NATURAL METEORITE #tj27,29.99,2008-02-04,97.4,0.31,WorthPoint
indochinite-tektite,"100g""SPECIAL STARBURST RAYS""Tektite Meteorite TKS543",12.5,2008-01-29,100,0.13,WorthPoint
indochinite-tektite,"120g ""HUGE &STARBURST RAYS"" Tektite Meteorite TKS452",19.99,2008-01-03,120,0.17,WorthPoint
indochinite-tektite,1Kg/2.2lbs.(Size 5g-50g)Tektite Wholesale~Meteorite,49.99,2008-01-03,5,10,WorthPoint
indochinite-tektite,"127g""HUGE&HIGHLY VALUE""Tektite Meteorite Impactite#TA78",19.99,2008-01-01,127,0.16,WorthPoint
indochinite-tektite,500g /1.1lbs.(Size 21g-50g)Tektite Wholesale~Meteorite,29.99,2008-01-01,500,0.06,WorthPoint
indochinite-tektite,Awesome! 23 Gram Tektite Meteorite Impactite Thailand,10,2007-12-29,23,0.43,WorthPoint
indochinite-tektite,"135.2g ""EXTRA SHAPE TEKTITE""SPECIAL Meteorite #th05",10.49,2007-12-28,135.2,0.08,WorthPoint
indochinite-tektite,"53.1g ""RARE!!!! BIG ANDA-TYPE TEKTITE"" Meteorite #tf08",13.49,2007-12-27,53.1,0.25,WorthPoint
indochinite-tektite,284g SUPERB MUONG NONG-TYPE Tektite Meteorite MN080,24.99,2007-12-21,284,0.09,WorthPoint
indochinite-tektite,174.3g (HUGE&PERFECT TEKTITE)RARE METEORITE #tl27,19.99,2007-11-28,174.3,0.11,WorthPoint
indochinite-tektite,"108.6g ""GREAT QUALITY TEKTITE""Meteorite Impactite #TE46",19.99,2007-11-28,108.6,0.18,WorthPoint
indochinite-tektite,Meteorite Tektite --101.7 G,10.2,2007-11-26,101.7,0.1,WorthPoint
indochinite-tektite,"74g ""BEST OF THE BEST TEKTITE"" Meteorite Impactite#TA69",49.99,2007-11-25,74,0.68,WorthPoint
indochinite-tektite,91.99g (BEST BEAUTY SKIN TEKTITE) BLACK METEORITE #tj64,11,2007-11-19,91.99,0.12,WorthPoint
indochinite-tektite,"94g ""JUMBO FAT BOY"" Tektite Meteorite TKS410",14.99,2007-11-19,94,0.16,WorthPoint
indochinite-tektite,97.2g(SPECIAL DUMBELL TEKTITE)BLACK METEORITE #tl46,19.99,2007-11-14,97.2,0.21,WorthPoint
indochinite-tektite,Fantastic Ablated Curtain Shape Indochinite Tektite,22.99,2007-11-10,,,WorthPoint
indochinite-tektite,136.6g(10pcs.)Wholesale Tektite Meteorite~No CHIP #th38,13.99,2007-11-05,136.6,0.1,WorthPoint
indochinite-tektite,"52g ""A++ GREAT BEAUTIFUL"" Tektite Meteorite TKS538",10.99,2007-11-04,52,0.21,WorthPoint
indochinite-tektite,"105.6g ""THE HUGE ONION TEKTITE"" Meteorite Specimen#tg72",22.39,2007-11-04,105.6,0.21,WorthPoint
indochinite-tektite,139.7g (SMOOTH DUMBELL TEKTITE)RARE!! METEORITE#tk83,20.99,2007-11-04,139.7,0.15,WorthPoint
indochinite-tektite,"180.4g ""GREAT ONION TEKTITE SET"" Meteorite RARE!! #TE33",27.99,2007-11-02,180.4,0.16,WorthPoint
indochinite-tektite,277.9g MUONG NONG-TYPE TEKTITE METEORITE #tk65,23.79,2007-11-01,277.9,0.09,WorthPoint
indochinite-tektite,"37.7g ""LARGE TRANSLUCENT TEKTITE"" Meteorite Impact#tf40",11.99,2007-10-31,37.7,0.32,WorthPoint
indochinite-tektite,"91g""HIGHLY SYMMETRY OVAL""Tektite Meteorite TKM220",17.99,2007-10-30,91,0.2,WorthPoint
indochinite-tektite,105.6g(THE HUGE TRIANGLE BOWL TEKTITE) METEORITE #ti80,16.49,2007-10-29,105.6,0.16,WorthPoint
indochinite-tektite,Stretch Tektite - Unique And Rare Study Item,13.81,2007-10-27,,,WorthPoint
indochinite-tektite,Meteorite Tektite -- 87.3g,10.9,2007-10-14,87.3,0.12,WorthPoint
indochinite-tektite,89.4g (LONG DUMBELL TEKTITE)THAILANDITE METEORITE#tk66,14.99,2007-10-06,89.4,0.17,WorthPoint
indochinite-tektite,"109.7g "" MUSEUM GRADE TEKTITE""Meteorite #TD91",39.99,2007-10-05,109.7,0.36,WorthPoint
indochinite-tektite,"122g""SUPER HUGE FLAT OVAL""Tektite Meteorite Impactite",14.99,2007-09-30,122,0.12,WorthPoint
indochinite-tektite,"115.8g"" BEND&SLIM OVAL ""Tektite Meteorite #TC73",15.99,2007-09-30,115.8,0.14,WorthPoint
indochinite-tektite,"Tektite Meteorite , Amazing Specimine, Large",27,2007-09-30,,,WorthPoint
indochinite-tektite,"120.7g""HIGH GRACEFUL TEKTITE"" Meteorite Impactite#TC93",24.99,2007-09-29,120.7,0.21,WorthPoint
indochinite-tektite,Meteorite Tektite--99 G (5 Pcs),10,2007-09-29,99,0.1,WorthPoint
indochinite-tektite,84.2g (THE JUMBO BALL TEKTITE)RARE BLACK METEORITE#ti44,11.99,2007-09-16,84.2,0.14,WorthPoint
indochinite-tektite,135.7g(GREAT CONCAVE TEKTITE)RARE BLACK METEORITE #ti74,12.38,2007-09-05,135.7,0.09,WorthPoint
indochinite-tektite,"47.5g ""FRAGMENT BUBBLE TEKTITE SET"" Meteorite #tk1170",16,2007-09-04,47.5,0.34,WorthPoint
indochinite-tektite,133.7g RARE HUGE NATURAL (TEKTITE) BLACK METEORITE#th90,14.99,2007-09-04,133.7,0.11,WorthPoint
indochinite-tektite,26.3g (PERFECT TEARDROP TEKTITE)NATURAL METEORITE #ti70,10.51,2007-09-04,26.3,0.4,WorthPoint
indochinite-tektite,33.6g(PERFECT DUMBELL TEKTITE)RARE BLACK METEORITE#ti67,26.55,2007-09-04,33.6,0.79,WorthPoint
indochinite-tektite,82.1g (HUGE DUMBELL TEKTITE) RARE BLACK METEORITE #ti65,15.5,2007-09-04,82.1,0.19,WorthPoint
indochinite-tektite,Grab Bag! Tektite Moldavite Barite Meteorite And More!!,32,2007-09-01,,,WorthPoint
indochinite-tektite,"92.6g""THE HUGE ONION TEKTITE"" Meteorite Specimen#tg56",19.99,2007-08-29,92.6,0.22,WorthPoint
indochinite-tektite,"88g ""HUGE!! TEARDROP TEKTITE"" Meteorite Specimen#tg30",19.99,2007-08-25,88,0.23,WorthPoint
indochinite-tektite,200g / 0.44lbs.(Size 5g-20g)Tektite Wholesale~Meteorite,14.67,2007-08-22,200,0.07,WorthPoint
indochinite-tektite,500g / 1.1lbs.(Size 5g-20g)Tektite Wholesale~Meteorite,29.99,2007-08-21,500,0.06,WorthPoint
indochinite-tektite,153g(10pcs.)Wholesale Price Tektite Meteorite~No CHIP,15.3,2007-08-15,153,0.1,WorthPoint
indochinite-tektite,"76.5g""EXCELLENT SYMMETRY ROUND TEKTITE"" Meteorite #tg57",10.5,2007-08-14,76.5,0.14,WorthPoint
indochinite-tektite,"107.4g""GREAT SLIM OVAL""Tekttie Meteorite Impactite#TB53",12.99,2007-08-13,107.4,0.12,WorthPoint
indochinite-tektite,"IDEALISTIC TEKTITE COLLECTION""Meteorite Specimen#tg93",11.04,2007-08-13,,,WorthPoint
indochinite-tektite,"83.9g ""IDEALISTIC TEARDROP TEKTITE"" Meteorite #tks166",24.99,2007-08-12,83.9,0.3,WorthPoint
indochinite-tektite,"103.7g""CIRCLE DESIGN"" TEKTITE Meteorite Impactite#TD98",17.99,2007-08-12,103.7,0.17,WorthPoint
indochinite-tektite,"205g ""EXTRAORDINARY OVAL"" Tektite Meteorite Impactite",49.99,2007-08-12,205,0.24,WorthPoint
indochinite-tektite,"131.4g ""RARE!GALAZY WAY SKIN - TEKTITE"" Meteorite #tg25",22.5,2007-08-10,131.4,0.17,WorthPoint
indochinite-tektite,Meteorite Tektite --116.3 G,12,2007-08-08,116.3,0.1,WorthPoint
indochinite-tektite,"129.3g ""DUMBELL TEKTITE OF THE MONTH"" Meteorite #tg05",90.99,2007-08-07,129.3,0.7,WorthPoint
indochinite-tektite,"41g ""MAGNETIC FIELD DESIGN"" Tektite Meteorite Impactite",11.99,2007-08-05,41,0.29,WorthPoint
indochinite-tektite,"27.1g ""SMOOTH TEKTITE"" Meteorite Specimen #tk734",15.99,2007-08-04,27.1,0.59,WorthPoint
indochinite-tektite,"90g ""SERIOUS GLOSSY OVAL"" Tektite Meteorite Impactite",12.99,2007-08-04,90,0.14,WorthPoint
indochinite-tektite,"50pcs.""COMBO TRANSLUCENT TEKTITE SET""Meteorite #TG39",24.99,2007-08-02,,,WorthPoint
indochinite-tektite,"38g ""HIGH BEAUTIFUL ONION TEKTITE"" Meteorite #tf78",15.5,2007-08-01,38,0.41,WorthPoint
indochinite-tektite,"86.2g ""SPECIAL FLOWER TEKTITE"" Meteorite Impactite#tf79",24.99,2007-08-01,86.2,0.29,WorthPoint
indochinite-tektite,"74.6g ""SPECIAL DOUBLE BUBBLE TEKTITE"" Meteorite #tf35",67.66,2007-07-26,74.6,0.91,WorthPoint
indochinite-tektite,"77.5g ""ABSOLUTE ONION TEKTITE"" Meteorite Impact#tf33",12.5,2007-07-26,77.5,0.16,WorthPoint
indochinite-tektite,Nice Glass Tektite Indochinite Meteorite From China,10.5,2007-07-25,,,WorthPoint
indochinite-tektite,"80g ""GLOSSY,LONG&BEAUTY"" Tektite Meteorite Impactite",14.99,2007-07-16,80,0.19,WorthPoint
indochinite-tektite,"85.4g"" STARBURST RAYS ""Tektite Meteorite Impactite#TC76",19.99,2007-07-16,85.4,0.23,WorthPoint
indochinite-tektite,"107.2g""THE GREAT ANDA TEKTITE"" Meteorite Impactite#TC86",89.99,2007-07-16,107.2,0.84,WorthPoint
indochinite-tektite,"129g ""BEAUTY PLATINUM OF TEKTITE"" Meteorite Impactite",49.99,2007-07-16,129,0.39,WorthPoint
indochinite-tektite,"100g ""ABSOLUTE SLIM OVAL"" Tektite Meteorite #TA79",49.99,2007-07-16,100,0.5,WorthPoint
indochinite-tektite,"119.7g"" GREAT SURFACE ""Tektite Meteorite Impactite#TC74",16.99,2007-07-16,119.7,0.14,WorthPoint
indochinite-tektite,"50pcs.""COMBO MIDGET TEKTITE SET"" Meteorite #TA21",29.99,2007-07-15,,,WorthPoint
indochinite-tektite,"194.1g ""GREAT ONION TEKTITE SET"" Meteorite RARE!! #TD82",49.99,2007-07-15,194.1,0.26,WorthPoint
indochinite-tektite,"148g""GREAT MIRACLE GROOVE ""HUGE Tektit Meteorite #TD70",24.99,2007-07-15,148,0.17,WorthPoint
indochinite-tektite,"235g""PERFECT ROUND SET""Tektite Meteorite Impactite#TA17",29.99,2007-07-15,235,0.13,WorthPoint
indochinite-tektite,"89.5g""HIGHLY GLOSSY TEKTITE"" Meteorite Impactite #TD04",10.99,2007-07-15,89.5,0.12,WorthPoint
indochinite-tektite,"110.2g ""HEAVY WEIGHT OVAL TEKTITE"" Meteorite#TC53",12.99,2007-07-15,110.2,0.12,WorthPoint
indochinite-tektite,"52g ""A LOT OF YELLOW SPOTS"" Tektite Meteorite Impactite",19.99,2007-07-15,52,0.38,WorthPoint
indochinite-tektite,"24g"" T,J,r CHARACTOR SPOTS"" Tektite Meteorite Impactite",19.99,2007-07-15,24,0.83,WorthPoint
indochinite-tektite,"43g ""HIGH ANTIQUE SKIN"" Tektite Meteorite Impactite",19.99,2007-07-15,43,0.46,WorthPoint
indochinite-tektite,"215g ""DUMBELL/OVAL/TEARDROP"" Tektite Meteorite #TB15",29.99,2007-07-15,215,0.14,WorthPoint
indochinite-tektite,"IDEALISTIS COMPLETE SET"" Tektite Meteorite Impactite",29.99,2007-07-15,,,WorthPoint
indochinite-tektite,"70g""LARGE TRANSLUCENT"" Tektite Meteorite Impactite#TB09",29.99,2007-07-15,70,0.43,WorthPoint
indochinite-tektite,"25Pcs.""BEAUTY MIDGET TEKTITE"" Meteorite Impactite #TB13",17.99,2007-07-15,,,WorthPoint
indochinite-tektite,5Pcs.TRANSLUCENT TEKTITE SET~ Meteorite Impactite #TB14,19.99,2007-07-15,,,WorthPoint
indochinite-tektite,"40g ""RARE!!! CURIOUS TEKTITE"" Meteorite Impactite",19.99,2007-07-15,40,0.5,WorthPoint
indochinite-tektite,Yellow Spot Collection~Tektite Meteorite Impactite#TB12,24.99,2007-07-15,,,WorthPoint
indochinite-tektite,Top Gear Shaped Tektite Thailand Meteorite Indochinite,11.5,2007-07-15,,,WorthPoint
indochinite-tektite,"35g""TWINKLE STARBURST RAYS"" Tektite Meteorite Impactite",19.99,2007-07-15,35,0.57,WorthPoint
indochinite-tektite,"91g ""HIGH ABSOLUTE TEKTITE""Meteorite Impactite#TE65",19.99,2007-07-14,91,0.22,WorthPoint
indochinite-tektite,"107.1g ""HUGE SPECIAL TEKTITE""Meteorite Impactite#TE66",14.99,2007-07-14,107.1,0.14,WorthPoint
indochinite-tektite,"45g""GREAT DISCOVERY COMETS ""Tektite Meteorite Impactite",12.49,2007-07-14,45,0.28,WorthPoint
indochinite-tektite,"205g ""HIGH HUGE NATURAL CURVE SHAPE"" Tektite Meteorite",24.99,2007-07-14,205,0.12,WorthPoint
indochinite-tektite,"141.2g ""HIGH ABSOLUTE TEKTITE"" Meteorite Impactite#TD17",14.99,2007-07-14,141.2,0.11,WorthPoint
indochinite-tektite,"110g""HIGHLY STARBURST"" Tektite Meteorite Impactite#TA80",19.99,2007-07-14,110,0.18,WorthPoint
indochinite-tektite,"1.7Kg ""HUGE & LONG"" MUONG NONG-TYPE Tektite Meteorite",299.99,2007-07-13,1700,0.18,WorthPoint
indochinite-tektite,"135g""THE BEST OF BEAUTY TEKTITE"" Meteorite Impactite",49.99,2007-07-12,135,0.37,WorthPoint
indochinite-tektite,"197.9g ""MUSEUM-GRADE LARGE TEKTITE"" Meteorite #TB50",47.99,2007-07-11,197.9,0.24,WorthPoint
indochinite-tektite,"133.8g ""GREAT CONVEX OVAL TEKTITE"" Meteorite #TD54",24.99,2007-06-26,133.8,0.19,WorthPoint
indochinite-tektite,"141g""EXCLLENT SET""Tektite Meteorite Impactite#TC45",19.99,2007-06-26,141,0.14,WorthPoint
indochinite-tektite,"129g ""HIGH GORGEOUS CLASS"" Tektite Meteorite Impactite",29.99,2007-06-26,129,0.23,WorthPoint
indochinite-tektite,Meteorite Tektite--81 G (5 Pcs),10,2007-06-26,81,0.12,WorthPoint
indochinite-tektite,Meteorite Tektite--95 G (5 Pcs),10,2007-06-26,95,0.11,WorthPoint
indochinite-tektite,"148.3g ""BEST SPECIAL DUMBELL"" Tektite Meteorite #TC83",39.99,2007-06-17,148.3,0.27,WorthPoint
indochinite-tektite,"4.75"" 95.3g ~SUPER LONG DUMBEL TEKTITE Meteorite #TC82",49.99,2007-06-17,95.3,0.52,WorthPoint
indochinite-tektite,"130.5g ""PLATINUM OF TEKTITE"" Meteorite Impactite#TC80",57,2007-06-17,130.5,0.44,WorthPoint
indochinite-tektite,"150g ""THE GREAT CONCAVE"" Tektite Meteorite Impactite",29.99,2007-06-13,150,0.2,WorthPoint
indochinite-tektite,"114.3g ""MUSEUM ANDA-TEKTEITE"" Meteorite Impactite#TC42",99.99,2007-06-10,114.3,0.87,WorthPoint
indochinite-tektite,"90.5g""BEST BEAUTY OVAL TEKTITE""Meteorite Impactite#TB62",19.99,2007-06-05,90.5,0.22,WorthPoint
indochinite-tektite,"22g""THUMB PRESS DESIGN""Tektite Meteorite Impactite#TB29",10,2007-05-30,22,0.45,WorthPoint
indochinite-tektite,"81g ""OVAL SHAPE""GEM-Tektite Meteorite Impactite#TB28",15.5,2007-05-30,81,0.19,WorthPoint
indochinite-tektite,"25g ""CONE SHAPE"" Gem-Tektite Meteorite Impactite #TB26",33.01,2007-05-30,25,1.32,WorthPoint
indochinite-tektite,"105g""HUGE&LONG DUMBELL""Tektite Meteorite Impactite#TB18",11.99,2007-05-25,105,0.11,WorthPoint
indochinite-tektite,"60g ""UNIQUE GOLF BALL"" Tektite Meteorite Impactite#TB11",16.5,2007-05-24,60,0.28,WorthPoint
indochinite-tektite,"150g""BEST OF HUGE SLIM OVAL"" TektiteMeteorite Impactite",39.99,2007-05-17,150,0.27,WorthPoint
indochinite-tektite,"101g ""HEAVY&PERFECT SHAPE"" Tektite Meteorite Impactite",12.99,2007-05-17,101,0.13,WorthPoint
indochinite-tektite,"104g ""BIG EGG-MONSTER"" Tektite Meteorite Impactite",17.99,2007-05-17,104,0.17,WorthPoint
indochinite-tektite,"200g""DUMBELL/TEARDROP/BAR SET""Tektite Meteorite #ta16",29.99,2007-05-17,200,0.15,WorthPoint
indochinite-tektite,0.3Kg 52Pcs.Variety Quality Tektite Meteorite Impactite,19.99,2007-05-17,300,0.07,WorthPoint
indochinite-tektite,"100PCS.""SUPER COMBO MIDGET TEKTITE"" Meteorite Impactite",59.99,2007-05-17,,,WorthPoint
indochinite-tektite,0.5KG QUALITY BIG Tektite Wholesale~Meteorite (30g-50g),29.99,2007-05-17,30,1,WorthPoint
indochinite-tektite,"49g ""HEART OF THE SKY"" Tektite Meteorite Impactite",16.49,2007-05-14,49,0.34,WorthPoint
indochinite-tektite,"216g ""TEARDROP/DUMBELL/BAR COLLECTION""Tektite Meteorite",24.99,2007-05-10,216,0.12,WorthPoint
indochinite-tektite,"91g""GREAT BEAUTY SLIM OVAL"" Tektite Meteorite Impactite",29.99,2007-05-10,91,0.33,WorthPoint
indochinite-tektite,"150g ""SUPER HUGE&SYMMETRY"" Tektite Meteorite Impactite",15.5,2007-05-08,150,0.1,WorthPoint
indochinite-tektite,"50pcs.""COMBO MIDGET TEKTITE SET"" Meteorite Impactite",24.99,2007-05-08,,,WorthPoint
indochinite-tektite,"124g ""HUGE SMOOTH OVAL FORM""Tektite Meteorite Impactite",35,2007-05-05,124,0.28,WorthPoint
indochinite-tektite,"76g ""SPECIAL STARBURST SKIN""Tektite Meteorite Impactite",10.49,2007-05-05,76,0.14,WorthPoint
indochinite-tektite,"145g ""HUGE&STARBURST SKIN"" Tektite Meteorite Impactite",19.99,2007-05-04,145,0.14,WorthPoint
indochinite-tektite,"89g ""UNIQUE BEND DUMBELL"" Tektite Meteorite Impactite",27.56,2007-05-03,89,0.31,WorthPoint
indochinite-tektite,"120g ""GREAT BEAUTY CONCAVE"" Tektite Meteorite Impactite",18,2007-05-03,120,0.15,WorthPoint
indochinite-tektite,"100g ""GREAT SYMMETRY OVAL"" Tektite Meteorite Impactite",14.99,2007-04-29,100,0.15,WorthPoint
indochinite-tektite,"70g ""BEST SURFACE DUMBELL"" Tektite Meteorite Impactite",12.99,2007-04-29,70,0.19,WorthPoint
indochinite-tektite,"70g ""SUPERB BAR SHAPE"" Tektite Meteorite Impactite",14.99,2007-04-29,70,0.21,WorthPoint
indochinite-tektite,0.3KG QUALITY Tektite Wholesale ~Meteorite Impactite,19.99,2007-04-29,300,0.07,WorthPoint
indochinite-tektite,"95g ""GIANT SLIM&LONG OVAL"" Tektite Meteorite Impactite",14.99,2007-04-29,95,0.16,WorthPoint
indochinite-tektite,"IDEALISTIS SMOOTH SET"" Tektite Meteorite Impactite",24.99,2007-04-29,,,WorthPoint
indochinite-tektite,"32g""BEST BEAUTY ONION FORM"" Tektite Meteorite Impactite",19.99,2007-04-29,32,0.62,WorthPoint
indochinite-tektite,"70g ""EXCELLENT SYSMETRICAL"" Tektite Meteorite Impactite",16.73,2007-04-29,70,0.24,WorthPoint
indochinite-tektite,"85g""HUGE BULBOUS TEARDROP ""Tektite Meteorite Impactite",24.99,2007-04-29,85,0.29,WorthPoint
indochinite-tektite,"98g ""ANDA-TYPE ONION FORM"" Tektite Meteorite Impactite",99.99,2007-04-29,98,1.02,WorthPoint
indochinite-tektite,"84g""ANDA-TYPE""Slim Teardrop Tektite Meteorite Impactite",561,2007-04-29,84,6.68,WorthPoint
indochinite-tektite,HUGE EXTRAORDINARY MUONG NONG-TYPE TEKTITE Meteorite,99.99,2007-04-29,,,WorthPoint
indochinite-tektite,"61g ""MIRACEL DUMBELL/BAR "" Tektite Meteorite Impactite",12.5,2007-04-29,61,0.2,WorthPoint
indochinite-tektite,"90g ""PERFECT SMOOTH DISC""Tektite Meteorite Impactite",57,2007-04-29,90,0.63,WorthPoint
indochinite-tektite,"85g ""BEAUTIFUL GIANT OVAL"" Tektite Meteorite Impactite",11.49,2007-04-29,85,0.14,WorthPoint
indochinite-tektite,Meteorite Tektite--80 G (5 Pcs),10,2007-04-29,80,0.13,WorthPoint
indochinite-tektite,"140g""SUPERB HEAVY WEIGHT"" Tektite Meteorite Impactite",13.49,2007-04-28,140,0.1,WorthPoint
indochinite-tektite,"75g ""BEST OF SLIM TEARDROP"" Tektite Meteorite Impactite",19.99,2007-04-28,75,0.27,WorthPoint
indochinite-tektite,"70g ""HEART OF THE SKY"" Tektite Meteorite Impactite",10.5,2007-04-26,70,0.15,WorthPoint
indochinite-tektite,"THEY ARE TEKTITE FROM SPACE"" Meteorite Impactite",10.5,2007-04-22,,,WorthPoint
indochinite-tektite,"26g ""GREAT GORGEOUS"" Tektite Meteorite Impactite",14.99,2007-04-22,26,0.58,WorthPoint
indochinite-tektite,"100g""EXCELLENT SLIM DUMBELL""Tektite Meteorite Impactite",14.99,2007-04-21,100,0.15,WorthPoint
indochinite-tektite,"95g ""HUGE SUPERB BALL"" Tektite Meteorite Impactite",14.99,2007-04-19,95,0.16,WorthPoint
indochinite-tektite,"102g ""THE IMAGE OF BUDDHA"" Tektite Meteorite Impactite",15.5,2007-04-19,102,0.15,WorthPoint
indochinite-tektite,"96g ""EXCELLENT SYMMETRICAL"" Tektite Meteorite Impactite",14.99,2007-04-15,96,0.16,WorthPoint
indochinite-tektite,"124g""THE JUMBO SLIM DUMBELL""Tektite Meteorite Impactite",19.99,2007-04-15,124,0.16,WorthPoint
indochinite-tektite,"140g ""HIGH ABSOLUTE OVAL"" Tektite Meteorite Impactite",29.99,2007-04-15,140,0.21,WorthPoint
indochinite-tektite,"50pcs.""COMBO MIDGET TEKTITE""Meteorite Impactite~SPECIAL",24.99,2007-04-13,,,WorthPoint
indochinite-tektite,"60g ""HEART OF THE SKY"" Tektite Meteorite Impactite",19.99,2007-04-12,60,0.33,WorthPoint
indochinite-tektite,"101g ""SUPER HUGE LONG OVAL"" Tektite Meteorite Impactite",38.5,2007-04-12,101,0.38,WorthPoint
indochinite-tektite,American Museum Of Natural History Meteorite Collection,15.52,2007-04-11,,,WorthPoint
indochinite-tektite,"27g""PERFECT SMOOTH TEARDROP""Tektite Meteorite Impactite",15.5,2007-04-11,27,0.57,WorthPoint
indochinite-tektite,"20g ""THE GHOST MASK"" Tektite Meteorite Impactite",52,2007-04-11,20,2.6,WorthPoint
indochinite-tektite,"11g""1 IN 1000 CRECENT MOON"" Tektite Meteorite Impactite",10.5,2007-04-11,11,0.95,WorthPoint
indochinite-tektite,"10g""HIGH QUALITY TEARDROP""Tektite Meteorite Impactite",10.5,2007-04-11,10,1.05,WorthPoint
indochinite-tektite,"52g ""HIGHLY WEIRD TEARDROP"" Tektite Meteorite Impactite",24.99,2007-04-11,52,0.48,WorthPoint
indochinite-tektite,Meteorite Tektite -- 164 G,16,2007-04-10,164,0.1,WorthPoint
indochinite-tektite,Meteorite Tektite -- 117 G,12,2007-04-10,117,0.1,WorthPoint
indochinite-tektite,Meteorite Tektite -- 144 G,15,2007-04-10,144,0.1,WorthPoint
indochinite-tektite,"45g""SUPERB SYMMETRICAL OVAL""Tektite Meteorite Impactite",36,2007-04-10,45,0.8,WorthPoint
indochinite-tektite,"56g ""DOUBLE BUBBLE TEARDOP"" Tektite Meteorite Impactite",13.5,2007-04-10,56,0.24,WorthPoint
indochinite-tektite,"135g""SUPER HUGE,LONG&BEAUTY""Tektite Meteorite Impactite",19.99,2007-04-10,135,0.15,WorthPoint
indochinite-tektite,"PERFECT SMOOTH TEKTITE COLLECTION"" Meteorite Impactite",19.99,2007-04-10,,,WorthPoint
indochinite-tektite,"54g""EXCELLENT SYMMETRICAL"" Tektite Meteorite Impactite",10.5,2007-04-10,54,0.19,WorthPoint
indochinite-tektite,"102g""SUPER SMOOTH OVAL FORM""Tektite Meteorite Impactite",24.99,2007-04-10,102,0.25,WorthPoint
indochinite-tektite,"68g ""HIGH ABSOLUTE BALL"" Tektite Meteorite Impactite",24.99,2007-04-09,68,0.37,WorthPoint
indochinite-tektite,"2g ""LUXURY MIDGET BOAT"" Tektite Meteorite Impactite",11.49,2007-04-09,2,5.75,WorthPoint
indochinite-tektite,"160g""BEST BEAUTIFUL DUMBELL""Tektite Meteorite Impactite",19.99,2007-04-09,160,0.12,WorthPoint
indochinite-tektite,"51g""SUPER BALL OF PARADISE"" Tektite Meteorite Impactite",17.55,2007-04-09,51,0.34,WorthPoint
indochinite-tektite,"72g""ABSOLUTE SLIM TEARDROP""Tektite Meteorite Impactite",27.5,2007-04-08,72,0.38,WorthPoint
indochinite-tektite,"62g ""HIGH LUXURY TEARDROP"" Tektite Meteorite Impactite",24.99,2007-04-08,62,0.4,WorthPoint
indochinite-tektite,"95g ""BEST OF THE BEST DUMBELL FORM"" Tektite Meteorite",10.5,2007-04-05,95,0.11,WorthPoint
indochinite-tektite,"80g ""EXCELLENT OVAL FORM"" Tektite Meteorite Impactite",14.99,2007-04-04,80,0.19,WorthPoint
indochinite-tektite,1.2Kg ~BEAUTY MUONG NONG TEKTITE Meteorite Impactite,199.99,2007-04-02,1200,0.17,WorthPoint
indochinite-tektite,"127g ""GREAT BEAUTIFUL OVAL"" Tektite Meteorite Impactite",19.99,2007-04-01,127,0.16,WorthPoint
indochinite-tektite,"79g ""HIGH EXCELLENT DISC"" Tektite Meteorite Impactite",19.99,2007-03-31,79,0.25,WorthPoint
indochinite-tektite,"14g ""DRAGON EYE TEARDROP "" Tektite Meteorite Impactite",16.39,2007-03-31,14,1.17,WorthPoint
indochinite-tektite,"BEAUTY SMOOTH SKIN SET"" Tektite Meteorite Impactite",22.5,2007-03-31,,,WorthPoint
indochinite-tektite,0.5KG QUALITY Tektite Wholesale~Meteorite Impactite,29.99,2007-03-31,500,0.06,WorthPoint
indochinite-tektite,"PERFECT ONION COLLECTION"" Tektite Meteorite Impactite",19.99,2007-03-31,,,WorthPoint
indochinite-tektite,"42g""GREAT BEAUTIFUL"" MUONG NONG-TYPE TEKTITE Meteorite",12.5,2007-03-31,42,0.3,WorthPoint
indochinite-tektite,"63g ""BEAUTY SMOOTH OVAL"" Tektite Meteorite Impactiite",11,2007-03-29,63,0.17,WorthPoint
indochinite-tektite,"66g ""SUPERLATIVE BALL FORM"" Tektite Meteorite Impactite",10.5,2007-03-26,66,0.16,WorthPoint
indochinite-tektite,"145g""HIGHLY EXCELLENT DISC"" Tektite Meteorite Impactite",37.5,2007-03-26,145,0.26,WorthPoint
indochinite-tektite,"164g ""ABSOLUTE HUGE ROUND"" Tektite Meteorite Impactite",19.99,2007-03-25,164,0.12,WorthPoint
indochinite-tektite,"106g""BEST OF ABSOLUTE DISC TEKTITE"" Meteorite Impactite",36.1,2007-03-25,106,0.34,WorthPoint
indochinite-tektite,"56g ""GREAT BEAUTY OVAL FORM""Tektite Meteorite Impactite",10.5,2007-03-24,56,0.19,WorthPoint
indochinite-tektite,"90g ""DOUBLE EXCELLENT BALL"" TektiteMeteoriteImpactite",12.5,2007-03-22,90,0.14,WorthPoint
indochinite-tektite,"4g""THE EYE - ATTEACTIVE TEKTITE"" Meteorite Impactiite",17.5,2007-03-13,4,4.38,WorthPoint
indochinite-tektite,485g HUGE Muong Nong Type ~Tektite Meteorite Impactite,56,2007-03-11,485,0.12,WorthPoint
indochinite-tektite,"212g""HUGE&GREAT BEAUTY SKIN""Tektite Meteorite Impactite",29.99,2007-03-11,212,0.14,WorthPoint
indochinite-tektite,"25g""HAERT OF THE SPACE"" Tektite Meteorite Impactite",11.23,2007-03-10,25,0.45,WorthPoint
indochinite-tektite,"1.5Kg ""BEAUTY&HUGE"" MUONG NONG-TYPE Tektite Meteorite",249.99,2007-03-10,1500,0.17,WorthPoint
indochinite-tektite,"34g""WONDER TRANSLUCENT TEKTITE SET"" Meteorite Impactite",26,2007-03-10,34,0.76,WorthPoint
indochinite-tektite,"67g""PERFACT TEARDROP SHAPE"" Tektite Meteorite Impactite",20.22,2007-03-07,67,0.3,WorthPoint
indochinite-tektite,"125g""SUPER HUGE&NICE SHAPE""Tektite Meteorite Impactite",13.5,2007-03-06,125,0.11,WorthPoint
indochinite-tektite,"30g""FIRE DRAGON~TRANSLUCENT TEKTITE""Meteorite Impactite",21.95,2007-03-04,30,0.73,WorthPoint
indochinite-tektite,Meteorite Tektite 92g - (T64),12,2007-03-04,92,0.13,WorthPoint
indochinite-tektite,"80g""GREAT WONDERFUL DUMBELL""Tektite Meteorite Impactite",16.68,2007-03-03,80,0.21,WorthPoint
indochinite-tektite,"43""ATTRACTIVE SKIN""Beauty Tektite Meteorite Impactite",11.5,2007-03-01,,,WorthPoint
indochinite-tektite,"69""SUNBURST SKIN""Long Shape Tektite Meteorite Impactite",16.68,2007-03-01,,,WorthPoint
indochinite-tektite,"71g ""EXCELLENT BEAUTIFUL"" Tektite Meteorite Impactite",12.99,2007-03-01,71,0.18,WorthPoint
indochinite-tektite,"25g ""GREAT GRACEFUL SKIN"" Tektite Meteorite Impactite",26,2007-02-28,25,1.04,WorthPoint
indochinite-tektite,"36g""EXCELLENT SKIN"" Tektite Meteorite Impactite",20.5,2007-02-28,36,0.57,WorthPoint
indochinite-tektite,"132g""GIANT FLAT LONG SHAPE"" Tektite Meteorite Impactite",16.68,2007-02-28,132,0.13,WorthPoint
indochinite-tektite,"2.7Kg ""GREAT HUGE"" MUONG NONG-TYPE Tektite Meteorite",2400,2007-02-28,2700,0.89,WorthPoint
indochinite-tektite,"66g""GRAET BEAUTY TEARDROP TEKTITE"" Meteorite Impactite",21.5,2007-02-26,66,0.33,WorthPoint
indochinite-tektite,"64g""GUITAR SHAPE"" ANDA TYPE Tektite Meteorite Impactite",29.99,2007-02-25,64,0.47,WorthPoint
indochinite-tektite,"150g ""PLATINUM OF TEKTITE"" Meteorite Impactite ~LARGE",19.99,2007-02-24,150,0.13,WorthPoint
indochinite-tektite,"202g""THE GRAND OUTER WORLD"" Tektite Meteorite Impactite",24.99,2007-02-17,202,0.12,WorthPoint
indochinite-tektite,"36g""BEAUTIFUL THUMB PRESS""Tektite Meteorite Impactite",10.6,2007-02-17,36,0.29,WorthPoint
indochinite-tektite,"115g""BULLET FORM""Tektite Meteorite Impactite>VARY RARE<",11,2007-02-17,115,0.1,WorthPoint
indochinite-tektite,"121g""HUGE-FLAT-CURVE OBLONG""Tektite Meteorite Impactite",12,2007-02-11,121,0.1,WorthPoint
indochinite-tektite,"30g""WONDER GOLF BALL FORM""Tektite Meteorite Impactite",15,2007-02-08,30,0.5,WorthPoint
indochinite-tektite,"40g""SUPER GROOVE BALL FORM""Tektite Meteorite Impactite",13.62,2007-02-08,40,0.34,WorthPoint
indochinite-tektite,"175g ""GLORIOUS&HUGE Round Tektite"" Meteorite Impactite",31.99,2007-02-06,175,0.18,WorthPoint
indochinite-tektite,"40""BEAUTIFUL GROOVE""Tektite Meteorite Impactite~SPECIAL",12.5,2007-02-03,,,WorthPoint
indochinite-tektite,1 DOZEN ~BEAUTIFUL VARIETY~ Tektite Meteorite Impactite,12.5,2007-02-03,,,WorthPoint
indochinite-tektite,"45g""NICE GOLDEN BALL""Tekite Meteorite Impactite ~BEAUTY",22.5,2007-02-02,45,0.5,WorthPoint
indochinite-tektite,"165g ""GREAT WONDER TEKTITE"" Meteorite Impactite~SPECIAL",32,2007-01-31,165,0.19,WorthPoint
indochinite-tektite,"11g""DOUBLE TRANSLUCENT"" Tektite Meteorite Impactite",10.5,2007-01-31,11,0.95,WorthPoint
indochinite-tektite,"115g""ABSOLUTE ROUND""Tektite Meteorite Impactite~SPECIAL",21.5,2007-01-31,115,0.19,WorthPoint
indochinite-tektite,"135g""HUGE PERFECT FORM"" Tektite Meteorite Impactite WOW",19.99,2007-01-31,135,0.15,WorthPoint
indochinite-tektite,"192g""UNIQUE HUGE&PLUMP""Oval Tektite Meteorite Impactite",24.99,2007-01-31,192,0.13,WorthPoint
indochinite-tektite,"90g ""SEA TURTLE"" CREATIVE COMBINE TEKTITES~Meteorite",24.99,2007-01-28,90,0.28,WorthPoint
indochinite-tektite,"24g""TIGER ROAR"" Tektite Meteorite Impactite ~SPECIAL",22.5,2007-01-28,24,0.94,WorthPoint
indochinite-tektite,"181g""SPECIAL HUGE&EXCELLENT""Tektite Meteorite Impactite",24.99,2007-01-28,181,0.14,WorthPoint
indochinite-tektite,"13g""SMOOTH THUMB PRESS""Tektite Meteorite Impactite~NICE",19.42,2007-01-28,13,1.49,WorthPoint
indochinite-tektite,"113g""BLACK DONUT""Tektite Meteorite Impactite ~SPECIAL",10.49,2007-01-28,113,0.09,WorthPoint
indochinite-tektite,"160g""EXTRA HUGE&STOUT""Tektite Meteorite Impactite~GREAT",24.99,2007-01-28,160,0.16,WorthPoint
indochinite-tektite,"50g""WONDERFUL SKIN"" Tektite Meteorite Impactite #NICE#",10.5,2007-01-27,50,0.21,WorthPoint
indochinite-tektite,"23g "" Lumber From Space "" Tektite Meteorite Impactite",20,2007-01-27,23,0.87,WorthPoint
indochinite-tektite,"145g""PERFECT+++ HUGE ROUND TEKTITE"" Meteorite Impactite",24.99,2007-01-27,145,0.17,WorthPoint
indochinite-tektite,"121g""HUGE,BEAUTY,STRETCHE ""Tektite Meteorite Impactite",19.99,2007-01-27,121,0.17,WorthPoint
indochinite-tektite,"144g""HUGE,SMOOTH,STARBURST"" Tektite Meteorite Impactite",19.99,2007-01-27,144,0.14,WorthPoint
indochinite-tektite,"50g""NICE GROOVE ~ NICE SKIN""Tektite Meteorite Impactite",13,2007-01-27,50,0.26,WorthPoint
indochinite-tektite,"144g""GREAT WONDERDUL SHAPE"" Tektite Meteorite Impactite",10.49,2007-01-27,144,0.07,WorthPoint
indochinite-tektite,"150g""BEAUTIFUL NATURAL CHIP""Tektite Meteorite Impactite",24.99,2007-01-27,150,0.17,WorthPoint
indochinite-tektite,"65g""WONDERFUL BALL"" Tektite Meteorite Impactite~SPECIAL",12.5,2007-01-22,65,0.19,WorthPoint
indochinite-tektite,"99g""BUBBLE ON END""Tekite Meteorite Impactite~SPECIAL",11.49,2007-01-21,99,0.12,WorthPoint
indochinite-tektite,"122g""VALENTINE HEART"" Tektite Meteorite Impactite",102.5,2007-01-21,122,0.84,WorthPoint
indochinite-tektite,"31g""DRAGON EYE""Tektite Meteorite Impactite ~SPECIAL",13.84,2007-01-21,31,0.45,WorthPoint
indochinite-tektite,"45g""COMETS IMAGE""Tektite Meteorite Impactite ~~SPECIAL",17.23,2007-01-21,45,0.38,WorthPoint
indochinite-tektite,"30g""MIRACLE TRANSLUCENT""Tektite Meteorite Impactite~WOW",30.05,2007-01-21,30,1,WorthPoint
indochinite-tektite,TWO RARE & HUGE IMPACTITE METEORITE TEKTITE 261g & 215g,51,2007-01-20,261,0.2,WorthPoint
indochinite-tektite,"1 DOZEN ""BEAUTIFUL VARIETY"" Tektite Meteorite Impactite",11,2007-01-20,,,WorthPoint
indochinite-tektite,"50g""PERFECT ONION""Tekite Meteorite Impactite ~~SPECIAL",13.5,2007-01-14,50,0.27,WorthPoint
indochinite-tektite,1 DOZEN ~Beautiful Fragment Tektite Meteorite Impactite,13.37,2007-01-14,,,WorthPoint
indochinite-tektite,Indochinite Tektite Meteorite 92.9ct Cigar,15,2007-01-12,18.58,0.81,WorthPoint
indochinite-tektite,"75g""STOUT DUMBELL""Tektite Meteorite Impactite ~SPECIAL",11.5,2007-01-12,75,0.15,WorthPoint
indochinite-tektite,"41g""PERFECT FORM""Tektite Meteorite Impactite ~SPECIAL",18,2007-01-12,41,0.44,WorthPoint
indochinite-tektite,"22g""TINY&BEAUTIFUL TEADROP""Tektite Meteorite Impactite",10.5,2007-01-08,22,0.48,WorthPoint
indochinite-tektite,Meteorite Tektite --106.1 G,10,2007-01-08,106.1,0.09,WorthPoint
indochinite-tektite,"90g ""SMOOTH PERFECT SKIN OVAL SHAPE""Tektite Meteorite",12.5,2007-01-05,90,0.14,WorthPoint
indochinite-tektite,"380g ""MAGIC SHARP"" MUONG NONG-TYPE TEKTITE Meteorite ^^",34.99,2007-01-05,380,0.09,WorthPoint
indochinite-tektite,"93g ""KING OF TEKTITE ANDA TYPE "" Meteorite VERY NICE!!!",56,2007-01-05,93,0.6,WorthPoint
indochinite-tektite,"79g""LORD OF THE RING OF THE MOON"" Tektite Meteorite",199.99,2007-01-02,79,2.53,WorthPoint
indochinite-tektite,"225g""GRAND PARADISE OF TEKTITE"" Meteorite @LOVER@",217.5,2007-01-02,225,0.97,WorthPoint
indochinite-tektite,Tektite Meteorite Impact Glass Made By Impact,10,2007-01-02,,,WorthPoint
indochinite-tektite,"330g ""HUGE MUONG NONG-TYPE AUSTRALASIAN TEKTITE",36,2006-12-31,330,0.11,WorthPoint
indochinite-tektite,"85g ""GREAT GOLDEN BAll"" Tektite Meteorite @@ QUALITY @@",13.75,2006-12-26,85,0.16,WorthPoint
indochinite-tektite,"41g""ROCK COTTAGE -GREEN TRANSLUCENT"" Tektite Meteorite",14.99,2006-12-23,41,0.37,WorthPoint
indochinite-tektite,"1.32Kg ""SUPER HUGE BALL"" MUONG NONG TEKTITE ""Meteorite",510,2006-12-23,1320,0.39,WorthPoint
indochinite-tektite,"350g ""GREAT PERFECT FROM"" MUONG NONG TEKTITE Meteorite",34.99,2006-12-22,350,0.1,WorthPoint
indochinite-tektite,"44g ""GOLDEN DISH"" Tektite Meteorite !!!!LUXURY!!!",10.51,2006-12-19,44,0.24,WorthPoint
indochinite-tektite,"166g""3 Perfeacts:HUGE,STARBURST,DONUT""TEKTITE Meteorite",14.99,2006-12-19,166,0.09,WorthPoint
indochinite-tektite,"114g ""ALIEN FINGER/STAR BURST GROOVE TEKTITE ""METEORITE",11.1,2006-12-17,114,0.1,WorthPoint
indochinite-tektite,"60g ""RUN AWAY On Round Tektite"" Meteorite JAZZY!!!!!!",14,2006-12-16,60,0.23,WorthPoint
indochinite-tektite,"68g "" LORD OF THE ANDA TYPE""TEKTITE Meteorite VERY RARE",99.99,2006-12-16,68,1.47,WorthPoint
indochinite-tektite,Meteorite Tektite 64g - (T141),13,2006-12-12,64,0.2,WorthPoint
indochinite-tektite,"63g ""AWESOME GROOVE"" TEKTITE Meteorite ,RARE!!",30.99,2006-12-11,63,0.49,WorthPoint
indochinite-tektite,"95g""HUGE BALL SHAPE "" TEKTITE Meteorite ,Nice Surface",12.5,2006-12-11,95,0.13,WorthPoint
indochinite-tektite,"109g""HUGE& DIFFERENE SURFACE"" TEKTITE Meteorite, Sweet!",14.99,2006-12-11,109,0.14,WorthPoint
indochinite-tektite,"114g ""STAR GROOVE HEAD"" TEKTITE Meteorite, HUGE!!!",14.99,2006-12-11,114,0.13,WorthPoint
indochinite-tektite,"155g""NICE SMOOTH SKIN HUGE "" TEKTITE Meteorite , RARE",13.5,2006-12-11,155,0.09,WorthPoint
indochinite-tektite,"110g ""BIG TYPICAL STAR BURST GROOVE DISC"" TEKTITE",14.99,2006-12-10,110,0.14,WorthPoint
indochinite-tektite,"131g ""SUPER POWER BAR SHAPE TEKTITE "" METEORITE, NICE!!",14.99,2006-12-10,131,0.11,WorthPoint
indochinite-tektite,"163g ""ABSOLUTE CHARMING TEKTITE"" METEORITE, RECOMMEND",14.99,2006-12-10,163,0.09,WorthPoint
indochinite-tektite,"101g ""BOTTLE GOURD SHAPE"" TEKTITE Meteorite VARY RARE!!",16.38,2006-12-10,101,0.16,WorthPoint
indochinite-tektite,"1Kg 5.5"" HUGE MUONG NONG-TYPE TEKTITE Meteorite RARE+++",199.99,2006-12-10,1000,0.2,WorthPoint
indochinite-tektite,"96g""BEST OF THE YEAR ANDA TYPE"" TEKTITE Meteorite Rare+",199.99,2006-12-10,96,2.08,WorthPoint
indochinite-tektite,10Pcs.Total 218g QUALITY VARIETY COLLECTION OF TEKTITE,13.06,2006-12-08,218,0.06,WorthPoint
indochinite-tektite,"99g ""NICE BEAUTIFUL GROOVE ROUND"" TEKTITE Meteorite",10.5,2006-12-04,99,0.11,WorthPoint
indochinite-tektite,10Pcs. Total 110g CUTE VARIETY COLLECTION OF TEKTITE,11.37,2006-12-04,110,0.1,WorthPoint
indochinite-tektite,"129g ""THE FROG PRINCE"" TEKTITE Meteorite ,RARE!!",76,2006-12-03,129,0.59,WorthPoint
indochinite-tektite,"55g ""ANDA TYPE- TEKTITE OF THE MONTH"" METEORITE ,RARE!!",73,2006-12-03,55,1.33,WorthPoint
indochinite-tektite,"60g ""EMPIRE OF THE SUN TEKTITE"" METEORITE ,(Anda-type)",47.02,2006-12-03,60,0.78,WorthPoint
indochinite-tektite,"41g ""MASTER PIECE (ANDA) TEKTITE METEORITE"" RARE!!!!!!!",33,2006-12-03,41,0.8,WorthPoint
indochinite-tektite,10Pcs. Total 79g VARIETY COLLECT OF TEKTITE Meteorite,10.61,2006-12-03,79,0.13,WorthPoint
indochinite-tektite,Indochinite Tektite Meteorite 88.69ct Cigar Low Ship,16,2006-12-01,17.738,0.9,WorthPoint
indochinite-tektite,"120g ""ROUND DISC"" TEKTITE Meteorite ,RARE!!",11.5,2006-11-26,120,0.1,WorthPoint
indochinite-tektite,"155g ""BOWLING PIN SHAPE "" TEKTITE Meteorite ,RARE!!",12.99,2006-11-26,155,0.08,WorthPoint
indochinite-tektite,"150g ""SO BEAUTIFUL ROUND"" Tektite Meteorite ,RARE!!",10.77,2006-11-26,150,0.07,WorthPoint
indochinite-tektite,"34g ""PARTIAL ANDA TYPE TEKTITE "" Meteorite ,RARE!!",21.49,2006-11-25,34,0.63,WorthPoint
indochinite-tektite,"161g ""TINKERBELL ANGEL"" Tektite Meteorite ,RARE!!",37.33,2006-11-25,161,0.23,WorthPoint
indochinite-tektite,"91g ""GIANT PERFECT TEARDROP "" TEKTITE Meteorite ,RARE!!",12.49,2006-11-25,91,0.14,WorthPoint
indochinite-tektite,"104g ""Design Dumbell Shape"" Tektite Meteorite ,RARE!!",19.99,2006-11-25,104,0.19,WorthPoint
indochinite-tektite,"345g "" MUONG NONG-TYPE AUSTRALASIAN TEKTITE "" Meteorite",39.99,2006-11-24,345,0.12,WorthPoint
indochinite-tektite,"76g ""CHIC STYLE ANDA TYPE "" TEKTITE Meteorite ,RARE!!",49.99,2006-11-24,76,0.66,WorthPoint
indochinite-tektite,"95g ""SMOOTH SKIN DISC"" TEKTITE Meteorite ,RARE!!",10.99,2006-11-24,95,0.12,WorthPoint
indochinite-tektite,"93g ""FLAT CYLINDER SHAPE"" TEKTITE Meteorite ,RARE!!",10.99,2006-11-24,93,0.12,WorthPoint
indochinite-tektite,"95g ""PERFECT ROUND WITH GROOVE"" TEKTITE Meteorite ,RARE",10.99,2006-11-24,95,0.12,WorthPoint
indochinite-tektite,"79g ""FATTY TEARDROP"" TEKTITE Meteorite ,RARE!!",10.99,2006-11-24,79,0.14,WorthPoint
indochinite-tektite,"163g ""HUGE FIGHT/FIRM DISC"" TEKTITE Meteorite ,RARE!!",39.99,2006-11-24,163,0.25,WorthPoint
indochinite-tektite,Meteorite Tektite --104.1 G,10,2006-11-19,104.1,0.1,WorthPoint
indochinite-tektite,"193g ""JUMBO BLACK HOLE"" Tektite Meteorite ,RARE!!",49.99,2006-11-18,193,0.26,WorthPoint
indochinite-tektite,"87g ""Dragon Feet Print"" Tektite Meteorite ,RARE!!",24.99,2006-11-18,87,0.29,WorthPoint
indochinite-tektite,"104g ""Arts & Surface Design Dumbell Shape"" Meteorite",14.99,2006-11-17,104,0.14,WorthPoint
indochinite-tektite,"154g ""Special Huge Round Shape"" Tektite Meteorite ,RARE",55.55,2006-11-17,154,0.36,WorthPoint
indochinite-tektite,"116g ""Bones In Cemetery "" Meteorite ,RARE!!",14.99,2006-11-17,116,0.13,WorthPoint
indochinite-tektite,"104g ""Beautiful Original Of Tektite"" Meteorite ,RARE!!!",14.99,2006-11-17,104,0.14,WorthPoint
indochinite-tektite,"121g ""Big Head Alien"" Tektite Meteorite ,RARE!!",14.99,2006-11-17,121,0.12,WorthPoint
indochinite-tektite,Meteorite Tektite -- 113 G,11,2006-11-15,113,0.1,WorthPoint
indochinite-tektite,"14 G ""BARK SHAPE"" TRANSLUCENT Tektite Meteorite ,RARE!!",10,2006-11-13,14,0.71,WorthPoint
indochinite-tektite,"101g ""A Shooting Star"" Tektite Meteorite ,RARE!!",24.99,2006-11-09,101,0.25,WorthPoint
indochinite-tektite,"84g ""Amazing Huge Teardrop"" Tektite Meteorite ,RARE!!",49.99,2006-11-09,84,0.6,WorthPoint
indochinite-tektite,"30g ""Horse Shoe Shape "" Tektite Meteorite ,RARE!!",11.5,2006-11-08,30,0.38,WorthPoint
indochinite-tektite,"79g ""U Groove"" Big Tektite Meteorite ,RARE!!",24.99,2006-11-08,79,0.32,WorthPoint
indochinite-tektite,"185g "" MUONG NONG-TYPE AUSTRALASIAN TEKTITE "" Meteorite",19.99,2006-11-08,185,0.11,WorthPoint
indochinite-tektite,"340g "" MUONG NONG-TYPE AUSTRALASIAN TEKTITE "" Meteorite",35.99,2006-11-07,340,0.11,WorthPoint
indochinite-tektite,"99g ""Huge Submarine Shape+Art Design Skin"" Tektite",24.99,2006-11-07,99,0.25,WorthPoint
indochinite-tektite,"119g ""Natural Art Design"" Tektite Meteorite ,RARE!!",19.99,2006-11-07,119,0.17,WorthPoint
indochinite-tektite,"150g ""Tektite Of The Day"" HUGE Tektite Meteorite ,RARE!",49.99,2006-11-06,150,0.33,WorthPoint
indochinite-tektite,"300g "" MUONG NONG-TYPE AUSTRALASIAN TEKTITE "" Meteorite",35.99,2006-11-06,300,0.12,WorthPoint
indochinite-tektite,"Meteorite Impactite, Philippine Bicolite Tektite 31.5g",31.99,2006-11-06,31.5,1.02,WorthPoint
indochinite-tektite,"25g ""The Missing Link "" Tektite Meteorite ,RARE!!",10.49,2006-11-01,25,0.42,WorthPoint
indochinite-tektite,"36g ""Natural Art Design"" Tektite Meteorite ,RARE!!",10.49,2006-11-01,36,0.29,WorthPoint
