material_slug,title,price_usd,sale_date,weight_grams,price_per_gram,source
iridium,Kershaw 2038 Iridium Folding Pocket Knife Duralock D2 Plain Blade Grey Handle- -,34.99,2026-01-24,,,WorthPoint
iridium,"Laban Taroko Fountain Pen, Autumn Red, Medium Nib",50,2026-01-23,,,WorthPoint
iridium,Meteorite And Display Cube 6.8 Gram Genuine Campo Del Cielo Meteorite With COA,29.99,2026-01-23,6.8,4.41,WorthPoint
iridium,Vintage FOUNTAIN PEN Iridium Point GERMANY Black & Gold Trim,34.99,2026-01-23,,,WorthPoint
iridium,"Kershaw Iridium Folding Knife 3.5\\\"" D2 Tool Steel Blade Gray Aluminum Handle 2038",49.99,2026-01-23,,,WorthPoint
iridium,Vintage Gama Jumbo Ebonite Commander Black Golden Trim Fountain Pen,125,2026-01-23,,,WorthPoint
iridium,LABAN Iridium Fountain Pen Black BEAUTIFUL Ornate,46,2026-01-23,,,WorthPoint
iridium,Vintage 1930‚Äôs Barbasol Floating Head Safety Razor Set /Two-Piece/88 Grams,104.95,2026-01-23,88,1.19,WorthPoint
iridium,Gillette Fat Boy Adjustable F4 1960 VTG DE Safety Razor,75,2026-01-22,,,WorthPoint
iridium,"\\\""Mint\\\"" Laban Fountain Pen, Black & Pearl Model W/Platinum Plated Cap, Medium Nib",49.95,2026-01-22,,,WorthPoint
iridium,Vintage Conway Stewart 58 Fountain Pen - Executive Jet Black - Superb Condition,194.61,2026-01-22,,,WorthPoint
iridium,10 Fountain Pen Nibs For Parts - Multiple Pen Makers -Still On Barrels,30,2026-01-21,,,WorthPoint
iridium,Parts Vintage Parker Lady Duofold Ring Top Fountain Pen Moderne Black And Pearl,35,2026-01-21,,,WorthPoint
iridium,"Sheaffer Valiant Snorkel Fountain Pen, Black With Gold Plate. Nib #5. (s1129)",79,2026-01-21,,,WorthPoint
iridium,2024 Breyer Horses Freedom ELEMENTS Series IRIDIUM Metal Silver Model NEW +BOX,22,2026-01-21,,,WorthPoint
iridium,Kershaw Mini Iridium,35,2026-01-21,,,WorthPoint
iridium,Large Muonionalusta Meteorite Slice Slab Etched 100 Gms Sweden Stand Rings,236.55,2026-01-21,100,2.37,WorthPoint
iridium,Parker 45 Uk Made & Borghini Iridium Point Fountain Pens (vintage),28,2026-01-21,,,WorthPoint
iridium,Onishi Seisakusho Celluloid Sckmidt Iridium Fountain Pen Marble Used,100.6,2026-01-21,,,WorthPoint
iridium,Large Muonionalusta Meteorite Slice Etched 141 Gms Sweden Stand Rings,331.55,2026-01-21,141,2.35,WorthPoint
iridium,Review Highlights,35,2026-01-21,,,WorthPoint
iridium,Kershaw Iridium 2038R Pocket Knife Dura Lock Plain Edge Blade D2,36,2026-01-21,,,WorthPoint
iridium,Vintage De La Rue Own Brand Fountain Pen -the Chatsworth Pen - B.c.h.r - C1922,167.82,2026-01-21,,,WorthPoint
iridium,New Jinhao 9036 Fountain Pen Natural Wood Oak Fine Iridium Nib Writing Gold,18,2026-01-20,,,WorthPoint
iridium,2005 Hot Wheels Acceleracers Silencerz Lot Of 9 Cars (Incl. Hyperpod),200,2026-01-20,,,WorthPoint
iridium,Mia Asano Ally The Piper Viral Hits 2023 CD Bagpipes Fiddle Rock,10,2026-01-20,,,WorthPoint
iridium,SEYMCHAN IRON METEORITE Specimen PALLASITE Etched Triangle Carving RUSSIA,64.99,2026-01-20,,,WorthPoint
iridium,Vintage Parker Duofold Lucky Curve Senior 0/s Fountain Pen - Boxed - Big Red,342.88,2026-01-20,,,WorthPoint
iridium,NASA Iridium 13th Launch Motorola Satellite Gold Tone Lapel Pin,17,2026-01-20,,,WorthPoint
iridium,Kershaw Iridium DuraLock D2 Blade Folding Knife 2038,35.48,2026-01-20,,,WorthPoint
iridium,Eberhard Faber Permapoint Lever Fill Gray Snakeskin & Yellow Bands Fountain Pen,37.99,2026-01-19,,,WorthPoint
iridium,"Sheaffer \\\""3-25\\\"" Fountain Pen & Mechanical Pencil Set; Cap Not Secure; No Dot",24.06,2026-01-19,,,WorthPoint
iridium,Conklin Glider Marbled Blue Advertising Fountain Pen With Iridium Point M Nib,19.95,2026-01-19,,,WorthPoint
iridium,Kershaw Knives Iridium DuraLock 2038 KVT D2 Steel Pocket Knife,40,2026-01-19,,,WorthPoint
iridium,Set Of 6 Ignition Coil Pack & Iridium Spark Plugs Compatible With 3.0L V6,35,2026-01-19,,,WorthPoint
iridium,Esterbrook Fountain Pen Nib 9128 Fine Stub Master Duracrome Renew Point NOS,49.99,2026-01-19,,,WorthPoint
iridium,Caran D'Ache Montefiore Cartier Ballpoint Fountain Pens Box Lot Of 5 #M1234-4,256,2026-01-18,,,WorthPoint
iridium,Jean Pierre Lepine Winston Fountain Pen:Silver+Gold Tone:Nib+ Cartridges:Vintage,190,2026-01-18,,,WorthPoint
iridium,Vintage L'Plume Navy GT Large Fountain Pen Iridium Nib In A Pouch,24.05,2026-01-18,,,WorthPoint
iridium,Bolvaint Aeneid Fountain Pen,69,2026-01-18,,,WorthPoint
iridium,Vintage Esterbrook Relief 3-s Conway Stewart Made Fountain Pen - Rare - C1935,328.28,2026-01-18,,,WorthPoint
iridium,Iridium Alloy Contains Palladium Rhodium Trace Amounts Gold Ruthenium 50 Grams,2100,2026-01-18,50,42,WorthPoint
iridium,PARKER Lucky Curve Jack Knife Fountain Pen Lapis Blue 14K Nib W/ Iridium Tip,119.99,2026-01-18,,,WorthPoint
iridium,Large Muonionalusta Meteorite Triple Cut Etched 191 Gms Sweden Stand Rings,474.05,2026-01-18,191,2.48,WorthPoint
iridium,"Vintage \\\"" The Spot \\\"" Fountain Pen 14ct Nib. Lever Fill With Box & Instructions",60.3,2026-01-18,2.8,21.54,WorthPoint
iridium,VINTAGE CONWAY STEWART No 388 FOUNTAIN PEN - NEAR MINT - MARBLE DESIGN - C1945,154.09,2026-01-18,,,WorthPoint
iridium,3 Piece Knife Lot - Kershaw & CRKT,50,2026-01-17,,,WorthPoint
iridium,"Kershaw Mini Iridium Folding Knife 3\\\"" Bronze",52,2026-01-17,,,WorthPoint
iridium,Grainmint- 1/10 Grain *Rhodium Iridium Osmium Ruthenium Palladium Gold Platinum*,26,2026-01-17,10,2.6,WorthPoint
iridium,Scalextric C2802 Ford Focus RS WRC 2006 Gronholm No. 3 BP Ultimate BNIB,102.15,2026-01-17,2006,0.05,WorthPoint
iridium,NEW Kershaw Iridium Red Aluminum D2 Manual Opening Pocket Knife 2038RD Rare Red,38,2026-01-16,,,WorthPoint
iridium,Vintage Senator Steno Fountain Pen - Piston Filler - Teal / Chrome - GERMANY,24.12,2026-01-16,,,WorthPoint
iridium,Gillette Fat Boy Adjustable G2 1961 VTG DE Safety Razor,125,2026-01-16,,,WorthPoint
iridium,Large 2206 Gm Muonionalusta Iron Meteorite Aaa Grade 5 Lbs Jal Sweden,2969.1,2026-01-16,2206,1.35,WorthPoint
iridium,Black Iridium Point Pen Company Band-o-White Fountain Pen,24.99,2026-01-15,,,WorthPoint
iridium,Gillette Fat Boy Adjustable F1 1960 VTG DE Safety Razor,67,2026-01-15,,,WorthPoint
iridium,Vintage Conway Stewart 55 Fountain Pen - Blue / Black Mbl - Mk 1 Imprint - C1939,171.53,2026-01-15,,,WorthPoint
iridium,Vintage Fountain Pens Lever Filling Platignum Rufford 14 Ct & Edelchrom Iridium,37.7,2026-01-15,2.8,13.46,WorthPoint
iridium,Safety Eye-drop Continental Fountain Pen In The Manner If Waterman,42,2026-01-14,,,WorthPoint
iridium,Centropen 10014 Fountain Pen,35,2026-01-14,,,WorthPoint
iridium,NEW Vintage REFORM 1745 Green/Black Fountain Pen F Nib,25,2026-01-14,1745,0.01,WorthPoint
iridium,41-110 Iridium Spark Plugs & 9478RR 48322 Spark Plug Wires For 5.3 6.0L 6.2L Che,79.25,2026-01-14,,,WorthPoint
iridium,Vintage Conklin Fountain Pen Mark Twain Cartridge Pen Purple Swirl Iridium Nib,99.99,2026-01-14,,,WorthPoint
iridium,Vintage Conklin Fountain Pen Mark Twain Cartridge Marbled Ruby Iridium Nib,99.99,2026-01-14,,,WorthPoint
iridium,VINTAGE CONWAY STEWART No 45 FOUNTAIN PEN - NR MINT - 14K MED DURO NIB - C1938,172.05,2026-01-14,,,WorthPoint
iridium,3 Vintage Uranium Depression Cups Vaseline Glass Green Glows In UV Black Light,30,2026-01-13,,,WorthPoint
iridium,Vintage Fountain Pen Iridium Point Black And Gold Made In Germany,24,2026-01-13,,,WorthPoint
iridium,Waterman Ideal #552 1/2 Solid Gold Filigree Fountain Pen ~ Nice,868,2026-01-13,,,WorthPoint
iridium,"Mint Laban Fountain Pen, Black & Pearl Model W/Platinum Plated Cap, Medium Nib",49.95,2026-01-12,,,WorthPoint
iridium,"Iridium(III) 2,4-pentanedionate Alfa Aesar Iridium Element Collection 15635-87-7",114.57,2026-01-12,,,WorthPoint
iridium,"RARE, VINTAGE PLATIGNUM FOUNTAIN PEN WITH 14ct GOLD NIB, DROPPER FILL - UNTESTED",18.87,2026-01-12,2.8,6.74,WorthPoint
iridium,"Ehi Antique 18k Yellow White Gold Ring With \\\""virgin\\\"" Diamond For Repair / Scrap",138.5,2026-01-11,,,WorthPoint
iridium,Waterman's 22 Black Chased Hard Rubber Eye Dropper Fountain Pen Pre Globe W Box!,420,2026-01-11,,,WorthPoint
iridium,Waterman's 7 Red Ripple Fountain Pen With Red Nib And Matching Orig Red Cap Band,376.56,2026-01-11,,,WorthPoint
iridium,Waterman's 55 Red Ripple Fountain Pen - Clipless Model,231.5,2026-01-11,,,WorthPoint
iridium,Stilo ST4 Visor Iridium Red 70% YA0703,140,2026-01-11,,,WorthPoint
iridium,Vintage Bchr Conklin Cresent Self Filling 2nl Fountain Pen W/ 14k #2 Flex Nib!,135.5,2026-01-11,,,WorthPoint
iridium,Vintage Moore Pen Co. Bchr L-72 Lever Self Filling Fountain Pen 14k Flex Nib!!!,67.66,2026-01-11,,,WorthPoint
iridium,Vintage Moore #83 Flat Top Fountain Pen 14k Gold Maniflex Nib W/ Box And Papers!,132.5,2026-01-11,,,WorthPoint
iridium,1930s IRIDIUM POINT PEN COMPANY 14k Gold #4 Nib Red Striated Lever Fountain Pen,50,2026-01-11,,,WorthPoint
iridium,18 Antique Vintage Fountain Pens (Many 14k) Famed Brands & 3 Mechanical Pencils!,250,2026-01-11,,,WorthPoint
iridium,Megatech Platinum Iridium #3 Glow Plug MTC1626 RC Nitro Engine Lot,89.99,2026-01-11,3,30,WorthPoint
iridium,Eagle Three 30's Pens Missing Their Caps (50),90,2026-01-11,,,WorthPoint
iridium,Boker Burnley Pocket Knife And Kershaw Iridium,40,2026-01-11,,,WorthPoint
iridium,üî¥ Lacquer & Resin Fountain Pens Nibs Various Sizes Lot N23 Vintage,110.6,2026-01-11,,,WorthPoint
iridium,Louis Vuitton Spirit Fountain Pen Gold Plated Rare,16.5,2026-01-11,,,WorthPoint
iridium,Kershaw Iridium Button Lock Folding Pocket Knife MagnaCut Blade,140,2026-01-10,,,WorthPoint
iridium,Iridium 1 Gram Pellet,157,2026-01-10,1,157,WorthPoint
iridium,"Handmade Japanese Golden Makie Fountain Pen ‚ÄúFan & Cherry Blossoms\\\""",68.59,2026-01-10,,,WorthPoint
iridium,Scalextric C2962 Ford Focus RS WRC 2008 Latvala No. 3 Abu Dhabi BNIB,102.29,2026-01-10,,,WorthPoint
iridium,Vintage Conway Stewart 84 Fountain Pen - Emerald & Black Pearl Marble - C1955,118.07,2026-01-10,,,WorthPoint
iridium,Kershaw Iridium 2038 D2 Plain Edge Folding Pocket Knife,37.99,2026-01-10,,,WorthPoint
iridium,Picker X-Ray 1957 Industrial Radiography Print Advertisement 8x11,15,2026-01-10,,,WorthPoint
iridium,Motorola IRIDIUM SATELLITE PHONE 9505 With Battery -Blocked,120,2026-01-10,,,WorthPoint
iridium,"Eversharp, Sengbusch And German Iridium Tip Nibs (44)",20.5,2026-01-10,,,WorthPoint
iridium,"LOT# D50. VINTAGE DAWSON WARREN & HYDES DIP PEN WITH No. D \\\""POPE\\\"" NIB.",499,2026-01-10,,,WorthPoint
iridium,Sheaffer Feather Touch #5 Fountain Pen 14KT Nibs ~ New Stock ~ Choose 1 ~ 2 Left,42.28,2026-01-10,,,WorthPoint
iridium,Vintage Harry Burnham- The Burnham Pen Fountain Pen - Stud Fill - Rare - C1930,167.71,2026-01-10,,,WorthPoint
iridium,Iridium Point Germany Fountain Pen Wooden Box,10,2026-01-10,,,WorthPoint
iridium,"Jinhao Acrylic Fountain Pen Large With Converter, Iridium Nib In Box",18.95,2026-01-10,,,WorthPoint
iridium,1969 Gillette Black Beauty Adjustable Double Edge Butterfly Safety Razor +Blades,35,2026-01-09,1969,0.02,WorthPoint
iridium,Hot Wheels Silver Series AcceleRacers Full Set Of 5 Cars,36.01,2026-01-09,,,WorthPoint
iridium,Vintage Waterman Hundred Year Nib Assembly 14k Fine,81,2026-01-09,,,WorthPoint
iridium,8x Ignition Coil Pack And 16x Iridium Spark Plugs For 5.7 V8 HEMI 2009 2010 2011,30,2026-01-09,,,WorthPoint
iridium,Gillette Super Speed Vacation Travel Kit J4 1964,42,2026-01-09,,,WorthPoint
iridium,Rare Retro 51 Fountain Pen In Original Box Marbled Red Black German Iridium Nib,45,2026-01-08,,,WorthPoint
iridium,Medium Nib Porcelain White Blue Pattern Fountain Pen Plunger Genius Iridium NOS,18.99,2026-01-08,,,WorthPoint
iridium,Breyer 2024 Iridium Metal Elements Silver Harper Classic Horse New,28,2026-01-08,,,WorthPoint
iridium,"KT Boundary Sample From Canada...the \\\""Dinosaur Destruction\\\"" Evidence?",22,2026-01-08,,,WorthPoint
iridium,Warhammer 40K ~ T'au Empire Battleforce ~ Farsight Cadre ~ OEJ,212.5,2026-01-07,,,WorthPoint
iridium,Cerruti 1881 Signature Fountain Pen Black Lacquered & Steel New,28.04,2026-01-07,,,WorthPoint
iridium,Pelikano Fountain Pen In Red - Left Handed - NEW In Box - 803014,30.95,2026-01-07,,,WorthPoint
iridium,Tyco Hot Wheels Iridium Slot Car,38.24,2026-01-07,,,WorthPoint
iridium,Vintage Conway Stewart Dinkie 560 Fountain Pen & 25 Pencil Set - Burgundy Marble,114.63,2026-01-07,,,WorthPoint
iridium,Ignition Coil Pack And Iridium Spark Plugs Set Of 4 Compatible With Hyundai S,70.99,2026-01-06,,,WorthPoint
iridium,Monty Alexander 5 CD LOT Reggae Bop Hard Bop Jazz Discs NEAR MINT Fast Ship,29.95,2026-01-06,,,WorthPoint
iridium,VINTAGE 1970s Jumbo Platinum Glamour Gold-Plated Steel Nib Fountain Pen,200,2026-01-06,,,WorthPoint
iridium,Original Sunglasses Oakley Style Switch Oo9194-06 Crystal Mirror Polarized Sport,199,2026-01-06,,,WorthPoint
iridium,Iridium Metal Pellet Periodic Table Element Collection 1.02 Gram 99.95% Pure,378.39,2026-01-06,1.02,370.97,WorthPoint
iridium,Vintage Iridium Point Germany Black Body Fountain Pen,17.57,2026-01-06,,,WorthPoint
iridium,13 Muonionalusta Slices And End Pieces Etched Total Weight 1468 Gms,3145,2026-01-05,1468,2.14,WorthPoint
iridium,"Kershaw Mini Iridium Folding Knife 3\\\"" D2 Tool Carbon Steel Blade Aluminum Handle",50,2026-01-04,,,WorthPoint
iridium,Portishead Hammerstein Ballroom NYC October 4 & 5 2011 Thought Forms,14.99,2026-01-04,,,WorthPoint
iridium,"Native IRIDIUM Var. OSMIRIDIUM Nugget; Nizhnii Tagil, Russia, Rare Mineral!",40,2026-01-04,,,WorthPoint
iridium,"Warhammer 40k Tau / T'au Battleforce Army: Farsight Cadre (new, Unopened)",210,2026-01-04,,,WorthPoint
iridium,#552 Gray Aluminum Kershaw 2038 Iridium D2 KVT Drop Point Duralock Knife,37,2026-01-04,552,0.07,WorthPoint
iridium,Lamy Safari Fountain Pen In Violet Blackberry 2024 Special Edition - Extra Fine,34.55,2026-01-04,,,WorthPoint
iridium,Vtg Sheaffer Self Filling BCHR Ring Top Fountain Pen Semi-Flex #2 Nib UNRESTORED,48,2026-01-04,,,WorthPoint
iridium,Y2K Oakley A Wire 2.0 Silver Frame Ice Iridium Lens 05-705 Spring Hinges TC E,199.99,2026-01-04,,,WorthPoint
iridium,1940`s NISHIO Urushi Ebonite Tomeshiki Filler Iridium Nib Fountain Pen,31,2026-01-03,,,WorthPoint
iridium,Lot Of 10 Vintage Sheaffer's 14k Gold Fountain Pen Nibs Triumph And Conventional,575,2026-01-03,,,WorthPoint
iridium,Hot Wheels Silver Series AcceleRacers Full Set Of 5 Cars (3 Sets),87.38,2026-01-03,,,WorthPoint
iridium,Hammer's Slammers - Traveller RPG Hardcover Mongoose Publishing 2009,63,2026-01-03,,,WorthPoint
iridium,VNTG PARKER Vacumatic Fountain Pen And Pensil Nib Marked Iridium Tipped USA,56,2026-01-03,,,WorthPoint
iridium,Wearever Red Striped Fountain Pen Restored Stickered,21.5,2026-01-03,,,WorthPoint
iridium,Kershaw Iridium DuraLock 2038 KVT 2 D2 Steel Pocket Knife,39.99,2026-01-03,,,WorthPoint
iridium,Classic Breyer Horse #10072 Iridium Silver Harper Element Series Decorator,10,2026-01-02,,,WorthPoint
iridium,Benu Vodka On The Rocks FiEuphoria Fountain Pen Euphoria EUC Glitter Sparkle,92.99,2026-01-02,,,WorthPoint
iridium,"New Black Fountain Pen Medium Gold Iridium Nib. Bottle Ink, Converter + Carts",24.99,2026-01-02,,,WorthPoint
iridium,Hot Wheels Acceleracers IRIDIUM **LOOSE**,35,2026-01-02,,,WorthPoint
iridium,Bombay Company FOUNTAIN PEN - IRIDIUM POINT GERMANY - Vintage - NEVER USED,40,2026-01-02,,,WorthPoint
iridium,"Conklin Fountain Pen, Beautiful, New",65,2026-01-02,,,WorthPoint
iridium,Platinum Wedding Set W/ Sapphire & Diamonds- 7.5 G,690,2026-01-02,7.5,92,WorthPoint
iridium,Vintage Fountain Pens Iridium Germany Set Of 2 Untested Hunter Green & Dark Red,35,2026-01-02,,,WorthPoint
iridium,"Motorola,Iridium, The 11th Launch, Lapel Pin (374CNA)",15,2026-01-01,,,WorthPoint
iridium,"Motorola,Iridium, 6th Launch, Lapel Pin (381CNA)",15,2026-01-01,,,WorthPoint
iridium,"Motorola,Iridium, 4th Launch, Lapel Pin (379CNA)",15,2026-01-01,,,WorthPoint
iridium,"Motorola,Iridium, 11th Launch, With Four Flags, Lapel Pin (380CNA)",15,2026-01-01,,,WorthPoint
iridium,"Motorola,Iridium 9th Launch, Lapel Pin (376CNA)",15,2026-01-01,,,WorthPoint
iridium,"Motorola,Iridium, 8th Launch (375CNA)",15,2026-01-01,,,WorthPoint
iridium,"Motorola,Iridium, 2nd Launch, Lapel Pin (378CNA)",15,2026-01-01,,,WorthPoint
iridium,"Motorola,Iridium, 3rd Launch, Lapel Pin (377CNA)",15,2026-01-01,,,WorthPoint
iridium,"Motorola,Iridium, 10th Launch, Lapel Pin, (373CNA)",15,2026-01-01,,,WorthPoint
iridium,"Motorola,Iridium, 14th Launch, Lapel Pin (372CNA)",15,2026-01-01,,,WorthPoint
iridium,"Motorola,Iridium, 12th Lunch, Lapel Pin (371CNA)",15,2026-01-01,,,WorthPoint
iridium,"Motorola,Iridium, 6th Launch, Lapel Pin (369CNA)",15,2026-01-01,,,WorthPoint
iridium,"Motorola,Iridium, 13th Launch, Lapel Pin (370CNA)",15,2026-01-01,,,WorthPoint
iridium,Hot Wheels Acceleracers Silencerz Lot Of 7 Adult Owned,165,2026-01-01,,,WorthPoint
iridium,"Autolite Iridium XP Automotive Replacement Spark Plugs, XP5363 (4 Pack)",17.08,2025-12-31,,,WorthPoint
iridium,Kershaw Knives Iridium DuraLock 2038 D2 Steel Pocket Knife,30,2025-12-31,,,WorthPoint
iridium,"TRAVELLER Combo Pack #2: Double Adventure 1, 3 & 6, Laser Tank, Corsairs",32.31,2025-12-31,,,WorthPoint
iridium,"Breyer Elements Series (4): Terran, Teak, Iridium, Brandelle",125,2025-12-31,,,WorthPoint
iridium,8 Pack NGK Iridium IX Spark Plugs 2007 Chevrolet Silverado 3500 Classic 6.0L V8,78.77,2025-12-30,,,WorthPoint
iridium,Classic Breyer Element Horse #10072 Iridium. Decorator.,15,2025-12-30,,,WorthPoint
iridium,"Charlie Haden And Kenny Barron - Night And The City (CD, Album) (Very Good Plus",5,2025-12-30,,,WorthPoint
iridium,Vintage Gillette 1933 New Belmont Chromium DeLuxe Safety Razor/PolSilver Blades,67.5,2025-12-30,,,WorthPoint
iridium,Monteverde Fountain Pen Black Silver Blue Iridium Nib With Box Excellent,45,2025-12-30,,,WorthPoint
iridium,Vintage Fountain Pen Wearever Lever Fill Gray Silver Marble Iridium Tipped Mediu,39.95,2025-12-30,,,WorthPoint
iridium,Upgraded Ignition Coil Pack And 4X Iridium Spark Plug For 1.4L 1.8L L4 2011-2...,95.93,2025-12-30,,,WorthPoint
iridium,Lamy Safari Fountain Pen In Light Rose 2023 Special Edition - Medium Point - NEW,37.55,2025-12-30,,,WorthPoint
iridium,Hongdian 620 Red Metal Fountain Pen Extra Fine Nib Classic Pen Office Pen Writin,17.94,2025-12-30,,,WorthPoint
iridium,LRP Platinum/Iridium Standard Glow Plug (R4 - Medium) [LRP35041],12.99,2025-12-30,,,WorthPoint
iridium,6 Pc NGK Iridium IX Spark Plugs Compatible With Toyota Highlander 3.0L 3.3L V...,117.98,2025-12-30,,,WorthPoint
iridium,NIB Breyer Freedom Series Elements Iridium #10062,24.99,2025-12-30,,,WorthPoint
iridium,VINTAGE Monteverde USA MV26839 Eureka BROWN STRIPE Fountain Pen - Discontinued,12.5,2025-12-30,,,WorthPoint
iridium,8x Ignition Coil Pack And 16x Iridium Spark Plugs Fit For 5.7 V8 HEMI 2009 20...,169.95,2025-12-29,,,WorthPoint
iridium,Pure 99.9% Iridium Metal .17 Grams Super Rare Platinum Group BEST PRICE ON EBAY,50,2025-12-29,17,2.94,WorthPoint
iridium,"Breyer Elements COMPLETE SET OF 5 SALE Kai, Brandell, Iridium, Teak, Terran NIB",165,2025-12-29,,,WorthPoint
iridium,"""Kershaw Iridium RT Folding Knife 2038R 3.5"""" D2 Carbon Steel""",35,2025-12-29,,,WorthPoint
iridium,Gillette Fat Boy Adjustable E4 1959 VTG DE Safety Razor,95,2025-12-29,,,WorthPoint
iridium,Iridium Metal 0.52 Gram 99.95% For Jewelry Or Element Collection USA SHIPPING,100,2025-12-29,0.52,192.31,WorthPoint
iridium,Iridium Metal 0.4 Gram 99.95% For Jewelry Or Element Collection USA SHIPPING,75,2025-12-29,0.4,187.5,WorthPoint
iridium,Iridium Metal 0.42 Gram 99.95% For Jewelry Or Element Collection USA SHIPPING,78,2025-12-29,0.42,185.71,WorthPoint
iridium,Iridium Metal 1.55 Gram 99.95% For Jewelry Or Element Collection USA SHIPPING,300,2025-12-29,1.55,193.55,WorthPoint
iridium,Iridium Metal 0.62 Gram 99.95% For Jewelry Or Element Collection USA SHIPPING,120,2025-12-29,0.62,193.55,WorthPoint
iridium,Iridium Metal 0.46 Gram 99.95% For Jewelry Or Element Collection USA SHIPPING,90,2025-12-29,0.46,195.65,WorthPoint
iridium,Curtis Australia Prestige Fountain Pen Gold Nib,305,2025-12-29,,,WorthPoint
iridium,UF648 Ignition Coil Pack & Iridium Spark Plugs Compatible With Jeep Wrangler .,40,2025-12-29,,,WorthPoint
iridium,Parker 75 Vintage Fountain Pen Gold Plated Cisel√© 18K Gold Nib Made In France,134.99,2025-12-29,,,WorthPoint
iridium,Fountain Pen Floral Nib SILVER OVERLAY GOLD IRIDIUM POINT WEST GERMANY,149.99,2025-12-29,,,WorthPoint
iridium,Vintage OPTIMAT Germany Striped Blue Gold Plated Iridium Nib Vacuum Fountain Pen,34,2025-12-29,,,WorthPoint
iridium,Vtg PEN LOT Aldo Domani BOMBAY IRIDIUM POINT Sherwood Inventure DIPLOMAT,49.95,2025-12-28,,,WorthPoint
iridium,6.25ct Pear Cut Diamond Platinum Ring,18125,2025-12-28,1.25,14500,WorthPoint
iridium,Platinum 4.77ct Pear-Shaped Opal And .20ctw Baguette Diamonds Ring,562.5,2025-12-28,0.954,589.62,WorthPoint
iridium,SET OF 5! Hot Wheels Silver Series ACCELERACERS 2025 Walmart Exclusive Revert,36.7,2025-12-28,,,WorthPoint
iridium,1Pc Black Classic Wing Sung 629 Acrylic Resin Fountain Pen F Iridium Nib 0.5mm,28.57,2025-12-28,,,WorthPoint
iridium,8 Grams 23mm SIKHOTE ALIN Russian Meteorite With A COA And Info Card,29.99,2025-12-28,8,3.75,WorthPoint
iridium,Conklin Nozac Vintage Fountain Pen Red & Silver Chevron Iridium England Tip,190,2025-12-28,,,WorthPoint
iridium,"""Kershaw Iridium DuraLock-Black-Aluminum-3.5""""-D2-2038BLK-Reversible Deep Carry""",80,2025-12-28,,,WorthPoint
iridium,Kecksburg Acron UFO Incident Inspired 3D Printed Model In Iridium Gold Metallic,14.99,2025-12-28,,,WorthPoint
iridium,Handmade Exotic Maple Burl Wood & Resin Rollerball Or Fountain Pen ART 1572a,115.88,2025-12-28,,,WorthPoint
iridium,Handmade Crop Circles Writing Pen & Resin Rollerball Or Fountain Pen ART 1586a,106.88,2025-12-28,,,WorthPoint
iridium,Sheaffer Desk Pen - Nice Base - Chocolate Brown,67,2025-12-28,,,WorthPoint
iridium,Sensa Metals Collection Silver Fountain Pen With Plasmium Gel Grip NEW In Box M,89,2025-12-27,,,WorthPoint
iridium,Taccia Portuguese Compact Fountain Pen Black Iridium M,46,2025-12-27,,,WorthPoint
iridium,Meteorite And Display Cube 15.1 Gram Genuine Campo Del Cielo Meteorite With COA,44.99,2025-12-27,15.1,2.98,WorthPoint
iridium,SEYMCHAN IRON METEORITE Specimen PALLASITE Etched Freeform Carving RUSSIA,47.99,2025-12-27,,,WorthPoint
iridium,Kershaw Iridium 2038 DuraLock Knife Gray Aluminum (3.4‚Äù Satin D2) *New In Box*,46,2025-12-27,,,WorthPoint
iridium,2004 Hot Wheels Acceleracers Iridium 4 Of 9 New In Package,50,2025-12-27,,,WorthPoint
iridium,Original 2005 Hot Wheels ACCELERACERS SILENCERZ #4 IRIDIUM (Silver W/CM5's),34.99,2025-12-27,,,WorthPoint
iridium,Never Inked Jumbo WECLE Japan Black Mettalic Fountain Pen,14.95,2025-12-27,,,WorthPoint
iridium,0.5mm F Nib Jinhao 80 Fiber Fountain Pen Sucking Ink Pen Office Business Gift,11.52,2025-12-27,,,WorthPoint
iridium,New Kershaw Iridium W/ Carbon Fiber Scales & Reverse Tanto M390 Blade 2038RCF,164.95,2025-12-26,,,WorthPoint
iridium,2012 Platinum President Urushi Red Lacquered Tamenuri 18k B Nib Fountain Pen,825,2025-12-26,,,WorthPoint
iridium,Vintage Blue And White Ceramic Dragon Fountain Pen - Iridium Point,6,2025-12-26,,,WorthPoint
iridium,Kershaw Iridium 2038WMX Folding Pocket Knife New,45,2025-12-26,,,WorthPoint
iridium,"""Kershaw Mini Iridium Folding Knife 3"""" D2 Tool Carbon Steel Blade Aluminum Handle""",52.42,2025-12-26,,,WorthPoint
iridium,"""2005 MCDONALD'S ACCELERACERS NITRIUM And IRIDIUM 1:64 DIECAST 2 5/8"""" CARS""",18.88,2025-12-26,,,WorthPoint
iridium,Iridium Metal 0.76 Gram 99.95% For Jewelry Or Element Collection USA SHIPPING,150,2025-12-26,0.76,197.37,WorthPoint
iridium,Vintage Marbled Black Pearl Iridium Point German Fountain Pen,30,2025-12-26,,,WorthPoint
iridium,"Luxury Fountain Pen Set With 3 Different Nibs, Iridium Extra Fine & Fine Black",16.85,2025-12-26,,,WorthPoint
iridium,Vintage Classic Black Cross Fountain Pen (medium Nib),17.99,2025-12-26,,,WorthPoint
iridium,5.44 Grams 18mm SIKHOTE ALIN Russian Meteorite With A COA And Info Card,19.99,2025-12-26,5.44,3.67,WorthPoint
iridium,Kershaw Iridium 2038BLK D2 Manual Flipper Knife Black Aluminum DuraLock EDC,50,2025-12-26,,,WorthPoint
iridium,Sensa Classic Yellow Fountain Pen With Plasmium Gel Grip NEW In Box,84.95,2025-12-25,,,WorthPoint
iridium,10 Grams 31mm SIKHOTE ALIN Russian Meteorite With A COA And Info Card,40,2025-12-25,10,4,WorthPoint
iridium,16.2 Grams 33mm SIKHOTE ALIN Russian Meteorite With A COA And Info Card,54.99,2025-12-25,16.2,3.39,WorthPoint
iridium,2025 Hot Wheels Silver Series AcceleRacers Iridium 1/5 -Silver,6.99,2025-12-25,,,WorthPoint
iridium,Kershaw Mini Iridium DuraLock Bronze Aluminum Folding D2 Steel Knife 2051RBRZBW,64.95,2025-12-25,,,WorthPoint
iridium,Breyer Freedom Series #B-FS-10062 Elemental Series Collection Iridium,24.99,2025-12-25,,,WorthPoint
iridium,Kershaw Mini Iridium DuraLock Aluminum Folding Reverse Tanto Knife 2051RBLK,45,2025-12-25,,,WorthPoint
iridium,LRP 35051 - Platinum/Iridium R5 Standard Glow Plug,16.51,2025-12-25,,,WorthPoint
iridium,Hot Wheels Silver Series AcceleRacers Iridium 1/5 2025,5.99,2025-12-25,,,WorthPoint
iridium,Wing Sung 601 Steel Cap Vacumatic Fountain Pen F Nib 0.5mm Ink Pen Original Box.,19.31,2025-12-25,,,WorthPoint
iridium,143mm Jinhao 85 Metal/Wood Fountain Pen Extra Fine Nib 0.38mm Writing Pen Blue D,14.21,2025-12-25,,,WorthPoint
iridium,New/Old Esterbrook Fountain Pen Master Nib Only- 9550 - EX FINE Nib + Nib Chart,29.99,2025-12-24,,,WorthPoint
iridium,PHILTOP Set Of 4 Ignition Coil Pack And Iridium Spark Plugs Fits For Subaru 2,69.74,2025-12-24,,,WorthPoint
iridium,"""Guider Raja Ebonite Fountain Pen Black Schmidt Iridium Point """"B"""" Nib Ex-Cond""",49.99,2025-12-24,,,WorthPoint
iridium,Mabie Todd Dip Pen W #4 Super Stub Crescent Breather Hole Nib,222.28,2025-12-24,,,WorthPoint
iridium,Set Of 6 Ignition Coil Packs And Iridium Spark Plug Compatible With Nissan Infin,92.44,2025-12-24,,,WorthPoint
iridium,Iridium Metal 0.32 Gram 99.95% For Jewelry Or Element Collection USA SHIPPING,60,2025-12-24,0.32,187.5,WorthPoint
iridium,Iridium Metal 1.46 Gram 99.95% For Jewelry Or Element Collection USA SHIPPING,280,2025-12-24,1.46,191.78,WorthPoint
iridium,Midnight Floral Fountain Pen With Gift Box,19.99,2025-12-24,,,WorthPoint
iridium,Glow Plug Igniter+N3 Hot Spark Glow Plugs ÔºåIgniter Nitro Engine Starter Tools Su,19.95,2025-12-24,,,WorthPoint
iridium,Iridium Spark Plugs 8 Pack 3186 TR5GP 7397 TR5IX Fit For Chevy Silverado 1500,52.99,2025-12-24,5,10.6,WorthPoint
iridium,Hot Wheels Silver Series Acceleracers 2025 Complete Set Of 5 By Mattel,39.9,2025-12-24,,,WorthPoint
iridium,NGK 6994 IZFR6K-11 Laser Iridium Spark Plugs 6-PCS Fast Ship,60.99,2025-12-23,,,WorthPoint
iridium,Retractable Fountain Pen Metal Matte Black F Nib 0.5mm Converter Writing,28.5,2025-12-23,,,WorthPoint
iridium,AUTHENTIC Iridium NEXT Launch-5 - SPACEX FALCON 9 USAF VAFB COMM SATELLITE PATCH,11.99,2025-12-23,,,WorthPoint
iridium,AUTHENTIC Iridium NEXT Launch- 8- SPACEX FALCON 9 USAF VAFB COMM SATELLITE PATCH,11.99,2025-12-23,,,WorthPoint
iridium,Montegrappa Espressione Fountain Pen M. Brown New,98.99,2025-12-23,,,WorthPoint
iridium,GALA Fountain Pen Black & Gold Tone Vintage Iridium Nib Cartridge Fountain Pen,15,2025-12-23,,,WorthPoint
iridium,9 Piece Folding Knife Lot,400,2025-12-23,,,WorthPoint
iridium,Montegrappa Piacere Cyan Rollerball Pen ISPYRRBB And Leather Pouch (No Papers),111.99,2025-12-23,,,WorthPoint
iridium,Montegrappa Piacere Cobalt Blue Rollerball Pen ISPYRRBBD And Pouch (No Papers),111.99,2025-12-23,,,WorthPoint
iridium,Montegrappa Piacere Cyan Rollerball Pen ISPYRRBB W/ Box And Papers,125.99,2025-12-23,,,WorthPoint
iridium,"""Kershaw Iridium Folding Knife 3.5"""" D2 Tool Steel Blade Black Aluminum Handle""",48.99,2025-12-23,,,WorthPoint
iridium,"1/2\\\"" 190mm 120 Class PC21 RC Plane Aluminum Oleo Struts Landing Gear Legs",105.93,2025-12-23,,,WorthPoint
iridium,"Hongdian N2 Fountain Pen, Teal Blue Acrylic, Iridium M Nib, Converter, Box Set",32.9,2025-12-23,,,WorthPoint
iridium,Pelikan Twist Fountain Pen Gold Color Edition Medium Nib #811408 New In Pack,26.75,2025-12-23,,,WorthPoint
iridium,Albert Lee: Live At The Iridium 2-Disc Set CD DVD,20,2025-12-23,,,WorthPoint
iridium,Hot Wheels Acceleracers Iridium,64.3,2025-12-23,,,WorthPoint
iridium,V800 Fountain Pen -Vacuum Filling System With Large Ink Capacity-Number 8 Stub N,55.08,2025-12-22,,,WorthPoint
iridium,ACDelco Professional Iridium Spark Plugs,30,2025-12-22,,,WorthPoint
iridium,Majohn Wancai 2.0 Mini Pocket-Size Eyedropper Fountain Pen EF Nib 0.38mm Tran...,21.44,2025-12-22,,,WorthPoint
iridium,Warhammer 40K: T'au Empire Battleforce - Farsight Cadre (71-56),219.99,2025-12-22,,,WorthPoint
iridium,6PCS Platinum Iridium SP534 SP580 Spark Plugs For Ford Expedition F150 Transit-1,24.83,2025-12-22,,,WorthPoint
iridium,Milky Jinhao X750 Metal Fountain Pen 18K Fine F Nib 0.5mm Writing Office Gift Oo,12.01,2025-12-22,,,WorthPoint
iridium,Montblanc Meisterstuck Black Gold Tone Ballpoint Fountain Pens Lot Of 3 #X856-2,280.01,2025-12-22,,,WorthPoint
iridium,NWT True Vintage Y2k Inventory Sniper Style Metal Wrap Around Sports Sunglasses,39.99,2025-12-22,,,WorthPoint
iridium,Polsilver Vintage DE Razor Blades (5 Blade Tucks - New Old Stock - Poland),12.99,2025-12-22,,,WorthPoint
iridium,"""Kershaw Iridium Folding Knife 3.5"""" D2 Tool Carbon Steel Blade Aluminum Handle""",50.99,2025-12-22,,,WorthPoint
iridium,Kershaw Iridium In Black Micarta 2038RMC 3.5‚Äù Stonewashed D2 Knife Discontinued,35,2025-12-22,,,WorthPoint
iridium,Antique Leroy W. Fairchild Telescopic Pen Nib #2,20.5,2025-12-21,,,WorthPoint
iridium,Lot Of 5 Vintage Fountain Pens,89.79,2025-12-21,,,WorthPoint
iridium,Michel Perchin METROPOLITAN Fountain Pen Blue/Gold #1/88 NEW OLD STOCK RARE!!,3200,2025-12-21,,,WorthPoint
iridium,Kershaw Mini Iridium DuraLock Gray Aluminum Folding D2 Reverse Tanto Knife 2051,31.99,2025-12-21,,,WorthPoint
iridium,Cretaceous-Tertiary (K/T) Boundary From France - Cretaceous/Paleogene Extinction,12.5,2025-12-21,,,WorthPoint
iridium,"Montefiore Iridium Point Fountain Pen, Pencil And Ball Point Pen 4 Piece Set",19.99,2025-12-21,,,WorthPoint
iridium,"""Kershaw Iridium DuraLock Gray 3"""" D2 Stainless Aluminum Folding Knife 2038ST""",69.5,2025-12-21,,,WorthPoint
iridium,Hot Wheels Acceleracers Silencerz Iridium And Mc Iridium Loose,9.99,2025-12-20,,,WorthPoint
iridium,"Spark Plugs And Wires Compatible With Chevy 5.7L 4.3L 5.0L, 41 993 19256067 With",56.18,2025-12-20,,,WorthPoint
iridium,Silver Jinhao35 Metal Fountain Pen Extra Fine EF Nib 0.38mm Office Writing Gift,10.44,2025-12-20,,,WorthPoint
iridium,Classic All Wood Fountain Pen Rosewood Pen M Iridium Nib Office,9,2025-12-20,,,WorthPoint
iridium,Kershaw Iridium DuraLock Black Aluminum Folding D2 Reverse Tanto Knife 2038RBLK,68.95,2025-12-20,,,WorthPoint
iridium,Warhammer 40k Battleforce: T'au Empire - Farsight Cadre,212.5,2025-12-20,,,WorthPoint
iridium,UF569 Ignition Coil &12622561 Double Iridium Spark Plug For Buick Allure Enclave,77.99,2025-12-20,,,WorthPoint
iridium,Monte Verde Marbelized Brown Fountain Pen With Cartridge & Box,35,2025-12-20,,,WorthPoint
iridium,Kershaw Knives Iridium DuraLock 2038 KVT Gray Aluminum D2 Steel Pocket Knife,45,2025-12-20,,,WorthPoint
iridium,"Lot Of 5 Fountain Pens Pilot Metropolitan, Kaigelu, Rotring Art Pen, Iridium",79.99,2025-12-20,,,WorthPoint
iridium,Montefiore Iridium Point Germany Nib Fountain Pen & Ballpoint Blue Marble,32,2025-12-19,,,WorthPoint
iridium,2025 Hot Wheels Acceleracers 5 Car Set,35,2025-12-19,,,WorthPoint
iridium,"JINHAO Fountain Pen Fine Nib, Includes Ink Cartridges & Converter, Perfect Weigh",17.26,2025-12-19,,,WorthPoint
iridium,Iridium Point Fountain Pen Vintage,25,2025-12-19,,,WorthPoint
iridium,"Handmade* Fountain Pen,Exotic Hardwood,Christian Hdw. Nib: Iridium Point Germany",49,2025-12-19,,,WorthPoint
iridium,Vintage / Antique Accurate Iridium Tipped Marble Effect Shank Fountain Pen,40.1,2025-12-19,,,WorthPoint
iridium,Conklin Fountain Pen Mark Twain Signature Ocean Iridium Point Blue New In Box,67.5,2025-12-19,,,WorthPoint
iridium,(5464) BKR5EIX-11 Iridium IX Spark Plug (4 Pack),47.38,2025-12-19,,,WorthPoint
iridium,Pure 99.9% Iridium Metal .23 Grams Super Rare Platinum Group BEST PRICE ON EBAY,62,2025-12-19,23,2.7,WorthPoint
iridium,Kershaw Iridium 2038 Knife,55,2025-12-19,,,WorthPoint
iridium,Montefiore Iridium Point Fountain Pen And Ball Point Pen Set,22.5,2025-12-19,,,WorthPoint
iridium,Vintage Iridium Point Germany Nib Fountain Pen Chrome Geometric Motif,29.99,2025-12-19,,,WorthPoint
iridium,Vintage 5.5‚Äù Iridium Nib Point Germany Fountain Pen Chrome Celtic Motif,20,2025-12-19,,,WorthPoint
iridium,Vintage Black And Gold Fountain Pen Iridium Point Germany,34.99,2025-12-18,,,WorthPoint
iridium,Silver Jinhao 35 Steel Fountain Pen Extra Fine EF Nib 0.38mm Office Writing D,9.77,2025-12-18,,,WorthPoint
iridium,Hot Wheels Silver Series ACCELERACERS Complete SET,32.99,2025-12-18,,,WorthPoint
iridium,ACDelco Iridium Spark Plug For GM Vehicles Excellent Performance And Durability,11.09,2025-12-18,,,WorthPoint
iridium,1/18 Mercedes Benz C63 AMG W204 2008 Silver Resin Model Car By GT Spirit GT462,199.89,2025-12-18,,,WorthPoint
iridium,TWSBI Eco Amazonite Fountain Pen,40,2025-12-18,,,WorthPoint
iridium,"Art Deco Lady's Platinum, Diamond, And Sapphire Watch, Gruen",1860,2025-12-18,,,WorthPoint
iridium,"Lady's Platinum And Diamond Watch, GlashuÃàtte",336,2025-12-18,,,WorthPoint
iridium,ECCPP UF681 Ignition Coil Set & 3 Iridium Spark Plugs For Smart Fortwo 1.0L,76.98,2025-12-18,,,WorthPoint
iridium,Aletai Iron IIIE Meteorite Pendant Necklace 24-inch Chain - APN6,17.77,2025-12-18,,,WorthPoint
iridium,"8Pcs 41-962 Upgrad Real Iridium Spark Plugs 19299585 For Chevrolet Chevy, GMC,",50.56,2025-12-18,,,WorthPoint
iridium,Kershaw Iridium DuraLock Folding Pocket Knife Dessert Warrior,55,2025-12-18,,,WorthPoint
iridium,Waterman Ideal Fountain Pen Nib #2 ~ Stub Flex Medium Nib ~ C. Mid-Late 1920s,112.28,2025-12-18,,,WorthPoint
iridium,Sheaffer Vintage Stainless Steel M1 Nib ---Used,13.24,2025-12-18,,,WorthPoint
iridium,"""Kershaw Mini Iridium Folding Knife 3"""" CPM S35VN Steel Blade Titanium Handle""",132.49,2025-12-18,,,WorthPoint
iridium,Wancai Mini Transparent Pocket-Size Eyedropper Fountain Pen Fine Nib 0.5mm Da...,35.06,2025-12-18,,,WorthPoint
iridium,"Art Deco, Diamond, Emerald, And Platinum Bracelet",5120,2025-12-18,,,WorthPoint
iridium,CAMPO MARZIO Brown With Gold Trim Fountain Pen (Mini?) Iridium Point,39.99,2025-12-18,,,WorthPoint
iridium,Custom Color Carbon Losi Mini JRX2 Yellow Gold Carbon Fiber Shock Towers,12.99,2025-12-18,,,WorthPoint
iridium,PARTS4EV 775/9775 Iridium Silver Metallic Touch Up Paint For Mercedes,23.07,2025-12-18,,,WorthPoint
iridium,Kershaw Iridium Micarta D2 Custom Drop Point Knife,70,2025-12-17,,,WorthPoint
iridium,"4x Spark Plugs For Chevrolet Buick Cadillac 1.4L 41 121, 55585517 Spark Plugs",25.99,2025-12-17,,,WorthPoint
iridium,Danitrio Fountain Pen,255,2025-12-17,,,WorthPoint
iridium,Iridium Metal 0.8 Gram 99.95% For Jewelry Or Element Collection USA SHIPPING,161.5,2025-12-17,0.8,201.88,WorthPoint
iridium,Pure 99.9% Iridium Metal 1.55 Grams Super Rare Platinum Group BEST PRICE ON EBAY,295,2025-12-17,1.55,190.32,WorthPoint
iridium,Vintage White Oakley Fours W/ Blue Iridium Lenses & Black Soft Case Made In USA,100,2025-12-17,,,WorthPoint
iridium,Mixed Metals Iridium Tin Platinum Lead Bullion Bar Over 420 Grams See Pics...,7999,2025-12-17,420,19.05,WorthPoint
iridium,Breyer Elements METAL IRIDIUM Freedom Series DECORATOR GLOSSY SILVER STOCK HORSE,17.99,2025-12-17,,,WorthPoint
iridium,"NEW FOR GENTEX HGU-55/P, 68/P Flight Helmets Ruby Iridium Bungee Visor",239,2025-12-17,,,WorthPoint
iridium,Bexley BX701 Collection Capucchino Fountain Pen,71,2025-12-17,,,WorthPoint
iridium,SET OF 5 Hotwheels ACCELERATOR Silver Series ALL 5 OF 5 SET NEW,39.99,2025-12-17,,,WorthPoint
iridium,Caran D'ache Fountain Pen Designer Swiss Made Iridium Nib Fine Black Gold,80,2025-12-17,,,WorthPoint
iridium,41-110 Iridium Spark Plugs & 48322 Spark Plug Wires For GM Chevy 5.3L 6.0L 6.2L,45.45,2025-12-16,,,WorthPoint
iridium,A-Premium Iridium Platinum Spark Plugs Compatible With Chevrolet Ma... Fast Ship,39.99,2025-12-16,,,WorthPoint
iridium,VTG - New Clip ‚ÄúWARRANTED IRIDIUM POINTED SPECIAL‚Äù Jumbo Fountain Pen - Untested,49.99,2025-12-16,,,WorthPoint
iridium,Hongdian 100 Piston Fountain Pen Silver Steel Iridium Medium Nib Calligraphy,33.36,2025-12-16,,,WorthPoint
iridium,Fountain Pen Hongdian N7 Gray Resin Piston Rabbit Cap Medium Nib Metal Box,43.21,2025-12-16,7,6.17,WorthPoint
iridium,"7 Older Fountain Pens Sheaffer's, Scripto, Wearever",11.5,2025-12-16,,,WorthPoint
iridium,Waterman Ideal Fountain Pen Ideal #4. Full Medium Nib ~ Clean ~ C. 1920,95.28,2025-12-16,,,WorthPoint
iridium,Vintage Mentmore Auto-flow Fountain Pen - Mint Nos - Lever - Id Label - C 1935,208.27,2025-12-16,,,WorthPoint
iridium,Spacex Authentic Employee Patch Iridium-7 Vadenberg Spacex Falcon 9,20,2025-12-16,,,WorthPoint
iridium,Troika Black Iridium Point Fountain Pen,20.16,2025-12-16,,,WorthPoint
iridium,Jean Pierre Lepine Churchill Series Rollerball Pen CH7R (Black/Yellow),135,2025-12-16,,,WorthPoint
iridium,Jean Pierre Lepine Churchill Series Rollerbal Pen CH5R (Orange/Purple),115,2025-12-16,,,WorthPoint
iridium,"GIFTS Calligraphy Pen Set,12-Piece Kit, 5 Nib & 5 Ink Set,Writing Quill Pen,Anit",31.58,2025-12-16,,,WorthPoint
iridium,Ginger Baker Signed Drumhead Cream Autograph Classic Rock Iridium Jsa Coa,249.99,2025-12-16,,,WorthPoint
iridium,"N23 Black Rabbit Fountain Pen, Long Blade Medium Nib Gold Trim, New Year Lucky R",47.99,2025-12-16,,,WorthPoint
iridium,Kaweco Sport Classic Black Guilloche Fountain Pen,33,2025-12-16,,,WorthPoint
iridium,Kershaw Iridium DuraLock Gray Aluminum Folding D2 Steel Serrated Knife 2038ST,64.95,2025-12-16,,,WorthPoint
iridium,"3PCS Jinhao 65 Silver Fountain Pen Set, Iridium Ultra Fine & Extra Fine & Fine N",14.54,2025-12-15,,,WorthPoint
iridium,DG508 Ignition Coil Pack And Iridium Spark Plugs Set Of 8. Ford 4.6L Or 5.4L,47.99,2025-12-15,,,WorthPoint
iridium,Stylomine 303 Teal Vintage Flex Steel F Nib Restored Accordion Filler France,185,2025-12-15,,,WorthPoint
iridium,Beautiful Sanford & Bennett Filigree Eyedropper Fill Fountain Pen,275,2025-12-15,,,WorthPoint
iridium,Fountain Pen Iridium Tipping Material ~ Original Sheaffer .026mm ~ 1000+ Pieces,330,2025-12-15,,,WorthPoint
iridium,"""Antique CONKLIN DURAGRAPH Black Red Trim HUGE NIB 1920's - 5 & 5/8"""" Lever Fill""",337.25,2025-12-15,,,WorthPoint
iridium,"Luxury Wooden Ballpoint Pen Gift Set With Business Pen Case Display, Nice Writin",19.61,2025-12-15,,,WorthPoint
iridium,Kershaw Exclusive Iridium Topo Aluminum 14c28n 3.4‚Äù Folding Knife G10 Backspacer,150,2025-12-15,,,WorthPoint
iridium,"Vintage Fountain Pens For Parts Or Repair. Sheaffer's, Majesty And Others",9.99,2025-12-15,,,WorthPoint
iridium,KERSHAW IRIDIUM D2 Spear Point KVT Bearings DuraLock EXCELLENT!,34.99,2025-12-15,,,WorthPoint
iridium,Cerruti 1881 Fountain Pen & Ballpoint Pen Set ‚Äì Unused W/ Original Leather Case,13.99,2025-12-15,,,WorthPoint
iridium,Vintage Les Paul Signature Black Guitar Pick - 2000 Tour Iridium NYC,9.99,2025-12-15,,,WorthPoint
iridium,Meteorite And Display Cube 11.8 Gram Genuine Campo Del Cielo Meteorite With COA,37.99,2025-12-15,11.8,3.22,WorthPoint
iridium,18 Pounds Of Vintage Fountain Pens For Parts And Repair,225,2025-12-15,,,WorthPoint
iridium,"The Iridium Jazz Club, New York City, Matchbook With Matches",13.99,2025-12-14,,,WorthPoint
iridium,Lexon Classic Line Wood Fountain Pen And Rollerball Set In Box,10.5,2025-12-14,,,WorthPoint
iridium,"""Kershaw Iridium Folding Knife 3.5"""" D2 Tool Steel Blade Gray Aluminum Handle 2038""",54.99,2025-12-14,,,WorthPoint
iridium,Montegrappa Piacere Cobalt Blue Rollerball Pen ISPYRRBD W/ Box And Papers,125.99,2025-12-14,,,WorthPoint
iridium,NGK Spark Plug ILZKR7B11 7751 (6 Pack),29.99,2025-12-14,,,WorthPoint
iridium,Hot Wheels Acceleracers Silencerz Set Of 9 Covelight Technetium Etc....,385,2025-12-14,,,WorthPoint
iridium,Serviced D KAHN WEAREVER PACEMAKER Fountain Pen‚Ä¢Button‚Ä¢Mother-Of-Pearl‚Ä¢M Nib,7.5,2025-12-14,,,WorthPoint
iridium,2.69 Grams 21mm SIKHOTE ALIN Russian Meteorite With A COA And Info Card,8.99,2025-12-14,2.69,3.34,WorthPoint
iridium,"""Kershaw 2038BLK 3.5"""" Iridium Folding Knife Black Aluminum/Steel""",35,2025-12-14,,,WorthPoint
iridium,"""Vintage Fountain Pen Germany 5 3/8"""" Black & Gold Iridium Point Nib Untested""",18,2025-12-14,,,WorthPoint
iridium,Jinhao X159 Fountain Pen Gift Black With Silver Clip Fine Nib Acrylic Screw Cap,12.59,2025-12-14,,,WorthPoint
iridium,Black And Gold Fountain Pen Iridium Point Germany,35,2025-12-14,,,WorthPoint
iridium,Lot Of 4 Mallat & Excelior Fountain Pens 1930s-50s A Repair Or For Parts,46.92,2025-12-14,,,WorthPoint
iridium,Hot Wheels Acceleracers IRIDIUM Chrome Silencerz 2nd Generation Stripped Metal,193.46,2025-12-14,,,WorthPoint
iridium,"Graf Von Faber Castell Guilloche German Fountain Pen, Laban Silver & 18K Gold",288.88,2025-12-14,,,WorthPoint
iridium,BDFHYK 93482 Platinum Iridium Spark Plugs Compatible With Subaru 2013-2017 Le,34.99,2025-12-14,,,WorthPoint
iridium,DG508 Ignition Coil SP479 Iridium-Platinum Spark Plug Set 5.4L V8 Fit For Ford E,82.9,2025-12-14,,,WorthPoint
iridium,KERSHAW IRIDIUM D2 Spear Point KVT Bearings DuraLock,20,2025-12-14,,,WorthPoint
iridium,"Rose Gold Jinhao Elite 159 Wide Body Steel Fountain Pen, Medium Nib, 2 Inks",10.09,2025-12-14,,,WorthPoint
iridium,Warranted WWII Eyedropper Fountain Pen Fine Nib Green Celluloid Parts Or Repair,65,2025-12-13,,,WorthPoint
iridium,Tau Empire Xv88 Crisis Fireknife Battlesuits Warhammer 40k,51,2025-12-13,,,WorthPoint
iridium,NGK Spark Plugs 6Pcs For BMW N54 - Two Step Colder Iridium Performance,46.99,2025-12-13,,,WorthPoint
iridium,For JinHao X159 Acrylic Fountain Pen Fine 0.5mm 40mm Extended Iridium F Nib Gift,12.97,2025-12-13,,,WorthPoint
iridium,Serviced RETRO 51 TORNADO Fountain Pen‚Ä¢Flighter‚Ä¢Full Box Parker Quink‚Ä¢M Nib,23.5,2025-12-13,,,WorthPoint
iridium,NEW 2004 Hot Wheels Acceleracers Iridium Silencez RARE FROM FACTORY SET,110,2025-12-13,,,WorthPoint
iridium,0.5mm Fine Nib Jinhao X159 Fountain Pen Black With Silver Clip Acrylic Screw Cap,12.31,2025-12-13,,,WorthPoint
iridium,Breyer Classic Elements Series Iridium - Nib!,19,2025-12-13,,,WorthPoint
iridium,A-Premium Iridium & Platinum Spark Plugs Compatible With Ford F-150... Fast Ship,39.99,2025-12-13,,,WorthPoint
iridium,Kaweco Sport Classic Navy Fountain Pen - EF,22.22,2025-12-13,,,WorthPoint
iridium,John Holland Eyedropper Fill Fountain Pen Red/black Mottled Rare J913,550,2025-12-13,,,WorthPoint
iridium,"BDFHYK 6994 Iridium Spark Plugs Compatible With Acura CSX MDX RL RSX TL TSX,C",39.99,2025-12-13,,,WorthPoint
iridium,Vintage Bulb Filler Fountain Pen Green Marble Iridium Tip Nib,26.13,2025-12-13,,,WorthPoint
iridium,4 Pc DENSO Iridium TT Spark Plugs Compatible With Toyota Prius 1.8L L4 2010-2...,82.99,2025-12-13,,,WorthPoint
iridium,"""Kershaw Iridium Folding Knife 3"""" D2 Tool Carbon Steel Blade Reverse Tanto""",49.99,2025-12-13,,,WorthPoint
iridium,Vtg Lot Of Calligraphy Fountain Pen Nibs Parrot Bank Of England FE Wood Iridium,20.98,2025-12-13,,,WorthPoint
iridium,VTG 1930‚Äôs Morris Dip Pen Desk Set New/old Iridium Fine Nib. Unique Deco Design,28,2025-12-12,,,WorthPoint
iridium,Brand New LeBOEUF INKOMATIC COLLECTION FOUNTAIN PEN In Lemon Yellow M NIB,75,2025-12-12,,,WorthPoint
iridium,Huge Lot 107 MIXED BRAND AND SIZES Vtg Fountain Calligraphy Pen Nibs New & Used,27,2025-12-12,,,WorthPoint
iridium,"Lot Of Fountain Pens Parker , Iridium Point And 2 On Unknowns",10.5,2025-12-12,,,WorthPoint
iridium,Hot Wheels Acceleracers Iridium Silencerz 2005 Gen 1 MINT CONDITION,23,2025-12-12,2005,0.01,WorthPoint
iridium,Kershaw Mini Iridium Titanium Folding S35VN Steel Pocket Knife 2051TI,149.95,2025-12-12,,,WorthPoint
iridium,"Luxury Fountain Pen Set,Solid 24K Gilded Fine Nib Modern Classic Limited Edition",22.07,2025-12-12,,,WorthPoint
iridium,Vatican Museums Bas-relief Fountain Pen And Ballpoint Set Limited Edition New,577,2025-12-12,,,WorthPoint
iridium,Brand New LeBOEUF INKOMATIC COLLECTION ROLLER BALL PEN Lemon Yellow,65,2025-12-12,,,WorthPoint
iridium,NZG Models 2021 Mercedes Benz EQB Iridium Silver 1:18 Diecast Dealer Version,43.99,2025-12-12,,,WorthPoint
iridium,Green And Black Fountain Pen With Kromaloy Iridium Nib With 500 WORDS RESERVE,30,2025-12-12,,,WorthPoint
iridium,Pure 99.9% Iridium Metal 1.28 Grams Super Rare Platinum Group BEST PRICE ON EBAY,250,2025-12-12,1.28,195.31,WorthPoint
iridium,Kershaw Mini Iridium DuraLock OD Green Aluminum Folding D2 Steel Knife 2051ROLBW,60,2025-12-11,,,WorthPoint
iridium,4 Pack Denso Spark Plug Iridium Power 5311,10,2025-12-11,,,WorthPoint
iridium,ROMET Italy EUROPA Fountain Pen GREEN CORAL W/ Iridium Germany Nib *Display Box,39,2025-12-11,,,WorthPoint
iridium,Joe Bonamassa Blues Guitar Concert DVD Lot,20,2025-12-11,,,WorthPoint
iridium,"Campo Del Cielo Iron Meteorite ‚Äì Authentic Space Rock, Certified And Historical",18,2025-12-11,,,WorthPoint
iridium,Budget Knives Lot TwoSun Remette Real Steel Bestechman Kershaw CJRB SOG Vosteed,342.97,2025-12-11,,,WorthPoint
iridium,"8X 41-962 Spark Plug Wires Set For Chevy 6.0L, 9748HH 10.5mm Red Sp... Fast Ship",54.99,2025-12-11,,,WorthPoint
iridium,New Gold/Black/Wood Fountain Pen SMOOTH MED Nib W/ Converter & Cartridge Perfect,17.99,2025-12-11,,,WorthPoint
iridium,2 Faber-Castell Fountain Pens,118,2025-12-11,,,WorthPoint
iridium,Wingback Fountain Pen - British Racing Green,200,2025-12-11,,,WorthPoint
iridium,"""Kershaw Mini Iridium 3"""" D2 Blade, Blue Aluminum Handle, DuraLock Folding Knife""",54.99,2025-12-10,,,WorthPoint
iridium,"Autolite Iridium XP Automotive Replacement Spark Plugs, XP104 (4 Pack)",9.99,2025-12-10,,,WorthPoint
iridium,New Team Associated ASC 6041 RC10 Kinwald Edition 1/10 Electric 2WD Buggy Kit.,626,2025-12-10,,,WorthPoint
iridium,41-110 Iridium Spark Plugs & M8-48322 Spark Plug Wires For 5.3 6.0 6.2 Chevy GMC,45.97,2025-12-10,,,WorthPoint
iridium,ACDelco SPARK PLUG Iridium Fits Chevrolet Buick GMC Cadillac Smooth Performance,11.09,2025-12-10,,,WorthPoint
iridium,Vintage Swallow Mabie Todd Black Fountain Pen W/Starling Iridium Tipped Nib,18.95,2025-12-10,,,WorthPoint
iridium,Stipula Castoni Chic Tiger Eye Iridium 0.9 Fine Nib Fountain Pen ST82712,109.97,2025-12-10,,,WorthPoint
iridium,Meteorite And Display Cube 7.0 Gram Genuine Campo Del Cielo Meteorite With COA,29.99,2025-12-10,7,4.28,WorthPoint
iridium,Feather Quill Pen Set - Calligraphy Pen With Ink & 5 Replacement Nibs For Statio,21.3,2025-12-10,,,WorthPoint
iridium,"""Kershaw Mini Iridium 3"""" D2 Blade, Gray Aluminum Handle, DuraLock Folding Knife""",54.99,2025-12-10,,,WorthPoint
iridium,"Fountain Pen Iridium Point Germany Wooden, Vintage, Great EUC Condition",24.95,2025-12-09,,,WorthPoint
iridium,X262-351) 9+ G Campo Del Cielo Iron Meteorite 1576 Octahedrite Fragment Specimen,22.99,2025-12-09,,,WorthPoint
iridium,Lamy Safari Fountain Pen Pink Cliff - Cartridge Gift Set With Pink Pouch - LTD,41.57,2025-12-09,,,WorthPoint
iridium,"Hongdian 920 Black Metal Fountain Pen, Rose Gold Plated Medium Nib Smooth Writin",22.95,2025-12-09,,,WorthPoint
iridium,41-110 Iridium Spark Plugs 48322 Spark Plug Wires For 5.3 6.0L Chevy,45.97,2025-12-09,,,WorthPoint
iridium,Retro 1951 Tornado Fountain Pen Chrome & Gold Schmidt Iridium Point,39,2025-12-09,,,WorthPoint
iridium,"2025 Hot Wheels Acceleracers Ftr 5 Iridium,Sling Shot,Hollowback,Rd-09,&Revert",24.99,2025-12-09,,,WorthPoint
iridium,Lot Of 24 NASA Space Launch Patches Delta II GPS Iridium Vandenberg Air Force,199,2025-12-09,,,WorthPoint
iridium,Best! Oriented! Dome Top & Flat Bottom! Sculpted Sikhote-alin Meteorite 9.3 Gms,59.25,2025-12-09,9.3,6.37,WorthPoint
iridium,Kershaw Iridium Olive Green Black Wash D2 Carbon 3.5‚Äù Folding Knife 2038OLBW OD,139.95,2025-12-09,,,WorthPoint
iridium,Rhenium Metal .9995 1 Oz Ounce Bar Bullion Or Element Collection USA SHIPPING,280,2025-12-08,28.35,9.88,WorthPoint
iridium,Kershaw Mini Iridium DuraLock Ice Blue Aluminum Folding D2 Pocket Knife 2051,40,2025-12-08,,,WorthPoint
iridium,New Kershaw Iridium Black Reverse Tanto D2 W/Custom Red Aluminum Scale Swap,99.95,2025-12-08,,,WorthPoint
iridium,NEW 2-PACK Super7 Ren And Stimpy Ultimates 7-Inch REN & STIMPY Action Figure,151.95,2025-12-08,,,WorthPoint
iridium,Black Wing Sung 629 Fountain Pen Iridium Nib F/0.5mm Home/Office Writing,31.99,2025-12-08,,,WorthPoint
iridium,Hot Wheels Silver Series 2025 Acceleracers Set Of 5 Complete,34.9,2025-12-08,,,WorthPoint
iridium,4 Pc NGK Iridium IX Spark Plugs Compatible With Toyota Corolla 1.8L... Fast Ship,71.99,2025-12-08,,,WorthPoint
iridium,2025 JUNL 930 Resin Fountain Pen Iridium EF/F/M Nib Writing Pen With Ink WindoZG,49.28,2025-12-08,,,WorthPoint
iridium,Sheaffer Fountain Pen & Ball Point Desk Set Un-inked,20,2025-12-08,,,WorthPoint
iridium,Day-Timers Matterhorn Convertible Fountain Pen Gold Plated Iridium Point New,19.95,2025-12-08,,,WorthPoint
iridium,"Antique Two-Color Feather Pen Quill Dip With 14 Piece Set, Pheasant",26.15,2025-12-08,,,WorthPoint
iridium,3 Pcs Wooden Pens Set With Gift Case/Best Writing Fountain Fancy Ballpoint Pen A,28.79,2025-12-08,,,WorthPoint
iridium,Vintage OAKLEY STRAIGHT JACKET CANNON RED Sunglasses Red Iridium Lenses,95.1,2025-12-08,,,WorthPoint
iridium,ICM-6 10mm CM6 Iridium Spark Plug For DA DLE Gas Engine OEM Part Old Stock New,11.97,2025-12-08,,,WorthPoint
iridium,Vintage Jinhao 85 Fountain Pen Golden Clip Extra Fine EF Nib 0.38mm Nice Gift D,13.94,2025-12-08,,,WorthPoint
iridium,Picasso 916 Ice Blue Fountain Pen Natural Series Metal EF 0.35mm Nib Gift Box,32.13,2025-12-08,,,WorthPoint
iridium,"Esterbrook LJ, Restored W/ 2 Nibs: #9461 Manifold Fine & #1555 Gregg Shorthand",18,2025-12-08,1555,0.01,WorthPoint
iridium,Ginger Baker Signed Goodbye Cream Album Classic Rock Autograph Beckett Cert,249.99,2025-12-08,,,WorthPoint
iridium,Rare Vintage Oakley Minute 2.0 04-085 Metallic Black / BLK Iridium Polarized USA,245,2025-12-08,,,WorthPoint
iridium,Stan's Buncha Fountain Pens #249,36,2025-12-08,,,WorthPoint
iridium,14.2 Grams 23mm SIKHOTE ALIN Russian Meteorite With A COA And Info Card,49.99,2025-12-08,14.2,3.52,WorthPoint
iridium,Laban Vintage Sterling Silver 925 Fountain Pen With Iridium Nib,90,2025-12-07,,,WorthPoint
iridium,Wearever Green Marble Fountain Pen & Pencil Combo Iridium Tip Nib C.1940‚Äôs,10.49,2025-12-07,,,WorthPoint
iridium,Waterman Ideal Fountain Pen Ideal #2 Nib ~ Nice ~ New York ~ Fine,47.28,2025-12-07,,,WorthPoint
iridium,"""Silver And Gold Tone Chevron Zig Zag Steel Montblanc Style Fountain Pen 5.5""""""",24.95,2025-12-07,,,WorthPoint
iridium,"Fountain Pen Set, Medium Nib 0.5mm, Includes 9 Ink Cartridges & 2 Ink Refill",12.99,2025-12-07,,,WorthPoint
iridium,A Pierre Farber Three Pen Boxed Set Containing Two Biro Exam...,39.95,2025-12-07,,,WorthPoint
iridium,12.2 Grams 24mm SIKHOTE ALIN Russian Meteorite With A COA And Info Card,41.99,2025-12-07,12.2,3.44,WorthPoint
iridium,Custom Color Carbon Losi Mini JRX2 Blue Carbon Fiber Shock Towers,12.99,2025-12-07,,,WorthPoint
iridium,Pure 99.9% Iridium Metal 1.42 Grams Super Rare Platinum Group BEST PRICE ON EBAY,275,2025-12-07,1.42,193.66,WorthPoint
iridium,"Scarlet Red Jinhao Elite 159 Wide Body Steel Fountain Pen, Medium Nib, Ink",10.46,2025-12-07,,,WorthPoint
iridium,Danitrio Trio Classic Fountain Pen In Black (Early Danitrio Release),125,2025-12-07,,,WorthPoint
iridium,Vtg Conklin CUSHION POINT Cherry Crushed Ice Hooded Nib Fountain Pen In Box New?,79,2025-12-07,,,WorthPoint
iridium,"Parker #20 Eyedropper Fountain Pen, Lot #39",149.1,2025-12-07,,,WorthPoint
iridium,Classic Wing Sung 601 Steel Cap Vacumatic Fountain Pen F Nib 0.5mm Ink Pen,17.63,2025-12-07,,,WorthPoint
iridium,Monteverde Fountain Pen (M) NIB Iridium Point Germany . Need Ink Tub,26,2025-12-07,,,WorthPoint
iridium,Antique Mabie Todd Dip Pen #4 Gold Plate 313 Nib & Engraved Holder,55,2025-12-07,4,13.75,WorthPoint
iridium,"Vintage VASELINE Green Depression Glass Citrus Juicer Reamer, Uranium Iridium",14.99,2025-12-07,,,WorthPoint
iridium,Reform Green Fountain Pen Stickered Working,18.5,2025-12-07,,,WorthPoint
iridium,Hot Wheels ~ 2025 ~ Silver Series ~ ACCELERACERS ~ Set Of 5 ~ WALMART EXCLUSIVE,43.98,2025-12-06,,,WorthPoint
iridium,8.47 Grams 20mm SIKHOTE ALIN Russian Meteorite With A COA And Info Card,31.99,2025-12-06,8.47,3.78,WorthPoint
iridium,ALL FOR THE KING - Let There Be Light (2022) New Christian Metal [FFO Stryper],15.99,2025-12-06,,,WorthPoint
iridium,93298 Iridium Spark Plugs 3 Pack - Compatible With Mitsubishi Mirage,30.25,2025-12-06,,,WorthPoint
iridium,1.80 Ctw Diamond & Platinum Ring,3480,2025-12-06,0.36,9666.67,WorthPoint
iridium,Alien RPG: Building Better Worlds - Hardcover,43.94,2025-12-06,,,WorthPoint
iridium,6 Ignition Coils With 6 Iridium Spark Plugs For Porsche 2003-2011 Cayenne 3.6,128.96,2025-12-06,,,WorthPoint
iridium,Wine Red Acrylic Fountain Pen Metal Gold Clip Fine 0.5mm Nib Writing Ink Pen,12.08,2025-12-06,,,WorthPoint
iridium,Generic Iridium Coin - 8.7g,1863,2025-12-06,8.7,214.14,WorthPoint
iridium,6 Pc DENSO Iridium Power Spark Plugs Compatible With Honda Odyssey 3.5L V6 20...,127,2025-12-06,,,WorthPoint
iridium,LRP Platinum/Iridium Standard Glow Plug (R6 - Cold) [LRP35061],13.99,2025-12-06,,,WorthPoint
iridium,Vintage Black Fountain Pen W/ Gold Trim & A Germany Iridium Fine Point Nib-new,8,2025-12-06,,,WorthPoint
iridium,Wing Sung 629 Fountain Pen F Iridium Nib 0.5mm Home/Office Writing Gifts,35.19,2025-12-05,,,WorthPoint
iridium,Breyer NEW * Iridium Metal * 2024 Elements Silver Harper Classic Model Horse,23.06,2025-12-05,,,WorthPoint
iridium,4 Pc DENSO Iridium Long Life Spark Plugs Compatible With Toyota Corolla 1.8L L4,103.79,2025-12-05,,,WorthPoint
iridium,TWSBI Eco Transparent Yellow Fountain Pen,37,2025-12-05,,,WorthPoint
iridium,KSU Ignition Coil Pack With Iridium Spark Plug For Scion XA XB 1.5L Yaris Toy...,75.93,2025-12-05,,,WorthPoint
iridium,Acceleracers Collectible Game Cards Lot Of 7 Mint Holographic Cards. (Reserved),210,2025-12-05,,,WorthPoint
iridium,"""Kershaw Mini Iridium Folding Knife 3"""" D2 Blade, Aluminum""",50,2025-12-05,,,WorthPoint
iridium,"6PCS Iridium Platinum Spark Plugs Compatible With Buick, Chevrolet, Ford, GMC...",33.92,2025-12-05,,,WorthPoint
iridium,M8-48322 Spark Plug Wires 41-110 Iridium Spark Plugs For Chevy 5.3 6.0L 6.2L,45.97,2025-12-05,,,WorthPoint
iridium,Kershaw Iridium And Heist Folding Pocket Knives Lot Of 2,50,2025-12-05,,,WorthPoint
iridium,Meteorite And Display Cube 7.1 Gram Genuine Campo Del Cielo Meteorite With COA,29.99,2025-12-05,7.1,4.22,WorthPoint
iridium,Acrylic Resin Classic Wing Sung 629 Fountain Pen EF / F Iridium Nib 0.38mm/0.5mm,31.98,2025-12-05,,,WorthPoint
iridium,Meteorite And Display Cube 6.3 Gram Genuine Campo Del Cielo Meteorite With COA,34.99,2025-12-05,6.3,5.55,WorthPoint
iridium,Iridium Point Germany Fountain Pen Siler Tone Nice Heft Feel,10,2025-12-04,,,WorthPoint
iridium,10 Piece Ignition Coil Kit For 1995-98 Toyota T100 V6 3.4L Spark Plugs Wires,141.9,2025-12-04,,,WorthPoint
iridium,Vintage Fountain Pen Voyager By Fujiyama Iridium Point Black Marble Finish,5,2025-12-04,,,WorthPoint
iridium,NGK Iridium IX Spark Plugs Compatible With Chevrolet Silverado 1500 5.3L 6.2L...,72.99,2025-12-04,,,WorthPoint
iridium,JINHAO 100 Fountain Pen With Ink Converter Medium Nib 0.7mm Light Blue,26.8,2025-12-04,,,WorthPoint
iridium,#201 Blue Aluminum Kershaw 2051 Mini-Iridium D2 KVT Drop Point Duralock Knife,38.55,2025-12-04,,,WorthPoint
iridium,Vintage Youth 401 Fountain Pen ‚Äì Made In China ‚ÄìIridium Tipped Nib -Original Box,19.99,2025-12-04,,,WorthPoint
iridium,"10 Capless Fountain Pen With Box,Brushed Matt Black Retractable Fine Nib Ink Pen",28.35,2025-12-04,,,WorthPoint
iridium,Antique Two-Color Feather Pen Quill Pen Dip Pen With Envelope Writing Paper C...,30.01,2025-12-04,,,WorthPoint
iridium,Iridium Metal Pellet Periodic Table Element Collection 1.00 Gram 99.95% Pure,373.53,2025-12-04,1,373.53,WorthPoint
iridium,Ignition Coil Pack & Iridium Spark Plugs UF270 For Jeep Dodge Liberty Grand C...,49,2025-12-04,,,WorthPoint
iridium,Kershaw Mini Iridium Folding Pocket Knife New 2051WMX,49.99,2025-12-03,,,WorthPoint
iridium,Kershaw Iridium Folding Knife,35,2025-12-03,,,WorthPoint
iridium,Kershaw Iridium 2038WMX Folding Pocket Knife New!,39.99,2025-12-03,,,WorthPoint
iridium,Small Lot Of Pens Including Retro 51 Tornado And Fisher Space Pen And Randoms,30,2025-12-03,,,WorthPoint
iridium,Ignition Coils & Iridium Spark Plugs Set UF553 UF595 For Ford Lincoln 3.5L 3.7L,56.99,2025-12-03,,,WorthPoint
iridium,Kershaw 2051TI-Mini Iridium-S35VN PE Blade-Titanium Handles,83,2025-12-03,,,WorthPoint
iridium,Set Of 6 Iridium Spark Plugs & Ignition Coils 3.5 EcoBoost V6 Ford F-150,198.95,2025-12-03,,,WorthPoint
iridium,Big Ben BENCO 5 Pen Lot Black Danish Denmark Fountain Pen Button Filler Complete,75,2025-12-03,,,WorthPoint
iridium,Ignition Coil Pack √ó 4 And Spark Plug √ó 4 FIT GM 2.0/2.2/2.4 L L4 ‚Äî Chevrolet,76.45,2025-12-03,,,WorthPoint
iridium,"ECCPP 4 Ignition Coils With 4 Iridium Spark Plugs,UF817,for Hyundai Elantra 2017",100.91,2025-12-03,,,WorthPoint
iridium,138mm Wing Sung 601 Steel Cap Vacumatic Fountain Pen F Nib 0.5mm Ink Pen B,19.94,2025-12-03,,,WorthPoint
iridium,Vintage Fountain Pen Iridium Point Made In Italy Brown Marble & Gold Color Trim,14,2025-12-03,,,WorthPoint
iridium,2025 Hot Wheels AcceleRacers Silver Series 1/5 IRIDIUM Gray W/Chrome A6 Spokes,14.25,2025-12-03,,,WorthPoint
iridium,"""TYCO/Mattel Slot Car #R6941 Power Speed Raceway ACCELERACERS """"IRIDIUM"""" - RUNS""",35.01,2025-12-03,,,WorthPoint
iridium,"Warhammer 40,000: T'au Empire - Farsight Cadre Holiday Battleforce",212.5,2025-12-02,,,WorthPoint
iridium,"Warhammer 40k 40,000 T'au Empire Battleforce Farsight Cadre 71-56 New",212.5,2025-12-02,,,WorthPoint
iridium,6 Pc DENSO Iridium Power Spark Plugs Compatible With Toyota Sienna 3.5L V6 20...,109.99,2025-12-02,,,WorthPoint
iridium,Parker Duofold International Nib Unit BROAD Banner Style,185,2025-12-02,,,WorthPoint
iridium,Breyer Classic Elements Series Horses Terran & Iridium Lot Of 2,29.99,2025-12-02,,,WorthPoint
iridium,Norev 2024 Mercedes-Benz G-Class W463A Iridium Silver 1:18 183030,169.99,2025-12-02,,,WorthPoint
iridium,Set Of 2 Breyer Classic Elements Series Horses Terran & Iridium - NEW!,49.99,2025-12-02,,,WorthPoint
iridium,Genuine Meteorite And Display Cube 11.1 Gram Campo Del Cielo Meteorite With COA,34.99,2025-12-02,11.1,3.15,WorthPoint
iridium,Vintage Fountain Pen - Voyager By MINKA- Black Marble Like Finish IRIDIUM POINT,9.99,2025-12-02,,,WorthPoint
iridium,42 Spark Plugs For Platinum Recovery: 4 Lbs PLAT ... Shipping Options,19.6,2025-12-02,,,WorthPoint
iridium,"Wahl Oxford #5 Fountain Pen Nib, Worn",35.96,2025-12-02,,,WorthPoint
iridium,AGOUDAL Iron Meteorite Specimen Natural Patina Authentic IMILCHIL MOROCCO,13.59,2025-12-02,,,WorthPoint
iridium,6 Pc DENSO Iridium TT Spark Plugs Compatible With Toyota Highlander 3.5L V6 2008,112.47,2025-12-02,,,WorthPoint
iridium,Vintage Burgundy Cracked Ice Fountain Pen W/ Kramaloy Iridium Tipped Nib.,9.95,2025-12-02,,,WorthPoint
iridium,"Autolite Iridium XP Automotive Replacement Spark Plugs, XP5682 (4 Pack)",16.13,2025-12-02,,,WorthPoint
iridium,"Fountain Pen,luxury Pens,Fine Point Smooth Writing Pens For Journaling Fancy ...",28.56,2025-12-02,,,WorthPoint
iridium,TWSBI Eco Indigo Blue With Bronze Trim Fountain Pen,55.99,2025-12-01,,,WorthPoint
iridium,Buckingham Palace Fountain Pen And Ball Pen Set,59,2025-12-01,,,WorthPoint
iridium,Vogue Gray And Red Streak Marble Fountain Pen (K12),19.5,2025-12-01,,,WorthPoint
iridium,"3 Ea. Cartridge Fountain Pen Nibs, 1- Iridium Med. 1-Dayacom Med. 1-Iridium B",22.95,2025-12-01,,,WorthPoint
iridium,#147 Blue Aluminum Kershaw 2051 Mini-Iridium D2 KVT Drop Point Duralock Knife,45,2025-12-01,,,WorthPoint
iridium,*Mint* Diecast Club Mercedes 2016 G500 4x4 - Iridium Silver,50,2025-12-01,2016,0.02,WorthPoint
iridium,"New, Sealed Hot Wheels Iridium Acceleracers (McDonald's Happy Meal)",19.99,2025-12-01,,,WorthPoint
iridium,Herpa Mercedes Benz E Class Car Iridium Silver 1:87 Scale HO (HO6779),34.99,2025-12-01,,,WorthPoint
iridium,Celluloid Piston Fill Fountain Pen 30s 40s For Restauration Waterman? Kaweco?,50,2025-12-01,,,WorthPoint
iridium,VTG. Mabie Todd New York Telescopic Dip Pen. 14K Super Flexi Nib. C: 1895,64,2025-12-01,,,WorthPoint
iridium,Lot Of 10 Medium Fountain Pen Nib Assembly- Iridium Germany-c,14.95,2025-11-30,,,WorthPoint
iridium,"Diamond And Opal Ring In Platinum, George Teufel & Sons, Buffalo NY",2250,2025-11-30,,,WorthPoint
iridium,Kershaw Iridium Folding Pocket Knife 3.4 In D2 Steel Blade,30,2025-11-30,,,WorthPoint
iridium,"Vintage Skelly Supreme (3) 1 Qt Empty Motor Oil Cans Blue, Gold Iridium, Red",25.5,2025-11-30,,,WorthPoint
iridium,Benu Vodka On The Rocks FiEuphoria Fountain Pen - Euphoria. EUC. Glitter Sparkle,83,2025-11-30,,,WorthPoint
iridium,Calligraphy Retro Dip Feather Quill Patents Ink Illustration Gift Pen Set NBU,34.75,2025-11-30,,,WorthPoint
iridium,"ECCPP 4 Ignition Coils With 4 Iridium Spark Plugs,UF814,coils Packs,for Mitsubis",99.99,2025-11-30,,,WorthPoint
iridium,Senator Iridium Nib Medium Fountain Pen,20,2025-11-30,,,WorthPoint
iridium,BOSCH 96321 OE Fine Wire Double Iridium Spark Plug - Pack Of 4,46.15,2025-11-30,,,WorthPoint
iridium,Traveller- Double Adventure 6 Divine/Night Of Conquest W/Deck Plans Play Copy FS,12.21,2025-11-30,,,WorthPoint
iridium,Authentic Aireon Flight 9 - Iridium-9 - SPACEX Falcon-9 Launch- USSF-VSFB- PATCH,12.95,2025-11-30,,,WorthPoint
iridium,"German FOUNTAIN PEN RESIN, Butterflies, Iridium Point, CONVERTER",42,2025-11-30,,,WorthPoint
iridium,"German FOUNTAIN PEN, Iridium Point, CONVERTER",35,2025-11-30,,,WorthPoint
iridium,German FOUNTAIN PEN Iridium Point,27,2025-11-30,,,WorthPoint
iridium,"New 2025 Hot Wheels Acceleracers Silver Series, Lot Of (5) Revert, RD-09 + Other",23.98,2025-11-30,,,WorthPoint
iridium,"Jeff Beck - Rock N' Roll Party: Honoring Les Paul(180g Vinyl 2LP), Friday Music",50,2025-11-29,180,0.28,WorthPoint
iridium,Gillette Super 109 - O2 1969 - VTG Adjustable Safety Razor,75,2025-11-29,,,WorthPoint
iridium,Cerebrum - Iridium CD 2020 Progressive Metal Transcending Obscurity,9,2025-11-29,,,WorthPoint
iridium,Mont Blanc Pens 2 Fountain 1 Ballpoint Unknown If Authentic,147.13,2025-11-29,,,WorthPoint
iridium,Pure 99.9% Iridium Metal .42 Grams Super Rare Platinum Group BEST PRICE ON EBAY,95,2025-11-29,42,2.26,WorthPoint
iridium,Pure 99.9% Iridium Metal 2.44 Grams Super Rare Platinum Group BEST PRICE ON EBAY,475,2025-11-29,2.44,194.67,WorthPoint
iridium,Pure 99.9% Iridium Metal One Full Ounce (31.12 Grams) Super Rare Platinum Group,5550,2025-11-29,31.12,178.34,WorthPoint
iridium,Serviced RETRO 51 TORNADO Fountain Pen‚Ä¢Onyx‚Ä¢Full Box Parker Quink Cart‚Ä¢M Nib,31,2025-11-29,,,WorthPoint
iridium,NEW! YES Fanzine #6 PLUS FREE C.D. Alan White TRIBUTE Anderson Howe Squire Moraz,11,2025-11-29,,,WorthPoint
iridium,41-110 Iridium Spark Plugs And 48322 Spark Plug Wires Compatible With 5.3 6.0L 6,47.99,2025-11-29,,,WorthPoint
iridium,23.4 Grams Alamo Nevada Meteorite Impact Breccia Unpolished Slice With Info Card,6.99,2025-11-29,23.4,0.3,WorthPoint
iridium,Breyer Horse Classics Freedom Series Elements SET OF 5 Kai Brandell More,179.99,2025-11-29,,,WorthPoint
iridium,(x262-74) 5 G Campo Del Cielo Iron Meteorite 1576 Shrapnel Fragment Specimen,10.49,2025-11-29,5,2.1,WorthPoint
iridium,X262-350) 9 G Campo Del Cielo Iron Meteorite 1576 Octahedrite Fragment Specimen,16.09,2025-11-29,9,1.79,WorthPoint
iridium,Venice Gray Lightning Fine Quality Fountain Pen Pen 3088,7,2025-11-29,,,WorthPoint
iridium,Mercedes Benz E Class Cabriolet 1:18 NOREV - Iridium Silver Metallic,49.95,2025-11-29,,,WorthPoint
iridium,Marquis By Waterford Fountain Pen Prism Iridium Point NIB USA,49.99,2025-11-29,,,WorthPoint
iridium,Iridium Folding Knife D2 Carbon Steel,39.99,2025-11-29,,,WorthPoint
iridium,New Hero Fountain Pen Set 2pcs (H-1) Product Liquidation Sale. Free Shipping.,16.99,2025-11-28,,,WorthPoint
iridium,LRP 35031 - Platinum/Iridium R3 Standard Glow Plug,11.68,2025-11-28,,,WorthPoint
iridium,"Iridium Point Germany Wood Body Pen, Writing Instrument 5.5 In Length",19.98,2025-11-28,,,WorthPoint
iridium,NWT Vintage 80's Blade Sports/ski Sunglasses W/Foam Top Bar & Adjustable Temples,39.99,2025-11-28,,,WorthPoint
iridium,"GREG KOCH - Blues (Factory Sealed VINYL, 2024) *New Release *Official Listing",29.98,2025-11-28,,,WorthPoint
iridium,6 Mopar SP149125AE Iridium Spark Plugs For 11-21 Dodge RAM JEEP 3.6L,23.52,2025-11-28,,,WorthPoint
iridium,Iridium Vintage Fountain Pen 14k Tip Green Celluloid Top Hangy Thing (pen28),30,2025-11-28,,,WorthPoint
iridium,Kershaw Knife Iridium DuraLock 2038 KVT Gray Aluminum D2 Steel Pocket Knives,38.99,2025-11-28,,,WorthPoint
iridium,Waterman Ballpoint Pen W/ Box + Campo Marzio & Wood Pens Lot Of 4 Mixed Pens,49.5,2025-11-28,,,WorthPoint
iridium,Conklin Endura Abalone Shell Limited Edition 1898 Gunmetal Trim Rollerball Pen,75,2025-11-28,1898,0.04,WorthPoint
iridium,KERSHAW IRIDIUM Carbon Fiber M390 Spear Point 2038CFM390 Limited Ed. NEAR MINT!,179.99,2025-11-28,,,WorthPoint
iridium,6 Pc Iridium IX Spark Plugs Compatible With Ford F-150 3.5L V6 ... Fast Ship,65.99,2025-11-28,,,WorthPoint
iridium,Norev 1/18 Mercedes-Benz G-Class 2024 Iridium Silver 183030,169.99,2025-11-28,,,WorthPoint
iridium,Set Of 6 Ignition Coil Pack And Iridium Spark Plugs Compatible With Ford Escape,99.99,2025-11-28,,,WorthPoint
iridium,Gillette Slim Adjustable L3 1966 VTG DE Safety Razor,120,2025-11-28,,,WorthPoint
iridium,"Iridium Platinum Spark Plugs Compatible With Audi Q5 2013-2017, Q7, A6",55.98,2025-11-28,,,WorthPoint
iridium,Antique Edward Todd & Co. A No. 3 Dip Pen Fountain Nib Only Pat. On Back 1887,249,2025-11-28,,,WorthPoint
iridium,Kaweco Classic Sport Fountain Pen - Black - Fine 10000004 NEW,24,2025-11-28,,,WorthPoint
iridium,Ignition Coil Pack And Iridium Spark Plugs For 3.5 EcoBoost V6 F150 F-150 Flex T,147.78,2025-11-28,,,WorthPoint
iridium,2025 Hot Wheels Silver Series: ACCELERACERS - Full Set Of 5 (Retro 2005 Series),29.99,2025-11-28,,,WorthPoint
iridium,Rhenium One Ounce 99.95% Pure RE (sealed) ‚Äúthe Next Rhodium‚Äù,386,2025-11-27,,,WorthPoint
iridium,Lebouef Pilgrim Kaleidoscope Fountian Pen - M Nib,100,2025-11-27,,,WorthPoint
iridium,Vtg 3 Fountain Pens/ Diplomat Germany 1922 M/iridium Germany/waterman France,25,2025-11-27,,,WorthPoint
iridium,Set Of 4 Ignition Coil Pack And Iridium Spark Plug For 2.4L 2002-2009 Toyota Cam,108.66,2025-11-27,,,WorthPoint
iridium,Gillette Black Handle Super Speed W4 1976 VTG DE Safety Razor,52,2025-11-27,,,WorthPoint
iridium,Wingback Pocket Fountain Pen Steel Fine Iridium Tipped Nib Silver NWOT Writing,135,2025-11-27,,,WorthPoint
iridium,Waterman Ideal No. 7 Red Ripple Fountain Pen With Flexible Pink Nib,1375,2025-11-27,,,WorthPoint
iridium,2000 Montegrappa Oriental Zodiac Millennium Dragon Sterling Ltd Ed Fountain Pen,1400,2025-11-27,,,WorthPoint
iridium,1 Set 1/8 RC Car Exhaust Pipe For HSP HPI Redcat Model Car/SH GO 21 28 Engine Q,21.99,2025-11-27,,,WorthPoint
iridium,Iridium Spark Plugs And Wires Set For Chevy 5.3L Silverado 1500 Suburban Avalanc,66.55,2025-11-26,,,WorthPoint
iridium,Vtg Iridium Point Nib Cloisonn√© Fountain Pen Chinese Golden Star Original Box,49,2025-11-26,,,WorthPoint
iridium,Autolite Iridium XP Spark Plugs 4 Pack Extended Change Interval 100000 Miles,16.59,2025-11-26,,,WorthPoint
iridium,Gillette Slim Adjustable J2 1964 Vintage DE Safety Razor,75,2025-11-26,,,WorthPoint
iridium,SPACEX Iridium-2 FALCON 9 Launch Satellite Mission Authentic Patch,19.5,2025-11-26,,,WorthPoint
iridium,"""Kershaw Iridium Folding Knife 3.5"""" Bohler M390 Steel Blade Carbon Fiber Handle""",155.89,2025-11-26,,,WorthPoint
iridium,"BIRDSONGS OF THE MESOZOIC The Iridium Controversy, HDCD,Prog",15,2025-11-26,,,WorthPoint
iridium,Motorola Iridium 9500 Series Satellite Phone UNTESTED PARTS ONLY,125,2025-11-26,,,WorthPoint
iridium,Kershaw 2038BLK Iridium DuraLock D2 Black Anodized Aluminum Folding Knife,44.95,2025-11-26,,,WorthPoint
iridium,16 Piece Iridium Spark Plug Set Compatible With Dodge Jeep Ram 5.7L V8,114.9,2025-11-25,,,WorthPoint
iridium,"Hongdian D1 Piston Fountain Pen Fine Nib, Hollow 1 Count (Pack Of 1), Silver",35.36,2025-11-25,,,WorthPoint
iridium,Seven Fountain Pens,210,2025-11-25,,,WorthPoint
iridium,Gillette 1916 Aristocrat Single Ring Silver Plated VTG DESafety Razor,199,2025-11-25,,,WorthPoint
iridium,"Mixed Lot Fountain Pens Conway Stewart,parker,watermans,unique For Repair",79,2025-11-25,,,WorthPoint
iridium,Nine (9) NEW Megatech Glow Plugs For Model Airplanes,37.77,2025-11-25,,,WorthPoint
iridium,"""Waterman Fountain Pen; """"Red Ripple""""; Original Nib; Ca. 1920's; Model 52?""",204.38,2025-11-25,,,WorthPoint
iridium,"""Waterman Fountain Pen; """"52 1/2 V""""; Black; Ringtop; Original """"2"""" Nib; Ca. 1920's""",72,2025-11-25,,,WorthPoint
iridium,Parker Parkette Vintage Fountain Pen Iridium Tip Nib Black Red Pearl Gold Trim D,9.99,2025-11-25,,,WorthPoint
iridium,Bittydesign 1/8 Body Clips (Green) [BDYBC-88GR],5.99,2025-11-24,88,0.07,WorthPoint
iridium,Acrylic Resin Classic Wing Sung 629 Fountain Pen F Iridium Nib 0.5mm Office,31.98,2025-11-24,,,WorthPoint
iridium,Raphael Sterling Silver .925 Fountain Pen,95,2025-11-24,,,WorthPoint
iridium,Warhammer 40K T'AU EMPIRE: FARSIGHT CADRE Battleforce Box,200,2025-11-24,,,WorthPoint
iridium,Diamondcast Ballpoint & Fountain Pen Set | White And Black Acrylic | Magnetic,52,2025-11-24,,,WorthPoint
iridium,51.6 Grams Alamo Nevada Meteorite Impact Breccia Unpolished Slice With Info Card,19.21,2025-11-24,51.6,0.37,WorthPoint
iridium,WOODGRAIN PEN 14 CT GOLD Nib And AUTOPOINT PENCIL With GOLD FILLED TRIM,49,2025-11-24,2.8,17.5,WorthPoint
iridium,"""Kershaw Mini Iridium 3"""" Folding Knife 2051/D2 W/ Ice Blue Aluminum Handle""",59.99,2025-11-24,,,WorthPoint
iridium,NEW 2012 Oakley Goggles Splice Snow Jet Black & Silver Iridium Lens O Frame M/L,125,2025-11-24,,,WorthPoint
iridium,Black Titanium Pocket Clip W/Stainless Screws For Kershaw 2038 Iridium Knife,31.44,2025-11-24,,,WorthPoint
iridium,Classic Vintage Wing Sung 601 Steel Cap Vacumatic Fountain Pen F 0.5mm Ink Pen,18.71,2025-11-24,,,WorthPoint
iridium,NASA Iridium 15th Launch Motorola Satellite Gold Tone Lapel Pin,13.99,2025-11-23,,,WorthPoint
iridium,"(7544) CR7HIX Iridium IX Spark Plug, Pack Of 1",11.81,2025-11-23,,,WorthPoint
iridium,"VTG Pen Lot Of 3 Parker, ANOX, CHROM For Parts Or Repair",36,2025-11-23,,,WorthPoint
iridium,Feather Pen Calligraphy Pen And Ink Set Antique Quill Pen Refillable Ink Dip...,18.75,2025-11-23,,,WorthPoint
iridium,Montegrappa Piacere Rollerball Black ‚Äì NOS ‚Äì No Box/Papers ‚Äì Free Leather Pouch,111.99,2025-11-23,,,WorthPoint
iridium,Set Of 4 Ignition Coil UF652 And Iridium Spark Plug 93815 Compatible With Hyu,57.99,2025-11-23,,,WorthPoint
iridium,14KT Extra FINE NIB Vintage Fountain Pen Sheaffer STYLIST Pen Parts USA 404-505,33,2025-11-23,,,WorthPoint
iridium,Hot Wheels Silver Series Acceleracers 1/5 - Iridium,8,2025-11-23,,,WorthPoint
iridium,1/18 GT Spirit Mercedes Benz C63 AMG ( W204 ) From 2008 In Iridium Silver GT462,149.95,2025-11-23,18,8.33,WorthPoint
iridium,üî¥ PELIKAN Staff Fountain Pen Green School Stylus M Vintage,46.08,2025-11-23,,,WorthPoint
iridium,Pat Travers Band - Live At The Iridium NYC (CD/Italian Import/VG Pre-owned),23.99,2025-11-23,,,WorthPoint
iridium,Gillette Fat Boy Adjustable E3 1959 VTG DE Safety Razor,135,2025-11-23,,,WorthPoint
iridium,Ignition Coil Pack And Iridium Spark Plug Compatible With Nissan Altima Rogue Se,89.8,2025-11-23,,,WorthPoint
iridium,Silver Jinhao 35 Fountain Pen Extra Fine EF Nib 0.38mm Office Writing Gifts,9.4,2025-11-23,,,WorthPoint
iridium,Vintage 1940's Eversharp Skyline Fountain Pen - 14k Nib - 14 K Gf Cap Unrestored,39.99,2025-11-23,,,WorthPoint
iridium,UF596 Ignition Coil Pack UF596 & Iridium Spark Plug For 2009 2010 2011 Toyota Co,63.06,2025-11-22,,,WorthPoint
iridium,Kershaw Iridium 2038WMX Folding Pocket Knife ~ BRAND NEW ~ SHIPS FREE,48.99,2025-11-22,,,WorthPoint
iridium,Serviced WEAREVER SUPREME Fountain Pen‚Ä¢Lever‚Ä¢Green Moss Agate‚Ä¢IRIDIUM M Nib,15.5,2025-11-22,,,WorthPoint
iridium,New Esterbrook Fountain Pen Nib Only- 1550 - EXTRA FINE Nib + Nib Chart.,14.99,2025-11-22,,,WorthPoint
iridium,Vintage RARE HERO No.330 Extra Fine Fountain W/Iridium Tipped Ni (Original Case),12.5,2025-11-22,,,WorthPoint
iridium,"Lot Of 5 Knives Kershaw Iridium,Balken,CRKT Fossil,Civivi , Swisstech AUS-8 #",99.99,2025-11-22,,,WorthPoint
iridium,Vintage Minka Black Fountain Pen With Iridium Point Nib Germany,29.95,2025-11-22,,,WorthPoint
iridium,8.61 Grams 29mm SIKHOTE ALIN Russian Meteorite With A COA And Info Card,32.99,2025-11-22,8.61,3.83,WorthPoint
iridium,Vintage Pearlescent Streaked Lever Fill Fountain Pen / Pencil Combo,14.95,2025-11-22,,,WorthPoint
iridium,"Lot Of 5 Knives Kershaw Iridium,Civivi Conspirator & Altus,SOG,Swisstech AUS-8 *",99.99,2025-11-22,,,WorthPoint
iridium,5.93 Grams 23mm SIKHOTE ALIN Russian Shrapnel Meteorite With A COA And Info Card,15.99,2025-11-21,5.93,2.7,WorthPoint
iridium,Brand New 2022 LeBOEUF PILGRIM SERIES FOUNTAIN PEN Desert Yellow Pearl F Or M,160,2025-11-21,,,WorthPoint
iridium,A-Premium (Red) Set Of 8 Ignition Coil Pack And Iridium Spark Plugs Compatible W,124.88,2025-11-21,,,WorthPoint
iridium,1.99 Grams~SIKHOTE ALIN Iron METEORITE Shrapnel~HISTORIC Fall Of 1947 Russia!,5.99,2025-11-21,1.99,3.01,WorthPoint
iridium,108 Grams Alamo Nevada Meteorite Impact Breccia Unpolished Slice With Info Card,34.71,2025-11-21,108,0.32,WorthPoint
iridium,31.9 Grams Alamo Nevada Meteorite Impact Breccia Unpolished Slice With Info Card,7.99,2025-11-21,31.9,0.25,WorthPoint
iridium,RC10T Iridium Carbon Fiber Holographic Glitter 5piece Set,62.99,2025-11-21,,,WorthPoint
iridium,Vintage Libelle Fountain Pen Germany Iridium Point,24.49,2025-11-21,,,WorthPoint
iridium,TWSBI Eco Clear Fountain Pen,37,2025-11-21,,,WorthPoint
iridium,"Lot Of 5 Knives Kershaw Iridium,CRKT M16-01KS,Civivi Elementum,Praxis & Banter 1",99.99,2025-11-21,,,WorthPoint
iridium,Genuine Meteorite And Display Cube 16.2 Gram Campo Del Cielo Meteorite With COA,39.99,2025-11-21,16.2,2.47,WorthPoint
iridium,Hot Wheels Acceleracers Silencers Lot Of 6 Cars,165.5,2025-11-21,,,WorthPoint
iridium,Vintage Platinum Glamour Fountain And Ink Pen Set In Case,44.95,2025-11-21,,,WorthPoint
iridium,"Lot Of 5 Knives Kershaw Iridium,CRKT Pilar ,Civivi Conspirator,Praxis & Atlus 2",99.99,2025-11-21,,,WorthPoint
iridium,"NGK LFR5AIX Iridium IX Buj√≠a, LFR5AIX-11 # 4469, 6 Unidades",71.7,2025-11-21,,,WorthPoint
iridium,Sheaffer Vintage Stainless Steel Broad Screw In Nib With Section--NEW OLD STOCK,15.76,2025-11-21,,,WorthPoint
iridium,Sheaffer Vintage Stainless Steel G-1 Nib With Screw In Section---NEW OLD STOCK,15.76,2025-11-21,,,WorthPoint
iridium,1930s PARKER #16 Nib‚óáDELUXE CHALLENGER Fountain Pen‚óáRare PEARALIZED Beauty,79.95,2025-11-21,,,WorthPoint
iridium,LRP Works Team Turbo Glow Plug (WT4) [LRP35145],17.99,2025-11-20,,,WorthPoint
iridium,Campo Del Cielo Iron Meteorite Crystal: Under 2 Grams,11,2025-11-20,2,5.5,WorthPoint
iridium,"Art Deco Platinum, Diamond, & Sapphire Bracelet",6300,2025-11-20,,,WorthPoint
iridium,"SKAGEN Retro 51 Convertible Fountain Pen Roller Ball Charcol, M Schmidt Iridium",99.99,2025-11-20,,,WorthPoint
iridium,Meteorite And Display Cube 6.1 Gram Genuine Campo Del Cielo Meteorite With COA,29.99,2025-11-20,6.1,4.92,WorthPoint
iridium,Kaweco Classic Sport Fountain Pen - Green - BB,22,2025-11-20,,,WorthPoint
iridium,"An Art Deco Ceylon Star Sapphire And Diamond Ring, Featuring A Domed Cabochon Sapphire Of 44.50ct,...",8033.02,2025-11-20,8.9,902.59,WorthPoint
iridium,Meteorite And Display Cube 6.5 Gram Genuine Campo Del Cielo Meteorite With COA,29.99,2025-11-20,6.5,4.61,WorthPoint
iridium,Mid-Century EVERSHARP FOUNTAIN PEN - MAROON - 14K GOLD BANNER NIB - Mild Flex,55,2025-11-20,,,WorthPoint
iridium,"Impact Breccia From The Serpent Mound Impact Structure/Crater - Adams County, OH",15,2025-11-20,,,WorthPoint
iridium,Ignition Coil Pack And Iridium Spark Plugs Compatible For Jeep Cherokee 2014-...,113.58,2025-11-20,,,WorthPoint
iridium,Hermes Fine Refill For Nautilus Fountain Pen Iridium Point 18-carat Gold Nib,350,2025-11-20,,,WorthPoint
iridium,"Conklin #4 Nib, Flawed Iridium To One Tine",55.99,2025-11-20,,,WorthPoint
iridium,Meteorite And Display Cube 11.1 Gram Genuine Campo Del Cielo Meteorite With COA,34.99,2025-11-20,11.1,3.15,WorthPoint
iridium,Brioni Silver Fountain Pen,22.5,2025-11-20,,,WorthPoint
iridium,2.78 Grams 22mm SIKHOTE ALIN Russian Meteorite With A COA And Info Card,15.5,2025-11-20,2.78,5.58,WorthPoint
iridium,6 Grams 18mm SIKHOTE ALIN Russian Meteorite With A COA And Info Card,22.99,2025-11-20,6,3.83,WorthPoint
iridium,9.86 Grams 20mm SIKHOTE ALIN Russian Meteorite With A COA And Info Card,37.99,2025-11-20,9.86,3.85,WorthPoint
iridium,Beautiful Vintage BUECHE GIROD MINKA Iridium Point Fountain Pen,29.95,2025-11-20,,,WorthPoint
iridium,Kershaw 2038 Iridium D2 Blade Self-defense Everyday Carry Budget High-end Knife,39.74,2025-11-19,,,WorthPoint
iridium,Hot Wheels Silver Series: ACCELERACERS - Full Retro Set Of 5 - New For 2025,32.99,2025-11-19,,,WorthPoint
iridium,Iridium Point Germany Fountain Pen Silver Tone LNC,24.99,2025-11-19,,,WorthPoint
iridium,Monaggio Bamboo Fountain Calligraphy Pen With Case Luxury Wood Iridium Nib,29.95,2025-11-19,,,WorthPoint
iridium,"Nib Replacement: ESTERBROOK 9556, Durachrome, Firm Fine, Iridium Tip, NOS",35,2025-11-19,,,WorthPoint
iridium,Rhenium Bullion .9999 Pure,3150,2025-11-19,,,WorthPoint
iridium,"Stratford Regency Fountain Pen (3), IRIDIUM Nib, Green & Black VINTAGE LOT L@@K!",18,2025-11-19,,,WorthPoint
iridium,FOUNTAIN PEN NIB (M) ASSEMBLY-Germany Iridium Nib-Model E,6.99,2025-11-19,,,WorthPoint
iridium,"Jinhao 9019 Dadao Fountain Pen, Gold Trim, #8H Nib, Ivory",16.99,2025-11-19,,,WorthPoint
iridium,1981 Mount Saint Helen‚Äôs Ashes Iridescent Blue & White Iridium‚Äôs Art Glass Vase,45,2025-11-19,,,WorthPoint
iridium,Vintage Onward Marbled Multi Color Fountain Pen - Patent Date 101042 Iridium Nib,10.5,2025-11-19,,,WorthPoint
iridium,Montblanc Brocade Silver Fountain Pen With Iridium Tip Germany,51,2025-11-19,,,WorthPoint
iridium,Pack Of 6 Duble Iridium 12622561 ILTR6E11 Spark Plugs For Buick All... Fast Ship,34.99,2025-11-18,,,WorthPoint
iridium,Motorevo FD503 Ignition Coils + 3403 Iridium Spark Plugs,104,2025-11-18,,,WorthPoint
iridium,Retro 51 Tornado Fountain Pen-Postmaster,175,2025-11-18,,,WorthPoint
iridium,Rare 1 Year Only Tyco Slot Car Bodies - Iridium Accele Racer/Hot Wheels #8 L@@K!,69.99,2025-11-18,,,WorthPoint
iridium,3 Huge Sheaffer 14K Fountain Pen Nibs ~ 7-8 Dwt Each~ Med & Fine/Firm You Get 3,235.28,2025-11-18,,,WorthPoint
iridium,Parker Vacumatic Maxima Fountain Pen Nib ~ Nice ~ Rigid F-Med,87.28,2025-11-18,,,WorthPoint
iridium,Sheaffer 71 Medium & West German Iridium Point Wood Fountain Pen With Box D3,29.95,2025-11-18,,,WorthPoint
iridium,Wancai Mini Eyedropper Fountain Pen Transparent Pocket-Size Fine Nib 0.5mm,33.23,2025-11-18,,,WorthPoint
iridium,Stipula Adagio Fountain Pen In Seagreen With Medium Iridium Point Nib,150,2025-11-18,,,WorthPoint
iridium,PARKER 51 Vintage Fountain Pen - BLACK JEWEL - See Pics,34.95,2025-11-18,,,WorthPoint
iridium,"Iridium Spark Plugs 8 Pack 4469 LFR5AIX11 Fit For 5.7 Ram 1500 2500 3500, Dodge",49.94,2025-11-18,,,WorthPoint
iridium,"""70.6 Grams~SIKHOTE ALIN~Iron METEORITE~Whole~""""Special No Reserve Auction""""""",91,2025-11-18,70.6,1.29,WorthPoint
iridium,"Set Of 3 NGK 94201 Laser Iridium Spark-plugs For MINI 1.2, 1.5 & BMW 1.5, 3.0",43.9,2025-11-18,,,WorthPoint
iridium,Acceleracers For Stephan-msdn,126,2025-11-18,,,WorthPoint
iridium,"Kershaw 2038 Iridium DuraLock KVT Folding Knife, D2 Spear Point Blade #14",25,2025-11-17,,,WorthPoint
iridium,Iridium IX Spark Plugs 93911 4 Pack Fit Mercedes-Benz Dodge Mitsubishi Vehicles,43.7,2025-11-17,,,WorthPoint
iridium,Vintage 14kt Gold Nib Kondo & Co THE SNOW PEN Fountain Pen AS IS,13.93,2025-11-17,,,WorthPoint
iridium,Sheaffer Stylist Black & Stainless Steel Fountain Pen - Broad Nib - C. 1960's,35,2025-11-17,,,WorthPoint
iridium,ACDELCO GM Original Equip Iridium Spark Plug Chevrolet Buick GMC Cadillac 41-114,11.22,2025-11-17,,,WorthPoint
iridium,Vintage Rare Wooden Quill Limited Edition Annapolis MD Fountain Pen,285,2025-11-17,,,WorthPoint
iridium,Luxury Black Steel With Bronze Trim Fountain Pen Fine (F) Nib,15.99,2025-11-17,,,WorthPoint
iridium,2.60 Grams 14mm SIKHOTE ALIN Russian Shrapnel Meteorite With A COA And Info Card,7.69,2025-11-17,2.6,2.96,WorthPoint
iridium,"Capella Green & Gold Fountain Pen ‚Äì Iridium Point Germany, Includes Case",21,2025-11-17,,,WorthPoint
iridium,Hand Crafted Lathe Turned Premium Fountain Pen Vertex Supreme Chrome Gold Earth,45,2025-11-17,,,WorthPoint
iridium,Hand Crafted Lathe Turned Executive Fountain Pen Magnetic Graduate Patina Copper,36,2025-11-17,,,WorthPoint
iridium,Vintage Lot Of 8 Various Collectible Fountain Pens Esterbrook Eversharp Wearever,56,2025-11-17,,,WorthPoint
iridium,Vintage 1946 Amber Parker Vacumatic Fountain Pen W 14K Gold Fine Arrow Nib,92,2025-11-17,,,WorthPoint
iridium,Parker Jack Knife Safety Pen Bakelite Lucky Curve Eyedropper Filler,250,2025-11-17,,,WorthPoint
iridium,"T'au Empire - Farsight Cadre Battleforce: GW Warhammer 40k Preorder, Ships 11/28",212.5,2025-11-16,,,WorthPoint
iridium,Vintage Pen Lot MINKA IRIDIUM POINT SPEEDBALL ERO Fountain Pens NIBS USA Germany,20.5,2025-11-16,,,WorthPoint
iridium,Geology Paleontology 1917 Cretaceous Tertiary Boundary Colorado Fossil Plants,21.99,2025-11-16,,,WorthPoint
iridium,"VTG German Iridium Tip Fountain Pen, Acrylic, NEVER FILLED OR USED",39.99,2025-11-16,,,WorthPoint
iridium,Canon Inc. Green Marble Gold Fountain Pen Iridium Point Germany Heavy 1oz+ USED,39.99,2025-11-16,28.35,1.41,WorthPoint
iridium,Warhammer 40k Battleforce: T'au Empire - Farsight Cadre PRESALE,225.01,2025-11-16,,,WorthPoint
iridium,Montefiore Brown Marbled Color Iridium Point Fountain Pen W/ Gold Tone Accents,14.99,2025-11-16,,,WorthPoint
iridium,"3 Pcs Wooden Pens Set With Gift Case/Best Writing, Rosewood / Gold, NEW",14.44,2025-11-16,,,WorthPoint
iridium,Pamp Suisse 1/2oz Ruthenium - 1/500,825.5,2025-11-16,56.7,14.56,WorthPoint
iridium,Kershaw Iridium Premium M390 Carbon Fiber Knife,150,2025-11-16,,,WorthPoint
iridium,Hot Wheels Acceleracers RIdium LOOSE NICE 1/64,35,2025-11-16,,,WorthPoint
iridium,"1920's SUPERIOR Brand, Rare Fountain Pen? With Super Flex Nib, Great User Fun !",49.99,2025-11-16,,,WorthPoint
iridium,Kershaw 2038 Iridium D2,36,2025-11-16,,,WorthPoint
iridium,Kershaw Mini Iridium 2051,36,2025-11-16,,,WorthPoint
iridium,3.84 Grams~SIKHOTE ALIN~Iron METEORITE Shrapnel~HISTORIC Fall Of 1947 Russia!,11.99,2025-11-16,3.84,3.12,WorthPoint
iridium,Kellogg‚Äôs Green Uranium Glass Measuring Cup,36.66,2025-11-15,,,WorthPoint
iridium,Lot Of 10 Two Tone Medium Fountain Pen Nib Assembly- Iridium Germany-e,19.95,2025-11-15,,,WorthPoint
iridium,Vitopardo Silver Italian Fountain Pens Rare,29.99,2025-11-15,,,WorthPoint
iridium,T‚Äôau Empire Battleforce: Farsight Cadre,212.5,2025-11-15,,,WorthPoint
iridium,Genuine Meteorite And Display Cube 8.8 Gram Campo Del Cielo Meteorite With COA,32.99,2025-11-15,8.8,3.75,WorthPoint
iridium,10.5 Grams 33mm SIKHOTE ALIN Russian Shrapnel Meteorite With A COA And Info Card,25.99,2025-11-15,10.5,2.48,WorthPoint
iridium,7.09 Grams 22mm SIKHOTE ALIN Russian Meteorite With A COA And Info Card,28,2025-11-15,7.09,3.95,WorthPoint
iridium,9.35 Grams 24mm SIKHOTE ALIN Russian Meteorite With A COA And Info Card,36.99,2025-11-15,9.35,3.96,WorthPoint
iridium,14 Grams 23mm SIKHOTE ALIN Russian Shrapnel Meteorite With A COA And Info Card,37,2025-11-15,14,2.64,WorthPoint
iridium,8.56 Grams 17mm SIKHOTE ALIN Russian Meteorite With A COA And Info Card,29.99,2025-11-15,8.56,3.5,WorthPoint
iridium,6.59 Grams 23mm SIKHOTE ALIN Russian Meteorite With A COA And Info Card,22.99,2025-11-15,6.59,3.49,WorthPoint
iridium,14.6 Grams 23mm SIKHOTE ALIN Russian Shrapnel Meteorite With A COA And Info Card,38,2025-11-15,14.6,2.6,WorthPoint
iridium,6.31 Grams SIKHOTE ALIN Russian Meteorite With A COA And Info Card,24.99,2025-11-15,6.31,3.96,WorthPoint
iridium,6.40 Grams 25mm SIKHOTE ALIN Russian Meteorite With A COA And Info Card,26,2025-11-15,6.4,4.06,WorthPoint
iridium,21-25T/26T-30T Aluminum Pinion Gear For 1/10 RC Car Brushed Brushless Motor N,15.19,2025-11-15,,,WorthPoint
iridium,Hot Wheels Acceleracers 2005 Iridium McDonalds Silver Diecast Happy Meal Sealed,5,2025-11-15,,,WorthPoint
iridium,4 Pack NGK Iridium IX Spark Plugs 2013-2017 For Honda Accord L4-2.4L,56.77,2025-11-15,,,WorthPoint
iridium,Iridium Point Germany Black And Gold Piston Fountain Pen,18.43,2025-11-15,,,WorthPoint
iridium,"Scriveiner London Fountain Pen ‚Äì Gold Tone, Schmidt Iridium Point, W/ Box",34.79,2025-11-15,,,WorthPoint
iridium,6 Pack NGK Iridium IX Spark Plugs 2011-2014 For Ford Edge 3.7L 3.5L V6,29.77,2025-11-15,,,WorthPoint
iridium,1945-1953 Waterman Stateleigh Taperite Fountain Pen - Wine - Goldtone Cap,49.5,2025-11-15,,,WorthPoint
iridium,10 Piece Ignition Coil And Spark Plug Kit For Dodge Ram Jeep Liberty 3.7L,157.9,2025-11-15,,,WorthPoint
iridium,Handmade Exotic Banksia Pod & Resin Rollerball Or Fountain Pen ART 1569a,115.88,2025-11-14,,,WorthPoint
iridium,HandMade Writing Pen Ball Point Fountain Mini Pine Cone SEE VIDEO 1157a,113.43,2025-11-14,,,WorthPoint
iridium,Copper Stainless Steel Torx Screws For Kershaw 2038 Iridium DuraLock Knife,14.44,2025-11-14,,,WorthPoint
iridium,Luxury Fountain Pen FREE Case Business Writing Gift Ink Black,16.99,2025-11-14,,,WorthPoint
iridium,Kershaw Mini Iridium Dessert Warrior 2051DW Folding 3‚Äù Knife D2 Blade Brand New!,109.95,2025-11-14,,,WorthPoint
iridium,Vintage Southern Pen Co Blue Marble Patterned Fountain Pen/ Pencil Combo-Working,24.95,2025-11-14,,,WorthPoint
iridium,"""Team Associated RC10 """"Kinwald"""" Carbon Rear Shock Tower (Iridium) [ASC6751]""",29.74,2025-11-14,,,WorthPoint
iridium,HandMade Writing Pen Ball Point Fountain Mini Pine Cones SEE VIDEO 1189a,122.43,2025-11-14,,,WorthPoint
iridium,Huashilai 3000 Luxury Brass Fountain Pen W/ Fine Iridium Nib & Diamine Ink,7.95,2025-11-13,,,WorthPoint
iridium,Vintage Ladies Parker Gold Filled Duofold Fountain Pen-look !,167.5,2025-11-13,,,WorthPoint
iridium,Shark Keychain Pocket Knife Bottle Opener Multifunctional Toothpick Fishing Camp,15.95,2025-11-13,,,WorthPoint
iridium,"Schneider Ceod Classic Fountain Pen M (Medium) Iridium Tip, Black Barrel, Eraser",12.73,2025-11-13,,,WorthPoint
iridium,Colibri Mickey Mouse Fountain/Ball Point Convertible Pen Set Iridium Pt.,9.99,2025-11-13,,,WorthPoint
iridium,5pcs 35 X 6mm Replace Fountain Pen Nibs 0.5mm Medium Fine Nib Iridium Tip Gold B,10.51,2025-11-13,,,WorthPoint
iridium,"Hongdian A6 Piston Fountain Pen Fine Soft Nib, Jet Black Hollow Skeleton & Re...",43.54,2025-11-13,,,WorthPoint
iridium,LRP Platinum/Iridium Standard Glow Plug (R3 - Medium/Hot) [LRP35031],9.99,2025-11-13,,,WorthPoint
iridium,#955 Gray GFN Kershaw 2038 Iridium D2 KVT Drop Point Duralock Knife,40,2025-11-13,955,0.04,WorthPoint
iridium,12.9 Grams 23mm SIKHOTE ALIN Russian Shrapnel Meteorite With A COA And Info Card,33,2025-11-13,12.9,2.56,WorthPoint
iridium,6.60 Grams 18mm SIKHOTE ALIN Russian Meteorite With A COA And Info Card,27,2025-11-13,6.6,4.09,WorthPoint
iridium,7.48 Grams 25mm SIKHOTE ALIN Russian Shrapnel Meteorite With A COA And Info Card,22.99,2025-11-13,7.48,3.07,WorthPoint
iridium,4.37 Grams 15mm SIKHOTE ALIN Russian Meteorite With A COA And Info Card,16.99,2025-11-13,4.37,3.89,WorthPoint
iridium,6.33 Grams 24mm SIKHOTE ALIN Russian Meteorite With A COA And Info Card,24.99,2025-11-13,6.33,3.95,WorthPoint
iridium,7.03 Grams 18mm SIKHOTE ALIN Russian Meteorite With A COA And Info Card,25.99,2025-11-13,7.03,3.7,WorthPoint
iridium,Pierre Cardin Fountain Pen Brown Marble Iridum Point Genuine !,79,2025-11-13,,,WorthPoint
iridium,Aldo Domani M Fountain Pen - Ruby Red & Black- High Quality Writing -Germany,14.99,2025-11-13,,,WorthPoint
iridium,Alien ~ The Role Playing Game ~ Building Better Worlds ~ OEJ,30.99,2025-11-13,,,WorthPoint
iridium,Lamy Safari Fountain Pen Blue Or Red - Ink Bottle Gift Set - Limited Edition,34.16,2025-11-13,,,WorthPoint
iridium,Kaweco Fountain Pen Replacement Nib 060 - Black Steel - Extra Fine - NEW In Box,57.95,2025-11-13,,,WorthPoint
iridium,"""""""Pluma Estilografica Punta Mediana | Incluye 24 Cartuchos De Tinta: 12 Negros,1""",20.99,2025-11-13,,,WorthPoint
iridium,"Lot Of Two Vintage Waterman‚Äôs Fountain Pens, One With 14K Waterman‚Äôs Gold Nib",56.88,2025-11-13,,,WorthPoint
iridium,4x Aluminum Hinge Pin Retainers For TRAXXAS-1/5 X-MAXX 8S MONSTER TRUCK-77086-4,11.39,2025-11-13,,,WorthPoint
iridium,4 Pack NGK Iridium IX Spark Plugs 2005-2012 For Subaru Legacy 2.5L H4 2.5L,57.77,2025-11-12,,,WorthPoint
iridium,"Rare Schneider Fountain Pen, ID, Black, Chrome, Purple, 1 Each-Lefty Nib-169308",5,2025-11-12,,,WorthPoint
iridium,"Schneider Inx Sportive Fountain Pen, Blue-Green, Biker, Medium Nib",12.99,2025-11-12,,,WorthPoint
iridium,"""Laban 5.25"""" Long Pair Of CIGAR Fountain Pen/ Ball Point Silver Appear Studded""",63.22,2025-11-12,,,WorthPoint
iridium,Ignition Coil UF401 And Spark Plug NGK4469 Compatible With For INFINITI FX35,134.96,2025-11-12,,,WorthPoint
iridium,Spark Plugs And Wires For Chevy 5.3L Silverado Suburban Avalanche T... Fast Ship,44.99,2025-11-12,,,WorthPoint
iridium,RARE 10 SpaceX NASA Employee Mission Patches Authentic McGregor TX Location.,200,2025-11-12,,,WorthPoint
iridium,Breyer 2024 New Iridium Metal Elements Silver Harper Classic Horse,30.95,2025-11-12,,,WorthPoint
iridium,Hongdian 6016 Natural Wood Fountain Pen Iridium Fine Nib Writing Pen Metal,28.72,2025-11-12,,,WorthPoint
iridium,Warhammer 40k Tau Empire Bits XV8 Crisis Battlesuit Team Iridium Upgrade Set,17.99,2025-11-12,,,WorthPoint
iridium,"Hongdian T1 Titanium Fountain Pen, Iridium Extra Fine Soft Nib Chinese Knot C...",47.16,2025-11-11,,,WorthPoint
iridium,"Hot Wheels Silver Series Acceleracers Slingshot, Revert, Hollowback, Etc SetüÜï",24.5,2025-11-11,,,WorthPoint
iridium,"Hot Wheels Acceleracers Lot W/ 3 Cards Spinebuster, Iridium Original Release",100,2025-11-11,,,WorthPoint
iridium,"""New Purple """"Demonstrator"""" Fountain Pen FINE Gold Nib Piston Filler. Guaranteed!""",19.99,2025-11-11,,,WorthPoint
iridium,Kershaw Iridium 2038WMX Folding Pocket Knife,49.99,2025-11-11,,,WorthPoint
iridium,V800 Fountain Pen ‚Äì Vacuum Filling System With Large Ink Capacity ‚Äì Smooth Numbe,55.08,2025-11-10,,,WorthPoint
iridium,"Luxury Metal Black Fountain Pen, 0.5mm Fine Nib With 5 Ink Cartridges (Gold)",12.99,2025-11-10,,,WorthPoint
iridium,"Feather Pen And Ink Set, Quill Pen Set Antique Dip Pen With Ink And 6 Nibs 6p...",22.86,2025-11-10,,,WorthPoint
iridium,Set Of 6 Ignition Coil Pack UF648 And Iridium Spark Plug Compatible With Chry...,143.83,2025-11-10,,,WorthPoint
iridium,Breyer Classic Elements Series Complete Set Brandell Kai Terran Iridium Teak,175,2025-11-10,,,WorthPoint
iridium,Model Recife Depose Fountain Pen In Brown And Clear Acrylic,44.99,2025-11-10,,,WorthPoint
iridium,Jeff Beck - Rock'n'Roll Party Honoring Les Paul 2CD Live Set VG+,5.49,2025-11-10,,,WorthPoint
iridium,Iridium Spark Plugs 6 Pack 94374 LTR6IX Fit For 2011-2020 Ford F150... Fast Ship,43.99,2025-11-10,,,WorthPoint
iridium,1939 Packard Six Super Eight Twelve Convertible Victoria Paint Chips Dupont,14.99,2025-11-10,,,WorthPoint
iridium,Vintage Pocket Fountain Pens ‚Äì Pencil - Stapler,24.95,2025-11-10,,,WorthPoint
iridium,Vintage 1930's Green Pearl Swirl Celluloid & Gold Fountain Pen - Fine Nib,34,2025-11-10,,,WorthPoint
iridium,Kershaw Knives Iridium DuraLock 2038 KVT D2 Steel Knife NEW With Receipt Ôøº,34.96,2025-11-10,,,WorthPoint
iridium,Pearlescent Green Marble & Gold Button-Filler Fountain Pen - Fine Nib - 1930's,35,2025-11-10,,,WorthPoint
iridium,Metal SIGN 12x18 Gas Station Iridium Spark Plugs Mechanic Garage Sign Wrench,78.4,2025-11-10,18,4.36,WorthPoint
iridium,10.64 Grams 24mm SIKHOTE ALIN Russian Meteorite With A COA And Info Card,38.99,2025-11-10,10.64,3.66,WorthPoint
iridium,DYNAMITE DYN2495 Monster Truck .18-.46 Nitro Glow Plug (Cold) HH,15.49,2025-11-10,,,WorthPoint
iridium,Kershaw Mini Iridium 2051 D2 Stonewashed Blade Aluminum Handle,37,2025-11-09,,,WorthPoint
iridium,Handmade Stunning Mini Pine Cones Rollerball Or Fountain Pen ART SEE VIDEO 1146a,133.88,2025-11-09,,,WorthPoint
iridium,DIPLOMAT Fountain PEN Made In Germany Black Lacquer And Gold,35,2025-11-09,,,WorthPoint
iridium,Kershaw Iridium Full Size Grey Duralock D2 Steel,35,2025-11-09,,,WorthPoint
iridium,FOUNTAIN PEN NIB (M) ASSEMBLY-Model C-fits Shaeffer No Nonsense Pen,8.99,2025-11-09,,,WorthPoint
iridium,MONTEVERDE BLACK TIE Deluxe Fountain Pen~ IRIDIUM POINT,25.49,2025-11-09,,,WorthPoint
iridium,Duke Fude Nib Fountain Pen Medium To Broad Nature Mother Pearl On Cap With Pe...,32.87,2025-11-09,,,WorthPoint
iridium,"6 X Parker Senior Size Arrow Nibs, Lot #1",337.01,2025-11-09,,,WorthPoint
iridium,A-Premium 4 Packs Iridium Spark Plugs Compatible With Toyota Coroll... Fast Ship,27.99,2025-11-09,,,WorthPoint
iridium,Kershaw 2038BLK Iridium D2 KVT Duralock Blackout Xlnt Condition Factory Edge,32,2025-11-09,,,WorthPoint
iridium,Hot Wheels Silver Series AccelRacers Complete Set Of 5 - Wal-mart Exclusive,32.95,2025-11-09,,,WorthPoint
iridium,"""Schon DSGN ‚ÄúFull Sized"""" Peek-a-Boo W/ 18k Delta Italic & Superflow Ebonite Feed""",267,2025-11-09,,,WorthPoint
iridium,Kershaw Iridium DuraLock Bronze Aluminum Folding D2 Pocket Knife 2038BRZBW New,104.95,2025-11-08,,,WorthPoint
iridium,Meteorite:Aletai: A Rare Iron IIIE-Anomalous.2.17 Grams [Gold Plated!!! ],95,2025-11-08,2.17,43.78,WorthPoint
iridium,Silver Jinhao 35 Fountain Pen Extra Fine EF Tip Ink Pens Office School Writing,10.11,2025-11-08,,,WorthPoint
iridium,Vintage Iridium Point Fountain Pen Germany,8.88,2025-11-08,,,WorthPoint
iridium,"Royal Purple Jinhao Elite 159 Wide Body Steel Fountain Pen, Medium Nib, Ink",11.25,2025-11-08,,,WorthPoint
iridium,"2PCS Jinhao 911 Fountain Pen Extra Fine Nib, Matte Black With Gold & Silver Trim",14.54,2025-11-08,,,WorthPoint
iridium,Fountain Pen Lot With Ink Lamy Asvine Jinhao Rotring Waterman Japanese,120,2025-11-08,,,WorthPoint
iridium,4.66 Grams 17mm SIKHOTE ALIN Russian Meteorite With A COA And Info Card,16.99,2025-11-08,4.66,3.65,WorthPoint
iridium,6 Pack Double Iridium Spark Plug Replace 41-109 12622561 Fit For Chevrolet,46.7,2025-11-07,,,WorthPoint
iridium,Crisis Battlesuits Tau T'au Empire Games Workshop Warhammer 40K XV8 NIB,70,2025-11-07,,,WorthPoint
iridium,"Jinhao 9019 Dadao Fountain Pen, Gold Trim, #8 Nib, Translucent Teal",16.99,2025-11-07,,,WorthPoint
iridium,4pcs Double Iridium Spark Plugs For Hyundai Kia Sonata Optima Tucson Sportage,40.79,2025-11-07,,,WorthPoint
iridium,Executive XV Batavia Fountain Pen (Galaxy Blue) XV Titanium Gold Flex Nib,37,2025-11-07,,,WorthPoint
iridium,Montefiore Blue Marbled Color Iridium Point Fountain Pen With Gold Tone Accents,13.99,2025-11-07,,,WorthPoint
iridium,Pure 99.8% Hafnium Metal Ten Gram (10.14 Grams) Ingot--beautiful And Rare,95,2025-11-07,10.14,9.37,WorthPoint
iridium,"Vintage Fountain Pen Green, Black & Gold Case",16.95,2025-11-07,,,WorthPoint
iridium,Vintage 1993 3 Piece Capella Blue Marbleized Pen & Pencil Set No Box,29.95,2025-11-07,,,WorthPoint
iridium,Hot Wheels Acceleracers 2025 Silver Series Set & Mainline Deora 2 RD-06 Etc!,35,2025-11-07,,,WorthPoint
iridium,FPR Darjeeling Fountain Pen Revolution W/ Iridium Germany Point Nib * Purple-Red,19,2025-11-07,,,WorthPoint
iridium,Conklin Endura Deco Crest Ballpoint Pen In Demo Blue With Rosegold Trim - NEW,75.95,2025-11-07,,,WorthPoint
iridium,Conklin Endura Deco Crest Rollerball Pen In Demo Blue With Rosegold Trim - NEW,91.95,2025-11-07,,,WorthPoint
iridium,Conklin Endura Deco Crest Fountain Pen In Demo Blue With Rosegold Trim - Fine,99.95,2025-11-07,,,WorthPoint
iridium,AUTHENTIC Iridium NEXT Launch-4 - SPACEX FALCON 9 USAF VAFB COMM SATELLITE Pin,9.99,2025-11-07,,,WorthPoint
iridium,Handmade Exotic Mallee Burl Wood & Resin Rollerball Or Fountain Pen ART 1524a,115.88,2025-11-07,,,WorthPoint
iridium,Handmade Exotic Pine Cones & Resin Rollerball Or Fountain Pen ART 1570a,115.88,2025-11-07,,,WorthPoint
iridium,Aikin Lambert Eyedropper Fill Fountain Pen Red/black Mottled Nice 1904 J834,400,2025-11-07,,,WorthPoint
iridium,Laban Grecian Fountain Pen - Blue Marble - Fine Point New In Box LRN-F9892-BLMF,112.95,2025-11-07,,,WorthPoint
iridium,Vintage Moore Fountain Pen - Marbled - Moore Nib,38,2025-11-07,,,WorthPoint
iridium,1Pc Vintage Wing Sung 601 Steel Cap Vacumatic Fountain Pen F Nib Ink Pen Df,17.71,2025-11-07,,,WorthPoint
iridium,Iridium Pellets To Use For Nib Repair.,99,2025-11-06,,,WorthPoint
iridium,Montblanc Pen Palooza,613.31,2025-11-06,,,WorthPoint
iridium,Ngk Laser Iridium Spark Plug Dilkar7h11gs 96964 (4 Pack) Compatible With Tlx Ilx,32.99,2025-11-06,11,3,WorthPoint
iridium,Hot Wheels Silver Series AcceleRacers Iridium Rare üî• 1/5 NEW In Protector,13.37,2025-11-06,,,WorthPoint
iridium,Meteorite And Display Cube 7.5 Gram Genuine Campo Del Cielo Meteorite With COA,29.99,2025-11-06,7.5,4,WorthPoint
iridium,Vintage Iridium Point Germany Nib Fountain Pen Black & Chrome Trim VG+,29.99,2025-11-06,,,WorthPoint
iridium,"""Vintage Iridium Tipped Ink Desk Fountain Pen USA 7.6"""" VG Lever Opaque Stem End""",6,2025-11-06,,,WorthPoint
iridium,Disney Mickey Mouse Fountain/Ball Point Convertible Set Iridium Pt. By Colibri,30,2025-11-06,,,WorthPoint
iridium,"Esterbrook Dollar Pen, Black, Two Hole Clip. Iridium Tip. Nib #3556. (s959)",59,2025-11-06,,,WorthPoint
iridium,Bertelsmann Vintage Red Marble Gold Tone Fountain Pen German Made,39,2025-11-06,,,WorthPoint
iridium,"Vintage Colby Green Geometric Fountain Pen, Unrestored, Stainless Steel Nib",40,2025-11-05,,,WorthPoint
iridium,4.55 Grams 28mm SIKHOTE ALIN Russian Meteorite With A COA And Info Card,16.99,2025-11-05,4.55,3.73,WorthPoint
iridium,Brand New ACDelco 41-993 Professional Iridium Spark Plug,19.14,2025-11-05,,,WorthPoint
iridium,"Hot Wheels Silver Series AcceleRacers 2025 Full Set Of 5 Revert, Sling Shot, Etc",31.99,2025-11-05,,,WorthPoint
iridium,ACDelco GM Original Equipment 41-162 (19417055) Iridium Spark Plug,42.5,2025-11-05,,,WorthPoint
iridium,Hongdian Elegant Black Fountain Pen - Iridium Extra Fine Nib & Velvet Gift Bag,25.99,2025-11-05,,,WorthPoint
iridium,RC10 Brian Kinwald Edition Competition Off-Road Buggy Kit - Associated 1/10 2025,445,2025-11-05,,,WorthPoint
iridium,.900-.100 PLATINUM IRIDIUM BAND! 2.1g TOTAL! GORGEOUS PIECE! MUST HAVE! NR#G1309,138.5,2025-11-05,2.1,65.95,WorthPoint
iridium,6 Pc NGK Laser Iridium Spark Plugs Compatible With Jeep Gladiator 3.6L V6 202...,181.48,2025-11-05,,,WorthPoint
iridium,"Sheaffer Balance 2, Crimson Glow, 18K Gold Medium Nib-New Old Stock",142.52,2025-11-05,,,WorthPoint
iridium,"Vintage Unbranded Silvertone Fountain Tip Pen, Iridium Point W Germany, In Box",11.99,2025-11-05,,,WorthPoint
iridium,Wing Sung 699 Acrylic Piston Fountain Pen Golden Clip 0.7mm M Nib Gift,31.61,2025-11-05,,,WorthPoint
iridium,TRQ Ignition Kit Ignition Coil Spark Plugs Wire Set Compatible With 2006 Saab...,70.58,2025-11-05,,,WorthPoint
iridium,"Fountain Pen, Iridium Fine Tip, Unused, Excellent Writing Instrument",12.5,2025-11-05,,,WorthPoint
iridium,Montefiore Fountain Ink Pen,9.89,2025-11-04,,,WorthPoint
iridium,Supreme Dark Red Fine Quality Fountain Pen Pen 2912,6.5,2025-11-04,,,WorthPoint
iridium,4 Marbled Pens 1 Iridium Point Germany Fountain Pen & 3 Marbled Ballpoint Pens,45,2025-11-04,,,WorthPoint
iridium,"GM 1/4 Grain Of Precious Metals Silver, Platinum, Gold + More On A Titanium Back",159.95,2025-11-04,4,39.99,WorthPoint
iridium,Iridium Metal 0.1 Gram 99.95% For Element Collection USA SHIPPING,39,2025-11-04,0.1,390,WorthPoint
iridium,Gillette Fat Boy Adjustable E1 1959 VTG DE Safety Razor,1000,2025-11-04,,,WorthPoint
iridium,JinHao X159 Acrylic Black Fountain Pen Metal Clip Fine 0.5mm F Nib Writing Gift,12.32,2025-11-04,,,WorthPoint
iridium,Vintage Sengbusch 11 Gold Plated #16 Medium Iridium Tip Pen Points Origional Box,23.24,2025-11-04,11,2.11,WorthPoint
iridium,Meteorite And Display Cube 10.5 Gram Genuine Campo Del Cielo Meteorite With COA,34.99,2025-11-04,10.5,3.33,WorthPoint
iridium,"Lot Of Three 14K GOLD SHEAFFER FOUNTAIN PEN NIBS ( FINELINE, FEATHER TOUCH)",83,2025-11-04,,,WorthPoint
iridium,Mixed Lot Vintage DIP PEN Calligraphy Inkwell Pens Nibs Gold Iridium Bakelite,65,2025-11-04,,,WorthPoint
iridium,"""Pair Of Esterbrook """"J"""" Series Double Jewel Fountain Pens""",21.01,2025-11-04,,,WorthPoint
iridium,Moore Fountain Pen; Lever-Filler; Green & Gold Marbled; Original Maniflex Nib,35,2025-11-04,,,WorthPoint
iridium,Vtg Promo Music Postcard IRIDIUM JAZZ CLUB NYC Les Paul McCoy Tyner Broadway,14.95,2025-11-03,,,WorthPoint
iridium,LABAN Iridium Fountain Pen Black & Gold BEAUTIFUL Ornate With Case & Papers,119.99,2025-11-03,,,WorthPoint
iridium,"True Blue Jinhao Elite 159 Wide Body Steel Fountain Pen, Medium Nib, & Ink",8.99,2025-11-03,,,WorthPoint
iridium,Iridium Spark Plugs 41-110 & Spark Plug Wires M8-48322 For Chevy 5.3 6.0L 6.2L,26.99,2025-11-03,,,WorthPoint
iridium,Champion 346 Copper Plus Spark Plugs RC10YC4 - 8 Pack,29.77,2025-11-03,,,WorthPoint
iridium,Antiq MORRISON - 14K GOLD OVERLAY FINISH - And 2 More Pens - - #6 MORRISON NIB,250,2025-11-03,,,WorthPoint
iridium,Vintage MABIE TODD Swan 242 1/2 C Fountain Pen SUPER FLEX: M To BBBB -RESTORED,174.5,2025-11-03,,,WorthPoint
iridium,Autolite Iridium XP Spark Plugs Pack Of 4 Optimal Performance 100000 Miles,21.09,2025-11-03,,,WorthPoint
iridium,"7 Pens In Wood And Glass Display Case 5 Montefiore. Parker, 1 Parade And Refills",229,2025-11-02,,,WorthPoint
iridium,Oliver F27 Yellow And Brown Fountain Pen Fine Nib,5,2025-11-02,,,WorthPoint
iridium,"Vintage Gridium Tipped Fountain Pen, Marbled Light Yellow/Ivory, Iridium Tipped",13,2025-11-02,,,WorthPoint
iridium,"""Team Associated ASC6041 RC10 """"Kinwald Edition"""" 1/10 Electric 2WD Buggy Kit.""",549.95,2025-11-02,,,WorthPoint
iridium,Vintage AIRBUS INDUSTRIE Sheaffer No Nonsense Fountain Pen Iridium Soft Nib USA,49.99,2025-11-02,,,WorthPoint
iridium,NASA Iridium 6th Launch Motorola Satellite Lapel Pin,16.99,2025-11-02,,,WorthPoint
iridium,"7397 Iridium Platinum Spark Plugs (8 Packs) Compatible With Chevrolet, Buick,...",45.27,2025-11-02,,,WorthPoint
iridium,"""vintage 5"""" WALTHAM Unusual MOTTLED RED And BLACK - 14K DU-O-WAY NIB""",18.95,2025-11-02,,,WorthPoint
iridium,"Jinhao 9019 Dadao Fountain Pen, Gold Trim, #8H Nib, Translucent Olive Green",17.97,2025-11-02,,,WorthPoint
iridium,"Jinhao 9019 Dadao Fountain Pen, Gold Trim, #8H Nib, Yellow",16.99,2025-11-02,,,WorthPoint
iridium,JINHAO 9019 Fountain Pen Dadao Series With High-capacity Ink Converter Medium...,24.07,2025-11-02,,,WorthPoint
iridium,Vintage Conklin Nozac 7m Word Gauge Fountain Pen 14K Nib - Parts & Repair,78,2025-11-02,,,WorthPoint
iridium,Warhammer 40k: Tau Empire XV8 Crisis Battlesuits GWS 56-07 NIB,84,2025-11-02,,,WorthPoint
iridium,Cybertooth Monster Pack For King Of Tokyo New Berserk Mode Tabletop Game,15.89,2025-11-02,,,WorthPoint
iridium,AUTOart 1:18 Mercedes-Benz G500 4x4 Squared In Iridium Silver Metallic,249.99,2025-11-01,,,WorthPoint
iridium,NASA Iridium 3rd Launch Motorola Satellite Lapel Pin,16.99,2025-11-01,,,WorthPoint
iridium,Cretaceous KT Boundary KP Clay Collection 6 Sites Iridium Burn End Of Dinosaurs,65.53,2025-11-01,,,WorthPoint
iridium,NEW Kershaw Mini Iridium DuraLock Ice Blue Aluminum Folding D2 Pocket Knife 2051,36,2025-11-01,,,WorthPoint
iridium,McDonald's 2005 HOT WHEELS ACCELERACERS Diecast Mattel Race Car YOUR Toy CHOICE,5,2025-11-01,,,WorthPoint
iridium,"Hot Wheels 2025 Silver Series Acceleracers Iridium,sling Shot Etc. 5 Car Set New",30,2025-11-01,,,WorthPoint
iridium,CD's-PICK & CHOOSE-99¬¢ & Up!-LOW SHIPPING! - Rock Jazz Blues Indie New Age (F-L),0.99,2025-10-31,,,WorthPoint
iridium,BDFHYK Ignition Coils UF603 And Iridium Spark Plug 97390 Compatible With Hond,170.99,2025-10-31,,,WorthPoint
iridium,Vtg Parker Duofold Fountain Pen Vertical Stripes Blue Button Filler Unrestored,89.99,2025-10-31,,,WorthPoint
iridium,Hot Wheels Acceleracers Modern Collector Set Of 9: Mainline & Silver Ser. SEALED,54.99,2025-10-31,,,WorthPoint
iridium,Aurora Matte Black Talentum. Ruthenium Trim 14K GOCCIA CF /calligraphy Nib $260.,260,2025-10-31,,,WorthPoint
iridium,Upgraded 8x Ignition Coil Pack And 16x Iridium Spark Plug For 5.7L V8 HEMI Do...,213.72,2025-10-31,,,WorthPoint
iridium,"""Kershaw Mini Iridium Folding Knife 3"""" D2 Tool Steel Blade Black Aluminum Handle""",63.89,2025-10-31,,,WorthPoint
iridium,TENMIL - Los Angeles Diecast Club Mercedes Benz G500 4x4 - Iridium Silver,60,2025-10-31,,,WorthPoint
iridium,All Natural Iridium Nuggets From Colorado. 1g+ Up To 155g,102.5,2025-10-31,1,102.5,WorthPoint
iridium,Czechoslovakia Phoenix Lustre Ware Cream Pitcher Gravy Boat Orange Black White S,20,2025-10-31,,,WorthPoint
iridium,Unkown Mini Fountain Pen In Sterling Silver Iridium Nib,60,2025-10-30,,,WorthPoint
iridium,143mm Jinhao 85 Metal Fountain Pen Extra Fine Nib 0.38mm Writing Pen Gift,12.86,2025-10-30,,,WorthPoint
iridium,Van Halen MINIATURE 1/6 DRUM KIT MODEL SET Very Rare Handicraft New In Box,45,2025-10-30,,,WorthPoint
iridium,4 Pc DENSO Iridium Power Spark Plugs Compatible With Toyota RAV4 2.5L L4 2009-20,76.01,2025-10-30,,,WorthPoint
iridium,AUTHENTIC Iridium NEXT Launch 9 - SPACEX FALCON 9 USAF VAFB COMM SATELLITE Pin,9.99,2025-10-30,,,WorthPoint
iridium,6 Pack NGK Iridium IX Spark Plugs 2011-2019 For Ford F-150 V6 3.5L,80.77,2025-10-30,,,WorthPoint
iridium,Iridium Sponge,21250,2025-10-30,,,WorthPoint
iridium,2.50 Grams 15mm SIKHOTE ALIN Russian Meteorite With A COA And Info Card,9.99,2025-10-30,2.5,4,WorthPoint
iridium,Eight (8) Megatech Q-59 Medium/hot Glow Plugs For Model Airplane Engines,41,2025-10-30,,,WorthPoint
iridium,Display Stand For Diamond Select Star Trek TOS Phaser 3D Printed,12.97,2025-10-30,,,WorthPoint
iridium,Meteorite And Display Cube 9.9 Gram Genuine Campo Del Cielo Meteorite With COA,32.99,2025-10-29,9.9,3.33,WorthPoint
iridium,"""spacex Iridium-2 Vandenberg Afb F9 Mission Patch 3.95"""" Usa""",26.95,2025-10-29,,,WorthPoint
iridium,VINTAGE Bakelite Inkwell Bert M. Morris Co. Made In Los Angeles USA 1930's,69.5,2025-10-29,,,WorthPoint
iridium,Waterman Fountain Pen Ideal Green Keyhole Nib ~ For 7 Ripple ~ Medium/Rigid,81,2025-10-29,,,WorthPoint
iridium,OEM AcDelco 8 PACK UF413 Ignition Coil + 41-110 Spark Plug + 9748UU Wire Fit GMC,137.95,2025-10-29,,,WorthPoint
iridium,Hot Wheels Hw Race Rd03 Rd08 Iridium Battle Spec Lot Of 4,8.99,2025-10-29,,,WorthPoint
iridium,Iridium NEXT SPACEX FALCON 9 Thales Alenia Space Stickers Set Of 7 Plus Decal,14.99,2025-10-29,,,WorthPoint
iridium,Nice ACME Studio Orange Fountain Pen By Karim Rashid W/ Iridium Point Nib,99.95,2025-10-29,,,WorthPoint
iridium,Set Of 2 Breyer Classic Elements Series Horses Kai & Iridium - NEW!,50,2025-10-29,,,WorthPoint
iridium,10.6 Grams 24mm SIKHOTE ALIN Russian Meteorite With A COA And Info Card,39,2025-10-29,10.6,3.68,WorthPoint
iridium,üî•Hot Wheelsüî•rare Marvel Spider-Man Complete 5-Car Set,9.5,2025-10-28,,,WorthPoint
iridium,(3764) BKR6EIX-11 Iridium IX Spark Plug (4 Pack),50.17,2025-10-28,,,WorthPoint
iridium,Handmade Exotic Bimble Box Burl Wood Rollerball Or Fountain Pen ART 1444a,115.88,2025-10-28,,,WorthPoint
iridium,Artisan Crafted Virage Fountain Pen Red River Gum Burl Wood Parker Quink Ink,55,2025-10-28,,,WorthPoint
iridium,Mixed Group Of Vintage Branded Fountain Pens,71,2025-10-28,,,WorthPoint
iridium,Supreme Dark Red Fine Quality Fountain Pen,6.5,2025-10-28,,,WorthPoint
iridium,"Warhammer 40k 40,000 T'au Empire Xv8 Crisis Battlesuits Team 56-07 New Sealed",71.4,2025-10-28,,,WorthPoint
iridium,Meteorite Collection Lot Three Different Types Labeled With Display Box,74.75,2025-10-28,,,WorthPoint
iridium,Authentic SPACEX Falcon 9 IRIDIUM ONEWEB EMPLOYEE Mission Patch,71.95,2025-10-28,,,WorthPoint
iridium,"3-Piece Wooden Pen Gift Set ‚Äì Fountain, Ballpoint & Gel Pens With Refills",35.99,2025-10-27,,,WorthPoint
iridium,Original Sunglasses Oakley Straight Jacket Ii 04-329 White Chrome Red Iridium,11.5,2025-10-27,,,WorthPoint
iridium,Kershaw Iridium 2038 D2 Folding Knife,38.25,2025-10-27,,,WorthPoint
iridium,"Nib Replacement: CONKLIN ENDURA, Fine, 35.4 X 8.5mm,DAMAGED MissingIridiumTiping",57,2025-10-27,,,WorthPoint
iridium,"Gold & Brown Marbled Fountain Pen (P159), Iridium Tipped Nib",8,2025-10-27,,,WorthPoint
iridium,"VTG Seth Thomas Table Alarm Clock, Key Windup, Iridium, Glowing Hands, 482 CPM",27.3,2025-10-27,,,WorthPoint
iridium,"Jinhao 9019 Dadao Fountain Pen, Gold Trim, #8 Nib, Burgundy",16.99,2025-10-27,,,WorthPoint
iridium,2025 Hot Wheels Silver Series AcceleRacers Complete Set Of 5,26,2025-10-27,,,WorthPoint
iridium,Authentic Aireon Flight 9-Iridium NEXT-9-SPACEX Falcon-9 Launch-USSF-PATCH SET,21.95,2025-10-27,,,WorthPoint
iridium,1930s EVERSHARP Doric Gold & Maroon Shell Iridium Tip Nib Fountain Pen,135.1,2025-10-26,,,WorthPoint
iridium,Usaf Sdpe-global Lightning-afrl-spacex-417 Flts-afsoc-4 Sos-ac-130-test Patch,11.95,2025-10-26,,,WorthPoint
iridium,6 Pc NGK Iridium IX Spark Plugs Compatible With Honda Odyssey 3.5L ... Fast Ship,95.99,2025-10-26,,,WorthPoint
iridium,"New & Vintage Collectible Fountain Pens: WATERMAN, PLATINUM, SHAEFFER, LEVENGER",30,2025-10-26,,,WorthPoint
iridium,"Lot Of 8 Vintage Parker, Conklin, Fill-O-Matic Fountain/ballpoint/pencil Pens",49.95,2025-10-26,,,WorthPoint
iridium,Fountain Pen With Green And Black Lacque Finish (KN34),9.99,2025-10-26,,,WorthPoint
iridium,"""Vintage Wearever Fountain Pen 5.25"""" Gold Black Iridium Tipped Nib""",9.99,2025-10-26,,,WorthPoint
iridium,Monteverde Intima Fountain Pen Orange Marbled Resin With Chrome Accents Medium,19.99,2025-10-26,,,WorthPoint
iridium,Hot Wheels Acceleracers Iridium 4 Of 9 NIP VHTF,49.99,2025-10-26,,,WorthPoint
iridium,2015 Pelikan M805 Stressman Anthracite Special Edition 18k Med Nib Fountain Pen,650,2025-10-26,,,WorthPoint
iridium,German FOUNTAIN PEN ENAMEL Iridium Point CONVERTER,39,2025-10-26,,,WorthPoint
iridium,Meteorite And Display Cube 8.3 Gram Genuine Campo Del Cielo Meteorite With COA,32.99,2025-10-26,8.3,3.97,WorthPoint
iridium,Los Angeles Diecast Club - TENMIL - Mercedes Benz G500 4x4 - Iridium Silver,60,2025-10-26,,,WorthPoint
iridium,Associated 6041 RC10 Kinwald Edition Kit,459.99,2025-10-26,,,WorthPoint
iridium,70117 Hot Glow Plug No.3 N3 Spark Nitro Engine Parts Replace OS 8 For Traxxas HP,37.27,2025-10-25,,,WorthPoint
iridium,"HongDian Purple Forest Fountain Gift Pen, The Light Of Hope, EF/ F/ Bent New",15.95,2025-10-25,,,WorthPoint
iridium,Antique Collectible Fountain Pen CHARLES CHEVIGNON 1957 Brown Iridium Point,60,2025-10-25,,,WorthPoint
iridium,LRP Platinum/Iridium Standard Glow Plug (R5 - Medium/Cold) [LRP35051],13.99,2025-10-25,,,WorthPoint
iridium,6.99 Grams 27mm SIKHOTE ALIN Russian Meteorite With A COA And Info Card,28,2025-10-25,6.99,4.01,WorthPoint
iridium,Iridium-8 (SpaceX) Holographic STICKER Die-Cut Vinyl Decal,10.43,2025-10-25,,,WorthPoint
iridium,4 Pack NGK Iridium IX Spark Plugs 2007-2009 For Mazda CX-7 L4 2.3L,56.77,2025-10-25,,,WorthPoint
iridium,No. #4 N4 HSP Super Spark Glow Plug For RC Car Nitro Engines,6.99,2025-10-25,,,WorthPoint
iridium,"Vintage Unbranded Fountain Pen Jumbo Vacuum Fill, Iridium Nib",70,2025-10-24,,,WorthPoint
iridium,"Nib Replacement: ESTERBROOK 9788 Durachrome Flexible Medium, Iridium Tip, NOS",46,2025-10-24,,,WorthPoint
iridium,Vintage MAJESTIC - Sleek Black FOUNTAIN PEN And KIMBERLY BP Wide 14K GF Band,21.5,2025-10-24,,,WorthPoint
iridium,New Jinhao 85 Metal Fountain Pen Clip Extra Fine EF Nib 0.38mm Writing Gift D,13.9,2025-10-24,,,WorthPoint
iridium,Vintage Jaguar Gold Faceted Roller & Fountain Pen Set Iridium Point German Made,74.99,2025-10-24,,,WorthPoint
iridium,Kershaw Iridium DuraLock D2 Black Anodized Aluminum Folding Knife 2038BLK,40,2025-10-24,,,WorthPoint
iridium,Mattel 2004 HOT WHEELS ACCELERACERS SILENCERZ IRIDIUM 4 OF 9,49.9,2025-10-24,,,WorthPoint
iridium,Aletai Iron IIIE Slice China 14.68 Grams,34.75,2025-10-24,14.68,2.37,WorthPoint
iridium,Aletai Iron IIIE Cylinder China 13.29 Grams,32.75,2025-10-24,13.29,2.46,WorthPoint
iridium,Original SOE GPS Pouch Khaki- Fits Garmin / Sat Phone / PLB,6,2025-10-24,,,WorthPoint
iridium,"JINHAO Fountain Pen Extra Fine Nib, Includes Ink Cartridges & Converter, Perfect",15.79,2025-10-23,,,WorthPoint
iridium,New Rare Esterbrook Fountain Pen Nib- 2556 Clear Collar FINE Nib + Nib Chart.,24.99,2025-10-23,,,WorthPoint
iridium,Set Of 4 Ignition Coil Pack And Iridium Spark Plugs Compatible With Hyundai V...,73.78,2025-10-23,,,WorthPoint
iridium,SCITOO 3 Ignition Coils & 3 Iridium Spark Plugs Set For Smart Fortwo 2006-2015,94.48,2025-10-23,,,WorthPoint
iridium,LRP Platinum/Iridium Standard Glow Plug (R6 - Cold) LRP35061,12.49,2025-10-23,,,WorthPoint
iridium,Kershaw Iridium D2 Blade,41,2025-10-23,,,WorthPoint
iridium,Michel Perchin METROPOLITAN Fountain Pen Blue/Rhodium #1/88 NEW OLD STOCK RARE!!,2400,2025-10-23,,,WorthPoint
iridium,"""5 3/8"""" MOORE Vintage FOUNTAIN PEN - L-93 - MOORE #3 FLEXI GOLD NIB""",47.5,2025-10-23,,,WorthPoint
iridium,Jean-Pierre Lepine Fountain Pen And Ballpoint Lot. Used In Great Condition,80,2025-10-23,,,WorthPoint
iridium,Vintage Pearlescent Button Fill Fountain Pen - 5 1/4‚Äù - Black Ends,20.5,2025-10-22,,,WorthPoint
iridium,"""4 Pack 1.9"""" 1/10 RC Crawler Wheel Tires 98MM For Axial SCX10 D90 TF2 MST CC01""",18.99,2025-10-22,,,WorthPoint
iridium,Modern Beiluner Luxury Iridum Point Black Pen W/Box And 6 Cartridge Refills,22.99,2025-10-22,,,WorthPoint
iridium,Pure 99.9% Iridium Metal Five Gram (5.07 Grams) Super Rare Platinum Group,955,2025-10-22,5.07,188.36,WorthPoint
iridium,Jinhao Metal Fountain Pen Golden Clip EF Nib 0.38mm Business Writing Gift,13.15,2025-10-22,,,WorthPoint
iridium,Hot Wheels Acceleracers SIlencerz Iridium 4 Of 9 G8119,44.44,2025-10-22,9,4.94,WorthPoint
iridium,Jeff Beck - Iridium World Tour Poster 2009 - Proof -silkscreen - Richard Biffle,74.99,2025-10-22,,,WorthPoint
iridium,"Vintage Schneider Fountain Pen, The ID, Black And Chrome Design, 1 Each (169254)",5,2025-10-22,,,WorthPoint
iridium,Team Associated RC10 1/10 RC BUGGY 2WD *KINWALD Limited EDITION* -KIT- #ASC6041,459.99,2025-10-22,,,WorthPoint
iridium,No. #3 N3 HSP Super Spark Glow Plug For RC Car Nitro Engines,6.99,2025-10-22,,,WorthPoint
iridium,41-110 Iridium Spark Plugs & M8-48322 Spark Plug Wires For Chevy Tahoe Colorado,45.99,2025-10-22,,,WorthPoint
iridium,"""Team Associated 6041 RC10 """"Kinwald Edition"""" 1/10 Electric 2WD Buggy Kit""",459.99,2025-10-22,,,WorthPoint
iridium,Wing Sung 601 Steel Push Cap Vacumatic Fountain Pen F Nib 0.5mm With Ink Window,17.84,2025-10-21,,,WorthPoint
iridium,1/18 2008 GT Spirit Mercedes Benz C63 AMG In Rare Iridium Silver,199,2025-10-21,2008,0.1,WorthPoint
iridium,3.16 Grams 22mm SIKHOTE ALIN Russian Shrapnel Meteorite With A COA And Info Card,8.99,2025-10-21,3.16,2.84,WorthPoint
iridium,4.24 Grams 18mm SIKHOTE ALIN Russian Shrapnel Meteorite With A COA And Info Card,11.99,2025-10-21,4.24,2.83,WorthPoint
iridium,4.88 Grams 24mm SIKHOTE ALIN Russian Shrapnel Meteorite With A COA And Info Card,14.99,2025-10-21,4.88,3.07,WorthPoint
iridium,4.23 Grams 26mm SIKHOTE ALIN Russian Shrapnel Meteorite With A COA And Info Card,11.99,2025-10-21,4.23,2.83,WorthPoint
iridium,3.82 Grams 15mm SIKHOTE ALIN Russian Shrapnel Meteorite With A COA And Info Card,11.49,2025-10-21,3.82,3.01,WorthPoint
iridium,Team Associated RC10 Kinwald Edition 1/10 Electric 2WD Buggy Kit Limited Edition,459.99,2025-10-21,,,WorthPoint
iridium,4 Pack NGK Iridium IX Spark Plugs 2005-2015 For Toyota Tacoma 2.7L L4,56.77,2025-10-21,,,WorthPoint
iridium,"Kershaw Knife Bundle-Iridium, Natrix CF, Natrix SW, LoneRock, Thistle & Highball",169,2025-10-21,,,WorthPoint
iridium,Iridium IX Spark Plugs Compatible With Chevrolet Silverado 1500 5.3L 6.2L V8 ...,102.57,2025-10-21,,,WorthPoint
iridium,METEORITE Pendant Glass Vial~SIKHOTE ALIN Iron~Cosmic Keepsake NECKLACE!,20,2025-10-21,,,WorthPoint
iridium,11.3 Grams 23mm SIKHOTE ALIN Russian Shrapnel Meteorite With A COA And Info Card,25.99,2025-10-21,11.3,2.3,WorthPoint
iridium,DSPORT#97B (DECEMBER 2010) W DVD #16: Turbo S2000 CR 500whp,8.99,2025-10-21,,,WorthPoint
iridium,DSPORT#97A (DECEMBER 2010) W DVD #16: Turbo S2000 CR 500whp,8.99,2025-10-21,,,WorthPoint
iridium,Vintage De La Rue Onoto 5500/76 REGINA BLUE Fountain Pen With Spares - FLEX Nib,190,2025-10-21,,,WorthPoint
iridium,Supreme Dark Red Fine Quality Fountain Pen Pen 2913,6.5,2025-10-20,,,WorthPoint
iridium,Kaweco CLASSIC Fountain Pen Green 23 Carat Gold-Plated Steel Nib F 10000488 NEW,29,2025-10-20,,,WorthPoint
iridium,Kershaw Mini Iridium Knife DuraLock D2 Blacked Out,49,2025-10-20,,,WorthPoint
iridium,3 Fountain Pen Lot,7.99,2025-10-20,,,WorthPoint
iridium,"+ TINY BLACK HARD RUBBER ED RING PEN, GF RING AT TOP IS MISSING, C1915",20,2025-10-20,,,WorthPoint
iridium,~NEW Kershaw Knives Iridium DuraLock 2038 Gray Aluminum D2 Steel Pocket Knife~,49.95,2025-10-20,2038,0.02,WorthPoint
iridium,Large Mabie Todd NY #5 Fountain Pen 14KT Nib ~ No Flex ~ Good Iridium ~ Fine,75.28,2025-10-20,,,WorthPoint
iridium,Brand New 2022 LeBOEUF PILGRIM SERIES FOUNTAIN PEN Cobalt Navy Pearl F Or M,160,2025-10-20,,,WorthPoint
iridium,4-pack AutoLite Iridium XP Spark Plugs - XP5701,25,2025-10-20,,,WorthPoint
iridium,"Iridium Platinum Spark Plugs Compatible With Hyundai Sonata 2011-2017, Santa ...",37.38,2025-10-20,,,WorthPoint
iridium,New Esterbrook Fountain Pen Nib Only- 2668 Medium Nib + Nib Chart.,17.99,2025-10-20,,,WorthPoint
iridium,Sheaffer 275 Lever Fill With #23 14k Nib Black Fountain Pen,34.95,2025-10-20,,,WorthPoint
iridium,Jeff Beck - Rock 'n' Roll Party: Honoring Les Paul New Cd,26.27,2025-10-20,,,WorthPoint
iridium,Vtg LABAN Celebration Green Marbled Fountain Pen In Original Box *Iridium-M-nib,59,2025-10-20,,,WorthPoint
iridium,MARQUIS By Waterford ARISTA PRISM Purple Fountain Pen *Iridium Germany Point Nib,39,2025-10-20,,,WorthPoint
iridium,6 Pack NGK Iridium IX Spark Plugs 2001-2006 For BMW 325i 2.5L L6,80.77,2025-10-20,,,WorthPoint
iridium,Vintage 1930's Brown/Tan Swirl & Chrome Fountain Pen W/Flexible Nib,56,2025-10-20,,,WorthPoint
iridium,Iridescent Bismuth Rainbow Hopper Crystal Cluster Mineral Specimen W/ ID Card,6.5,2025-10-20,,,WorthPoint
iridium,Kershaw Iridium 2038,33,2025-10-20,,,WorthPoint
iridium,Vintage SHEAFFER Model 1000 TUCKAWAY PEN - 14K/PLAT SHEAFFER TRIUMPH NIB,95,2025-10-20,,,WorthPoint
iridium,2025 Hot Wheels Silver Series ACCELERACERS Full Set Of 5 WALMART EXCLUSIVE,29.99,2025-10-19,,,WorthPoint
iridium,"""54.0 Grams~SIKHOTE ALIN~Iron METEORITE~Whole~""""Special No Reserve Auction""""""",96.59,2025-10-19,54,1.79,WorthPoint
iridium,"""Kershaw Iridium DuraLock Black 3.5"""" D2 Knife Aluminum Handle Folding Knife 2038R""",34,2025-10-19,,,WorthPoint
iridium,Hot Wheels Iridium Accelerators McDonald's Happy Meal Toy Silver 1/64 Diecast,7.45,2025-10-19,,,WorthPoint
iridium,"Lot Of Fountain Pens | Waterman, Ohto, Online, Wilson, Diplomat",12.5,2025-10-19,,,WorthPoint
iridium,"93175,LKR7DIX11S Spark Plug,KAX Double Iridium Spark Plugs 4 Pack Fit For Civic,",42.37,2025-10-19,,,WorthPoint
iridium,Kershaw Iridium Bronze Reverse Tanto D2 Duralock Knife 2038RBRZBW Blackwash,119.95,2025-10-19,,,WorthPoint
iridium,VMS RACING 92-95 Blue Ignition Spark Plug Wires Set Compatible With Honda Civ...,114.73,2025-10-19,,,WorthPoint
iridium,Wingback Pocket Fountain Pen Black Steel Fine Iridium Tipped Nib Silver NWOT,115,2025-10-18,,,WorthPoint
iridium,Vintage Conklin Red & White Plastic Cartridge Fountain Pen No Reserve,5.5,2025-10-18,,,WorthPoint
iridium,"Fountain Pen, Luxury Pens,Fine Point Smooth Writing Pens For Journaling Fancy...",25.58,2025-10-18,,,WorthPoint
iridium,Kershaw IRIDIUM - BLACK MODEL 2038BLK + Kershaw CINDER MODEL 1025x NEW,47,2025-10-18,,,WorthPoint
iridium,Montegrappa Piacere Cobalt Blue Ballpoint Pen ISPYRBBD And Pouch (No Papers),135.99,2025-10-18,,,WorthPoint
iridium,Philtop Double Iridium Spark Plug Replacement For Mini Cooper And Countryman,26.49,2025-10-18,,,WorthPoint
iridium,Yumo Kuan World Map Series 1502 Green Feather Ornate Dip Pen & Nibs Set,11.82,2025-10-18,1502,0.01,WorthPoint
iridium,Copper Titanium Pocket Clip W/Stainless Screws For Kershaw 2038 Iridium Knife,28.04,2025-10-18,,,WorthPoint
iridium,Conklin MARK TWAIN Signature Rose Aurora Fountain Pen W/ Iridium Nib Display Box,59,2025-10-18,,,WorthPoint
iridium,Kershaw Iridium Reverse Tanto Black Aluminum + Leatherman Style CS Discontinued,56,2025-10-17,,,WorthPoint
iridium,Scrap Gold - 12.70 Grams,926,2025-10-17,12.7,72.91,WorthPoint
iridium,"""Campo Del Cielo Iron Meteorite Piece 1"""" Holocene Argentina COA 6405""",34.95,2025-10-17,,,WorthPoint
iridium,8.85 Grams 30mm SIKHOTE ALIN Russian Meteorite With A COA And Info Card,33,2025-10-17,8.85,3.73,WorthPoint
iridium,5.28 Grams 19mm SIKHOTE ALIN Russian Meteorite With A COA And Info Card,17.99,2025-10-17,5.28,3.41,WorthPoint
iridium,1937 PACKARD Acme Car Auto Paint Chips Set-Good,22.95,2025-10-17,,,WorthPoint
iridium,Vintage Fountain Pen E. Faber Lever Fill Black Orange Ring Broad Iridium Nib,18.5,2025-10-17,,,WorthPoint
iridium,Laban Antique II Fountain Pen In Green With Lines - Extra Fine Point - NEW,95.95,2025-10-17,,,WorthPoint
iridium,Vintage Fountain Pen Merit Orange Gray Marble Flexible Iridium Nib Lever Fill,24.99,2025-10-17,,,WorthPoint
iridium,***CUSTOM*** KANSAS CITY CHIEFS Full Size NFL Riddell SPEED Football Helmet,269.99,2025-10-17,,,WorthPoint
iridium,2025 Hot Wheels Walmart Exclusive Silver Series Acceleracers Full Set Of 5,43,2025-10-17,,,WorthPoint
iridium,Brand New LeBOEUF INKOMATIC COLLECTION FOUNTAIN PEN In Admiral Blue M NIB,75,2025-10-17,,,WorthPoint
iridium,"""Kershaw Iridium Folding Knife 3.5"""" D2 Blade Gray Aluminum 2038 Broken Tip""",18.95,2025-10-17,,,WorthPoint
iridium,"Iridium Germany Fountain Pen And Mechanical Pencil Set, 3 Pcs",19.2,2025-10-17,,,WorthPoint
iridium,"Iridium Point Germany Fountain Pens, Vintage, 2 Pcs",36,2025-10-17,,,WorthPoint
iridium,Black Wing Sung 629 Fountain Pen Iridium Nib F/0.5mm Office Writing Gift,31.65,2025-10-17,,,WorthPoint
iridium,3.00 Grams~SIKHOTE ALIN~Iron METEORITE~Whole Individual~HISTORIC Fall Of 1947!,10.99,2025-10-17,3,3.66,WorthPoint
iridium,"Luxury Metal Fountain Pen, Fine Nib Fountain Pen Business Smooth Writing Pen Wit",12.91,2025-10-17,,,WorthPoint
iridium,Red Jinhao 100 Skeleton Fountain Pen W/gold Plated Fine Iridium Nib & Ink,10.25,2025-10-16,,,WorthPoint
iridium,41-110 Iridium Spark Plugs & 48322 Spark Plug Wires For Chevy 5.3 6.0 6.2L,45.97,2025-10-16,,,WorthPoint
iridium,"Modele Recife Depose Fountain Pens - France Lot Of 3 Red, Green And Blue",39.99,2025-10-16,,,WorthPoint
iridium,Brand New LeBOEUF SPRINGFIELD COLLECTION FOUNTAIN PEN POWDER BLUE M NIB,79,2025-10-16,,,WorthPoint
iridium,Montblanc Iridium Point W-Germany M Fountain Pen,92,2025-10-16,,,WorthPoint
iridium,Spark Plug Wires M8-48322 & 41-110 Iridium Spark Plugs Fits 5.3 6.0L 6.2L Chevy,45.97,2025-10-16,,,WorthPoint
iridium,Hot Wheels Silver Series ACCELERACERS - IRIDIUM,8.99,2025-10-16,,,WorthPoint
iridium,Iridium Metal .9995 1 Gram Bar Bullion Or Element Collection USA SHIPPING,355,2025-10-16,1,355,WorthPoint
iridium,Tom's Studio Fountain Pen Nib In Cursive Italic - NEW,28.95,2025-10-16,,,WorthPoint
iridium,FEAR NOT - Fields Of Sorrow (Brand New Album) 2023 (FFO: Stryper),14.99,2025-10-15,,,WorthPoint
iridium,Modena Black Fine Quality Fountain Pen Pen 3345,6.5,2025-10-15,,,WorthPoint
iridium,Vtg Wearever Piston Fill Fountain Pen Pearlized Finish Celluloid? Iridium Nib,10.5,2025-10-15,,,WorthPoint
iridium,Kaweco CLASSIC SPORT Fountain Pen White With 23 Carat Gold-Plated Steel Nib...,19.79,2025-10-15,,,WorthPoint
iridium,Ngk Laser Iridium Spark Plugs 6 Pack Dilzkr7b11g Compatible With Honda V6,137.9,2025-10-15,11,12.54,WorthPoint
iridium,Kershaw Iridium Folding Pocket Knife (2038),30,2025-10-15,,,WorthPoint
iridium,Minka Iridium Point Black Fountain Pen,7.99,2025-10-15,,,WorthPoint
iridium,24.3 Grams 33mm SIKHOTE ALIN Russian Meteorite With A COA And Info Card,84.99,2025-10-15,24.3,3.5,WorthPoint
iridium,Vtg. Green Marble Dolphin Ore Ltd. Mini Fountain Pen-iridium Point Nib Germany,14.95,2025-10-15,,,WorthPoint
iridium,"Pack Of 8 Single Iridium 3186 19256067 3013 Spark Plugs For GMC Yukon Sierra,Che",34.21,2025-10-14,,,WorthPoint
iridium,"Chinese Fountain Pen With Dragon Clip And 3 Nibs (EF, F, And Bent)",10.95,2025-10-14,,,WorthPoint
iridium,Display Stand For Diamond Select Star Trek TOS Communicator 3D Printed,14.97,2025-10-14,,,WorthPoint
iridium,+ Hot Wheels Cartoon Network AcceleRacers Silencerz Iridium 4 Of 9 G8119,42,2025-10-14,9,4.67,WorthPoint
iridium,Handmade Exotic Cocobolo Wood Rollerball Or Fountain Pen ART 1413a,115.88,2025-10-14,,,WorthPoint
iridium,Warhammer: T'AU EMPIRE CRISIS BATTLESUITS,75.16,2025-10-13,,,WorthPoint
iridium,1/18 Gt Spirit Mercedes Benz C63 AMG ( W204 ) - Iridium Silver GT462 Limited,189.95,2025-10-13,18,10.55,WorthPoint
iridium,4.69 Grams 24mm SIKHOTE ALIN Russian Meteorite With A COA And Info Card,15.99,2025-10-13,4.69,3.41,WorthPoint
iridium,Kershaw Iridium D2 Duralock Knife + Leatherman Rev USA Made Multitool EDC Combo,59.99,2025-10-13,,,WorthPoint
iridium,Complete Pack Of 6 APM Set Of 4 Ignition Coil Pack (2-pin) And Iridium,93.7,2025-10-13,,,WorthPoint
iridium,LRP Platinum/Iridium Standard Glow Plug (R3 - Medium/Hot) LRP35030 OS,10,2025-10-13,,,WorthPoint
iridium,3.51 Grams 16mm SIKHOTE ALIN Russian Meteorite With A COA And Info Card,16.26,2025-10-13,3.51,4.63,WorthPoint
iridium,"BDFHYK Iridium Spark Plugs 2309 Compatible With Mitsubishi Lancer, Compatible",20,2025-10-13,,,WorthPoint
iridium,"Handmade, Wood, Hand Turned, Black Classic Fountain Pen - Cedar #F13",24.95,2025-10-13,,,WorthPoint
iridium,Montegrappa Piacere Jet Black Ballpoint Pen ISPYRBBC And Pouch (No Papers),135.99,2025-10-13,,,WorthPoint
iridium,Vintage Morriset Dip Pen. Fine Iridium Tip Nib. All Excellent.,12.95,2025-10-13,,,WorthPoint
iridium,"Vintage Tropen Germany Fountain Pen With Iridium Nichroma Nip, Working",5.5,2025-10-12,,,WorthPoint
iridium,12 SpaceX Employee Patch Lot Serialized Falcon 9 Heavy CRS Iridium Telstar RARE,83,2025-10-12,,,WorthPoint
iridium,.925 Sterling Silver Dip Pen Thomas Jefferson Reproduction Pen Monticello,20,2025-10-12,,,WorthPoint
iridium,Without Tags Oakley OO9208-7238 Mens Radar Ev Path Non-Polarized Iridium Shield,36,2025-10-12,,,WorthPoint
iridium,Motorola - Ball Point Pen With Case,19.99,2025-10-12,,,WorthPoint
iridium,ACCELERACERS 2025 Hot Wheels SILVER SERIES Set 1- 5,39.99,2025-10-12,,,WorthPoint
iridium,LRP Works Team Turbo Glow Plug (WT3) [LRP35135],16.49,2025-10-12,,,WorthPoint
iridium,Serviced ESTERBROOK TRANSITIONAL SJ Fountain Pen‚Ä¢Lever‚Ä¢Gray‚Ä¢14K GP Flex M Nib,31,2025-10-12,,,WorthPoint
iridium,Parting Line Scraper Assembly Hobby Kits Hand Tool For Tank Ship Aircraft Model,13.29,2025-10-12,,,WorthPoint
iridium,Original Vintage First Ever Michael Jordan Oakley Poster Iridium Vs Air 24x36,51,2025-10-12,,,WorthPoint
iridium,8.19 Grams 28mm SIKHOTE ALIN Russian Meteorite With A COA And Info Card,31.99,2025-10-12,8.19,3.91,WorthPoint
iridium,41-110 Iridium Spark Plugs And 48322 Spark Plug Wires Fit For 5.3 6.0L 6 Chevy,45.99,2025-10-12,,,WorthPoint
iridium,4.03 Grams~SIKHOTE ALIN~Iron METEORITE~Whole Individual~HISTORIC Fall Of 1947!,14.99,2025-10-12,4.03,3.72,WorthPoint
iridium,NEW Lancaster Fountain Pen Made In Italy Iridium Point Germany NIB Gold/Brown,29.99,2025-10-12,,,WorthPoint
iridium,Charlie Watts Stones Drummer 2012 The Iridium Jazz Club New York Used Ticket,17.25,2025-10-11,,,WorthPoint
iridium,Ignition Coils DG549 UF646 Iridium Spark Plugs For 2011-2017 Ford F150 3.5L V6,209.5,2025-10-11,,,WorthPoint
iridium,Breyer Classic Freedom Elements Series,165,2025-10-11,,,WorthPoint
iridium,Kershaw 2051 Mini Iridium Folding Pocket Knife DuraLock Ice Blue NEW,49.95,2025-10-11,,,WorthPoint
iridium,Hobbypark RC Igniter & Hot Glow Plugs No.3 N3 Replace OS 8 Super Duty Spark...,26.96,2025-10-11,,,WorthPoint
iridium,Classic Fountain Pen Iridium Point Germany Wood Look Gold/Silver Tip,45.5,2025-10-11,,,WorthPoint
iridium,Kershaw Mini Iridium Folding Knife CPM S35VN Steel Blade Titanium Handle 2051TI,129.99,2025-10-11,,,WorthPoint
iridium,Medium Nib Fountain Pen With Porcelain Blue And White Pattern. Ceramic.,6,2025-10-11,,,WorthPoint
iridium,Nice Scriveiner Fountain Pen,5.99,2025-10-11,,,WorthPoint
iridium,New 2025 Hot Wheels Silver Series AcceleRacers-IRIDIUM- #1/5 - A Rare Find!,5.49,2025-10-11,,,WorthPoint
iridium,Hand Crafted Lathe Turned Premium Fountain Pen Magnetic Graduate Gun Metal Agate,36,2025-10-11,,,WorthPoint
iridium,Oakley X-Squared Polish Natural Finish Polarized Sunglasses With Case Used,590,2025-10-11,,,WorthPoint
iridium,"Autolite AR51-4PK High Performance Racing Non-Resistor Spark Plug, Pack Of 4",12.2,2025-10-10,,,WorthPoint
iridium,TRQ Ignition Kit Ignition Coil Spark Plugs Compatible With 96-03 BMW,108.79,2025-10-10,,,WorthPoint
iridium,Handmade Exotic Boxelder Burl Wood Rollerball Or Fountain Pen ART 1497a,115.88,2025-10-10,,,WorthPoint
iridium,NEW 2004 Hot Wheels Acceleracers Iridium Silencez RARE ‚Ä¢ # 4/9,104.99,2025-10-10,,,WorthPoint
iridium,"""""""B-GRADE CARD"""" 2025 Hot Wheels Walmart Silver Series Acceleracers Full Set Of 5""",31.5,2025-10-10,,,WorthPoint
iridium,12.4 Grams 23mm SIKHOTE ALIN Russian Meteorite With A COA And Info Card,41.99,2025-10-10,12.4,3.39,WorthPoint
iridium,2.605 Grams 16mm SIKHOTE ALIN Russian Meteorite With A COA And Info Card,11.78,2025-10-10,2.605,4.52,WorthPoint
iridium,Never Inked 2007 Montblanc William Faulkner Writer's Series Fountain Pen Mint,1350,2025-10-10,,,WorthPoint
iridium,Esterbrook Fountain Pen Nib - 1550 Firm Ex FINE For General Writing Mint In Box,14.99,2025-10-10,,,WorthPoint
iridium,"Ted Lapidus White & Gold Fountain Pen, Gold Plated Iriduin Tip, NO INK",9.99,2025-10-09,,,WorthPoint
iridium,Sunglasses Oakley New Straight Jacket 04-332 Ice Iridium Made In U.s.a. Rare,149.99,2025-10-09,,,WorthPoint
iridium,Platinum (10% Iridium) And Diamond Engagement Type Ring.,977.5,2025-10-09,,,WorthPoint
iridium,2 VTG Fountain Pens Gold Bond Stonite 14kt #4 Red Marble + Wooden HHH #2,44.95,2025-10-09,,,WorthPoint
iridium,TWSBI Eco Fountain Pen In Cerulean - 1.1mm Stub Nib - NEW In Box - M7449100,44.95,2025-10-09,,,WorthPoint
iridium,Tom's Studio Fountain Pen Nib In Architect - NEW,27.95,2025-10-09,,,WorthPoint
iridium,Monte Verde Marbelized Orange Fountain Pen,20,2025-10-09,,,WorthPoint
iridium,1.85 Grams~SIKHOTE ALIN~Iron METEORITE~Whole Individual~HISTORIC Fall Of 1947!,7.5,2025-10-09,1.85,4.05,WorthPoint
iridium,"NEW AGE Selenium, Zinc, Iodine, L Tyrosine, Ashwagandha 60 Count (Pack Of 2)",53.77,2025-10-09,,,WorthPoint
iridium,Vintage Fountain Pen Permapoint Lever Fill Eberhard Faber USA Black Brown Patter,49.99,2025-10-08,,,WorthPoint
iridium,Vintage PM Luft Fountain Pen Ballpoint Pen Set Iridium Gold Nib Germany,17.95,2025-10-08,,,WorthPoint
iridium,Super Bowl LII 52 Champions Hat Phil Eagles New Era 9Forty Iridium Brim Cap,14.99,2025-10-08,,,WorthPoint
iridium,3.43 Grams 18mm SIKHOTE ALIN Russian Meteorite With A COA And Info Card,12.99,2025-10-08,3.43,3.79,WorthPoint
iridium,"Vintage Iridium Point Germany Wood Tone, Black & Gold Fountain Pen",6.99,2025-10-08,,,WorthPoint
iridium,Gillette Fat Boy Adjustable F3 1960 VTG DE Safety Razor,95,2025-10-07,,,WorthPoint
iridium,Kershaw Leek USA Made Pocket Knife + Kershaw Iridium D2 Duralock EDC Combo,79.99,2025-10-07,,,WorthPoint
iridium,Ignition Coil Pack Of 4 With Iridium Spark Plug Compatible With Toyota Prius ...,71.45,2025-10-07,,,WorthPoint
iridium,Senator Iridium Point Fountain Pen M (Germany) Green/Black,49.98,2025-10-07,,,WorthPoint
iridium,Esterbrook Fountain Pen Nib Only- 2788 Shaded Writing Flexible. Excellent.,49.99,2025-10-07,,,WorthPoint
iridium,Breyer Iridium Classic Elements Series Metal Free Shipping,24.99,2025-10-07,,,WorthPoint
iridium,"Ignition Coils With Spark Plug, Fits For Pathfinder/Altima/Maxima/Mura...",125.82,2025-10-07,,,WorthPoint
iridium,Bittydesign 1/8 Body Clips (Pink) [BDYBC-88P],5.99,2025-10-07,,,WorthPoint
iridium,BISMUTH Rainbow Iridescent Crystal Cluster Mineral Specimen Element,10.39,2025-10-07,,,WorthPoint
iridium,Set Of 6 Ignition Coil Pack Iridium Spark Plug 3.5 EcoBoost V6 Compatible With F,204.79,2025-10-07,,,WorthPoint
iridium,Fountain Pen Westminster Cathedral W/ Iridium Nib Point Germany Gold Trim VTG,33.99,2025-10-07,,,WorthPoint
iridium,"""Kershaw Iridium 2038 DuraLock Knife Gray Aluminum (3.5"""" Satin D2)""",45,2025-10-07,,,WorthPoint
iridium,80+ Pc Lot Calligraphy Pens Markers Ink Nibs Sheaffer Hunt Osmiroid Rotring More,49.75,2025-10-07,,,WorthPoint
iridium,LABAN Iridium Fountain Pen & Roller Ball Set Black & Silver 3D Barrel Broad Nib,132.99,2025-10-06,,,WorthPoint
iridium,Kershaw 2038R Iridium Reverse Tanto Folding Pocket Knife NEW,49.95,2025-10-06,,,WorthPoint
iridium,"JINHAO X159 Fountain Pen (EF Nib 0.38mm, Avocado Green With Silvery Clip",14.75,2025-10-06,,,WorthPoint
iridium,RETRO 51 Tornado Acrylic Pink Fountain Pen W Schmidt Iridium-B Nib Point New Old,89,2025-10-06,,,WorthPoint
iridium,New Kershaw Iridium DuraLock Black 2038BLK,63.25,2025-10-05,,,WorthPoint
iridium,Very Unusual MENTMORE Combination Fountain Pen/Ball Pen Combination.,8.75,2025-10-05,,,WorthPoint
iridium,Rhenium Metal 10mm Density Cube 99.95% For Element Collection USA SHIPPING,275,2025-10-05,,,WorthPoint
iridium,Cased Harley-davidson 75th Anniversary V-twin Engine Commemorative Limited Edition Black Powder .44 Cal Pistol,725,2025-10-05,,,WorthPoint
iridium,Vintage Fountain Pen With 18K GP Iridium Point,75,2025-10-05,,,WorthPoint
iridium,"""Gray Aluminum (3.5"""" Satin D2)""",15.5,2025-10-05,,,WorthPoint
iridium,"""Knife Gray Aluminum (3.5"""" Satin D2)""",26,2025-10-05,,,WorthPoint
iridium,Handmade Exotic Koa Burl Wood & Resin Rollerball Or Fountain Pen ART 1416a,124.88,2025-10-05,,,WorthPoint
iridium,Hand Made 6061 Aircraft Grade Aluminum Fountain Pen #6 German Iridium Nib,23.99,2025-10-05,6,4,WorthPoint
iridium,Hot Wheels 2025 SILVER SERIES Acceleracers Iridium ü©∂ü©∂,6.99,2025-10-05,,,WorthPoint
iridium,3rd LAUNCH IRIDIUM SATELLITE BY LONG MARCH 2C 1998 CHINA SPACE COVER,5.5,2025-10-05,,,WorthPoint
iridium,TWSBI Eco Fountain Pen In Sky Blue - Stub 1.1 - NEW In Box,39.85,2025-10-05,,,WorthPoint
iridium,24.4 Grams 32mm SIKHOTE ALIN Russian Meteorite With A COA And Info Card,71,2025-10-05,24.4,2.91,WorthPoint
iridium,14.1 Grams 24mm SIKHOTE ALIN Russian Meteorite With A COA And Info Card,49.99,2025-10-05,14.1,3.55,WorthPoint
iridium,Lamy Safari Fountain Pen In Pink Cliff 2024 Special Edition - Medium Nib,34.55,2025-10-05,,,WorthPoint
iridium,Terzetti Executive Metal Brass Rollerball/fountain Pen-metallic Black+pouch,5.99,2025-10-05,,,WorthPoint
iridium,DR WHO 2017 SPACE IRIDIUM NEXT LAUNCH W11969,11.5,2025-10-04,,,WorthPoint
iridium,Vintage Reform 1745 Green & Black Fountain Pen Iridium Point Piston Filler,30,2025-10-04,1745,0.02,WorthPoint
iridium,Vtg Motorola Vandenberg Air Force Base Iridium T-Shirt MS-9 Logo 2-Sided Tee L,39.99,2025-10-04,,,WorthPoint
iridium,2019 Solomon Islands 5 Dollars Nine Precious In One 9 In 1 Planets Silver Coin,499.99,2025-10-04,,,WorthPoint
iridium,Rare -CBHR BEAUMEL & CO NY FOUNTAIN PEN LEVER FILLER - 14K VERYFLEXIBLE NIB,95,2025-10-04,,,WorthPoint
iridium,1900-1910 AIKIN LAMBERT Mottled RED HARD RUBBER PEN SLIPCAP EYEDROPPER Gem,444,2025-10-04,,,WorthPoint
iridium,"""Vintage AIKIN LAMBERT """"CAPITOL CABINET"""" FOUNTAIN PEN 14K NIB""",51,2025-10-04,,,WorthPoint
iridium,"Kershaw Iridium D2, SOG Terminus XR S35VN, Cold Steel Engage AUS10A",140,2025-10-04,,,WorthPoint
iridium,2025 Hot Wheels SILVER SERIES - ACCELERACERS - Set Of 5,39.95,2025-10-04,,,WorthPoint
iridium,Oakley Half Jacket 1.0 Black & Red Burgundy Frame Fire Iridium Lens Gen 1 RARE,100,2025-10-03,,,WorthPoint
iridium,Nib#5 - Extra Fine,28,2025-10-03,,,WorthPoint
iridium,American Heritage Pens USS Constitution Wood Fountain & Roller Ball Set Ex-Cond,99.99,2025-10-03,,,WorthPoint
iridium,Capella Black With Gold Overlay Fountain Pen,100,2025-10-03,,,WorthPoint
iridium,Conklin Endura Abalone Shell Rose Gold Limited Edition Fountain Pen M Nib,40,2025-10-03,,,WorthPoint
iridium,2005 Mercedes-Benz SLK 350 Automatic.,2710.95,2025-10-03,,,WorthPoint
iridium,Vintage Chrome Art Fountain Pen Iridium Point Nib Made In Germany,69.95,2025-10-03,,,WorthPoint
iridium,"""NEW Kershaw Iridium RT Folding Knife - 2038R - 3.5"""" D2 Tool Carbon Steel""",49.95,2025-10-03,,,WorthPoint
iridium,ULTIMATIUM Mother Earth Minerals - 1/2 Oz - DNA Protector - Longevity & Immunity,64.99,2025-10-03,56.7,1.15,WorthPoint
iridium,2007 Hot Wheels #115 Track Stars 7/12 IRIDIUM Blue Variant W/Chrome 5Spoke-Varia,9.75,2025-10-03,,,WorthPoint
iridium,Vintage WATERMAN 14 Fountain Pen - SUPER FLEX Flex Nib Fine To 2.0 Mm - RESTORED,401,2025-10-03,,,WorthPoint
iridium,LRP35051 LRP Standard Glow Plug R5 - Medium/Cold For LRP .28 .32 & Traxxas 3.3,13.99,2025-10-02,,,WorthPoint
iridium,"HERO FOUNTAIN PEN 329 NOS BLACK, Iridium Tip Nib",7.5,2025-10-02,,,WorthPoint
iridium,Motorola Iridium 9500 Satellite Phone MS1-10 W/ Charger,102.5,2025-10-02,,,WorthPoint
iridium,Lot Of 6 Six Vintage Iridium Point Fountain Pens Made In Germany No Reserve,38,2025-10-02,,,WorthPoint
iridium,12.4 Grams Platinum Iridium Rings Watch Case Jewelry Lot Wear Scrap,524.99,2025-10-02,12.4,42.34,WorthPoint
iridium,Libelle Swirl Fountain Pen,23.01,2025-10-02,,,WorthPoint
iridium,Monteverde Demonstrator Fountain Pen,9.99,2025-10-02,,,WorthPoint
iridium,TWSBI Eco Fountain Pen In Cerulean - Broad Point - NEW In Box - M7449090,37.95,2025-10-02,,,WorthPoint
iridium,TWSBI Eco-T Fountain Pen In Saffron - 1.1mm Stub Nib- NEW In Original Box,44.95,2025-10-02,,,WorthPoint
iridium,TWSBI Eco-T Fountain Pen In Saffron - Extra Fine Point - NEW In Original Box,44.95,2025-10-01,,,WorthPoint
iridium,"Hot Wheels 07 Iridium Track Star, Orange Malaysia,Asphalt Jungle Deora",5.92,2025-10-01,,,WorthPoint
iridium,Lot Of 2 Fountain Pens,47.2,2025-10-01,,,WorthPoint
iridium,Messmer Art 4000 Fountain Pen Gunmetal Black GT Medium GP Iridium Pt Nib Germany,24,2025-10-01,,,WorthPoint
iridium,XV8 Crisis Battlesuits Tau Empire Warhammer 40K NIB,71.4,2025-10-01,,,WorthPoint
iridium,Vintage Fountain Pen Iridium Point Germany Faux Stag Antler Look,9.99,2025-09-30,,,WorthPoint
iridium,2025 Hot Wheels Silver Series ACCELERACERS Set Walmart REVERT Hollowback RD09 +,29.99,2025-09-30,,,WorthPoint
iridium,Vintage Iridium Point Germany Wood Fountain Pen,9.99,2025-09-30,,,WorthPoint
iridium,LRP Nitro Glow Plug Platinum Iridium Plug 6T #35160 Turbo Medium OS,9,2025-09-30,,,WorthPoint
iridium,Kershaw Blade HQ Exclusive Dessert Warrior Mini Iridium - Pink Aluminum Blue NEW,94.36,2025-09-29,,,WorthPoint
iridium,Handmade Wood Wooden Fountain Pen With Matching Wood Case Without Ink Cartridge,12.72,2025-09-29,,,WorthPoint
iridium,"""Breyer Classic Harper """"Iridium"""" Elements Series 2024 New In Box""",14.99,2025-09-29,,,WorthPoint
iridium,Beijing 2008 Olympic Pen Woodiness Pair Pen Set Fountain & Rollerball 2 Pens NEW,99.99,2025-09-29,,,WorthPoint
iridium,Dale Jarrett Signed Mini Helmet Autographed Autolite Iridium Xp Spark Plugs,25,2025-09-29,,,WorthPoint
iridium,Kershaw Mini Iridium DuraLock Gray Titanium Folding S35VN Pocket Knife 2051TI,125,2025-09-29,,,WorthPoint
iridium,Libelle Vortex Waterman Phileas Carene 18k Nib Fountain Pens Lot Of 6 #M1176-5,312,2025-09-29,,,WorthPoint
iridium,Vintage 1946 Black/gold Blue Diamond Parker Vacumatic Fountain Pen - Restored,89.95,2025-09-29,,,WorthPoint
iridium,Scrap .900 Platinum & Diamond Ring & 999.5 Platinum Bullion Bar 7.8 Grams Total,385,2025-09-29,7.8,49.36,WorthPoint
iridium,"4 X Parker Lucky Curve Nibs, Lot #1",127.5,2025-09-29,,,WorthPoint
iridium,Vintage 1945 Azure Pearl Blue Diamond Parker Vacumatic Fountain Pen - Restored,163,2025-09-29,,,WorthPoint
iridium,Hot Wheels Silver Series Acceleracers Cars Set/5 Iridium Sling Shot Revert RD-09,49,2025-09-28,,,WorthPoint
iridium,ALMOST REAL 2016 Mercedes Maybach S Class Iridium Silver 1:18*Brand New! *NICE!,155.61,2025-09-28,,,WorthPoint
iridium,"""Kershaw Iridium DuraLock Knife Gray Aluminum (3.5"""" Satin D2) 2038""",36,2025-09-28,,,WorthPoint
iridium,Kershaw Iridium Reverse Tanto DuraLock Knife Black Used,34.33,2025-09-28,,,WorthPoint
iridium,Vintage Fountain Pen Lot Conklin Crescent Filler Majestic Esterbrook Wearever,31,2025-09-28,,,WorthPoint
iridium,Monteverde Regatta Rollerball Pen In Santorini Blue- NEW In Box,75.95,2025-09-27,,,WorthPoint
iridium,Vintage Pelikan Triari Fountain Pen Set Germany 4001 Ink Cartridges Boxed,31.99,2025-09-27,,,WorthPoint
iridium,Venice Cadet Blue Lightning Fine Quality Fountain Pen,6.5,2025-09-27,,,WorthPoint
iridium,2004 Montegrappa Miya Yellow Celluloid & Sterling Fountain Pen Never Inked,795,2025-09-27,,,WorthPoint
iridium,"""Kershaw Iridium DuraLock 3.5"""" D2 Black Anodized Aluminum Folding Knife 2038BLK""",60,2025-09-27,,,WorthPoint
iridium,"Majohn Q1 Mini Fountain Pen Medium Nib Transparent Eyedropper Filling, Short",34.99,2025-09-26,,,WorthPoint
iridium,Burl Wood Fountain Pen + 4 Graf Von Faber-Castell & Kaweco Ink Packs,40.5,2025-09-26,4,10.13,WorthPoint
iridium,Gorgeous Decorative Matte Silver Color Fountain Pen W/ Iridium Point Nib Germany,22.5,2025-09-26,,,WorthPoint
iridium,Monteverde Invinvcia Germany Black Tie Fountain Pen With Iridium Point M In Box,69.99,2025-09-26,,,WorthPoint
iridium,"""vintage WATERSON PEN Big Red Copy - 5 1/4"""" NO CHIPS OR CRACKS - SS NIB - NICE!!""",77,2025-09-26,,,WorthPoint
iridium,Hot Wheels Silver Series Acceleracers Set 1-5 2025,48,2025-09-26,,,WorthPoint
iridium,Vintage Banker Clip Fountain Pen Iridium Nib,11.75,2025-09-26,,,WorthPoint
iridium,Authentic IRIDIUM-1 - SPACEX FALCON 9 Launch VAFB SATELLITE Mission PATCH,9.95,2025-09-26,,,WorthPoint
iridium,Vintage Sheaffer Fountain Pen And Pencil In Box White Dot Gold Nib Iridium Point,34.99,2025-09-26,,,WorthPoint
iridium,RARE HISTORIC Native Iridium Platinum-Group Crystals COLOMBIA - Ex. Sherk,160.5,2025-09-26,,,WorthPoint
iridium,8 X Iridium Spark Plugs For Ford 4.6 5.4L V8 Sp1002,89.99,2025-09-26,,,WorthPoint
iridium,2x Mercedes-Benz E-Klasse Silver Schuco [B6 696 0207]+[B6 696 2435],170,2025-09-25,,,WorthPoint
iridium,Hot Wheels 2004 ACCELERACERS Silencerz IRIDIUM 4 Of 9,90,2025-09-25,,,WorthPoint
iridium,Kershaw Iridium 2038r And 2051r,85,2025-09-25,,,WorthPoint
iridium,1937 Parker Challenger Gray/Black/White Marbled Button Filler 14k Nib,42.95,2025-09-24,,,WorthPoint
iridium,Parker Parkette DeLuxe Green & Black Marble Fluted Fountain Pen,30,2025-09-24,,,WorthPoint
iridium,"QYL Spark Plug Compatible With Impreza Replacement# 7090 BKR5EGP, P... Fast Ship",29.99,2025-09-24,,,WorthPoint
iridium,Vintage First Ever Michael Jordan Oakley Collaboration Poster Iridium Vs Air.,150,2025-09-23,,,WorthPoint
iridium,Hot Wheels 2025 Silver Series Acceleracers Set Of 5,40,2025-09-23,,,WorthPoint
iridium,Vintage Schmidt Iridium Point Fountain Pen W/ Blue Barrel & Gold Nib,49,2025-09-23,,,WorthPoint
iridium,"Iridium Spark Plug OE12621258 41 110 - Pack Of 8, For Chevy GMC Cadillac Buic...",50.1,2025-09-23,,,WorthPoint
iridium,Jinhao 911 Steel Fountain Pen Hooded Extra-Fine Nib With 4ml Ink Sample,10,2025-09-23,,,WorthPoint
iridium,Iridium Point Fountain Pen Vintage Green Gray Marbled Look,8,2025-09-23,,,WorthPoint
iridium,"Kershaw Black Iridium Folding Pocket Knife, Sleek 3.4 Inch D2 Steel Blade,",66.43,2025-09-22,,,WorthPoint
iridium,A W Faber 7010/Parker Sheaffer Garland Fountain & Ink Pen Pencil Lot Of 9,9,2025-09-22,,,WorthPoint
iridium,Hot Wheels 2025 Silver Series Acceleracers Full Set Lot Of 5,49.99,2025-09-22,,,WorthPoint
iridium,8 Pc NGK Laser Iridium Spark Plugs Compatible With Toyota Tundra 4.6L 5.7L V8...,143.99,2025-09-22,,,WorthPoint
iridium,Diplomat Wearever Jefferson 14k Fountain Pen Mechanical Pencil Lot Of 6 #M1021-3,102.5,2025-09-22,,,WorthPoint
iridium,Vintage WAHL OXFORD Maroon Celluloid Fountain Pen FLEX Nib F To BB+ - RESTORED,111.55,2025-09-22,,,WorthPoint
iridium,"Meteorite**Aletai, Iron (IIIE-AN)**7.065 Gram, Amazing Gorgeous Pendant!!",27,2025-09-22,7.065,3.82,WorthPoint
iridium,"""Kershaw Iridium 2038BLK DuraLock Knife Aluminum (3.5"""" Satin D2) Factory Second""",36,2025-09-22,,,WorthPoint
iridium,NOS New Old Stock Vintage John E. Hand & Sons Fountain Pen Sterling Cap Germany,48.5,2025-09-22,,,WorthPoint
iridium,Vintage 1943 Golden Pearl Blue Diamond Parker Vacumatic Fountain Pen - Restored,189,2025-09-22,1943,0.1,WorthPoint
iridium,Vintage Wearever Fountain Pen - Iridium Tip,13.5,2025-09-21,,,WorthPoint
iridium,6 Pc NGK Iridium IX Spark Plugs Compatible With Ford F-150 3.5L V6 ... Fast Ship,92.99,2025-09-21,,,WorthPoint
iridium,"Kershaw Iridium Folding Pocket Knife, 3.4 Inch D2 Steel Blade",43.99,2025-09-21,,,WorthPoint
iridium,Kershaw Iridium Reverse Tanto 2038RX,60,2025-09-21,,,WorthPoint
iridium,Hot Wheels Acceleracers - Silencerz - Iridium - #4-9,43,2025-09-21,,,WorthPoint
iridium,"""Kershaw Iridium 2038R Reverse Tanto DuraLock Knife Black Aluminum (3.5"""" SW D2)""",42,2025-09-21,,,WorthPoint
iridium,1.86 Grams SIKHOTE ALIN Iron METEORITE Shrapnel HISTORIC Fall Of 1947 Russia!,5.99,2025-09-21,1.86,3.22,WorthPoint
iridium,Hot Wheels - 2025 SILVER SERIES - ACCELERACERS - IRIDIUM,7.99,2025-09-20,,,WorthPoint
iridium,Belmont Fountain Pen Duo-Tip Iridium 14k Gold Plated #6 Red/Brown Marble,24.99,2025-09-20,,,WorthPoint
iridium,Gillette Fat Boy Adjustable Vintage DE Safety Razor - F4 1960,120,2025-09-20,,,WorthPoint
iridium,6 Pc Champion Iridium Spark Plugs Compatible With Jeep Wrangler 4.0L 4.2L L6 ...,99.84,2025-09-19,,,WorthPoint
iridium,4pcs Ignition Coil & Spark Plug Compatible With Toyota Camry Highla... Fast Ship,67.99,2025-09-19,,,WorthPoint
iridium,Hot Wheels Acceleracers 2025 COMPLETE SET Of 5 - New In Package,39.99,2025-09-19,,,WorthPoint
iridium,Sets Of 4 UF549 Ignition Coil Pack And 9029 Iridium Spark Plugs Compatible Wi,64.99,2025-09-19,,,WorthPoint
iridium,X260-23) 4.6g Campo Del Cielo Meteorite Natural Shape Space Pendant Iron Nickel,34.99,2025-09-19,4.6,7.61,WorthPoint
iridium,Scriveiner Gold Tone And Chrome Fountain Pen - Medium Nib W/Converter,35,2025-09-19,,,WorthPoint
iridium,"93175 LKR7DIX-11S Spark Plugs 6PCS Duble Iridium For Honda Accord Civic,Dodge",27.99,2025-09-18,,,WorthPoint
iridium,VINTAGE SUNGLASSES OAKLEY NEW STRAIGHT JACKET CANNON RED - Red Iridium Lens,91,2025-09-18,,,WorthPoint
iridium,Oakley Minute Gen 1 Vintage Sunglasses FMJ Gunmetal Emerald Iridium 1990's,149.97,2025-09-18,,,WorthPoint
iridium,"Vintage Lady's Platinum And Diamond Watch, Glycine Watch Co.",1740,2025-09-18,,,WorthPoint
iridium,Toyota OEM Spark Plugs SC16HR11 IRIDIUM 90919-01275 Qty. 4,24.5,2025-09-18,,,WorthPoint
iridium,Reform 1745 Fountain Pen Resin Body Iridium Point Vintage Piston Filler,25,2025-09-17,,,WorthPoint
iridium,Kershaw Iridium 2038RCF Folding Knife,142.5,2025-09-17,,,WorthPoint
iridium,Esterbrook Camden Silver Fountain Pen Iridium Nib W/ Leather Pouch,55,2025-09-17,,,WorthPoint
iridium,Kershaw Iridium Dessert Warrior Knife & Blade Hq Dw Knife Shop Mat + D W Dice,160,2025-09-17,,,WorthPoint
iridium,Set Of 4 UF333 Ignition Coil Packs & Iridium Spark Plugs 7092 Compatible With 20,65.68,2025-09-17,,,WorthPoint
iridium,4 GRAMS High Noble Dental Gold Alloy- Implant Cylinders - See Description,240,2025-09-17,4,60,WorthPoint
iridium,üî• Hot Wheels AcceleRacers 2025 Silver Series Set - Mattel Diecast Car Mint üíé,69.99,2025-09-17,,,WorthPoint
iridium,Wood & Silver Tone Filigree Iridium Point Fountain Pen & Twist Ball Pen Set,11.11,2025-09-17,,,WorthPoint
iridium,Vintage Lot 2 Iridium Point Germany Marbled Fountain Pen Multicolor No Ink,31.42,2025-09-17,,,WorthPoint
iridium,"Jinhao X159 Fountain Pen, Gold Trim, #8 Nib, Ivory Barrel",13.69,2025-09-17,,,WorthPoint
iridium,Fountain Pen Signed Iridium Point 18k Gp. On Nib Yello Marble Black & Gold Tone,20.5,2025-09-17,,,WorthPoint
iridium,APM Ignition Coils And Spark Plugs Kits Compatible With Hyundai Elantra,98.66,2025-09-17,,,WorthPoint
iridium,Vintage 1934 Gillette Red & Black Deluxe Set/ Fat Common Bar Handle,66.75,2025-09-17,1934,0.03,WorthPoint
iridium,Platinum Resin Fountain Pen 10 Years Iridium Extra Fine Nib Unrestored,45,2025-09-17,,,WorthPoint
iridium,0.5mm Iridium Fine F Nib Vintage Jinhao X159 Ink Fountain Pen Acrylic Screw Cap,13.01,2025-09-17,,,WorthPoint
iridium,2009 Pilot Custom 823 Clear Vacuum-filler 14k #15 Broad Nib Fountain Pen,330,2025-09-17,,,WorthPoint
iridium,Vtg LABAN Celebration Oyster Blue Fountain Pen In Original Box *Iridium-M-nib,69,2025-09-17,,,WorthPoint
iridium,***CUSTOM*** TENNESSEE TITANS Full Size NFL Riddell SPEED Football Helmet,259.99,2025-09-17,,,WorthPoint
iridium,ARTISTICA Ricco Deruta Porcelain & Metal Fountain Pen Genius Iridium Nib Germany,27,2025-09-17,,,WorthPoint
iridium,Kershaw Iridium Folding Knife - Free Shipping,59.95,2025-09-17,,,WorthPoint
iridium,Dale Jarrett Signed Mini Helmet NASCAR Bell Racing Autolite 2014 Ltd Ed,34.95,2025-09-16,,,WorthPoint
iridium,"""Kershaw Iridium D2 3.5"""" 2038 Pocket Knife""",42.99,2025-09-16,,,WorthPoint
iridium,Gillette Fat Boy Adjustable - G1 1961 - VTG DE Safety Razor,95,2025-09-16,,,WorthPoint
iridium,"Art Ensemble Of Chicago - Non-cognitive Aspects Of The City, Live At Iridium - 2",10.5,2025-09-16,,,WorthPoint
iridium,Monteverde Fountain Pen,26,2025-09-16,,,WorthPoint
iridium,LE Michael's Fat Boy Comet Fountain Pen Ballpoint Parker Gel Set Black Aluminium,299.99,2025-09-16,,,WorthPoint
iridium,41-110 Iridium Spark Plugs & Spark Plug Wires M8-48322 For Chevy 5.3 6.0L 6.2L,45.97,2025-09-16,,,WorthPoint
iridium,Anthony Braxton - 9 Compositions (iridium) 2006,60,2025-09-16,,,WorthPoint
iridium,Rare! Vintage Oakley Minute Sunglasses 04-008PCarbon/Black Iridium Polarized USA,248.99,2025-09-16,,,WorthPoint
iridium,Hot Wheels Silver Series AcceleRacers Iridium Rare üî• 1/5,15,2025-09-16,,,WorthPoint
iridium,Kershaw Iridium 2038 D2 Pocket Knife,41,2025-09-16,,,WorthPoint
iridium,Modena Black Fine Quality Fountain Pen 334a,6.5,2025-09-15,,,WorthPoint
iridium,2025 Hot üî• Wheels Silver Series/ Acceleraces __All 5 In Hand..,35,2025-09-15,,,WorthPoint
iridium,Vintage Fountain Pen Unbranded With Large 14K Gold Plated Nib,15.5,2025-09-15,,,WorthPoint
iridium,Arnold Olive Green Swirl Celluloid Fountain Pen - Fine Nib - 1930's,28.5,2025-09-15,,,WorthPoint
iridium,Laban Fountain Pen,34,2025-09-15,,,WorthPoint
iridium,Eversharp Symphony Burgundy Fountain Pen/ Pencil Set Iridium Medium Nib FP15,22,2025-09-15,,,WorthPoint
iridium,Private Hot Wheels Silver Series Acceleracers Set Of 4/5 + 3 Extra Cars,15.36,2025-09-15,,,WorthPoint
iridium,Private Hot Wheels Silver Series Acceleracers Set Of 4/5 + Extra Car,15.36,2025-09-15,,,WorthPoint
iridium,Kershaw Iridium DuraLock Knife Bronze Aluminum Reverse Tanto)- BladeHQ Exclusive,120,2025-09-15,,,WorthPoint
iridium,Vintage 1945 Golden Pearl Blue Diamond Parker Major Vac Fountain Pen - Restored,99.95,2025-09-15,1945,0.05,WorthPoint
iridium,Vintage 1941 Emerald Pearl Double Jewel Parker Vacumatic Fountain Pen - Restored,137.5,2025-09-15,,,WorthPoint
iridium,Vintage 1945 Golden Pearl Blue Diamond Parker Vacumatic Fountain Pen - Restored,99.95,2025-09-15,1945,0.05,WorthPoint
iridium,SHEAFFER BALANCE RED VEIN GREY PEARL FOUNTAIN PEN 14k GOLD NIB - RESTORED,59.95,2025-09-15,,,WorthPoint
iridium,Vintage 1946 Parker Duofold Silver/blk/maroon Blue Diamond Fountain Pen-restored,136.5,2025-09-15,,,WorthPoint
iridium,"Jinhao 9019 Dadao Fountain Pen, #8 Nib, Translucent Black W/Black Trim",16.69,2025-09-15,,,WorthPoint
iridium,"Hot Wheels ACCELERACERS SET (B) SLING SHOT,REVERT,IRIDIUM,NEW IN PACKAGE VHTF!!!",21.5,2025-09-15,,,WorthPoint
iridium,TERZETTI Expert Metal Silver /GT Trim Fountain Pen/ Rollerball Combo Dual Set,8.99,2025-09-15,,,WorthPoint
iridium,Reform Piston Green Fountain Pen,65,2025-09-14,,,WorthPoint
iridium,Laban Fountain Pen And Roller Ball Set,40,2025-09-14,,,WorthPoint
iridium,Vintage German UHU Noblesse Fountain Pen,34,2025-09-14,,,WorthPoint
iridium,Warhammer 40k T'au Empire XV8 Crisis Battlesuit W/Dual Fusion Blaster Or Iridium,29.95,2025-09-14,,,WorthPoint
iridium,Hot Wheels 2025 Silver Series Acceleracers Complete 5 Car Set New,39.99,2025-09-14,,,WorthPoint
iridium,Kershaw Blade HQ Exclusive Iridium - Bronze Ano Aluminum - Black Stonewashed D2,110,2025-09-14,,,WorthPoint
iridium,"""Sheaffer """"275"""" Junior Fountain Pen; Plunger-Filler; Green Striated; Original Nib""",7.17,2025-09-14,,,WorthPoint
iridium,Parker Vacumatic Fountain Pen; Plastic Plunger; No Date Stamp Visible,44,2025-09-14,,,WorthPoint
iridium,Antique Fountain Pen. Green Marble. Iridium Tipped. Unbranded.,15,2025-09-13,,,WorthPoint
iridium,"Vintage *7 FOUNTAIN PEN LOT* Sheaffer Lady Skripsert, Welsharp, Iridium Point",43,2025-09-13,,,WorthPoint
iridium,Hot Wheels Acceleracers - Silencerz/Stripped Metal Series - Iridium,81,2025-09-13,,,WorthPoint
iridium,Y2k Oakley Monsterdog Sunglasses; Crystal Black/ Mirror Iridium,205,2025-09-13,,,WorthPoint
iridium,‚ö° Hot Wheels 2025 AcceleRacers New Silver Series Diecast Car üöó‚ú®üí® Retro Cartoon,14.99,2025-09-13,,,WorthPoint
iridium,Stipula Fountain Pen Limited #X/351 V-flex Iridium NIB Size 2 ST62044 Purple,499,2025-09-13,,,WorthPoint
iridium,8Pcs Iridium Spark Plugs 41-962 & Spark Plug Wires Set 9748HH Compa... Fast Ship,47.99,2025-09-13,,,WorthPoint
iridium,Sikhote-Alin Russia 1947 IIAB Iron Nickel Meteorite 92.5 Grams With Regmaglypts,229,2025-09-13,92.5,2.48,WorthPoint
iridium,"Real Red Jinhao Elite 159 Wide Body Steel Fountain Pen, Fine Nib, & Ink",11.75,2025-09-12,,,WorthPoint
iridium,Gloss Black Jinhao Elite 159 Wide Body Steel Fountain Pen & Fine Nib ~ Ink,11.75,2025-09-12,,,WorthPoint
iridium,Private Sale Hot Wheels Silver Series AcceleracersFull Set Of 5 + 5 Extra Cars,21.2,2025-09-12,,,WorthPoint
iridium,"Online Slope Fountain Pen, Wild Berry, Fine Nib, New In Box, Made In Germany",12.95,2025-09-12,,,WorthPoint
iridium,Graf Von Faber Castelli White Ivory Anello 18K Flexy Fountain Pen M Nib Size,400,2025-09-12,,,WorthPoint
iridium,üêä 45g Gold Silver Platinum Iridium In Quartz Raw Natural Ore Rock Usa,25,2025-09-12,45,0.56,WorthPoint
iridium,Antique Platinum And Diamonds Cocktail Ring,3480,2025-09-12,,,WorthPoint
iridium,Vintage 30's/40's White Shell Welsharp Iridium 14K Gold Plated Nib Fountain Pen,20,2025-09-12,,,WorthPoint
iridium,Johnson Matthey JM Gold & Platinum Assayer London UK 9‚Äù X 18‚Äù Framed Poster,125,2025-09-12,,,WorthPoint
iridium,"2025 Hot Wheels Silver Series Acceleracers Iridium, Sling Shot COMPLETE SET OF 5",49.99,2025-09-12,,,WorthPoint
iridium,"N3 Hot Spark Glow Plug For RC Nitro Engines Car Truck Buggy Pack Of 5, Spark ...",30.46,2025-09-11,,,WorthPoint
iridium,SCITOO Ignition Coil UF97 For Jeep Grand For Cherokee 5.2L/4.0L 1993-1997 For,27.99,2025-09-11,,,WorthPoint
iridium,Hot Wheels Acceleracers Iridium LOOSE MINT 1/64,45,2025-09-11,,,WorthPoint
iridium,Senator Black With Silver Trim Regent Pistonfilled Fountain Pen,25,2025-09-11,,,WorthPoint
iridium,NGK (9723) SILZKR7B11 Laser Iridium Spark Plug - Pack Of 4,75.99,2025-09-11,,,WorthPoint
iridium,Kershaw Iridium Carbon Fiber M390 Spear Point Blade 2038CFM390 Limited Edition,209.99,2025-09-11,,,WorthPoint
iridium,"43 Gm Muonionalusta Meteorite Piece Sweden, Iron Nickel AAA Gd JAL",71.95,2025-09-11,43,1.67,WorthPoint
iridium,Vintage PARKER Vacumatic Black Fountain Pen USA 1943‚Äî14K Nib‚Äîneeds New Diaphragm,69.95,2025-09-11,,,WorthPoint
iridium,4 Pc NGK Iridium IX Spark Plugs Compatible With Honda Accord 2.0L 2.4L L4 2013-2,80.28,2025-09-11,,,WorthPoint
iridium,Hot Wheels Silver Series Acceleracers Set Of 4 NEW(NOT FULL SET),26.99,2025-09-11,,,WorthPoint
iridium,Monaggio Wood Fountain Pen Gift Set Iridium Germany W/ Case Classic Gift Box,24.99,2025-09-10,,,WorthPoint
iridium,"Zalantan Fountain Pen, Luxury Fine Point Smooth Writing Pens For Journaling F...",24.92,2025-09-10,,,WorthPoint
iridium,"Denso (3426) FK20HR-11 Iridium Long Life Spark Plug, Pack Of 6",60,2025-09-10,,,WorthPoint
iridium,#265 Black Aluminum Kershaw 2038R Iridium D2 KVT Reverse Tanto Duralock Knife,40,2025-09-10,,,WorthPoint
iridium,2004 Hot Wheels Acceleracers Silencerz Iridium 4 Of 9,59.99,2025-09-10,,,WorthPoint
iridium,8Pcs Iridium & Platinum Spark Plugs For Chevrolet Silverado GMC Sierra 5.3L,60.99,2025-09-10,,,WorthPoint
iridium,"Iridium Platinum Spark Plugs Compatible With Ford F-150, F-250/350 Super",50.36,2025-09-10,,,WorthPoint
iridium,SpaceX Falcon 9 Iridium NEXT USAF 30 SW Mission Patch 5‚Äù X 3‚Äù Rectangle,9.95,2025-09-10,,,WorthPoint
iridium,Iridium Phone Model 9505A,250,2025-09-09,,,WorthPoint
iridium,2005 Hot Wheels AcceleRacers Silenderz Iridium Stripped Metal Series,100,2025-09-09,,,WorthPoint
iridium,2pcs Glow Plugs N3 For Nitro RC Cars Trucks Buggies Enhance Idle & Power,23.98,2025-09-09,,,WorthPoint
iridium,Hot Wheels Acceleracers Silver Series Iridium Single,17,2025-09-09,,,WorthPoint
iridium,"""ART DECO 4"""" Eggens-Hambler 14K Fountain Pen - Newark NJ - Black/pearl - Ring-top""",55.55,2025-09-09,,,WorthPoint
iridium,Hot Wheels Acceleracers Silver Series Iridium,9,2025-09-09,,,WorthPoint
iridium,Hot Wheels Silver Series AcceleRacers Set/Lot Iridium + Hollowback NO REVERT X4,34.99,2025-09-09,,,WorthPoint
iridium,2007 Hot Wheels Short Card Assortment Collection Lot,7,2025-09-09,,,WorthPoint
iridium,NGK 6994 IZFR6K-11 Laser Iridium Spark Plugs - Set Of 6,55.99,2025-09-09,,,WorthPoint
iridium,"Hartcourt Fountain Pen Lot (5), Iridium Tip, Gold, Silver, Bronze Colored - Used",15,2025-09-09,,,WorthPoint
iridium,Meteorite And Display Cube 8.2 Gram Genuine Campo Del Cielo Meteorite With COA,32.99,2025-09-08,8.2,4.02,WorthPoint
iridium,"Iridium XP Automotive Replacement Spark Plugs, (4 Pack)",35.99,2025-09-08,,,WorthPoint
iridium,"Large Lot Vintage Parker Fountain Pens, Pencils, Etc. Gold Nibs E1",113.5,2025-09-08,,,WorthPoint
iridium,"""Kershaw Iridium Folding Knife 3.5"""" D2 Steel Blade Gray Aluminum Handle 2038""",36,2025-09-08,,,WorthPoint
iridium,Nice 1930s Ambassador FPen Silver\Grey Pearl W/Pale Blue Turquoise Swirls,22.99,2025-09-08,,,WorthPoint
iridium,"Iridium 1 Gram, 99.98%, Arc Melted Pellet Produced By SMT Of Austria",265,2025-09-08,1,265,WorthPoint
iridium,Iridium Spark Plug 16pcs Replace Chrysler Dodge Jeep Ram 4.7L 5.7L 6.4L V8,95.24,2025-09-08,,,WorthPoint
iridium,Vintage Tourneau MMXV Iridium Point Fountain Pen - Light Blue Marble Resin,39.99,2025-09-08,,,WorthPoint
iridium,Reform Vintage Cartridge Fill Pen-White--Vintage L980-90's--Made In Germany,6.9,2025-09-08,,,WorthPoint
iridium,Retro 1951 Red Resin Abalone Irridium Nib Fountain Pen W/ Box Lot O 2 #M1175-5,122,2025-09-08,,,WorthPoint
iridium,GT Spirit 1:18 Mercedes-Benz C63 AMG (W204) In Iridium Silver Metallic (GT462),179.99,2025-09-08,,,WorthPoint
iridium,Rock Candy Funk Party ‚Äì Takes New York Live At The Iridium - 2 Cd Set,9.99,2025-09-07,,,WorthPoint
iridium,"Hot Wheels 2007 Mainlines - Batmobile, '66 Nova, Sky Knife, . - Lot Of 48",56.25,2025-09-07,,,WorthPoint
iridium,Kershaw 2051 Mini Iridium Knife D2 Stonewashed Ice Blue Aluminum Duralock,43,2025-09-07,,,WorthPoint
iridium,"Marbled Brown & Red Fountain Pen ‚Äì Iridium Point Germany, Gold Trim, Vintage",38.5,2025-09-07,,,WorthPoint
iridium,Lamy Safari Fountain Pen In Steel Black - Left Handed - NEW In Box,36.55,2025-09-07,,,WorthPoint
iridium,Rare Less Common Vintage 05 1 Year Only Tyco 440x2 Slot Car Iridium Accele Racer,60,2025-09-07,,,WorthPoint
iridium,Blade Ha Dessert Warrior Knife Lot. New In The Box.,320,2025-09-07,,,WorthPoint
iridium,Silver Tone Fountain Pen & Letter Opener Lacquer Wood Box German Iridium Point,14.95,2025-09-07,,,WorthPoint
iridium,2004 Hot Wheels Acceleracers Silencerz - Iridium (Factory Set) - #4 Of 9,59.99,2025-09-07,,,WorthPoint
iridium,Mixed Lot Vtg Morriset Point Replacement Section Fine/Extra Fine Iridium Tips,20,2025-09-07,,,WorthPoint
iridium,Silver Jinhao Elite 159 Steel Fountain Pen W/golden Trim & Premium Ink,12.25,2025-09-06,,,WorthPoint
iridium,IRIDIUM-8-SPACEX FALCON-9 VAFB Mission Employee Number 4 Digit PATCH,75,2025-09-06,,,WorthPoint
iridium,UF592 Ignition Coils Pack And Iridium Spark Plugs Compatible With BMW 320i 32,112.99,2025-09-06,,,WorthPoint
iridium,Serviced PARK PEN COMBO Fountain Pen Mech Pencil‚Ä¢Lever‚Ä¢1.18mm‚Ä¢Red‚Ä¢IRIDIUM B Nib,5.5,2025-09-06,,,WorthPoint
iridium,Hero 3113 Fountain Pen Black Cap Iridium Nib 0.3mm Extra Fine-Extinct,14.99,2025-09-06,,,WorthPoint
iridium,"""Vintage CHARLES INGERSOLL 5 3/8"""" PEN - 14K INGERSOLL FLEXI NIB""",48,2025-09-06,,,WorthPoint
iridium,Authentic/Original USAF VAFB 30SW Spacex Falcon 9 Iridium-5 Launch Patch Set 3pc,34.56,2025-09-06,,,WorthPoint
iridium,Authentic/Original USAF VAFB 2ROPS & Spacex F9 Iridium-2 Mission Launch Patches,24.26,2025-09-06,,,WorthPoint
iridium,Authentic/Original USAF VAFB 30SW Spacex Falcon 9 Iridium-7 Launch Patches & Pin,36.91,2025-09-06,,,WorthPoint
iridium,Keychain Pocket Knife Bottle Opener Multifunctional Outdoor Fishing Camping,11.95,2025-09-06,,,WorthPoint
iridium,Hot Wheels Iridium Silver 2005 AcceleRacers 4/9 Rough Shape Doesn't Roll!,11.95,2025-09-06,,,WorthPoint
iridium,Vintage Fountain Pens Lot Of 5 Conklin Wearever Morrison Wasp Pens,75.99,2025-09-05,,,WorthPoint
iridium,Motorola IRIDIUM SATELLITE PHONE 9505 MS1-20 With Battery And Case - UNTESTED,99.95,2025-09-05,,,WorthPoint
iridium,ACDelco Professional Iridium Spark Plug High Performance Engine Replacement,16.89,2025-09-05,,,WorthPoint
iridium,1:18 NZG OEM Mercedes Benz Eqb (H243) 2021 Iridium Silver B66961279 MMC,69.99,2025-09-05,,,WorthPoint
iridium,4 Pc NGK Iridium IX Spark Plugs Compatible With Honda Civic 1.5L 1.6L L4 1992...,97.48,2025-09-05,,,WorthPoint
iridium,Hot Wheels Silver Series Acceleracers Iridium 1/5 Rare üî• Fast Shipping!!!,30,2025-09-05,,,WorthPoint
iridium,Vintage EBERHARD FABER Lever Filling FOUNTAIN PEN - GOLD PLATED EF NIB,13.5,2025-09-05,,,WorthPoint
iridium,Ignition Coil And Iridium Spark Plug Set Compatible With 2007-2019 Nissan Alt...,80.99,2025-09-05,,,WorthPoint
iridium,Schneider Ray Cartridge Rollerball Pen Medium Refillable Onyx Barrel Royal Blue,17.44,2025-09-05,,,WorthPoint
iridium,"""2019 Hot Wheels Iridium #77 Orange 1:64 Diecast 2 3/4"""" Car With Blue & Black""",10.99,2025-09-05,,,WorthPoint
iridium,Jinhao 80 Fiber Fountain Pen Sucking Ink Pen 0.5mm F Nib Office Business Gift N,12.69,2025-09-05,,,WorthPoint
iridium,RARE! Monteverde Mountains Of The World Fountain Pen Boulder Brown IRIDIUM NIB,75,2025-09-05,,,WorthPoint
iridium,1Pc Classic Wing Sung 601 Steel Cap Vacumatic Fountain Pen F Nib 0.5mm Ink Pen A,21.24,2025-09-05,,,WorthPoint
iridium,4 Pc NGK Iridium IX Spark Plugs Compatible With Volkswagen GTI 2.0L... Fast Ship,68.99,2025-09-04,,,WorthPoint
iridium,3.23 Grams 20mm SIKHOTE ALIN Russian Shrapnel Meteorite With A COA And Info Card,8.99,2025-09-04,3.23,2.78,WorthPoint
iridium,Reform Vintage Cartridge Fill Pen-Black- Purple Clip-Vintage L980's-West Germany,5.24,2025-09-04,,,WorthPoint
iridium,"7 Fountain Pens, 1 Pencil 7 Nibs Eversharp Palmer Sheaffer Wallace Vintage Lot",19.95,2025-09-04,,,WorthPoint
iridium,"Vtg Box 12 HERO FOUNTAIN PENS 329 NOS Iridium Tip Nib, Green, Black, Burgundy",32,2025-09-04,,,WorthPoint
iridium,Waterman Fountain Pen With Gold Overlay Of Bird & Frog,49.99,2025-09-04,,,WorthPoint
iridium,Kershaw Iridium DuraLock CF - KS2038RCF,199,2025-09-04,,,WorthPoint
iridium,Gillette Black Handle Super 109 Adjustable Safety Razor - W1 1976,65,2025-09-04,,,WorthPoint
iridium,Ignition Coils Pack & Iridium Spark Plugs UF650 For Infiniti QX56 QX80 2011 2...,117.08,2025-09-04,,,WorthPoint
iridium,41-110 Iridium Spark Plugs & 48322 Spark Plug Wires For 5.3 6.0L 6.2L Chevy GMC,45.99,2025-09-04,,,WorthPoint
iridium,Iridium Point Germany Wood Body Fountain Pen ‚Äì Cap Screws Both Ends,34.3,2025-09-04,,,WorthPoint
iridium,Authentic Oakley Juliet Sunglasses: Movie Prop Replica Cyclops X-Men W/ Blinders,600,2025-09-04,,,WorthPoint
iridium,TRQ Ignition Kit 8 Coils Plugs Wires For 17-21 Cadillac 14-21 Chevy 14-20 GMC,159.95,2025-09-04,20,8,WorthPoint
iridium,20 Vintage Fountain Pen Lot 14K Gold Swirl Marble Schaeffer Esterbrook Parker,122.5,2025-09-04,,,WorthPoint
iridium,Iridium Launch Patches Lauch 1 & 5,14.95,2025-09-04,,,WorthPoint
iridium,Serviced MONITOR STREAMLINE Fountain Pen‚Ä¢Lever‚Ä¢Orange‚Ä¢L / B Nib‚Ä¢FREE US Ship,16,2025-09-04,,,WorthPoint
iridium,#171 Black Aluminum Kershaw 2038BLK Iridium D2 KVT Duralock Knife,36,2025-09-03,,,WorthPoint
iridium,"Jinhao 9019 Dadao Fountain Pen, Gold Trim, #8 Nib, Black",17.67,2025-09-03,,,WorthPoint
iridium,6 Pc NGK Laser Iridium Spark Plugs Compatible With GMC Acadia 3.6L V6 2007-2016,124.31,2025-09-03,,,WorthPoint
iridium,"""4* 1.0"""" 1/24 Beadlock Wheels Hubs Rims For Axial SCX24 90081 RC Crawler Car Vv""",15.19,2025-09-03,,,WorthPoint
iridium,Kershaw 10 Knife Lot Scallion Parley Iridium Cryo New In Package,199.99,2025-09-03,,,WorthPoint
iridium,From Estate-Vintage Epenco Combination Fountain Pen/mech. Pencil--Read Desc.!,14.95,2025-09-02,,,WorthPoint
iridium,"Misc. Lot Of FOUNTAIN PEN Parts, Nibs, Sheaffer's Desk Set Fountain Pens, Etc.",42,2025-09-02,,,WorthPoint
iridium,"Kershaw Mini Iridium D2 Black Oxide Coated Reverse Tanto Blade, Crossbar Lock",49.99,2025-09-02,,,WorthPoint
iridium,Hot Wheels AcceleRacers SILENCERZ IRIDIUM 4 Of 9,49.9,2025-09-02,,,WorthPoint
iridium,King Of Tokyo 2nd Edition Monster Pack 4 Cybertooth Board Game By IELLO,9.99,2025-09-02,,,WorthPoint
iridium,Vintage Hero Fountain Pens With Iridium Tipped Nib 12 Pens In Original Box MIB,15,2025-09-02,,,WorthPoint
iridium,VINTAGE SHEAFFER Imperial Touchdown FOUNTAIN PEN Black Extra Fine Tipped Nib,29.99,2025-09-02,,,WorthPoint
iridium,Monty Alexander - Live At The Iridium - Telarc CD - New And Sealed !,15.95,2025-09-02,,,WorthPoint
iridium,"Set Of 8 Iridium Spark Plugs SP515 Compatible With Ford F-150 1997-2010,Exped...",75.99,2025-09-02,,,WorthPoint
iridium,"Scriveiner London Fountain Pen ‚Äì Fine Nib, Schmidt Iridium Point, W/ Box",39.99,2025-09-01,,,WorthPoint
iridium,3.77 Grams 15mm SIKHOTE ALIN Russian Shrapnel Meteorite With A COA And Info Card,8.99,2025-09-01,3.77,2.38,WorthPoint
iridium,2.43 Grams 17mm SIKHOTE ALIN Russian Shrapnel Meteorite With A COA And Info Card,7.49,2025-09-01,2.43,3.08,WorthPoint
iridium,Classic German Fountain Pen Blue Black Smoky Barrel Iridium,42,2025-09-01,,,WorthPoint
iridium,Pack Of 4 DENSO SC20HR11 3444 Spark Plugs Fit For Toyota Lexus 90919-01253,16.99,2025-09-01,,,WorthPoint
iridium,"NEW Genius Iridium Germany Calligraphy Fountain Pen Set W/Ink, 13 Tips & 2 Pens",16.95,2025-09-01,,,WorthPoint
iridium,"Hot Wheels Walmart 2025 AcceleRacers Iridium, RD-09 Silver Series Set Lot Of 5",49.95,2025-09-01,,,WorthPoint
iridium,Vintage REGAL Maroon Fountain Pen FLEX Nib Fine (0.45 To 1.6 Mm) - RESTORED,41.51,2025-09-01,,,WorthPoint
iridium,"Blast White Jinhao Elite 159 Wide Body Steel Fountain Pen, Medium Nib & Ink",11.75,2025-09-01,,,WorthPoint
iridium,Onyx Black Jinhao 100 Skeleton Fountain Pen W/gold Plated Fine Nib & Ink,14.25,2025-09-01,,,WorthPoint
iridium,Vintage 1950s Jewel Light Green Esterbrook SJ Fountain Pen MED 9668 Master Nib,32,2025-09-01,,,WorthPoint
iridium,VINTAGE EARLY 1950‚Äôs COPPER ESTERBROOK ‚ÄúJ‚Äù FOUNTAIN PEN ‚Äì FULLY SERVICED,23.5,2025-09-01,,,WorthPoint
iridium,Vintage Black Yellow Tibaldi Fountain Pen Iridium Point Made In Germany,40,2025-09-01,,,WorthPoint
iridium,Green Marble Pattern Fountain Pen Iridium Nib Made In Germany,40,2025-09-01,,,WorthPoint
iridium,4 Pc NGK Iridium IX Spark Plugs Compatible With Toyota Tacoma 2.4L 2.7L L4 19...,63.99,2025-09-01,,,WorthPoint
iridium,Scriveiner Fountain Pen Schmidt Iridium Point Fine,24.99,2025-08-31,,,WorthPoint
iridium,16 Pc NGK Laser Iridium Spark Plugs Compatible With Ram 2500 6.4L V8 2014-2020,266.97,2025-08-31,,,WorthPoint
iridium,A Unique West Germany Made Fountain Pen; EEF/EF Nib; Uses Cartridges,42.5,2025-08-31,,,WorthPoint
iridium,"""ACME Studio FRANK LLOYD WRIGHT ‚ÄúBrick"""" Fountain Pen Iridium Point Germany PARTS""",29.55,2025-08-31,,,WorthPoint
iridium,Hot Wheels Silver Series Acceleracers 5 Car Movie Set W/Revert (5/5) BNOC! HTFüî•,65,2025-08-31,,,WorthPoint
iridium,Kershaw Red Iridium 2038RD NIB,100,2025-08-31,,,WorthPoint
iridium,Iridium Point Germany Wood Body Fountain Pen,9.99,2025-08-30,,,WorthPoint
iridium,4.23 Grams 21mm SIKHOTE ALIN Russian Shrapnel Meteorite With A COA And Info Card,12.5,2025-08-30,4.23,2.96,WorthPoint
iridium,Terzetti Crown GREY Metal Fountain Pen- Iridium M Nib+Converter/Gift Box+Pouch,9.95,2025-08-30,,,WorthPoint
iridium,NWT True Vintage Aviator Frame W/ True Blue Blocker W/ De'Vons Logo Sunglasses,34.99,2025-08-30,,,WorthPoint
iridium,Serviced WEAREVER PACEMAKER Fountain Pen‚Ä¢Button‚Ä¢New Sac‚Ä¢Onyx‚Ä¢GT‚Ä¢IRIDIUM M Nib,6.5,2025-08-30,,,WorthPoint
iridium,Chrome Pocket Fountain Pen W/ Clip Brand Unknown Fine Nib Iridium,25,2025-08-30,,,WorthPoint
iridium,Lot Of 10 (Two Complete Sets) Hot Wheels Silver Series AcceleRacers,83.97,2025-08-30,,,WorthPoint
iridium,Parker Duofold Mandarin Yellow Desk/Pocket Pen Set...Restored,160.5,2025-08-30,,,WorthPoint
iridium,Kershaw Iridium Folding Pocket Knife New 2038WMx,49.95,2025-08-30,,,WorthPoint
iridium,Brand New LeBOEUF DIAMOND COLLECTION Emld Jade Green Roller Ball Pen,150,2025-08-30,,,WorthPoint
iridium,Lot Of 6 Fountain Pens‚Äî 4 Pilot 1 Jinhao? And 1 Staedtler + 3 Bottles Of Ink,74.99,2025-08-30,,,WorthPoint
iridium,Iridium Spark Plugs 4 Pack Compatible With Hyundai Veloster Accent ... Fast Ship,33.99,2025-08-30,,,WorthPoint
iridium,Modele Recife Paris Depose Brown Ebonite Swirl Gold Accent Fountain Pen,35,2025-08-30,,,WorthPoint
iridium,Kershaw Iridium Carbon Fiber Reverse Tanto M390 Blade 2038RCF Rare Exclusive,249.99,2025-08-30,,,WorthPoint
iridium,Gillette Black Handle Super 109 Adjustable Safety Razor - 1971 RR,95,2025-08-30,,,WorthPoint
iridium,Bolvaint Aeneid Fountain Pen Set Obsidian Black W/Iridium Nib & Leather Case NEW,24.99,2025-08-30,,,WorthPoint
iridium,Hot Wheels Acceleracers Iridium Silencerz G7784 G8119,49.99,2025-08-30,7784,0.01,WorthPoint
iridium,"""Kershaw Iridium Topo Folder 3.4"""" 14C28N Drop Point Aluminum Handles 2038TOPO""",100,2025-08-30,,,WorthPoint
iridium,Antique Mabie Todd Dip Pen #4 Pearl Handle Gold Plate 313 Nib & Engraved Holder,79,2025-08-29,,,WorthPoint
iridium,MARQUIS By Waterford ARISTA PRISM Caramel Fountain Pen Iridium Germany Point Nib,39,2025-08-29,,,WorthPoint
iridium,Vantaggio Royal Dragon Gold Finish Fountain Pen,195,2025-08-29,,,WorthPoint
iridium,"1948 Parker 51 Aerometric Fountain Pen. Burgundy, 14K Fine Nib. Restored",129,2025-08-29,,,WorthPoint
iridium,"Vintage Pen, Fountain Pen, Iridium Point, Germany, Gold Nib",29.99,2025-08-29,,,WorthPoint
iridium,"4 VTG Dip Fountain Pens - Ottawa Iridium, Lifelong, Parker & Green Wooden Pen",15,2025-08-29,,,WorthPoint
iridium,"""Meteorite Necklace Laser Cut Muonionalusta Meteor And 20"""" Silver Chain With COA""",34.99,2025-08-29,,,WorthPoint
iridium,Kershaw Iridium 14c28n DuraLock Toppo Aluminum Scales,50,2025-08-29,,,WorthPoint
iridium,Lamy Safari Fountain Pen In Steel Black - Extra Fine Point - NEW In Box,36.55,2025-08-29,,,WorthPoint
iridium,Swarovski Idyllia Sugarbird And Cactus Flower 5675166,417.95,2025-08-29,,,WorthPoint
iridium,Set Of 4 Ignition Coil Pack With Spark Plugs Fit For Toyota Corolla... Fast Ship,141.99,2025-08-28,,,WorthPoint
iridium,Kershaw Iridium DuraLock Knife Dessert Warrior 3.5‚Äù BladeHQ Exclusive ENGRAVED,70,2025-08-28,,,WorthPoint
iridium,"Jinhao 10 Capless Fountain Pen With Box,Matte Black Retractable Extra Fine Ni...",24.1,2025-08-28,,,WorthPoint
iridium,ADOLFO Green Metal With Gold Trim Fountain Pen; Iridium M Nib; Germany; Heavy,19.99,2025-08-28,,,WorthPoint
iridium,Colibri Mickey Mouse Fountain Pen üñã Black/Gold Medium Point Pre-owned No Box,89,2025-08-28,,,WorthPoint
iridium,Blue Esterbrook SJ Fountain Pen With 9460 Master Nib,43.95,2025-08-28,,,WorthPoint
iridium,"AUTOGRAPHED Vintage LES PAUL Album! The Late, Great Guitar Genius. Compare Price",33,2025-08-28,,,WorthPoint
iridium,Iridium PointeSuper Star Metal Nib Feed & Section (m987),14,2025-08-28,,,WorthPoint
iridium,Villains And Vigilantes Role Playing Game Book Lot Of 6 Uncut RPG Fantasy Games,63,2025-08-28,,,WorthPoint
iridium,Hot Wheels Silver Series: ACCELERACERS - Complete Set Of 5 - New 2025 Release,38.99,2025-08-28,,,WorthPoint
iridium,For Ford Raptor F-150 Pickup Truck Offroad Pull Back 1/24 Model Car Red G,36.99,2025-08-27,,,WorthPoint
iridium,Huge Knife Bundle,600,2025-08-27,,,WorthPoint
iridium,Neptune's Dream Jx-002 Luxury Resin Fountain Pen W/ Fine Nib & Premium Ink,18.55,2025-08-27,,,WorthPoint
iridium,12PCS Simulation Bush Tree Scene Model For 1:35/1:48/1:72/1:87 Scenery Scale,9.49,2025-08-27,,,WorthPoint
iridium,NIB Campo Marzio Roma Mini Fountain Pen Iridium Tip Made In Germany NOS,79,2025-08-27,,,WorthPoint
iridium,Well-aimed Replacement Lenses Compatible With Native Ashdown XD9003 Sunglasse...,23.57,2025-08-27,,,WorthPoint
iridium,"""""""Tom's Studio"""" Pen Ivy Anodised Aluminum W/B Cursive Italic 14K Gold Plated Nib""",89,2025-08-27,,,WorthPoint
iridium,"2005 Hot Wheels McDonalds Meal Toys AcceleRacers Lot 4 NIB #4, 6, 7, 8",16.99,2025-08-27,,,WorthPoint
iridium,Vintage Wahl Oxford Fountain Pen Estate Sale Find 36,30,2025-08-27,,,WorthPoint
iridium,Krakatoa Jx-002 Luxury Resin Fountain Pen W/ Fine Nib & Premium Ink,24.75,2025-08-27,,,WorthPoint
iridium,Used TNC Male SMA Male Times Microwave Cable 68999 10' Iridium LMR-240 See Pix!!,9.99,2025-08-26,,,WorthPoint
iridium,"MONTBLANC 242G FOUNTAIN PEN C1950s WARRANTED NIB, SKI-SLOPE FEED, PARTS/RESTORE",91.56,2025-08-26,242,0.38,WorthPoint
iridium,Retro 51 Tornado Pearlescent Copper Stripe Lacquer Fountain Pen Irid BENT*READ,29.99,2025-08-26,,,WorthPoint
iridium,"Vintage Fountain Pen, PEN QUEST ITALY, Iridium Tip Germany",15.99,2025-08-26,,,WorthPoint
iridium,Bombay Brocade - Vintage Fountain Pen -1999 - #10 Iridium Gld & Silver,39,2025-08-26,,,WorthPoint
iridium,30 Gram Osmium Ingot,1200,2025-08-26,30,40,WorthPoint
iridium,Bittydesign 1/8 Body Clips (Gold) [BDYBC-88GO],5.99,2025-08-26,88,0.07,WorthPoint
iridium,Monteverde Regatta Fountain Pen In Santorini Blue Fine Point NEW In Box,88,2025-08-25,,,WorthPoint
iridium,"Racers Edge RCESF3 - Sure Fire Platinum / Iridium Glow Plug, Hot / #3 (1)",7.09,2025-08-25,,,WorthPoint
iridium,"Super Glow Plug N3 - Platinum Iridium, Perfect For 5-40% Nitro Fuels - Pack Of 6",60.9,2025-08-25,,,WorthPoint
iridium,"""Aiken Lambert """"Vis O Pen"""" Black Lever Filler. Beauty. Guaranteed To Write""",25,2025-08-25,,,WorthPoint
iridium,Waterman 12 SUPERFLEX Vintage Fountain Pen 14k Gold #2 Nib (VIDEO),610,2025-08-25,,,WorthPoint
iridium,Swarovski Minecraft Creeper 5701249,265.95,2025-08-25,,,WorthPoint
iridium,Vtg. Celluloid Daicel Craft Ltd. Japan NOS Fountain Pen,49.99,2025-08-25,,,WorthPoint
iridium,1 Oz Iridium .9995% Exotic Bullion Bar,7250,2025-08-25,28.35,255.73,WorthPoint
iridium,"""""""Tom's Studio"""" Pen Black Anodised Aluminum With 2B Architect 14K Gold Plated Nib""",89,2025-08-25,,,WorthPoint
iridium,Vintage MAJESTIC Celluloid Fountain Pen SUPER FLEX Nib XF To BBB - RESTORED,202.5,2025-08-25,,,WorthPoint
iridium,Wearever Marbled Fountain Pen Green Celluloid? Iridium Tipped Nib Vintage,22.5,2025-08-24,,,WorthPoint
iridium,SCX-24 DEADBOLT Upgrade Axial Metal Gear Micro Servo For RC Car Crawler Robot,12.99,2025-08-24,,,WorthPoint
iridium,"""LABAN Fountain Pen Iridium Point Nib """"B"""" Body Type #5 Steel""",22,2025-08-24,,,WorthPoint
iridium,Mont Blanc Meisterstuck Pen - Bi-color 14k Gold 4810 Nib - Cap Issue,135,2025-08-24,,,WorthPoint
iridium,Kershaw Mini Iridium Folding Pocket Knife New 2051WMx New Sealed,49.99,2025-08-24,,,WorthPoint
iridium,"Lot Of Two Vintage Moore Fountain Pens, One With Moore‚Äôs MANIFLEX 14K Gold Nib",65,2025-08-24,,,WorthPoint
iridium,Mottled Green/Black Senator Piston Filler Fountain Pen Gold Medium Nib.Excellent,49.99,2025-08-24,,,WorthPoint
iridium,"""Vintage Germany Pen 5.25"""" Tall, Gold Nib & Trim. Fountain Pen & Iridium Point""",28,2025-08-24,,,WorthPoint
iridium,Hot Wheels Acceleracers Silencerz Iridium 4 Of 9 Sealed Card W/game Cards!,31,2025-08-24,,,WorthPoint
iridium,Set Of 5 2025 Hot Wheels Silver Series AcceleRacers Good++ Cards,49.99,2025-08-23,,,WorthPoint
iridium,PARKER No 23 1/2 BCHR LUCKY CURVE FOUNTAIN PEN BANDLESS 14KT NIB USA RARE,249,2025-08-23,,,WorthPoint
iridium,Unknown Maker Eyedropper Fill Fountain Pen In Chased Hard Rubber Flexible Nib,80,2025-08-23,,,WorthPoint
iridium,Kershaw Mini Iridium DuraLock Knife Ice Blue Anodized Aluminum USED NO BOX!!,43,2025-08-23,,,WorthPoint
iridium,Kershaw Pocket Knife New In Box Mini Iridium Bronze,60,2025-08-23,,,WorthPoint
iridium,Cartier Calligraphy Limited Edition Fountain Pen - 1.5 Mm Nib,8188,2025-08-23,,,WorthPoint
iridium,Parker Duofold Mandarin Yellow...Restored,182.5,2025-08-23,,,WorthPoint
iridium,Hot Wheels 2014 Iridium Blue #4 Die-cast Toy Car,5,2025-08-23,,,WorthPoint
iridium,3.36 Grams~SIKHOTE ALIN Iron METEORITE In Glass Gift Jar~Cosmic Keepsake!,14.99,2025-08-23,3.36,4.46,WorthPoint
iridium,Hot Wheels Silver Series AcceleRacers Iridium Rare Find,8.5,2025-08-23,,,WorthPoint
iridium,Kershaw Iridium EDC Black Aluminum Handle Stonewashed D2 Blade NIB W/Fabric Case,41,2025-08-23,,,WorthPoint
iridium,SP493 Double Iridium Spark Plugs Fit For Ford F150 F250 F350 E150 E250 E350 E450,63.99,2025-08-23,,,WorthPoint
iridium,Vintage Iridium Point Germany Nib Fountain Pen Woodgrain Cap & Barrel EX+,29.99,2025-08-22,,,WorthPoint
iridium,8 Pc DENSO Iridium Power Spark Plugs Compatible With Lexus GX470 4.7L V8 2003...,135.88,2025-08-22,,,WorthPoint
iridium,1940 PARKER BLUE STRIPE DUOFOLD Pen - 14K Arrow Nib And LeCoultre Clock,335,2025-08-22,,,WorthPoint
iridium,Hot Wheels Acceleracers Iridium Silencerz 2005 Gen 1,105,2025-08-22,2005,0.05,WorthPoint
iridium,Hot Wheels AcceleRacers Silencerz Iridium Gen 2 Stripped Metal,159.95,2025-08-22,,,WorthPoint
iridium,"""EBERHARD FABER PERMAPOINT Fountain Pen - 5 1/4"""" EF FINE NIB - NICE PEN""",21.5,2025-08-22,,,WorthPoint
iridium,Vintage Diamond Point Fountain Pen Iridium Tipped Nib - Unrestored,27.5,2025-08-22,,,WorthPoint
iridium,Hot Wheels Silver Series Lot 5 Cars Acceleracers Sling Shot 1-5 No Iridium,40,2025-08-22,,,WorthPoint
iridium,Southern Pen Co Lot Of Three (3) Different Fountain Pen/ Pencil Combo Collection,39.95,2025-08-22,,,WorthPoint
iridium,Hot Wheels Silver Series 2025 Acceleracers Set,49,2025-08-21,,,WorthPoint
iridium,Building Better Worlds (Alien RPG),45,2025-08-21,,,WorthPoint
iridium,"102 Gm Muonionalusta Meteorite Slice Slab Sweden, Iron Nickel Ring ETCHED STAND",269.95,2025-08-21,102,2.65,WorthPoint
iridium,4.17 Grams SIKHOTE ALIN Iron METEORITE Shrapnel HISTORIC Fall Of 1947 Russia!,12.99,2025-08-21,4.17,3.12,WorthPoint
iridium,Antique Leroy W. Fairchild 2 Gold & Mother Of Pearl Dip Pen With NIB,165,2025-08-20,2,82.5,WorthPoint
iridium,Krone Moby Dick Fountain Pen,2500,2025-08-20,,,WorthPoint
iridium,RETRO 51 TORNADO Fountain Pen BLACK Medium Nib EXCELLENT,45,2025-08-20,,,WorthPoint
iridium,Iridium 1 Oz Degussa Bar Precious Metal,11000,2025-08-20,28.35,388.01,WorthPoint
iridium,IRIDIUM POINT GOLD FOUNTAIN PEN GERMANY Limited Edition,49,2025-08-20,,,WorthPoint
iridium,"Sikhote-Alin,Primorye,Russia Iron Nickel Meteorite Shrapnel 4.86 Grams",29.75,2025-08-20,4.86,6.12,WorthPoint
iridium,RARAE NASA Iridium Constellation We Did It! Motorola Satellite Lapel Pin,18,2025-08-20,,,WorthPoint
iridium,"""lady Webster 3"""" Fountain Pen - Purse Size - 14k Gold Flexible Nib""",55,2025-08-19,,,WorthPoint
iridium,4 Pc DENSO Iridium Power Spark Plugs Compatible With Honda CR V 2.4L L4 2010-201,65.11,2025-08-19,,,WorthPoint
iridium,Kershaw 2038 Iridium D2 Blade Outdoor Military Everyday Carry Camping Knife,37.86,2025-08-19,,,WorthPoint
iridium,Hot Wheels Silver Series AcceleRacers Iridium Rare üî•,20,2025-08-19,,,WorthPoint
iridium,"""Monteverde """" Charisma """" Copper, Green & Black Marbled Fountain Pen""",62,2025-08-19,,,WorthPoint
iridium,Two Ink Pens German Iridium Nib/Screw Out Modern Both Woodgrain Nice,8.99,2025-08-19,,,WorthPoint
iridium,ESTERBROOK COPPER PEARL J MODEL And GRAY PEARL SJ - VERY NICE,39.5,2025-08-19,,,WorthPoint
iridium,Gillette Fat Boy Adjustable Vintage DE Safety Razor - E1 1959,95,2025-08-19,,,WorthPoint
iridium,LOT Of 6 Mixed Knives Kershaw CRKT,140,2025-08-19,,,WorthPoint
iridium,Arlen Roth Slide Guitar Summit New Cd,9.65,2025-08-19,,,WorthPoint
iridium,Vintage Parker Duofold Fountain Pen Marbled Maroon Gold Trim,85,2025-08-18,,,WorthPoint
iridium,"Vintage Seth Thomas Table Clock Key Windup, Iridium, Glowing Hands, 482 CPM.",10,2025-08-18,,,WorthPoint
iridium,SCRAP PLATINUM (10% Iridium) | 7.44g,256.45,2025-08-18,7.44,34.47,WorthPoint
iridium,Lot Of 4 Metal Fountain Pen Black Lot Stainless Iridium 0.5 Mm For Office School,22,2025-08-18,,,WorthPoint
iridium,Set Of 4 Ignition Coils Pack UF680 12654078 & 4 PCS Iridium Spark Plugs Compa...,113.21,2025-08-18,,,WorthPoint
iridium,NWT Sniper Style Sports Wire Vintage 2000's Sunglasses With Iridium Sunglasses,29.99,2025-08-18,,,WorthPoint
iridium,Kershaw Pocket Knife Iridium 2038D2,30,2025-08-18,,,WorthPoint
iridium,Custom Color Carbon Losi Mini JRX2 Silver Carbon Fiber Shock Towers,12.99,2025-08-18,,,WorthPoint
iridium,16 Pc NGK Iridium IX Spark Plugs Compatible With Dodge Ram 1500 5.7L V8 2003-...,210.9,2025-08-18,,,WorthPoint
iridium,Vintage Winchester Combo Fountain Pen/Pencil - Purple Marble - 5 1/2‚Äù,19.95,2025-08-18,,,WorthPoint
iridium,Vintage Varsity Combo Fountain Pen/Pencil - Excellent Gold Fill Trim - 5 5/8‚Äù,24.95,2025-08-18,,,WorthPoint
iridium,TWSBI Eco-T Fountain Pen In Eggplant Purple - 1.1mm Stub Nib - NEW In Box,39.95,2025-08-18,,,WorthPoint
iridium,"Esterbrook Safari Fountain Pen (9556 Nib, Black) - Fountain Pen Package With Ink",50,2025-08-18,,,WorthPoint
iridium,"Vintage EVERSHARP Skyline Fountain Pen, Jet Black, FLEX XF To B+ Nib - RESTORED",134,2025-08-18,,,WorthPoint
iridium,Schmidt Piston Fountain Pen Unit Gold-Tone Medium Nib (No Box/Papers),34.99,2025-08-18,,,WorthPoint
iridium,"""Handcrafted Tiger's Eye Fountain Pen W/Two Nibs (""""Why-Knot"""")""",50,2025-08-17,,,WorthPoint
iridium,Oakley Why 3 Silver/Gold Iridium Sunglasses,150,2025-08-17,,,WorthPoint
iridium,Kershaw Pocket Knife,30,2025-08-17,,,WorthPoint
iridium,Kershaw Iridium Revers Tanto S35VN,171,2025-08-17,,,WorthPoint
iridium,Hot Wheels Acceleracers Silencerz Iridium #4 Of 9,49.99,2025-08-17,,,WorthPoint
iridium,Meteorite And Display Cube 6.4 Gram Genuine Campo Del Cielo Meteorite With COA,29.99,2025-08-17,6.4,4.69,WorthPoint
iridium,WORD GAUGE Vintage FOUNTAIN PEN 25-50 DROPS - Also BLUE COMMANDER - Original Nib,27.5,2025-08-17,,,WorthPoint
iridium,Campo Del Cielo Iron Meteorite From Space Found In Argentina,13.99,2025-08-17,,,WorthPoint
iridium,Kershaw 2038 Iridium D2 Blade Tactical Hiking Compact Travel-Friendly Knife,37.86,2025-08-17,,,WorthPoint
iridium,"5 X Vintage Sheaffer Fountain Pens, Lot #19",177.5,2025-08-17,,,WorthPoint
iridium,Vintage Waterman's Hundred Year Pen #17 Size Fountain Pen Nib,74.99,2025-08-17,,,WorthPoint
iridium,"Maple Luxury Fountain Pen Set-Medium Nib, 6 Cartridges, Ink Converter, Case",46.42,2025-08-16,,,WorthPoint
iridium,Calligraphy Set - 13 Pieces Pre Owned But Never Used,25,2025-08-16,,,WorthPoint
iridium,"Schneider Ray Cartridge Rollerball Pen Medium, Refillable Lavender Barrel",17.44,2025-08-16,,,WorthPoint
iridium,Kershaw Iridium Folding Knife 8‚Äù D2 Tool Steel Blade Black Aluminum Handle,32,2025-08-16,,,WorthPoint
iridium,Kershaw Iridium (2038) & Heist (2037) Folding Knives,75,2025-08-16,,,WorthPoint
iridium,Blue Iridium Hot Wheels/ Tyco 440 HO Scale Slot Car,43,2025-08-15,,,WorthPoint
iridium,Sikhote Alin METEORITE 54.76 Grams,65,2025-08-15,54.76,1.19,WorthPoint
iridium,Oakley Gascan ‚ÄúSmoke‚Äù Tony Stewart NASCAR Limited Edition Sunglasses ‚Äì Rare Coll,150,2025-08-15,,,WorthPoint
iridium,Hot Wheels Mattel Sports Racing Vehicles 1999-2018 Lot Of 14 READ,8.95,2025-08-15,,,WorthPoint
iridium,White Jinhao Elite X159 Wide Body Steel Fountain Pen ~ Fine Nib ~ Diamine Ink,11.25,2025-08-15,,,WorthPoint
iridium,NOS Esterbrook Fountain Pen Master Nib Only- 9550 - EX FINE Nib + Nib Chart,19.99,2025-08-14,,,WorthPoint
iridium,Spacex Authentic Employee Patch Iridium-3 Spacex Falcon 9,35,2025-08-14,,,WorthPoint
iridium,Optima Dark Red Fine Quality Fountain Pen,6.5,2025-08-14,,,WorthPoint
iridium,Five Fine Writing Instruments,510,2025-08-14,,,WorthPoint
iridium,6 Pc NGK Iridium IX Spark Plugs Compatible With Toyota 4Runner 4.0L... Fast Ship,92.99,2025-08-14,,,WorthPoint
iridium,A-Premium Iridium Platinum Spark Plugs (Pack Of 4) Compatible With ... Fast Ship,33.99,2025-08-14,,,WorthPoint
iridium,"Meteorite**Aletai, Iron (IIIE-AN)**12.876 Gram Slice, Black Etched Surface!!",47,2025-08-14,12.876,3.65,WorthPoint
iridium,BIBLIOGRAPHY OF THE METALS OF THE PLATINUM GROUP 1748-1917 By Howe 1919 Mining,19.95,2025-08-14,,,WorthPoint
iridium,Brand New Flawless Oakley Split Time With Gold Iridium Polarized Prizm Lenses.,75.51,2025-08-13,,,WorthPoint
iridium,UF333 Ignition Coils Pack Iridium Spark Plugs Compatible With Toyota Camry Co,81.99,2025-08-13,,,WorthPoint
iridium,Kershaw Iridium 2038x,55,2025-08-13,,,WorthPoint
iridium,"Kershaw Knives Iridium DuraLock 2038 KVT 2 D2 Steel Pocket Knife, Fast Shipping",39.99,2025-08-13,,,WorthPoint
iridium,Silver Jinhao35 Steel Fountain Pen Extra Fine EF Nib 0.38mm Office Writing Gifts,11.32,2025-08-12,,,WorthPoint
iridium,"""Handmade """"Staghorn Sum"""" Wood Fountain Pen - With An """"Iridium Point"""" M Steel Nib""",65,2025-08-12,,,WorthPoint
iridium,Kershaw Iridium OEM Silver Aluminum Backspacer (Knife Not Included),19.99,2025-08-12,,,WorthPoint
iridium,"""Kershaw Iridium Folding Knife 3.5"""" TOPO 14C28N Exclusive Not Made Anymore.""",189.99,2025-08-12,,,WorthPoint
iridium,Vintage Morriset Fine Tip Iridium Fountain Pen Nib USA,8.95,2025-08-12,,,WorthPoint
iridium,"Vintage Pen, Fountain Pen, Iridium Point, Germany Gold Nib & Trim W/ Bronze Body",34.99,2025-08-12,,,WorthPoint
iridium,8 Various Brand Fountain Pen 14K Nibs ~ All Usable ~ 2.2 Dwt ~ $220 Approx,287.28,2025-08-12,,,WorthPoint
iridium,Pearl White Marble Celluloid W/Gold Trim Fountain Pen - 1940's - XFine Nib,28.95,2025-08-12,,,WorthPoint
iridium,Resin Piston Absorbs Ink Fountain Pen F/0.5mm Iridium Nib For Wing Sung 629 Z,31.99,2025-08-11,,,WorthPoint
iridium,Antique Diamond Medal Pen Co Comrade Fountain Pen With Personalized Clip,15,2025-08-11,,,WorthPoint
iridium,TWSBI Eco Fountain Pen In Glow Green - Broad Point - NEW In Original Box,37.95,2025-08-11,,,WorthPoint
iridium,"Grifos Nero Muse 925 Silver Fountain Pen, Acrylic Cap, M Iridium Point Nib",199.99,2025-08-11,,,WorthPoint
iridium,"Ca. 1885 Grieshaber Spencerian Oblique 14k Gold Dip Nib, Holder, Box",179,2025-08-11,1885,0.09,WorthPoint
iridium,VTG New Clip Carving Special Iridium Jumbo Fountain Pen,23.5,2025-08-11,,,WorthPoint
iridium,"Vintage EVERSHARP Skyline Fountain Pen, GreenCelluloid, FLEX F-BBB Nib -RESTORED",203.5,2025-08-11,,,WorthPoint
iridium,Vintage WATERMAN 52 Fountain Pen - BCHR - FLEX Nib XF To 2.0 Mm RESTORED,212.76,2025-08-11,,,WorthPoint
iridium,Kershaw Mini Iridium Bronze Handle Gently Used See Below Model 2051BRZBW,50,2025-08-10,,,WorthPoint
iridium,Kershaw Mini Iridium D2 Steel,40,2025-08-10,,,WorthPoint
iridium,NASA Iridium 12th Launch Motorola Satellite Gold Tone Lapel Pin,15.99,2025-08-10,,,WorthPoint
iridium,NASA Iridium Motorola Satellite Constellation Country Flags Lapel Pin,15.99,2025-08-10,,,WorthPoint
iridium,NASA Iridium 14th Launch Motorola Satellite Gold Tone Lapel Pin,19.9,2025-08-10,,,WorthPoint
iridium,Never Used Ink Cartridge PEN QUEST Quality Writing Instrument Made In ITALY,5,2025-08-10,,,WorthPoint
iridium,2007 Hot Wheels IRIDIUM Blue 115/180 LOOSE Track Stars PR5 Wheels,6.99,2025-08-10,,,WorthPoint
iridium,Ball Pen Matte Chrome And Iridium Point Germany Vintage Used No Ink,15,2025-08-10,,,WorthPoint
iridium,#748 Gray Iridium 2038 SS Kershaw Pocket Knife,33,2025-08-10,748,0.04,WorthPoint
iridium,"Handmade, Wood, Hand Turned, Traditional Fountain Pen - Maple F#7",15,2025-08-09,,,WorthPoint
iridium,Optima Silver Fine Quality Fountain Pen Pen 2965,6.5,2025-08-09,,,WorthPoint
iridium,Campo Marzio Roma Fountain Pen,100,2025-08-09,,,WorthPoint
iridium,Parker 51 Double Jewel Buckskin...Restored,260,2025-08-09,,,WorthPoint
iridium,WATERMAN No 12 EYEDROPPER - NO CAP - CBHR - FLAWED FLEXIBLE IDEAL NIB,77.77,2025-08-09,,,WorthPoint
iridium,2004 Namiki Yukari Maki-e Flower Fence 18k Medium Nib Fountain Pen Never Inked,1600,2025-08-09,,,WorthPoint
iridium,Montegrappa Piacere Cyan Ballpoint Pen ISPYRBBB W/ Box,144.49,2025-08-09,,,WorthPoint
iridium,Esterbrook Fountain Pen Nib Only- 2312 Italic. Excellent Condition,49.99,2025-08-08,,,WorthPoint
iridium,Esterbrook Fountain Pen Nib Only- 2442 FINE Stub Nib. Excellent.,24.99,2025-08-08,,,WorthPoint
iridium,2024 Breyer Freedom Elements FULL SET OF 5 NIB + Mystery 6th Brandell Kai,150,2025-08-08,,,WorthPoint
iridium,Vtg LABAN Celebration Blue Marble Swirl Fountain Pen In Box M-Nib * No Cartridge,59,2025-08-08,,,WorthPoint
iridium,Polaroid OneStep+ I-Type Analog Instant Camera 9010,34.99,2025-08-08,,,WorthPoint
iridium,Lot Of 2 Bombay Brocade - Vintage Fountain Pens -1999 - #10 Iridium Gld & Silver,24.95,2025-08-08,,,WorthPoint
iridium,8 Pc NGK Laser Iridium Spark Plugs Compatible With Toyota Sequoia 4.7L V8 200...,157.68,2025-08-08,,,WorthPoint
iridium,Iridium Satellite Phone With Antenna And Battery Included.,75,2025-08-08,,,WorthPoint
iridium,1940's Wearever Meteor Black & Silver Striped Button Fountain Pen + Iridium Nib,39.93,2025-08-07,,,WorthPoint
iridium,Pair Of Fountain Pens With Iridium Point Nibs & Cases NEW,10,2025-08-07,,,WorthPoint
iridium,Ignition Coil Pack UF550 & Iridium Spark Plugs Compatible With 2007-2020 Nissan,101.98,2025-08-07,,,WorthPoint
iridium,Montblanc Meisterstuck Fountain Pen W/ Iridium Point Germany 5 Nib Not Tested,120.5,2025-08-07,,,WorthPoint
iridium,Modena Black Fine Quality Fountain Pen Pen 3347,6.5,2025-08-07,,,WorthPoint
iridium,Bosch Double Iridium Spark Plugs 96339 OE Replacement 4 Pack NIB,30,2025-08-07,,,WorthPoint
iridium,A-Premium Iridium Platinum Spark Plugs Compatible With Dodge Viper ... Fast Ship,60.99,2025-08-07,,,WorthPoint
iridium,Kershaw Iridium Red 2038RD Folding Knife Axis Lock D2 Blade Red Aluminum Handle,89.99,2025-08-07,,,WorthPoint
iridium,Vintage Mandarin Yellow PARKER Ring-Top Pen - NO CHIPS Or CRACKS,149,2025-08-06,,,WorthPoint
iridium,8 Pc NGK Iridium IX Spark Plugs Compatible With Chevrolet Silverado 1500 5.3L...,119.99,2025-08-06,,,WorthPoint
iridium,Meteorite And Display Cube 9.0 Gram Genuine Campo Del Cielo Meteorite With COA,32.99,2025-08-06,9,3.67,WorthPoint
iridium,TWSBI Eco Fountain Pen In Persian Green - 1.1mm Stub Nib - NEW In Original Box,37.95,2025-08-06,,,WorthPoint
iridium,Gloss Black Jinhao Elite X159 Wide Body Steel Fountain Pen & Fine Nib ~ Ink,11.5,2025-08-06,,,WorthPoint
iridium,Terzetti Crown WHITE Metal Fountain Pen- Iridium M Nib+Converter/Gift Box+Pouch,9.95,2025-08-06,,,WorthPoint
iridium,"White Jinhao Elite X159 Wide Body Steel Fountain Pen, Fine Nib, Ink",11.5,2025-08-06,,,WorthPoint
iridium,Jinhao Gloss Black Elite 159 Steel Fountain Pen W/ #6 Gold Plated Nib & Ink,11.5,2025-08-06,6,1.92,WorthPoint
iridium,Lot Of 4 Parker Waterman Iridium Fountain Pens 3 Have 18K 750 Gold Tips,230.5,2025-08-05,750,0.31,WorthPoint
iridium,Kershaw Iridium Folding Pocket Knife New 2038WMx BRAND NEW FAST SHIP,40,2025-08-05,,,WorthPoint
iridium,"Iridium Point Germany Wood Body Fountain Pen, Cap Screws Both Ends W Ink Well",48.99,2025-08-05,,,WorthPoint
iridium,Platinum Diamond Ring,536.9,2025-08-05,,,WorthPoint
iridium,1841 Contemporary Forgery 8 Reales - Fantasy Mint - Riddell 425 Family,125,2025-08-04,,,WorthPoint
iridium,Hot Wheels 1:64 Track Stars 2006- 7 Cars Of 12 Car Set,25,2025-08-04,,,WorthPoint
iridium,4 Matching Churcill Pen LOT Fountain Ballpoint Rollerball Pencil Schmidt Germany,59,2025-08-04,,,WorthPoint
iridium,"Ore Specimen: Gold, Rhodium, Iridium, Palladium, Platinum",50,2025-08-04,,,WorthPoint
iridium,Kershaw Iridium Red Handle,60,2025-08-04,,,WorthPoint
iridium,"Kaigelu 316 Celluloid Blue Fountain Pen, Iridium EF/F/M Nib Beautiful Gift Pen",20,2025-08-04,,,WorthPoint
iridium,Dynamite Monster Truck Plug .18-.46 Medium Nitro # DYN2495,8.95,2025-08-03,,,WorthPoint
iridium,NWT TruVintage Sports Flip-up Rimless Navigator Style Gradient Smoke Sunglasses,49.99,2025-08-03,,,WorthPoint
iridium,Jean Pierre Lepine Wood Fountain Pen With Leather Case Iridium Point,29.99,2025-08-03,,,WorthPoint
iridium,4 Ignition Coils And 4 Iridium Spark Plugs For Hyundai Elantra Sonata Kona,64.04,2025-08-03,,,WorthPoint
iridium,Set Of 4 Ignition Coil Pack UF656 And Iridium Spark Plugs 93501 4-Pack Compat...,102.42,2025-08-03,,,WorthPoint
iridium,Duke Black Fountain Pen Double-Nibs Iridium Medium And Fude Calligraphy Nib I...,40.01,2025-08-03,,,WorthPoint
iridium,Wearever Gold/Blue/Black Pearl Marble & Gold Fountain Pen - XFine Nib - 1940's,28.5,2025-08-03,,,WorthPoint
iridium,UF262 Ignition Coils Pack & Double Iridium Spark Plugs & 10.2MM Spark Plug Wires,109.99,2025-08-03,,,WorthPoint
iridium,Vintage Oakley Minute 1.0 Code 90‚Äôs Sunglasses - Blue/Black Iridium With Case,75,2025-08-03,,,WorthPoint
iridium,TWSBI Eco Fountain Pen In Glow Green - 1.1mm Stub Nib - NEW In Original Box,37.95,2025-08-03,,,WorthPoint
iridium,Serviced MONITOR Fountain Pen‚Ä¢Lever‚Ä¢New Sac‚Ä¢Orange Hard Rubber‚Ä¢IRIDIUM EF Nib,6.5,2025-08-03,,,WorthPoint
iridium,Three Matching Charles De La Jonchere Pens Including A Set -...,35.11,2025-08-03,,,WorthPoint
iridium,LABAN 325 Baroque Silver Overlay Fountain Pen - NIB M,75,2025-08-03,,,WorthPoint
iridium,Large Laban Platinum Plated Fountain Pen M German 14K Gold Iridium Point,95.99,2025-08-03,,,WorthPoint
iridium,Angel Aura Amethyst Crystal Cluster Small By New Moon Beginnings,6.99,2025-08-03,,,WorthPoint
iridium,"Hot Wheels Lot Of 8 Diecast Cars 2013 Jungle Mawler, 2015 1970 Dodge Challenger",11.99,2025-08-03,,,WorthPoint
iridium,Group Of Fountain Pens New & Slightly Used,70,2025-08-02,,,WorthPoint
iridium,Stellar Blue Jinhao Model 82 Fountain Pen W/ Fine Nib & Diamine Ink,7.6,2025-08-02,,,WorthPoint
iridium,Autolite Iridium XP Spark Plugs 4 Pack Long Life 100000 Miles Enhanced Perfor...,22.09,2025-08-02,,,WorthPoint
iridium,Kershaw Iridium DuraLock 2038BLK Black Aluminum D2 Steel Knife W/ Belt Clip,30,2025-08-02,,,WorthPoint
iridium,SAILOR Fountain Pen - JAPANESE CHARACTERS - HIGHEST GRADE SAILOR NIB,52,2025-08-02,,,WorthPoint
iridium,Kershaw Originals IRIDIUM 2038WMX Everyday Spear Point Gray Folding Pocket Knife,49.99,2025-08-01,,,WorthPoint
iridium,Iridium Powder .5 Grams Sample,70,2025-08-01,5,14,WorthPoint
iridium,1/72 Scale WWII US Army GMC CCKW 353 Truck Simulation Military Model Toy For Kid,29.99,2025-08-01,,,WorthPoint
iridium,Stilo ST5 Visors,159,2025-08-01,,,WorthPoint
iridium,"Royal Red Jinhao Elite X159 Wide Body Steel Fountain Pen, Fine Nib, & Ink",11.5,2025-08-01,,,WorthPoint
iridium,Kershaw Originals MINI IRIDIUM 2051WMX Ice Blue Spear Point Folding Pocket Knife,49.99,2025-08-01,,,WorthPoint
iridium,Vintage Buckner Fountain Pen W/ Iridium Nib,12,2025-08-01,,,WorthPoint
iridium,Hot Wheels Acceleracers Silencerz - Iridium (Factory Set) - Excellent Card,90,2025-08-01,,,WorthPoint
iridium,Sikhote Alin METEORITE 99.3 Grams,110,2025-07-31,99.3,1.11,WorthPoint
iridium,Nib#5 - Fine,28,2025-07-31,,,WorthPoint
iridium,3.66 Grams 16mm Long SIKHOTE ALIN Russia Meteorite Observed Fall In 1947,11,2025-07-31,3.66,3.01,WorthPoint
iridium,Sikhote Alin METEORITE 63.65 Grams,72,2025-07-31,63.65,1.13,WorthPoint
iridium,Vintage (1940-60s Era) Brown Carmel Striated Fountain Pen Iridium Tip--1766.25,89.99,2025-07-31,,,WorthPoint
iridium,"NEW OAKLEY 1988 Ski Goggle Lens - Fits All ProFrame, O Frame And L Frame",39.99,2025-07-31,,,WorthPoint
iridium,"Gold Jinhao Elite 159 Wide Body Steel Fountain Pen, Medium Nib, Diamine Ink",11.5,2025-07-31,,,WorthPoint
iridium,Motorola IRIDIUM 9505 MS1-20 Satellite Phone,74.99,2025-07-31,,,WorthPoint
iridium,Platinum Diamond Ring Size 6,331.07,2025-07-31,,,WorthPoint
iridium,EDCKershaw Knife Iridium DuraLock 2038X KVT Gray Aluminum D2 Steel Pocket Knives,44.99,2025-07-30,,,WorthPoint
iridium,2.5 CTW Gruen Platinum And 14K White Gold Diamond Watch,2000,2025-07-30,0.5,4000,WorthPoint
iridium,2 In 1 Protective Cover Sunshade Sun Hood For DJI RC PLUS Remote Control F,29.99,2025-07-30,,,WorthPoint
iridium,Reform GT Maroon Piston Filler Fountain Pen,15,2025-07-30,,,WorthPoint
iridium,4 Pc NGK Laser Iridium Spark Plugs Compatible With Toyota Tacoma 2.7L L4 2005...,92.58,2025-07-30,,,WorthPoint
iridium,Monteverde Regatta Ballpoint Pen In Santorini Blue - NEW In Box,71.95,2025-07-29,,,WorthPoint
iridium,Used Kershaw Iridium Folding Knife D2 Reverse Tanto Aluminum Handle,52,2025-07-29,,,WorthPoint
iridium,Set Of 2 MONTEVERDE ICONA BLUE FOUNTAIN PEN IRIDIUM M NIB And BALLPOINT PEN,50,2025-07-29,,,WorthPoint
iridium,"Colibri Donald Duck Disney Fountain Pen, GOLD Nib GUC. $1 NO RESERVE!",6.5,2025-07-28,,,WorthPoint
iridium,Oem 90919-01259 Factory Iridium Spark Plug Set Lexus Es300h 2013-2018 New,30.33,2025-07-28,,,WorthPoint
iridium,Never Inked 2001 Montblanc Charles Dickens Writer's Series Fountain Pen Mint,1375,2025-07-28,,,WorthPoint
iridium,Sterling Silver Fine Iridium Point Nib Germany Fountain Pen,20.51,2025-07-27,,,WorthPoint
iridium,Warmachine Menoth Protectorate Lot,70,2025-07-27,,,WorthPoint
iridium,Iridium Hot Wheels 2016 Stunt Circuit Series Lime Green OH5 Rims 1:64 Loose,8.49,2025-07-27,,,WorthPoint
iridium,Gorgeous High Quality Jr Statesman Gecko Resin Fountain Pen,71.06,2025-07-27,,,WorthPoint
iridium,BENU Fountain Pen - Cranberry Tonic - Nib M - Schmidt Iridium Point,99.99,2025-07-27,,,WorthPoint
iridium,Set Of 6 UF242 Ignition Coil Pack And 4503 Spark Plugs Compatible With Acura ...,151.99,2025-07-27,,,WorthPoint
iridium,Kershaw 2038R Iridium Reverse Tanto D2 KVT Duralock Knife,40,2025-07-27,,,WorthPoint
iridium,"Kaweco COLLECTION Fountain Pen Iridecent Pearl, M Nib",59.99,2025-07-27,,,WorthPoint
iridium,TERZETTI PISA RED MARBLED Metal Fountain Pen/ Rollerball Conversion Set,8.99,2025-07-27,,,WorthPoint
iridium,Eversharp Skyline Maroon Pearl Stripe 5 1/4‚Äù Fountain Pen,69,2025-07-27,,,WorthPoint
iridium,Iridium Platinum Spark Plugs Compatible With Chevrolet Silverado Pack Of 8,69.25,2025-07-26,,,WorthPoint
iridium,Vintage Diamond Point Fountain Pen,15.5,2025-07-26,,,WorthPoint
iridium,Vintage Fountain Pen & Pencil Combo Lot,61,2025-07-26,,,WorthPoint
iridium,"Vintage Sheaffer Saratoga Snorkel Fountain Pen. Circa 1952-1959,Green /gold Trim",41,2025-07-26,,,WorthPoint
iridium,Lot Vintage Fountain Pens Sheaffer Wearever Wahl 14k Nib,68,2025-07-26,,,WorthPoint
iridium,1:144 USA WWII B-24D Liberator Bomber Plane Aircraft Model Static Display Gift G,29.99,2025-07-26,,,WorthPoint
iridium,"(14) Hot Wheels ACCELERACERS Cars - Including Synkro, RD-10, Spinebuster, MORE!!",174.51,2025-07-26,,,WorthPoint
iridium,"""Kershaw Iridium 2038WMX 3.4"""" Blade Pocket Knife Aluminum Handle PocketClip""",39.99,2025-07-26,,,WorthPoint
iridium,Bosch Double Iridium Spark Plugs 9619 OE Replacement 4 Pack,25,2025-07-26,,,WorthPoint
iridium,Disney Colibri Matched Set Mickey & Minnie Pen & Pencil,11.5,2025-07-26,,,WorthPoint
iridium,Metal Fountain Pen Black Stainless Iridium 0.5 Mm For Office School Lot Of 2 New,9.5,2025-07-25,,,WorthPoint
iridium,Sheaffer Slender Long Lifetime 2 Size 14kt Nibs,35,2025-07-25,,,WorthPoint
iridium,1Pc Vintage Wing Sung 629 Acrylic Resin Fountain Pen F Iridium Nib 0.5mm,31.99,2025-07-25,,,WorthPoint
iridium,"Qu'a: Live At The Irridium, Vol. 1 By Cecil Taylor ( Cadence Jazz)",10,2025-07-25,,,WorthPoint
iridium,A-Premium Iridium Platinum Spark Plugs Compatible With Ford Escape ... Fast Ship,33.99,2025-07-25,,,WorthPoint
iridium,Vintage Gold Bond Fountain Pen RED MARBLED IRIDIUM NIB VACUUM FILL,56.33,2025-07-25,,,WorthPoint
iridium,Kershaw Iridium 2038 Folding Knife Duralock 3.4‚Ä≥ D2 Steel Blade Aluminum Handle,42.9,2025-07-25,,,WorthPoint
iridium,"Iridium Platinum Spark Plugs Compatible With Ford Explorer 2014-2019, Escape",31.99,2025-07-25,,,WorthPoint
iridium,"Fountain Pen Lot Visconti, Leonardo, Pilot, Opus88, Twsbi, Asvine Pen Nook",950,2025-07-24,,,WorthPoint
iridium,Pure 99.9% Iridium Metal 3/4 Gram (.75 Grams) Super Rare Platinum Group,175,2025-07-24,4,43.75,WorthPoint
iridium,Stratford Regency Black & Gold Fountain Pen - Fine Nib - 1950's,20,2025-07-24,,,WorthPoint
iridium,8PCS UF413 Ignition Coils Pack & 19299585 Platinum Spark Plugs & 12... Fast Ship,184.99,2025-07-23,,,WorthPoint
iridium,Vtg Conklin METROPOLIS Safari Amber Fountain Pen W/ Conklin USA Iridium-M Nib,44,2025-07-23,,,WorthPoint
iridium,"""Vintage UNITED WHELAN 5"""" Purple & Dark Marble Fountain Pen IRIDIUM TIPPED""",10,2025-07-23,,,WorthPoint
iridium,Lot Of 6 Modern And Vintage Fountain Pens-Lamy Sailor,45,2025-07-23,,,WorthPoint
iridium,Walco Iridium Long Play Semi Perm Gramophone Phonograph Needle Packet,12,2025-07-23,,,WorthPoint
iridium,Star Trek UFP Emblem - United Federation Of Planets - Decoration Wall Logo St20,20,2025-07-23,,,WorthPoint
iridium,SCHOWE Antique Two-Color Feather Pen Quill Pen Dip Pen With Envelope Writing ...,27.48,2025-07-23,,,WorthPoint
iridium,Lanxivi 4 X Yongsheng 3008 Fountain Pen Upgrated Fine NibSilver TrimPiston Fi...,24.82,2025-07-22,,,WorthPoint
iridium,Oakley Teaspoon Light Bronze Frame Persimmon Iridium? Lens Sunglasses Wire RARE,150,2025-07-22,,,WorthPoint
iridium,"Parker Vacumatic Duofold Vintage Fountain Pen, In Dusty Rose",255,2025-07-22,,,WorthPoint
iridium,Treviso Red Crackle Fine Quality Fountain Pen Pen 3211,6.5,2025-07-22,,,WorthPoint
iridium,White/Black Spray Water Servo Jet Boat Thruster Propeller Pusher For RC Boat G,17.69,2025-07-22,,,WorthPoint
iridium,2015 Hot Wheels #163 Hw Race-Super Chromes IRIDIUM Chrome WYellow Wheel Red OH5s,7.36,2025-07-22,,,WorthPoint
iridium,10 Vintage Ink Pens Assorted Brands,20,2025-07-22,,,WorthPoint
iridium,Vtg LABAN Celebration Resin Harvest Yellow Fountain Pen In Original Box *M-nib,49,2025-07-22,,,WorthPoint
iridium,Vintage Icicles Italy Razor Black Matte Fire Iridium Lens Sunglasses B6W (31),29.99,2025-07-21,,,WorthPoint
iridium,Hot Wheels Acceleracers Iridium CM5 Wheels *not Sealed No Trading Cards,20.5,2025-07-21,,,WorthPoint
iridium,ROMET Emperor Fountain Pen CONFETTI In Display Box New Old Schmidt B Iridium Nib,49,2025-07-21,,,WorthPoint
iridium,Vintage PARKER Jade DUOFOLD Fountain Pen - DEEP RICH COLOR - SUPER DUOFOLD NIB,95,2025-07-21,,,WorthPoint
iridium,MENTMORE Fountain Pen-Vintage-Made In England-Excellent,89,2025-07-21,,,WorthPoint
iridium,Vintage 1990's Oakley Frogskins Sunglasses 1st Gen Iridium Metal Hinges Japan,99.99,2025-07-21,,,WorthPoint
iridium,Rare Oakley Frogskins Sunglasses Polished White | Ruby Iridium 24-307,200,2025-07-21,,,WorthPoint
iridium,"Wordsworth & Black Fountain Pen Luxury 1 Count (Pack Of 1), Rosewood",13.99,2025-07-21,,,WorthPoint
iridium,Vintage Onoto Fountain Pen ‚ÄúParts‚Äù W/2 Flexi 14k Nibs.,149.16,2025-07-20,,,WorthPoint
iridium,"Colibri Donald Duck Themed Disney Fountain Pen, Gold Nib GUC. NO RESERVE!",28,2025-07-20,,,WorthPoint
iridium,20mm Landing Gear Foldable Extended Protector For DJI Air 3 Drone Accessories Q,13.99,2025-07-20,,,WorthPoint
iridium,Geri Allen & Timeline LIVE Featuring Kenny Davis...CD,7.29,2025-07-20,,,WorthPoint
iridium,"Vintage Burgundy & Black Marbled Fountain Pen ‚Äì Iridium Point Germany, Gold, New",9.99,2025-07-20,,,WorthPoint
iridium,Hot Wheels Acceleracers Silencerz Lot Of 5 Cars Loose,79.86,2025-07-20,,,WorthPoint
iridium,Sheaffer Slender Long Lifetime 4 Size 14kt Nibs,65,2025-07-20,,,WorthPoint
iridium,Kershaw Blitz Pocket Knife Iridium DuraLock #3420STX D2 Steel NEW In Package,32.88,2025-07-20,,,WorthPoint
iridium,41-110 Iridium Spark Plugs 48322 Plug Wires For GM Chevy 5.3L 6.0L 6.2L Only 7,40,2025-07-20,,,WorthPoint
iridium,VTG 2001 The Bombay Company Iridium Point Germany Ink Pen Gold Colored With Case,24.99,2025-07-20,,,WorthPoint
iridium,Laban Mento FP Tiger Pearl M Fountain Pen With Box Etc,39.99,2025-07-19,,,WorthPoint
iridium,Montefiore Pen Set - Ballpoint Pen & Iridium Point Fountain Pen,9.95,2025-07-19,,,WorthPoint
iridium,Vintage Oakley T Wire 1.0 Titanium Sunglasses,249.99,2025-07-19,,,WorthPoint
iridium,6.94 Grams 22mm SIKHOTE ALIN Russian Shrapnel Meteorite With A COA And Info Card,21,2025-07-19,6.94,3.03,WorthPoint
iridium,6.26 Grams SIKHOTE ALIN Russian Meteorite With A COA And Info Card,21.5,2025-07-19,6.26,3.43,WorthPoint
iridium,New! Usgi Issue Wiley X Sg-1 2 Lens Ballistic Glasses Set Iridium Clear,39,2025-07-19,,,WorthPoint
iridium,Kelp Green Jinhao Model 82 Fountain Pen W/ Fine Nib & Diamine Ink,8.49,2025-07-19,,,WorthPoint
iridium,Antique 1928 Webster Red Orange Fountain Pen And Pencil Set In Orig Box W/cert,53.2,2025-07-19,,,WorthPoint
iridium,Les Paul Signed Guitar Pickguard Gibson Classic Rock Autograph Iridium Jsa Cert,499.99,2025-07-19,,,WorthPoint
iridium,Kershaw Iridium 2038 DuraLock Knife Dessert Warrior New Without Box,76,2025-07-18,,,WorthPoint
iridium,"""Montefiore Iridium Point Germany Nib Fountain Pen Blue Marble GP Trim """"SCK""""""",24.99,2025-07-18,,,WorthPoint
iridium,0.5mm Modeling Hobby Brass Bars Rods Tool For Gundam/Military Model Craft Aa,6.99,2025-07-18,,,WorthPoint
iridium,STYGHY Fountain Pen Iridium Fine Nib,5,2025-07-18,,,WorthPoint
iridium,Lot Of 5 Fountain Pens And Mystery Pencil? Lamy Muji Monteverdi Hongdian,64,2025-07-17,,,WorthPoint
iridium,"3296 Gm Muonionalusta Meteorite Sweden, 7.2 Lb Iron Nickel BEAUTIFUL JAL",3999.95,2025-07-17,3296,1.21,WorthPoint
iridium,LUXUN Wooden Fountain Pen With Iridium Point Germany Nib ‚Äì With Case,15,2025-07-16,,,WorthPoint
iridium,1*Harden Steel Main Gear 54T 0.8M For Traxxas Slash/Rustler/Stampede 4X4 A,12.99,2025-07-16,,,WorthPoint
iridium,TWSBI Eco Fountain Pen In Sky Blue - Broad - NEW In Box,39.95,2025-07-16,,,WorthPoint
iridium,"60 Gm Muonionalusta Meteorite Slice Slab Sweden, Iron Nickel Ring ETCHED STAND",161.95,2025-07-16,60,2.7,WorthPoint
iridium,PARKER VACUMATIC SET -1940s - STRIPE JEWELS - SPEEDLINE - 14K PARKER NIB,165,2025-07-15,,,WorthPoint
iridium,Oakley Store Rare Display Lens Salesman RX Advertising Sample Gold Iridium,10,2025-07-15,,,WorthPoint
iridium,Oakley Store FIRE IRIDIUM Rare Display Lens Salesman Puck Advertising Sample,9.75,2025-07-15,,,WorthPoint
iridium,EVESHARP SKYLINE Fountain Pen - 14K EV BANNER NIB - MAROON With STRIPE CAP,65,2025-07-15,,,WorthPoint
iridium,PARKER 1923 DUOFOLD JR Lucky Curve - BLK HARD RUBBER - BIG IMPRINT - FLEXI NIB,135,2025-07-15,,,WorthPoint
iridium,Vintage Sengbusch Iridium Tip Gold Plated Pen In Box No. 45,14.99,2025-07-15,,,WorthPoint
iridium,ANTIQUE Gold Nib W. B. RICHARDS STARPEN COLLAPSABLE TRAVEL PEN,149.99,2025-07-15,,,WorthPoint
iridium,Hongdian 100 Silver Steel Piston Fountain Pen Iridium Fine Nib Calligraphy Sm...,44.65,2025-07-15,,,WorthPoint
iridium,Iridium Spark Plugs DILKAR6A-11 4PCS For Nissan Altima Rogue Sentra 9029,26.81,2025-07-15,,,WorthPoint
iridium,A. T. Cross Bailey Cartridge Fountain Pen; Medium Nib; Original Cartridge Packet,7.5,2025-07-15,,,WorthPoint
iridium,"""Parker Vacumatic Fountain Pen; """"Lock-Down"""" Filler; Date-Stamped """"26""""""",169.5,2025-07-15,,,WorthPoint
iridium,Pocketknives Lot Of 2 - Vosteed Racoon Kershaw Mini Iridium,78.77,2025-07-14,,,WorthPoint
iridium,"77 Gm Muonionalusta Meteorite Slab Sweden, Iron Nickel Ring ETCHED STAND",206.95,2025-07-14,77,2.69,WorthPoint
iridium,"Meteorite**Seymchan, Pallasite**3.800 Grams, Gorgeous Olivine Crystals!!!",78.77,2025-07-14,3.8,20.73,WorthPoint
iridium,TWSBI Eco Fountain Pen In Transparent Yellow - 1.1mm Stub Nib - NEW In Box,37.95,2025-07-14,,,WorthPoint
iridium,FOUNTAIN PEN NIB (M) ASSEMBLY-Germany Iridium Nib-Model B-fit Cross Solo FPen,7.99,2025-07-14,,,WorthPoint
iridium,BDFHYK Set Of 8 Iridium Spark Plug Compatible With 2011-2017 F-150 5.0L V8 20,45.79,2025-07-14,,,WorthPoint
iridium,"2310 Gm Muonionalusta Meteorite Sweden, 15+ Lbs Iron Nickel AAA Gd JAL",3149.95,2025-07-13,2310,1.36,WorthPoint
iridium,Oakley Minute 1.0 Pearl White Sunglasses,200,2025-07-13,,,WorthPoint
iridium,Toyota Oem Factory Iridium Spark Plug Set 2002-2006 Camry 2.4 90080-91180,33.62,2025-07-13,,,WorthPoint
iridium,Kershaw Blade HQ Exclusive Iridium - OD Grn Ano Aluminum - Black Stonewashed D2,150,2025-07-13,,,WorthPoint
iridium,#655 Dark Gray Aluminum Kershaw 2038 Iridium D2 KVT Duralock Knife,40,2025-07-13,,,WorthPoint
iridium,"Vintage Cutey Fountain Pen, 14K Nib",19.99,2025-07-13,,,WorthPoint
iridium,Hasbro Trolls Cloth Doll Harper Paint Splat Art 11 In Movie Character Dreamworks,12.99,2025-07-13,,,WorthPoint
iridium,üî•2004 Hot Wheels Acceleracers Silencerz Iridium 4 Of 9üî•READ DESCRIPTION,29.99,2025-07-13,,,WorthPoint
iridium,"Denso Iridium Power IK20 Spark Plug, 5304",7.95,2025-07-13,,,WorthPoint
iridium,Durable One Piece Brushless Esc For Scy 16101 16102 1/16 Brushless Rc Car,28.99,2025-07-13,,,WorthPoint
iridium,Hot Wheels Acceleracers Iridium McDonalds 1:64 Silver Diecast Happy Meal Toy Car,8.99,2025-07-13,,,WorthPoint
iridium,2005 Hot Wheels Acceleracers ‚ÄúIridium‚Äù Silencerz Diecast 1:64 Car Loose,28,2025-07-13,,,WorthPoint
iridium,Fujifilm Instax Mini 11 Polaroid Camera,34.99,2025-07-13,,,WorthPoint
iridium,"""NOS Retro 51 Fountain Pen 1951 Series """"Grape"""" Purple New In Wooden Box""",69.99,2025-07-13,,,WorthPoint
iridium,TWSBI Eco Fountain Pen In Slate Blue With Onyx Trim - 1.1mm Stub Nib - NEW,56.95,2025-07-13,,,WorthPoint
iridium,Vtg CAPELLA 3 Pc Gold Tone Textured Pen Set & Case Fountain + Ballpoint + Pencil,39.99,2025-07-13,,,WorthPoint
iridium,Lot Of 2 Hot Wheels McDonalds 1/64 Scale Diecast Green & Silver Cars (TC-133),5.48,2025-07-13,,,WorthPoint
iridium,Sengbusch No.99 Med. Blk. Fountain Handi-Pen With Silver & Gold Nibs (s),52,2025-07-12,,,WorthPoint
iridium,6 Pc NGK Laser Iridium Spark Plugs Compatible With Toyota 4Runner 4.0L V6 200...,117.81,2025-07-12,,,WorthPoint
iridium,Retro 51 Black & Turquoise Chip Colored Desk Set W/ Ballpoint And Fountain Pen,85,2025-07-12,,,WorthPoint
iridium,"Vintage Ronson Fountain Pen, Green Marbled Plastic Body, GT, Bi-color Nib",43,2025-07-12,,,WorthPoint
iridium,Esterbrook Fountain Pen Black Resin Iridium Tipped Nib Usa Untested,9,2025-07-12,,,WorthPoint
iridium,Iridium Point Germany Wood Fountain Pen In Box,9,2025-07-12,,,WorthPoint
iridium,Fountain Pen Red Fine Nib,5,2025-07-12,,,WorthPoint
iridium,1*DSM2 DSMX Satellite Remote Receiver For Spektrum JR AR6210 AR8000 AR9020,20.99,2025-07-12,,,WorthPoint
iridium,"RICH GOLD, SILVER, IRIDIUM ORE - Boulder County Treasure!",250,2025-07-12,,,WorthPoint
iridium,Black & Gold Color Fountain Pen W/ Iridium Point Nib Germany & 1 Ink Cartridge,14,2025-07-12,,,WorthPoint
iridium,5pcs 0.5mm Fountain Pen Nibs Medium Nib Tips Iridium Writing Pen Tip Gold D,11.59,2025-07-12,,,WorthPoint
iridium,Hot Wheels Acceleracers Iridium CM5,55,2025-07-11,,,WorthPoint
iridium,McDonalds NIP Acceleracers Iridium Happy Meal Toy Hot Wheels 2005 #7,6.95,2025-07-11,,,WorthPoint
iridium,Kenner 1991 Dark Knight Collection Batman Blast Shield Iridium Suit Complete,20.95,2025-07-11,,,WorthPoint
iridium,"Jinhao 9019 Dadao Fountain Pen, Gold Trim, #8 Nib, Clear Barrel",17.47,2025-07-11,,,WorthPoint
iridium,"""BIRDSONGS OF THE MESOZOIC Iridium Controversy Roger Dean ART POSTER 18""""X12""""""",95,2025-07-11,,,WorthPoint
iridium,"JINHAO X159 Fountain Pen (F Nib 0.5mm, Dark Blue With Gold Clip)",15.21,2025-07-11,,,WorthPoint
iridium,1Pc Blue Classic Wing Sung 629 Acrylic Resin Fountain Pen F Iridium Nib 0.5mm Mm,32.31,2025-07-11,,,WorthPoint
iridium,Sikhote-Alin Russia 1947 IIAB Iron Nickel Meteorite 66.5 Grams With Regmaglypts,650,2025-07-11,66.5,9.77,WorthPoint
iridium,ECCPP DG500 6 Ignition Coils With 6 Iridium Spark Plugs For Ford For Mazda Fo...,75.62,2025-07-11,,,WorthPoint
iridium,"""Unmarked Vintage Fountain Pen W 14K Nib Orange Color 5 3/8"""" Unrestored""",39.99,2025-07-11,,,WorthPoint
iridium,"Handmade* Fountain Pen,Exotic Wood,Black/Chrome Hdw. Nib: Iridium Point Germany",49,2025-07-11,,,WorthPoint
iridium,"Handmade* Fountain Pen, Rose Wood, Gold/Chrome Hdw. Nib: Iridium Point Germany",49,2025-07-11,,,WorthPoint
iridium,"Jinhao 10 Capless Fountain Pen With Box,Brushed Matt Black Retractable Fine N...",28.34,2025-07-11,,,WorthPoint
iridium,"""Kershaw MINI IRIDIUM Knife Folding 3"""" KVT Bearings D2 Steel 2051BLK FAST SHIP""",59.47,2025-07-11,,,WorthPoint
iridium,Hot Wheels - AcceleRacers - Silencerz - Iridium - New On Card,56.69,2025-07-10,,,WorthPoint
iridium,Gorgeous Handmade Gold Trim Churchill Rollerball Pen In Real Carbon Fiber,54.99,2025-07-10,,,WorthPoint
iridium,Early - PHENIX HARD RUBBER SLIP CAP EYEDROPPER PEN - 14K FLEXI NIB,52,2025-07-10,,,WorthPoint
iridium,1/48 Scale USA NASA Apollo CSM With Lunar Module DIY Unassembled Model Kit,16.69,2025-07-10,,,WorthPoint
iridium,"63 Gm Muonionalusta Meteorite Slice Slab Sweden, Iron Nickel Ring ETCHED STAND",170.95,2025-07-10,63,2.71,WorthPoint
iridium,Sensa Fountain Pen ~ Merididian BLK ~ Med. Pt ~ BRAND NEW In Box ~ Made In USA,59,2025-07-10,,,WorthPoint
iridium,Vintage CARTER'S STYLEWRITER Made In USA Black Wooden Dip Pen/iridium Tipped NIB,25.27,2025-07-10,,,WorthPoint
iridium,6 Pc DENSO Iridium TT Spark Plugs Compatible With Toyota Avalon 3.5L V6 2005-...,129.19,2025-07-10,,,WorthPoint
iridium,Qty 5 RXCEL ICM6 10mm IRIDIUM Spark Plug Gas Petrol Powered Engines CM6,65.75,2025-07-09,,,WorthPoint
iridium,Hot Wheels Limited Run AcceleRacers Team Silencerz Iridium #4 Of 9 READ,39.99,2025-07-09,,,WorthPoint
iridium,"JINHAO 82 Fountain Pen (Porcelain White,Fine Nib 0.5mm)",14.99,2025-07-09,,,WorthPoint
iridium,"JINHAO 10 Press Fountain Pen, Retractable Metal Pen With Ink Converter (EF Ni...",31.72,2025-07-09,,,WorthPoint
iridium,Vintage Sengbusch 10 Gold Plated #16 Medium Iridium Tip Pen Points Origional Box,25,2025-07-08,10,2.5,WorthPoint
iridium,Hot Wheels Acceleracers Silencerz Iridium 4/9 5 Spoke,45,2025-07-08,,,WorthPoint
iridium,Pelikan Fountain Pen Gold Color Edition Medium Pt Nib 811392 New In Box,26.75,2025-07-08,,,WorthPoint
iridium,Hot Wheels Acceleracers: Silencerz #4 Iridium Brand New In Box!,36.86,2025-07-08,,,WorthPoint
iridium,DIY Low Temperature Stirling Engine Motor Steam Heat Stainless Steel Model N,36.99,2025-07-08,,,WorthPoint
iridium,"Waltham, Diamond And Platinum Wristwatch",826,2025-07-08,,,WorthPoint
iridium,Lamy Safari Fountain Pen In Strawberry 2022 Special Edition - Fine Point - NEW,34.95,2025-07-08,,,WorthPoint
iridium,Jeff Beck Iridium Nyc 2011 Biffle Concert Poster Silkscreen Original Sale!,39.99,2025-07-08,,,WorthPoint
iridium,Oakley Minute Gen 1 Jet Intake Ports 1.0 Rare Black W Black Iridium Sunglasses,299.99,2025-07-08,,,WorthPoint
iridium,Adjustable Lanyard Neck Strap Belt For DJI RC Plus Remote Control With Screen H,19.89,2025-07-08,,,WorthPoint
iridium,Vintage Wing Sung 699 Acrylic Resin Piston Fountain Pen Clip 0.7mm M Nib W,33.99,2025-07-08,,,WorthPoint
iridium,5 Good Parts Fountain Pen All 14K Nibs ~ 3 Have Nice Flex ~ Chilton Moore Sheaff,89,2025-07-08,5,17.8,WorthPoint
iridium,Kershaw Mini Iridium Folding Knife Used,20,2025-07-08,,,WorthPoint
iridium,"Iridium Metal Sample--86.8% Pure, Platinum 11.4%, Pb, Zn - 12 Grams Total Weight",405,2025-07-08,12,33.75,WorthPoint
iridium,ULTRA RARE OAKLEY WHY 1 WIRE SUNGLASSES Pale Amber Frames W/ Gold Iridium Lenses,359.99,2025-07-07,,,WorthPoint
iridium,Gibson Les Paul Pickguard Signed By Les Paul - Signed At The Iridium - JSA,89,2025-07-07,,,WorthPoint
iridium,#591 Black Aluminum Kershaw 2038R Iridium Reverse Tanto D2 KVT Duralock Knife,41,2025-07-07,,,WorthPoint
iridium,Meteorite And Display Cube 8.7 Gram Genuine Campo Del Cielo Meteorite With COA,32.99,2025-07-07,8.7,3.79,WorthPoint
iridium,NEW HGU-55/P-68/P-84/P USA Pilot Flight Helmet Ruby Iridium Visor ‚ÄúGENTEX‚Äù,239,2025-07-07,,,WorthPoint
iridium,2015 Hot Wheels Rlc Factory Set Race Iridium,5.91,2025-07-07,,,WorthPoint
iridium,Schneider Ceod Fountain Pen Set Med Nib Black Barrel Blue Ink Office School,14.7,2025-07-07,,,WorthPoint
iridium,Schneider Ceod Fountain Pen Set Med Nib White Barrel Blue Ink Office School,14.7,2025-07-07,,,WorthPoint
iridium,"Jinhao 10 Capless Fountain Pen With Box,Wavy Silver Chromium Retractable Fine",34.99,2025-07-07,,,WorthPoint
iridium,Kershaw Iridium DuraLock Gray Aluminum & D2 Steel Partially Serrated,46,2025-07-07,,,WorthPoint
iridium,New Drone Thrower Airdrop System For DJI Mini 4 Pro Wedding Proposal Delivery,33.99,2025-07-07,,,WorthPoint
iridium,EPENCO Beautiful ONYX And RUST MARBLED PEN - DECO BAND - M-H-M NEWSPAPER IMPRINT,39.5,2025-07-07,,,WorthPoint
iridium,Sheaffer Vintage Stainless Steel 342 Fineline Nib NEW OLD STOCK,5.95,2025-07-06,,,WorthPoint
iridium,Tonino Lamborghini Cigar Cutter And Lighter. NIB *Carbon Fiber * ONE OF A KIND,60,2025-07-06,,,WorthPoint
iridium,Serviced MATTE BLACK Fountain Pen‚Ä¢ELLINGTON PENS Ink‚Ä¢Spring Clip‚Ä¢IRIDIUM M Nib,26,2025-07-06,,,WorthPoint
iridium,2 Pairs Quick Release 3-blade Propeller Drone Accessories For DJI Mavic Mini 2,12.69,2025-07-06,,,WorthPoint
iridium,DYN2495 Dynamite Monster Truck .18-.46 Size Nitro RC Engine Glow Plug (Medium),19.95,2025-07-06,,,WorthPoint
iridium,ECCPP UF589 4 Ignition Coils With 4 Iridium Spark Plugs For Mitsubishi Outlan...,54,2025-07-06,,,WorthPoint
iridium,Authentic Iridium-6 - SPACEX FALCON 9 F-9 VAFB Launch SATELLITE Mission PATCH,7.95,2025-07-05,,,WorthPoint
iridium,"German FOUNTAIN PEN Iridium Point Greek Tragedy, Converter",38,2025-07-05,,,WorthPoint
iridium,"Kershaw Mini Iridium 2051 D2, Unused No Box Knife",38.25,2025-07-05,,,WorthPoint
iridium,Vintage Reform Burgundy Fountain Pen Iridium Point Original Case Made In Germany,11.5,2025-07-05,,,WorthPoint
iridium,Vintage SHEAFFER 1250 Fountain Pen - Gold/Brown Stripe - MASKED PLAT/14K NIB,73.65,2025-07-05,,,WorthPoint
iridium,Denso Iridium Power Spark Plug Pack Of 6 Itv20 5339,35,2025-07-05,,,WorthPoint
iridium,1960s Vintage Venus Black Fountain Pen With Gold Iridium Tipped FINE Nib. Works,19.99,2025-07-05,,,WorthPoint
iridium,"Live At The Iridium By Albert Lee (Guitar) (CD, Jan-2014, CD Baby (distributor))",29.9,2025-07-05,,,WorthPoint
iridium,"45 Gm Muonionalusta Meteorite Slice Slab Sweden, Iron Nickel Ring ETCHED STAND",125.96,2025-07-05,45,2.8,WorthPoint
iridium,Vtg Lot Ink Dip Fountain Pens & Nibs Sheaffer Desk Fountain Pen - Unbranded,35,2025-07-05,,,WorthPoint
iridium,"^ Waterman W5, Blue Striped , Gold Trim, Lf, Made In England C'50's, Scarce Pen",260,2025-07-04,,,WorthPoint
iridium,"+ Salz Brothers Gf Filigree Overlay, Outstdg Cond, Appears Unused, C1915",295,2025-07-04,,,WorthPoint
iridium,Fountain Pen * Iridium Point M- Nib * With Piston * Free Shipping,14.99,2025-07-04,,,WorthPoint
iridium,Hot Wheels Acceleracers Silencerz Lot,50,2025-07-04,,,WorthPoint
iridium,Genius Iridium Wood Grain Fountain Pen Vtg Used (C4),5,2025-07-04,,,WorthPoint
iridium,Papermate Mark VI Gold Plated Fountain Pen M Pt New In Box Made In West Germany,75,2025-07-04,,,WorthPoint
iridium,"65 Gm Muonionalusta Meteorite End Piece Sweden, Iron Nickel Ring ETCHED STAND",179.95,2025-07-04,65,2.77,WorthPoint
iridium,Oakley Leopard Print Sunglasses Gold Irridium Lenses,105,2025-07-04,,,WorthPoint
iridium,Iridium Point Fine Wood Fountain Pen Germany Screws On Both Sides Vintage,14.99,2025-07-04,,,WorthPoint
iridium,Gamma Vintage Masterpiece JUMBO Ebonite Fountain Pen CHROME TRIMS - .65mm Nib,89,2025-07-04,,,WorthPoint
iridium,Retro 51 Tornado Fountain Pen ‚Äì Blue & Yellow Stripes ‚Äì Schmidt Medium Nib,189.99,2025-07-04,,,WorthPoint
iridium,Asvine C80 Fountain Pen #8 Fine Nib Large Handcraft Pen With Converter Pen Case,43.57,2025-07-04,,,WorthPoint
iridium,"94 Gm Muonionalusta Meteorite Slab Sweden, Iron Nickel Ring ETCHED STAND",260.95,2025-07-03,94,2.78,WorthPoint
iridium,Taccia Continental Cracked Ice W Chrome Trim Fountain Pen & Roller Pen Set W/Box,129,2025-07-03,,,WorthPoint
iridium,Set Of 4 Ignition Coils Pack UF532 MR994642 & 4 PCS Iridium Spark P... Fast Ship,107.99,2025-07-03,,,WorthPoint
iridium,Wingsung 630 Piston Fountain Pen #8 Iridium Fine Nib Resin Writing Pen,25,2025-07-03,,,WorthPoint
iridium,"NEW HGU-56/P USA Pilot Flight Helicopter Helmet Chrome Iridium Visor, ‚ÄúGENTEX‚Äù",239,2025-07-03,,,WorthPoint
iridium,Swan Pen Co. (Japan) Black & Gold Thin Button-Filler Fountain Pen - 1930's,45,2025-07-03,,,WorthPoint
iridium,Vtg American Pencil Autograph Iridium Tip Eversharp Fountain Pen PARTS OR REPAIR,14.99,2025-07-02,,,WorthPoint
iridium,Set Of 4 Ignition Coils Pack UF549 22448-1HM0A & 4 PCS Iridium Spark Plugs Co...,97.99,2025-07-02,,,WorthPoint
iridium,Libelle Of New York Moca Swirl Vortex Fountain Pen With Nice Leather Pen Case,35,2025-07-02,,,WorthPoint
iridium,Kershaw Iridium Knife,41.5,2025-07-02,,,WorthPoint
iridium,NEW Kershaw 2051 Mini Iridium Knife D2 Stonewashed Ice Blue Aluminum Duralock,50,2025-07-02,,,WorthPoint
iridium,Pure 99.9% Iridium Metal One Gram (1.09 Grams) Super Rare Platinum Group,225,2025-07-02,1.09,206.42,WorthPoint
iridium,NEW 2012 Oakley Goggles Splice Snow Silver Factory Text Emerald Lens O Frame M/L,125,2025-07-02,,,WorthPoint
iridium,Set Of 4 Ignition Coil And 4 Iridium Spark Plug Compatible With Nissan Altima...,80.99,2025-07-01,,,WorthPoint
iridium,Vintage New NOS Dip Pen Nibs/points - Swivodex Special Alloy Iridium Medium (2),5,2025-07-01,,,WorthPoint
iridium,Vintage Light Wood Fountain Pen Iridium Point Germany,18,2025-07-01,,,WorthPoint
iridium,6 Pc DENSO Iridium TT Spark Plugs Compatible With Honda Accord 2.7L 3.0L V6 1...,105.38,2025-07-01,,,WorthPoint
iridium,Vtg Conklin ALL AMERICAN Yellowstone Fountain Pen W/ Iridium Point Germany Nib,54,2025-07-01,,,WorthPoint
iridium,Denso Iridium Power Spark Plugs Racing Sticker Decal VTG 12x2.5,9.99,2025-06-30,,,WorthPoint
iridium,Philtop Uf611 Coil Pack & Iridium Plugs Set Fits Hyundai & Kia Models,19.99,2025-06-30,,,WorthPoint
iridium,"Ignition Coil Pack + Iridium Spark Plugs For 2007-2016 Nissan Altima 2.5L L4,...",60.29,2025-06-30,,,WorthPoint
iridium,Lot Of 4 MonteFiore Vintage Pens 3 Fountain 1 Ball Point Iridium Germany Vgc Htf,30,2025-06-30,,,WorthPoint
iridium,TWSBI Eco-T Fountain Pen In Saffron - Medium Point - NEW In Original Box,37.95,2025-06-30,,,WorthPoint
iridium,Iridium Metal 1 Gram 99.95% For Element Collection USA SHIPPING,249,2025-06-30,1,249,WorthPoint
iridium,8.7 Gram .999 Fine IRIDIUM Coin Metallium The Elements UNC .28 Troy Oz Bar Round,2499.99,2025-06-30,8.7,287.36,WorthPoint
iridium,Kershaw Iridium Knife Model 2038x And Keyshawn Airlock 1385x NEW-See Description,40,2025-06-30,,,WorthPoint
iridium,Morrison Oversize Black Hard Rubber Fountain Pen 14k Huge Gold Nib Restored,100,2025-06-29,,,WorthPoint
iridium,Meteorite Carbonaceous Chondrites Rock Specimen Outerspace Group Lot 673 Grams,150,2025-06-29,673,0.22,WorthPoint
iridium,Montegrappa Piacere Colbalt Blue Rollerball Pen Ispyrrbbd And Pouch (no Papers),150,2025-06-29,,,WorthPoint
iridium,"124 Gm Muonionalusta Meteorite End Piece Sweden, Iron Nickel Ring ETCHED STAND",341.96,2025-06-29,124,2.76,WorthPoint
iridium,"85 Gm Muonionalusta Meteorite End Piece Sweden, Iron Nickel Ring ETCHED STAND",233.95,2025-06-29,85,2.75,WorthPoint
iridium,Laban Formosa Skeleton Fountain Pen - Silver Over Blue Medium Nib,99,2025-06-29,,,WorthPoint
iridium,2 Original Rotring Levenger Ballpoint Pens & 2 Rotring Levenger Fountain Pens,207.5,2025-06-29,,,WorthPoint
iridium,Art Supply Enterprises Fine Point Fountain Pen Set NEW,10,2025-06-29,,,WorthPoint
iridium,"""vintage WAHL-EVERSHARP """" SKYLINE """" P/P SET - JET BLACK - GOLD FILLED TOPS""",73,2025-06-29,,,WorthPoint
iridium,"""Kershaw Knives Iridium DuraLock 2038 KVT D2 Steel Pocket Knife """"Open Box""""""",39,2025-06-29,,,WorthPoint
iridium,5pcs Fountain Pen Nibs 0.5mm Medium Fine Nib Iridium Tip Gold,11.68,2025-06-29,,,WorthPoint
iridium,"3 Unusual Hard Rubber Fountain Pens Thumb, Coin, And Matchstick Filler",195,2025-06-29,,,WorthPoint
iridium,"""MORRISON TOURIST Minty Chased FOUNTAIN PEN - 4 1/4"""" - JET BLACK - Art Deco""",29.5,2025-06-29,,,WorthPoint
iridium,"Conklin Ohio Blue Iridium Tipped (M) Fountain Pen, With Box Etc.",39.99,2025-06-28,,,WorthPoint
iridium,Vintage Majestic Iridescent Pearl Violet Purple Fountain Pen Platinum Nib,100,2025-06-28,,,WorthPoint
iridium,4 Pc NGK Laser Iridium Spark Plugs Compatible With Honda Civic 2.4L L4 2012-2...,113.69,2025-06-28,,,WorthPoint
iridium,#491 Dark Gray Aluminum Kershaw 2038 Iridium D2 KVT Duralock Knife,40,2025-06-28,,,WorthPoint
iridium,Vintage Early Marbelized Fountain Pen Iridium Tipped,23,2025-06-28,,,WorthPoint
iridium,LeBOEUF Pilgrim Ocean Teal Pearl Fountain Pen Medium Iridium Nib W/Box,40,2025-06-28,,,WorthPoint
iridium,Kershaw Iridium Knife D2,38,2025-06-28,,,WorthPoint
iridium,Ididium Steel NIb In Section-On-Line Calligraphy L.4 Nib--new Old Stock,8.92,2025-06-28,,,WorthPoint
iridium,SHEAFFER Brown Gold Stripe 350 FOUNTAIN PEN - No 3 SHEAFFER 14K Flexible NIB,37.95,2025-06-28,,,WorthPoint
iridium,Campo Del Cielo Meteorite Slice Widmanst√§tten Patterns Argentina COA 6244,39.95,2025-06-28,,,WorthPoint
iridium,Conklin Metropolis Iridium Point Purple Marble Fountain Pen,12.5,2025-06-28,,,WorthPoint
iridium,Montefiore Iridium Point - Blue Marble Fountain Pen,9.99,2025-06-28,,,WorthPoint
iridium,5.47 Grams 18mm SIKHOTE ALIN Russian Shrapnel Meteorite With A COA And Info Card,14.99,2025-06-27,5.47,2.74,WorthPoint
iridium,Kershaw Mini Iridium 2051D2 Ice Blue Anodized Aluminum,50,2025-06-27,,,WorthPoint
iridium,Montblanc Meisterstuck - Vintage Iridium Tip,99.99,2025-06-27,,,WorthPoint
iridium,Vintage Wearever Iridium Tipped Nib Gold / Black Celluloid Fountain Pen RARE!,22.99,2025-06-27,,,WorthPoint
iridium,Vintage Pioneer Fountain Pen Iridium Nib Tip Marbled Pattern Lever Fill,24.97,2025-06-27,,,WorthPoint
iridium,Kershaw Iridium 2038R Reverse Tanto DuraLock Folding Knife,44.99,2025-06-27,,,WorthPoint
iridium,6.52 Grams SIKHOTE ALIN Russian Meteorite With A COA And Info Card,51,2025-06-27,6.52,7.82,WorthPoint
iridium,Kershaw Iridium DuraLock EDC Folding Knives‚Äì Spear Point Blade | Blue & Black,49.99,2025-06-26,,,WorthPoint
iridium,Axial Turbo Glow Plug #8 Cold AX0077,10.25,2025-06-26,,,WorthPoint
iridium,FILCAO ANGEL OVERSIZE Fountain Pen-Green Pearlescent CELLULOID Made In Italy,35,2025-06-26,,,WorthPoint
iridium,Charlie Haden And Kenny Barron Night And The City (CD) Album,20.2,2025-06-26,,,WorthPoint
iridium,Galactic Dreams Jx-002 Luxury Resin Fountain Pen W/ Fine Nib & Diamine Ink,18.99,2025-06-26,,,WorthPoint
iridium,Hot Wheels Max Steel Strength 5-Pack 2013 NIB,25,2025-06-26,,,WorthPoint
iridium,2005 Hot Wheels McDonalds AcceleRacers Complete Set Of 8,65,2025-06-25,,,WorthPoint
iridium,Team Associated RC10 Brian Kinwald Rear Iridium Carbon Fiber Shock Tower Vintage,39.99,2025-06-25,,,WorthPoint
iridium,Sensa Fountain Pen Champagne & Gold Med Pt New In Box Usa Made *,179,2025-06-25,,,WorthPoint
iridium,Ignition Coil Pack + Iridium Spark Plugs For Buick Allure Enclave Cadillac ATS,49.99,2025-06-25,,,WorthPoint
iridium,Hot Wheels Acceleracer Themed Lot - SEE DESCRIPTION FOR DETAILS & FREE SHIPPING,65,2025-06-25,,,WorthPoint
iridium,Kershaw Iridium Titanium Reverse Tanto S35VN Blade 2038RTI Limited Edition,189.99,2025-06-25,,,WorthPoint
iridium,Iridium XP Automotive High Performance Replacement Spark Plugs XP3924 Pack Of 4,17.49,2025-06-25,,,WorthPoint
iridium,HPI Racing Turbo Glow Plug Cold R8 #1508,10.99,2025-06-25,,,WorthPoint
iridium,"""Kershaw Iridium Reverse Tanto DuraLock Knife Black Aluminum (3.5"""" SW D2)""",59,2025-06-25,,,WorthPoint
iridium,M2 Large Ink Capacity Eyedropper Fountain Pen Eye Dropper Filling Pen Set For...,26.95,2025-06-25,,,WorthPoint
iridium,HPI 1508 R8 Turbo Glow Plug Cold For Nitro Buggy & Truck Engines,11.49,2025-06-25,,,WorthPoint
iridium,Ignition Coil Pack + Iridium Spark Plugs For Ford F-150 2011 2012 2013 2014 2...,78,2025-06-25,,,WorthPoint
iridium,2005 Vintage Hot Wheels McDonalds AcceleRacers Complete Set Of 8,25.98,2025-06-25,,,WorthPoint
iridium,Yafa Novelty Cccp Soviet Ussr Fountain And Ball Point Pen Set Iridium Nib,19.9,2025-06-24,,,WorthPoint
iridium,Oakley Sapphire Iridium Sunglasses (S1),44.8,2025-06-24,,,WorthPoint
iridium,UF270 Ignition Coil Pack 56028138AD And Iridium Spark Plugs 4504 Set Of 8pcs,110.88,2025-06-24,,,WorthPoint
iridium,Iridium Pen Set Ink And Fountain,6,2025-06-24,,,WorthPoint
iridium,FILCAO COLUMBIA-Fountain Pen-LAPIS CELLULOID/SOLID SILVER 925-BUTTON FILLER-NEW,50,2025-06-24,,,WorthPoint
iridium,Brand New 6x NGK Spark Plugs For BMW N54 - Two Step Colder Iridium Performance,46.99,2025-06-24,,,WorthPoint
iridium,Nib Mint Monteverde Fountain Pen Blue Medium Iridium Nib Mib,40,2025-06-24,,,WorthPoint
iridium,Lamy Safari Fountain Pen In Pina Colada - Extra Fine - NEW In Box,36.55,2025-06-24,,,WorthPoint
iridium,Monteverde Regatta Fountain Pen In Santorini Blue - 1.1mm Stub Nib - NEW In Box,79.95,2025-06-24,,,WorthPoint
iridium,Azurite Blue Jinhao Skeleton Fountain Pen W/gold Plated Fine Nib & Diamine Ink,16.33,2025-06-24,,,WorthPoint
iridium,Vermillion Jinhao Skeleton Fountain Pen W/gold Plated Fine Nib & Diamine Ink,16.33,2025-06-24,,,WorthPoint
iridium,Schmidt Fountain Pen With Iridium Point Fine Nib Stainless Barrel,19.99,2025-06-23,,,WorthPoint
iridium,"True Blue Jinhao Elite X159 Wide Body Steel Fountain Pen, Medium Nib, & Ink",10.97,2025-06-23,,,WorthPoint
iridium,Dale Jarrett Signed 1:3 Mini Helmet Autographed Autolite Iridium Xp Spark Plugs,14.97,2025-06-23,,,WorthPoint
iridium,Dynamite Monster Truck .18-.46 Nitro Glow Plug (Cold) [DYN2495],13.99,2025-06-23,,,WorthPoint
iridium,Lot Of 5 Vintage Fountain Pen/Pencil Combos,26,2025-06-23,,,WorthPoint
iridium,Sketches Of Miles Davis - Live At The Iridium,10.94,2025-06-23,,,WorthPoint
iridium,Kaweco Classic Sport Green Broad Point Fountain Pen - New In Box - 10000490,33.95,2025-06-23,,,WorthPoint
iridium,Vintage Collectible Black W/ Gold Trim Fountain Pen Gold Ring - W Germany,25,2025-06-23,,,WorthPoint
iridium,41-110 Iridium Spark Plugs & 9478RR 48322 Spark Plug Wires 5.3 6.0L 6.2L Red,43.99,2025-06-23,,,WorthPoint
iridium,Kershaw Iridium Folding Knife D2 Gray Aluminum Handle 2038 - Factory Edge,34,2025-06-23,2,17,WorthPoint
iridium,New Kershaw Iridium (2038) Folding Knife,50,2025-06-23,,,WorthPoint
iridium,Parker Golden Pearl Line Vacumatic FOUNTAIN PEN Original Gold Platinum Point,200,2025-06-22,,,WorthPoint
iridium,"50 Gm Muonionalusta Meteorite Slice Slab Sweden, Iron Nickel Ring ETCHED STAND",134.96,2025-06-22,50,2.7,WorthPoint
iridium,Vintage Handmade Beautiful Wood Fountain Pen W/Vacuum Fill,6.5,2025-06-22,,,WorthPoint
iridium,Vintage E. Faber Fountain Pen,15.5,2025-06-22,,,WorthPoint
iridium,"""1946-1949 SHEAFFER ADMIRAL - Vintage BLUE FOUNTAIN PEN - 14K """"33"""" NIB""",47.5,2025-06-21,,,WorthPoint
iridium,"Real Red Jinhao Elite X159 Wide Body Steel Fountain Pen, Medium Nib, & Ink",10.97,2025-06-21,,,WorthPoint
iridium,Mercedes-Benz E-Klasse (W212) Iridium Silver Metallic Schuco [B6 696 0207],130,2025-06-21,,,WorthPoint
iridium,Oakley Fives 2.0 Sunglasses With Blue Iridium Lenses Oakley Five Made In USA,69.99,2025-06-21,,,WorthPoint
iridium,Montblanc 22 14c 595 Gold Nib With Feed And Collar Needs Work For Fountain Pen,24.99,2025-06-21,595,0.04,WorthPoint
iridium,Parker Duofold Senior Ultra Flex...Restored,243.5,2025-06-21,,,WorthPoint
iridium,Villains & Vigilantes RPG Lot Of 3 Great Iridium Con Pentacle Plot Terror Night,29.99,2025-06-21,3,10,WorthPoint
iridium,"35 Gm Muonionalusta Meteorite Slice Slab Sweden, Iron Nickel Ring ETCHED STAND",98.96,2025-06-21,35,2.83,WorthPoint
iridium,Bexley Pentalic Mark X Fountain Pen Rare W Xtra Nibs Rare W. Germany,200,2025-06-21,,,WorthPoint
iridium,Top Quality! Lots Of Thumbprints! Super Sculpted Sikhote-alin Meteorite 33.7 Gm,89.25,2025-06-21,33.7,2.65,WorthPoint
iridium,2004 Mattel Acceleracers Lot Of 10 Hot Wheels New,320,2025-06-21,,,WorthPoint
iridium,Hot Wheels Acceleracers Silencerz Iridium CM6,11.25,2025-06-21,,,WorthPoint
iridium,3.23 Grams~SIKHOTE ALIN~Iron METEORITE~Whole Individual~HISTORIC Fall Of 1947!,11.99,2025-06-20,3.23,3.71,WorthPoint
iridium,Oakley Minute 1.0 Gen 2 Jet Black Frame W Ruby Iridium +box Very Nice Sunglasses,289.99,2025-06-20,1,289.99,WorthPoint
iridium,Kershaw Iridium D2 With Custom White Scales And Backspacer 3D Printed,50,2025-06-20,,,WorthPoint
iridium,Yotsubishi Spert Kinpen Seisakusho Urushi Eyedropper Steel Fine Nib Serviced,265,2025-06-20,,,WorthPoint
iridium,Montegrappa Piacere Colbalt Blue Rollerball Ispyrrbd Pen W/ Box And Papers,165,2025-06-20,,,WorthPoint
iridium,Montblanc Meisterstuck - Vintage Iridium Tip Pen With Ink Cartridges,73,2025-06-19,,,WorthPoint
iridium,Kershaw Mini Iridium Knife - NEW IN BOX - D2 Black On Black - 2051BLK,49.99,2025-06-19,,,WorthPoint
iridium,Libelle Chromatic Speed Red Rollerball And Fountain Pen,90,2025-06-19,,,WorthPoint
iridium,Hot Wheels Acceleracers CM5 Iridium,60,2025-06-19,,,WorthPoint
iridium,Vintage New Reform Renaissance Supreme Fountain Pen W/Ink,65,2025-06-19,,,WorthPoint
iridium,FOUNTAIN PEN NIB (M) ASSEMBLY-Variety Set Of 4,9.99,2025-06-18,,,WorthPoint
iridium,"NICE VINTAGE 1936 PARKER CHALLENGER FOUNTAIN PEN, 14k MEDIUM NIB. RESTORED",57,2025-06-18,,,WorthPoint
iridium,Laban Galileo - Fountain Pen - Ivory Colored - Fine Point - NEW - LGL-F106PG-F,224,2025-06-18,,,WorthPoint
iridium,Scriveiner Luxury EDC Fountain Pen Copper Schmidt Iridium Point Fine NIB W/Box,42.89,2025-06-18,,,WorthPoint
iridium,BEILUNER Luxury Fountain Pen Silver IRIDIUM POINT With 6 Black Ink Refills NIB,8.5,2025-06-18,,,WorthPoint
iridium,Monteverde Invincia Black & White Resin Fountain Pen - Iridium Nib,42,2025-06-18,,,WorthPoint
iridium,Acceleracers Uncarded Cars (Read Description),20,2025-06-18,,,WorthPoint
iridium,Montblanc StarWalker Edition Precious Resin Fountain Pen,250,2025-06-17,,,WorthPoint
iridium,"""Team Associated RC10 """"Kinwald Edition"""" 1/10 Electric 2WD Buggy Kit [ASC6041]""",459.99,2025-06-17,,,WorthPoint
iridium,Vintage Senator Black Fountain Pen - Germany,38,2025-06-17,,,WorthPoint
iridium,"Kershaw Iridium Folding Pocket Knife, D2 Steel Blade, Red And Black Working S",99.44,2025-06-17,,,WorthPoint
iridium,"Jinhao 9019 Dadao Fountain Pen, Gold Trim, #8 Nib, Dark Blue",17.47,2025-06-16,,,WorthPoint
iridium,"112 Gm Muonionalusta Meteorite Slice Slab Sweden, Iron Nickel Ring ETCHED STAND",305.96,2025-06-16,112,2.73,WorthPoint
iridium,"Hot Wheels Acceleracers, Silencerz, Iridium, CM5 Loose 1/64",29.86,2025-06-16,,,WorthPoint
iridium,LRP Platinum/Iridium Standard Glow Plug (R5 Medium Cold LRP35051 Lot Set,28,2025-06-16,,,WorthPoint
iridium,16PCS Iridium Spark Plugs 41-110&Spark Plug Wires M8-48322 For Chevy Silverad...,52.99,2025-06-16,,,WorthPoint
iridium,Modern Beiluner Luxury Fountain Pen Iridium Point Metal Red / New In Box,9.95,2025-06-16,,,WorthPoint
iridium,T'au Empire XV8 Crisis Battlesuit Team,71.4,2025-06-16,,,WorthPoint
iridium,4PCS Ignition Coil Pack With 4PCS Iridium Spark Plug Compatible With Toyota C...,95.79,2025-06-16,,,WorthPoint
iridium,"NEW HGU-56/P USA Pilot Flight Helicopter Helmet Sapphire Iridium Visor, ‚ÄúGENTEX‚Äù",239,2025-06-16,,,WorthPoint
iridium,Team Associated RC10 Buggy Kinwald Edition Kit ASC6041 6041,459.99,2025-06-16,,,WorthPoint
iridium,Vintage Iridium Point Germany Wooden Fountain Pen And Roller Pen Set,10,2025-06-16,,,WorthPoint
iridium,ROMET EUROPA Yellow & Green Fountain Pen W Schmidt Iridium Nib Point Display Box,69.99,2025-06-16,,,WorthPoint
iridium,Beiluner Stainless Fountain Pen EF Iridium Nib W/ Converter And Original Box,14.99,2025-06-16,,,WorthPoint
iridium,Nahvalur Eclipse Iridium Medium Fountain Pen,85,2025-06-15,,,WorthPoint
iridium,Sterling Silver Fine Iridium Point Nib Fountain Pen W/ MONTBLANC Box,60,2025-06-15,,,WorthPoint
iridium,"""""""ruby Red"""" Yu Ping #388 Steel Fountain Pen W/fine German Iridium Nib""",6.67,2025-06-15,,,WorthPoint
iridium,Paul Sebastian Fountain Pen German Iridium Point,11.99,2025-06-15,,,WorthPoint
iridium,"""Kershaw Iridium Folding Knife 3.4"""" 2038 D2 Aluminum Handle Carbon Steel Blade""",59.1,2025-06-15,,,WorthPoint
iridium,7 Vintage Fountain Pens (6 Lever Fill + 1 Cartridge) Esterbrook/sheaffer's As Is,38,2025-06-15,,,WorthPoint
iridium,Motorola Iridium Satellite Phone With Case MS1-10,199.99,2025-06-15,,,WorthPoint
iridium,10.46kg Campo Del Cielo Iron Meteorite,5520,2025-06-15,10460,0.53,WorthPoint
iridium,TWSBI Eco Fountain Pen In Glow Green - Extra Fine Point - NEW In Original Box,37.95,2025-06-15,,,WorthPoint
iridium,"Vintage Dip Pens, Lot #37",88,2025-06-15,,,WorthPoint
iridium,"7 X Vintage Wahl Eversharp Fountain Pens, Lot #33",213.5,2025-06-15,,,WorthPoint
iridium,Stipula Fountain Pen Blue Resin Iridium Medium Point- NIP,65,2025-06-14,,,WorthPoint
iridium,The Vatican Museum Red Enamal Fountain Pen Iridium Point Germany Nib,20.51,2025-06-14,,,WorthPoint
iridium,Black Unbranded Fountain Pen With Germany Iridium Gold Nib With Stratford Cap.,12.99,2025-06-14,,,WorthPoint
iridium,Oakley Minute 1.0 Code Blue/Black Iridium Sunglasses 2 Gen W/Hard Case 90s Vtg,49,2025-06-14,2,24.5,WorthPoint
iridium,Colibri Disney Mickey Mouse Fountain Ball Point Convertible Red Pen Set Iridium,67.99,2025-06-14,,,WorthPoint
iridium,Kershaw 2038 Iridium D2 Custom,60,2025-06-14,,,WorthPoint
iridium,6 Pc NGK Iridium IX Spark Plugs Compatible With Toyota Tacoma 4.0L ... Fast Ship,81.99,2025-06-14,,,WorthPoint
iridium,4 Pc DENSO Iridium Power Spark Plugs Compatible With Mazda 3 2.0L 2.3L 2.5L L...,65.49,2025-06-14,,,WorthPoint
iridium,1927 WATERMAN No 52 -- FLEXY NIB - GOLD FILLED TRIM - NICE EXAMPLE,165,2025-06-13,,,WorthPoint
iridium,Nice FOUNTAIN PEN MARKED ON NIB IRIDIUM POINT GERMANY VINTAGE,39.99,2025-06-13,,,WorthPoint
iridium,TWSBI Eco Fountain Pen In Transparent Yellow - Fine Point - NEW In Box,37.95,2025-06-13,,,WorthPoint
iridium,2006 Stipula Etruria Amon-ra Sun God 18k Med Nib Limited Ed 3/35 Fountain Pen,785,2025-06-13,,,WorthPoint
iridium,2007 Hot Wheels #115 Track Stars 7/12 IRIDIUM Dark Red W/Chrome OH5 Spokes,8.31,2025-06-13,,,WorthPoint
iridium,LOOSE HotWheels Acceleracers Silencerz Iridium,15,2025-06-12,,,WorthPoint
iridium,NWT TrueVintage Sports Sniper Style Metal Wrap Around Sunglasses W/spring Hinges,29.99,2025-06-12,,,WorthPoint
iridium,Vintage PARKER V.S. Fountain Pen Morriset Fine Iridium Tip,20,2025-06-12,,,WorthPoint
iridium,"Micro-Tektites ~ Meteorite Impact ~ KT Boundary, Hell Creek Formation, Montana",35,2025-06-12,,,WorthPoint
iridium,"Qu'a: Live At The Irridium, Vol. 1 By Cecil Taylor (CD, Feb-2017, Cadence Jazz)",18,2025-06-12,,,WorthPoint
iridium,A-Premium Ignition Coils And Spark Plugs Kits Compatible With Acura... Fast Ship,104.99,2025-06-11,,,WorthPoint
iridium,Moore Pen Company Fountain Desk Set Pearloid Iridium Duo Tip 6 FOR RESTORATION,50,2025-06-11,,,WorthPoint
iridium,IRIDIUM ( Ir) 99.99% METAL Chunk 28 G.,1999,2025-06-11,28,71.39,WorthPoint
iridium,2.64 Grams 19mm SIKHOTE ALIN Russian Shrapnel Meteorite With A COA And Info Card,7.99,2025-06-10,2.64,3.03,WorthPoint
iridium,1.84 Grams 15mm SIKHOTE ALIN Russian Shrapnel Meteorite With A COA And Info Card,6.5,2025-06-10,1.84,3.53,WorthPoint
iridium,5 Grams 17mm SIKHOTE ALIN Russian Meteorite With A COA And Info Card,16.99,2025-06-10,5,3.4,WorthPoint
iridium,Fountain Pen Antique Iridium S Quality Red Pinkish Marble Pearl As Found,10,2025-06-10,,,WorthPoint
iridium,"""Iridium Fountain Pen 4.25"""" Small Red Grey Black Pearl As Found Rare""",20.5,2025-06-10,,,WorthPoint
iridium,Iridium New Over Sized Green Quilted Vest Cotton Runs Big Size S Please Read,29.99,2025-06-10,,,WorthPoint
iridium,5 Parker Duofold Fountain Pen 14KT Nibs ~ Good Iridium ~ $135 Scrap ~ See Ruler,200.28,2025-06-10,,,WorthPoint
iridium,Spacex IRIDIUM-1 Mission Patch,11,2025-06-10,,,WorthPoint
iridium,SpaceX Mission Patch Employee Only Iridium-3 Falcon 9 NASA,35,2025-06-10,,,WorthPoint
iridium,JINHAO X159 Fountain Pen F Nib 0.5mm Dark Blue With Gold Clip,17.87,2025-06-10,,,WorthPoint
iridium,Sniper Style Metal Wrap Around Sports Sunglasses,29.99,2025-06-10,,,WorthPoint
iridium,Black & Gold Fountain Pen & 0.5mm Pencil Set - New In Box,18,2025-06-10,,,WorthPoint
iridium,CHARLES HUBERT IRIDIUM Fountain Pen GERMANY,12.99,2025-06-09,,,WorthPoint
iridium,Wancai Mini Transparent Pocket-Size Fountain Pen Fine Nib 0.5mm Clear,31.73,2025-06-09,,,WorthPoint
iridium,Kershaw Iridium DuraLock Bronze,50,2025-06-09,,,WorthPoint
iridium,Dynamite Monster Truck Glow Plug Medium Cold Fits .18-.46 Nitro Engines DYN2494,6.47,2025-06-09,,,WorthPoint
iridium,Gun Metal Grey Jinhao 44xlp Steel Fountain Pen With Fine Nib & Diamine Ink,9.99,2025-06-09,,,WorthPoint
iridium,Vintage Black Hard Rubber Flat Top Morrisons Fountain Pen ~ Flexible Nib!,156.19,2025-06-09,,,WorthPoint
iridium,WAHL-EVERSHARP 1930s Art Deco RING-TOP PEN And PENCIL - AS FOUND,67,2025-06-08,,,WorthPoint
iridium,"""Kershaw Iridium Folding Knife 3.5"""" Reverse Tanto D2 Blade, Black Aluminum Handle""",55,2025-06-08,,,WorthPoint
iridium,"Kershaw Knives Iridium 2038, D2, Grey Aluminum NIB",45,2025-06-08,,,WorthPoint
iridium,"Vintage Burgundy & Black Lacquer Fountain Pen ‚Äì Iridium Point Germany, Silver",35,2025-06-08,,,WorthPoint
iridium,SAILOR DIP PEN H-F No 1 - HARD FINE - 14K GOLD - Maybe Fountain Pen Nib,38,2025-06-08,,,WorthPoint
iridium,Lot Of 4 Zippo Lighters All Unfired Great Starter Collection. Free Shipping.,39.99,2025-06-08,,,WorthPoint
iridium,"Purple Jinhao Elite X159 Wide Body Steel Fountain Pen, Medium Nib, & Diamine Ink",14.75,2025-06-08,,,WorthPoint
iridium,RARE 'SMOKE' Andara Crystal! 4lbs.,144,2025-06-08,,,WorthPoint
iridium,AUTHENTIC Iridium NEXT Launch-6 - SPACEX FALCON 9 USAF VAFB COMM SATELLITE PATCH,15.95,2025-06-08,,,WorthPoint
iridium,Authentic Iridium NEXT-9 Flight 9-SPACEX Falcon-9 Launch-USSF-VSFB-Mission PATCH,12.95,2025-06-08,,,WorthPoint
iridium,Vintage 90‚Äôs Oakley Sunglasses Red Frame Black Iridium Lens,52,2025-06-08,,,WorthPoint
iridium,N4 Hot Glow Plug Spark Plugs For Traxas T-maxx Kyosho HSP1 HPI Redcat 1/8 1/1...,38.67,2025-06-08,,,WorthPoint
iridium,Vintage Fountain Pens (5),19.69,2025-06-08,,,WorthPoint
iridium,2.38 Grams 14mm SIKHOTE ALIN Russian Shrapnel Meteorite With A COA And Info Card,20.5,2025-06-07,2.38,8.61,WorthPoint
iridium,Serviced WEAREVER PACEMAKER Fountain Pen‚Ä¢Lever‚Ä¢Striated Pearl Copper‚Ä¢GT‚Ä¢M Nib,22.37,2025-06-07,,,WorthPoint
iridium,Wearever Vintage Fountain Pen Iridium Tipped USA Nib Striated Aqua Green,10.5,2025-06-07,,,WorthPoint
iridium,Polo Ralph Lauren Fountain Pen Minka Iridium Point,30,2025-06-07,,,WorthPoint
iridium,Parker Duofold Danish Burgundy Red M.i.d. 5*** Fountain Pen Gt 14k Gold Nib Vtg,124,2025-06-07,,,WorthPoint
iridium,"17 Mission Patches - SpaceX, NASA, Starship, Falcon 9, Falcon Heavy, Starbase",150,2025-06-07,,,WorthPoint
iridium,"130 Gm Muonionalusta Meteorite Slice Slab Sweden, Iron Nickel Ring ETCHED STAND",269.95,2025-06-07,130,2.08,WorthPoint
iridium,"""Kershaw Iridium DuraLock Knife Bronze Aluminum 3.5"""" Blackwash D2 BHQ Exclusive""",45,2025-06-06,,,WorthPoint
iridium,NEW 2005 McDonald‚Äôs Hot Wheels AcceleRacers IRIDIUM Car Happy Meal Toy,9.99,2025-06-06,,,WorthPoint
iridium,Onyx Black Jinhao Skeleton Fountain Pen W/gold Plated Fine Nib & Diamine Ink,15.19,2025-06-06,,,WorthPoint
iridium,Red Huashilai Luxury Metal Fountain Pen W/ Fine Iridium Nib & Diamine Ink,9.89,2025-06-06,,,WorthPoint
iridium,3d Printed Dummy 13 Storm Trooper Iridium Gold Metallic 5.5‚Äù Tall,7.99,2025-06-06,,,WorthPoint
iridium,Vintage Conklin Green Marble & Gft Fountain Pen Iridium Tipped Fine Nib,16.5,2025-06-06,,,WorthPoint
iridium,Retro Trustone Majestic Turquoise Gold Matrix Fountain Pen Iridium Point,49.99,2025-06-06,,,WorthPoint
iridium,Modern Beiluner Luxury Fountain Pen Iridium Point Metal Burgundy & Box,14.99,2025-06-06,,,WorthPoint
iridium,Kershaw Iridium,43,2025-06-06,,,WorthPoint
iridium,VINTAGE SENATOR Fountain Pen F FINE Point Nib Iridium Made In Germany,59.95,2025-06-05,,,WorthPoint
iridium,3.32 Grams SIKHOTE ALIN Russian Meteorite With A COA And Info Card,13.99,2025-06-05,3.32,4.21,WorthPoint
iridium,Conklin Endura Deco Crest Fountain Pen In Blue With Rose Gold Trim Stub Nib,99,2025-06-05,,,WorthPoint
iridium,üî•Hot Wheels AcceleRacers~2005 McDonalds~Bassline~Nitrium~RD-06~Nolo 1~Set Of 8,24.95,2025-06-05,,,WorthPoint
iridium,Kershaw Iridium (2038) Folding Knife - D2 Steel,57.5,2025-06-05,,,WorthPoint
iridium,Vintage Collectible Black W/ Gold Trim Fountain Pen Iridium Point Nib - Germany,39.6,2025-06-05,,,WorthPoint
iridium,Knife Lot- Kershaw Iridium And Ontario Rat 1 Plus More,120,2025-06-05,,,WorthPoint
iridium,"Ignition Coil & Spark Plug Kit Set 4 Iridium Series, 2-Blade Terminal APIC0528",54.88,2025-06-05,,,WorthPoint
iridium,Montblanc ( Possible) Iridium Point W-Germany M Fountain Pen And More,100,2025-06-05,,,WorthPoint
iridium,Vintage Silver Green Swirl Stub Fountain Pen With Iridium Nib Made In Germany,36,2025-06-05,,,WorthPoint
iridium,Kershaw Mini Iridium DuraLock Titanium Exclusive Folding Knife S35VN 2051TI,184.99,2025-06-05,,,WorthPoint
iridium,Vintage Senator Green Fountain Pen Gold Trim Medium Nib Germany,79.99,2025-06-04,,,WorthPoint
iridium,Vtg MARQUIS By Waterford Purple Swirl Fountain Pen * Iridium Germany Point-M Nib,28,2025-06-04,,,WorthPoint
iridium,"Gold Colored Fountain Pen Nib. Nib Only, Iridium Point Germany",9,2025-06-04,,,WorthPoint
iridium,Vintage Gold Iridium Point Germany Fountain Pen W/ Taiwan Mark,11.99,2025-06-04,,,WorthPoint
iridium,Kaweco Student Fountain Pens (10001752-2266),70,2025-06-04,,,WorthPoint
iridium,Oakley Wiretap Black Iridium Polarized Lenses W/ Spring Hinges Oo4071-05,95,2025-06-04,,,WorthPoint
iridium,Retro 51 Pearl Rose Gold Fountain Pen M Nib Iridium Point,126.65,2025-06-04,,,WorthPoint
iridium,Ignition Coil Pack Compatible With Chevrolet Camaro Equinox Impala ... Fast Ship,115.99,2025-06-04,,,WorthPoint
iridium,"""Kershaw Mini Iridium Folding Knife 3"""" D2 Carbon Tool Steel Blade Aluminum Handle""",64.95,2025-06-04,,,WorthPoint
iridium,Autolite Iridium XP 4 Pack Spark Plugs XP 5702 Enhanced Alloy Technology,26.99,2025-06-04,,,WorthPoint
iridium,Bamboo Fountain Pen With Genius German Nib Fine,10,2025-06-03,,,WorthPoint
iridium,Hot Wheels Acceleracers And Highway 35 Recor Lot,15,2025-06-03,,,WorthPoint
iridium,NWT TruVintage Clubman/Soho Fashion W/Iridium Mirror TruBlue Blocker Sunglasses,34.99,2025-06-03,,,WorthPoint
iridium,"""5 3/8"""" Parker Sterling Silver Cap - Black Barrel - 14k Nib - Date Code .3""",135,2025-06-03,,,WorthPoint
iridium,UF592 Ignition Coil & 12120032137 Double Iridium Spark Plug For BMW 128i 325Ci,171.17,2025-06-03,,,WorthPoint
iridium,Les Paul Signed Les Paul Pickguard Perfect Signature,499,2025-06-03,,,WorthPoint
iridium,Reform Vintage Cartridge Fill Pen- L980's-West Germany-Lot Of 10 With Tray,10,2025-06-03,,,WorthPoint
iridium,Parker 51S. Jackknife Safety Fountain Pen,180,2025-06-03,,,WorthPoint
iridium,6 X NGK Ruthenium HX LTR6BHX Performance Upgrade For OEM Spark Plugs Iridium+,35,2025-06-02,,,WorthPoint
iridium,Kershaw Iridium DuraLock 2038BLK Black Aluminum D2 Steel Pocket Knife,39,2025-06-02,,,WorthPoint
iridium,"Angel Aura Amethyst Quartz Crystal Cluster Natural Crystal Gift Collection, 160g",17.6,2025-06-02,160,0.11,WorthPoint
iridium,Iridosmine Micro Crescent City Del Norte Co CALIFORNIA USA Iridium & Osmium,88,2025-06-02,,,WorthPoint
iridium,Leboeuf # 4 Fountain Pen 14KT Nib ~ Some Flex ~ Good Iridium ~ Fine ~ Some Flaws,72.28,2025-06-02,,,WorthPoint
iridium,Esterbrook's J Model Pearl Gray Fountain Pen Restored,43,2025-06-02,,,WorthPoint
iridium,AGOUDAL Iron Meteorite IMILCHIL Individual Specimen Natural Patina MOROCCO,6.99,2025-06-02,,,WorthPoint
iridium,Sikhote Alin METEORITE 77.56 Grams,85,2025-06-02,77.56,1.1,WorthPoint
iridium,RETRO 51 Tornado Acrylic Pink ARF-1643 Fountain Pen In Original Box *New Old?,81,2025-06-02,,,WorthPoint
iridium,Knife Lot 4 Folding Knives EDC Outdoors,124.5,2025-06-01,,,WorthPoint
iridium,Dikawen 891 Luxury Metal Fountain Pen W/ Fine Iridium Nib & Premium Ink,14.2,2025-06-01,,,WorthPoint
iridium,Hot Wheels Acceleracers Iridium McDonald‚Äôs Toy Loose 2005 Lot Of 3,15,2025-05-31,,,WorthPoint
iridium,Dynamite DYN2494 Monster Truck Standard Glow Plug .18 -.46 Low Nitro,7.49,2025-05-31,,,WorthPoint
iridium,Serviced NATURAL BONE Fountain Pen‚Ä¢Piston Converter‚Ä¢Bone‚Ä¢GT‚Ä¢IRIDIUM M Nib,36,2025-05-31,,,WorthPoint
iridium,NEW! Kershaw 2038 Iridium DuraLock Spear Point Blade EDC Folding Pocket Knife,65,2025-05-31,,,WorthPoint
iridium,Iridium Scrap Nugget 1 Gram 99% Pure - USA Shipping,185,2025-05-31,1,185,WorthPoint
iridium,Diamonds & Platinum 10% Iridium Ladies Watch Case Scrap 3.92 Grams,123.5,2025-05-31,3.92,31.51,WorthPoint
iridium,Elegant 3-Piece Wooden Pen Set With Gift Box - Perfect For Professionals,43.99,2025-05-31,,,WorthPoint
iridium,Vintage Esterbrook Fountain Pen Master Nib Only- 9550 - EX FINE Nib + Nib Chart,17.99,2025-05-30,,,WorthPoint
iridium,RARE NIB! Sheaffer Balance II BROAD Nib Unit,129,2025-05-30,,,WorthPoint
iridium,"Silver Jinhao Elite X159 Wide Body Steel Fountain Pen, Medium Nib, Diamine Ink",10.2,2025-05-30,,,WorthPoint
iridium,Custom Color Carbon Losi Mini JRX2 Purple Carbon Fiber Shock Towers,12.99,2025-05-30,,,WorthPoint
iridium,Blue 138mm Wing Sung 601 Steel Cap Vacumatic Fountain Pen F Nib 0.5mm Ink Pen B,21.99,2025-05-30,,,WorthPoint
iridium,Antique Morrison Lever Fill 14k NIB Fountain Pen,100,2025-05-30,,,WorthPoint
iridium,MADE IN U.S.A. EAGLE VINTAGE FOUNTAIN PEN Rare BLUE Iridium Tipped NIB Beautiful,32.5,2025-05-29,,,WorthPoint
iridium,6 Pc NGK Laser Iridium Spark Plugs Compatible With Toyota Tacoma 4.0L V6 2005...,95.07,2025-05-29,,,WorthPoint
iridium,PARKER 1947-1949 VS FOUNTAIN PEN Original Sticker 10.00 - 14K GOLD FILLED CAP !!,95,2025-05-29,,,WorthPoint
iridium,"Striking PYRRHOTITE, PENTLANDITE & QUARTZ--Falconbridge Mine, Ontario--4+ Lbs!",125,2025-05-29,,,WorthPoint
iridium,Colibri Disney Mickey Mouse Fountain Pen üñã Black/Gold Medium Point,74.54,2025-05-29,,,WorthPoint
iridium,Feather Quill Pen Retro Feather Pen Premium Metal Nibbed Pen Writing Quill Fit F,19.59,2025-05-28,,,WorthPoint
iridium,"Mercedes-AMG GT S 1:18 Scale Model Car, Iridium Silver Magno",37.5,2025-05-28,,,WorthPoint
iridium,Beautiful Vintage EPENCO Fountain Pen With Iridium Nib,27,2025-05-28,,,WorthPoint
iridium,Hongdian Dark Blue Forest Fountain Pen Extra Fine Nib 0.38Mm,9.95,2025-05-28,,,WorthPoint
iridium,Vintage SEALED 1 Qt. DX Boron Ultra Special 10W-30 Motor Oil Composit,30,2025-05-28,,,WorthPoint
iridium,Iridium Powder -325 Mesh Engelhard 10 Grams,950,2025-05-28,10,95,WorthPoint
iridium,Vintage NASSAU PEN - GREAT COLORS - STRIKING BLACK And PEARL,30,2025-05-28,,,WorthPoint
iridium,"50 Gm Muonionalusta Meteorite Slab Sweden, Iron Nickel Ring ETCHED STAND",152.95,2025-05-28,50,3.06,WorthPoint
iridium,Vintage Moore Iridium Tip Duo Tip Fountain Pen,75,2025-05-28,,,WorthPoint
iridium,Ignition Coil UF400 And Spark Plugs ZFR6FGP Compatible With Honda Civic Pilot...,97.68,2025-05-28,,,WorthPoint
iridium,Kershaw IRIDIUM 2038 + QSP KNIFE CANARY Olive Green G-10,48,2025-05-28,,,WorthPoint
iridium,"Iridium XP Automotive Replacement Spark Plugs, XP5325 (Pack Of 4)",38.14,2025-05-27,,,WorthPoint
iridium,ProTek RC #PTK-2552: Turbo Plug Medium T5 Platinum/Iridium; NISP,8.49,2025-05-27,,,WorthPoint
iridium,Acceleracers Hot Wheels 5 Cars (Good To Mint) Read Description,100,2025-05-27,,,WorthPoint
iridium,Hot Wheels Acceleracers Silencerz Iridium CM5,22.5,2025-05-27,,,WorthPoint
iridium,"41 Gm Muonionalusta Meteorite End Piece Sweden, Iron Nickel Ring ETCHED STAND",116.96,2025-05-27,41,2.85,WorthPoint
iridium,2.71 Grams SIKHOTE ALIN Iron METEORITE Shrapnel HISTORIC Fall Of 1947 Russia!,7.99,2025-05-27,2.71,2.95,WorthPoint
iridium,Terzetti Crown DK GREY Metal Fountain Pen Iridium M Nib+Converter/Gift Box+Pouch,9.95,2025-05-27,,,WorthPoint
iridium,Kershaw Knives Iridium 2038BLK Black Aluminum Black PVD D2 Steel Pocket Knife,47.99,2025-05-26,,,WorthPoint
iridium,Brian Kinwald 93 Worlds RC10 Iridium Carbon Fiber Rear Shock Tower Replica,18.99,2025-05-26,,,WorthPoint
iridium,Jade Enamel Fountain Pen W/ German Iridium Nib,44.95,2025-05-26,,,WorthPoint
iridium,Antique Fountain Pen Iridium Nib Usa Medium Dip Pen,11.99,2025-05-26,,,WorthPoint
iridium,ORIGINAL Aireon -Iridium NEXT 2 - SPACEX FALCON 9 Launch SATELLITE Mission PATCH,14.95,2025-05-26,,,WorthPoint
iridium,ORIGINAL Aireon -Iridium NEXT 3 - SPACEX FALCON 9 Launch SATELLITE Mission PATCH,14.95,2025-05-26,,,WorthPoint
iridium,ORIGINAL Aireon -Iridium NEXT 5- SPACEX FALCON 9 Launch SATELLITE Mission PATCH,14.95,2025-05-26,,,WorthPoint
iridium,ORIGINAL Aireon -Iridium NEXT 1 - SPACEX FALCON 9 Launch SATELLITE Mission PATCH,12.95,2025-05-26,,,WorthPoint
iridium,ORIGINAL Aireon -Iridium NEXT 4 - SPACEX FALCON 9 Launch SATELLITE Mission PATCH,14.95,2025-05-26,,,WorthPoint
iridium,Iridium Metal Sample--99.9% Pure .05 Gram Mini-cylinder,25,2025-05-26,5,5,WorthPoint
iridium,Bombay 1999 Brocade Silver Fountain Pen Iridium Tip Germany Mont Blanc,27.62,2025-05-26,,,WorthPoint
iridium,IRIDIUM POINT Germany Wood Size 5 Gold Nib Fountain Pen W/ OMP Box,17.5,2025-05-25,5,3.5,WorthPoint
iridium,Meteorite Pendant Laser Cut Muonionalusta Meteorite & 20 Inch Silver Chain,34.99,2025-05-25,,,WorthPoint
iridium,"Vintage Handcrafted, Beautiful Wood Fountain Pen",15.5,2025-05-25,,,WorthPoint
iridium,Vtg Colibri Fountain Pen Nib Gold Plated Iridium Point #4 Medium Germany New,9.97,2025-05-25,,,WorthPoint
iridium,Montegrappa Piacere Colbalt Blue Ballpoint Pen Ispyrbbd And Pouch (no Papers),150,2025-05-25,,,WorthPoint
iridium,RED MARBLED WAHL-OXFORD Fountain Pen - No 2 WAHL OXFORD 14K NIB,64.95,2025-05-25,,,WorthPoint
iridium,PGA Tour Fountain Pen M Iridium Point Germany Unused? Watermen? With Box Vintage,10.5,2025-05-25,,,WorthPoint
iridium,Montegrappa Piacere Colbalt Blue Ballpoint Pen Ispyrrbd W/ Box And Papers,165,2025-05-24,,,WorthPoint
iridium,Vintage Moore Black & Gold With Gold Trim Fountain Pen Iridium Duo Tip Nib,59,2025-05-24,,,WorthPoint
iridium,Iridium Challenge Coin,19.95,2025-05-24,,,WorthPoint
iridium,Iridium Next Launch Challenge Coin,19.99,2025-05-24,,,WorthPoint
iridium,1996 Pelikan M816 Golf Limited Ed 18k Medium Nib Fountain Pen W/box Never Inked,975,2025-05-24,816,1.19,WorthPoint
iridium,Hongdian 920S Fountain Pen Brown Metal Pen Iridium M Nib Classic Pen With Ink...,20.42,2025-05-23,,,WorthPoint
iridium,"""1942 Sheaffer 1250 Green Stripe 5"""" FOUNTAIN PEN - CONICAL 14K NIB -WIDE GF BAND""",49.99,2025-05-23,1250,0.04,WorthPoint
iridium,"Asvine P20 Piston Fountain Pen Galaxy Blue Resin, Iridium Extra Fine Nib Gold",22,2025-05-23,,,WorthPoint
iridium,Scarce EVERSHARY SKYLINE - SILVER GRAY MOIRE - 14K MANIFOLD EVERSHARP NIB,149,2025-05-23,,,WorthPoint
iridium,"McDonalds Happy Meal Toys, SEALED, Individually Priced",1,2025-05-23,,,WorthPoint
iridium,Handcrafted Deluxe Wood Fountain Pen. Bocote Wood Fountain Pen.,44.99,2025-05-23,,,WorthPoint
iridium,"Colibri Mickey Mouse Fountain, Ball Point Pens, Pencils & Letter Opener Lot",75,2025-05-22,,,WorthPoint
iridium,"""Custom Turned Exquisite Lapis Blue """"Tycoon"""" Fountain Pen In 24kt Gold Trim""",99.5,2025-05-22,,,WorthPoint
iridium,Breyer Iridium 2024 Elements Series *NIB* Classics Size Harper Mold #10072,20,2025-05-22,,,WorthPoint
iridium,"""Waterman's Fountain Pen; """"Stalwart?""""; Lever Filler; 14 K """"Canada"""" Nib; Bronze""",19.5,2025-05-22,,,WorthPoint
iridium,Collectable Fountain Pen Lot Vintage,110.5,2025-05-21,,,WorthPoint
iridium,Vintage WATERMAN'S 0552 PANSY PANEL GF OVERLAY FOUNTAIN PEN ( 14K FLEX NIB),379,2025-05-21,,,WorthPoint
iridium,"Marquise Brilliant Diamond Engagement Ring Set, GIA 5.49ct G Color",26250,2025-05-21,1.098,23907.1,WorthPoint
iridium,Morriset Dip Pen Nibs Points Iridium Fine Medium New Old Stock NOS Set Of 6,24.99,2025-05-21,,,WorthPoint
iridium,Autolite Iridium XP 4 Pack Spark Plugs For Optimal Performance And Efficiency,30.09,2025-05-21,,,WorthPoint
iridium,Hot Wheels Acceleracers IRIDIUM Chrome Silencerz 2005,18,2025-05-21,,,WorthPoint
iridium,NEW Kershaw Iridium Folding Pocket Knife 2038,49.95,2025-05-21,,,WorthPoint
iridium,Wooden Fountain Tip Writing Pens Iridium Point Germany Lot Of Two,29.95,2025-05-21,,,WorthPoint
iridium,Antique 1800s Leroy W. Fairchild 14kt Gold #3 Dip Pen W/ Mother Of Pearl Handle,159,2025-05-21,,,WorthPoint
iridium,Vtg Wearever Fountain Pen Pearl Striated Iridium Nib Button Vac Fill NO END CAP,14.97,2025-05-21,,,WorthPoint
iridium,"""Vtg Swan Red Pearly Mottled Fountain Pen 5""""""",49,2025-05-20,,,WorthPoint
iridium,Oakley Sapphire Iridium Sunglasses (S4),85.12,2025-05-20,,,WorthPoint
iridium,Parker 45 Fountain Pen Nib Lot Octanium 1960s 10 Total USA J657,45,2025-05-20,,,WorthPoint
iridium,Hot Wheels AcceleRacers 2004 Iridium 4 Of 9,65.7,2025-05-20,,,WorthPoint
iridium,"Iridium Germany, Sheaffer Nib Parts Lot",50,2025-05-20,,,WorthPoint
iridium,BLAST SHIELD BATMAN Dark Knight 1991 Deluxe Edition MINT SEALED (Kenner Employee,39.95,2025-05-20,,,WorthPoint
iridium,4PCS Ignition Coil For Nissan Sentra 2002 2003 2004 2005 2006 1.8L L4 UF351,42.99,2025-05-20,,,WorthPoint
iridium,Jinhao X450 Black/White Lines Fountain Pens 0.7mm Broad Nib Golden Trim No Box,5,2025-05-20,,,WorthPoint
iridium,Garfield * Replicant Cube Prototype 3/5 ‚Äì Bobiverse We Are Bob We Are Legion,25,2025-05-20,,,WorthPoint
iridium,"100 Gm Muonionalusta Meteorite Slab Sweden, Iron Nickel Ring ETCHED STAND",269.95,2025-05-20,100,2.7,WorthPoint
iridium,Black And Gold Fountain Pen--Great Wall Of China -fine Point--working,5.99,2025-05-19,,,WorthPoint
iridium,Vintage Eagle Black & Wine Patterned Fountain Pen,18,2025-05-19,,,WorthPoint
iridium,"158 Gm Muonionalusta Etched Meteorite Triple Cut Sweden, .3 Lb Iron Nickel",359.96,2025-05-19,158,2.28,WorthPoint
iridium,Authentic Iridium-5 - SPACEX FALCON 9 F-9 VAFB Launch SATELLITE Mission PATCH,6.95,2025-05-19,,,WorthPoint
iridium,Authentic Iridium-4 - SPACEX FALCON 9 F-9 VAFB Launch SATELLITE Mission PATCH,7.95,2025-05-19,,,WorthPoint
iridium,Authentic Iridium-2 - SPACEX FALCON 9 F-9 VAFB Launch SATELLITE Mission PATCH,8.95,2025-05-19,,,WorthPoint
iridium,2.04 Grams SIKHOTE ALIN Iron METEORITE Shrapnel HISTORIC Fall Of 1947 Russia!,5.99,2025-05-19,2.04,2.94,WorthPoint
iridium,"""RETRO 51 Tornado Noodler's Dragon Swirl Fountain Pen In Original Box New """"M"""" Nib""",150,2025-05-19,,,WorthPoint
iridium,Vintage Oakley Minute 1.0 Black W/ Gray Iridium Lens 2nd Gen W/Case (233),125.99,2025-05-19,,,WorthPoint
iridium,Sikhote Alin METEORITE 106 Grams,120,2025-05-19,106,1.13,WorthPoint
iridium,Franklin Mint Egyptian Sphinx Blue/Gold Fountain Pen - Iridium Tip - Germany,26,2025-05-18,,,WorthPoint
iridium,ALMOST REAL 2016 Mercedes Maybach S Class Diamond White 1:18*Brand New! *NICE!,119.7,2025-05-18,,,WorthPoint
iridium,"""Kershaw Iridium Folding Knife 3.5"""" D2 Tool Steel Blade Aluminum Handle Used""",35,2025-05-18,,,WorthPoint
iridium,NEW 2024 Sailor 1911-L TRINITY Black Ion Trim 21K Nib Fountain Pen No Reserve,152,2025-05-18,,,WorthPoint
iridium,"Vintage Lot Of Fountain, Pens & Pencils, Sheaffer, Parker, Cross - Repair/Parts",26,2025-05-18,,,WorthPoint
iridium,LRP35061 LRP Platinum/Iridium Standard Glow Plug (R6 - Cold),12.49,2025-05-18,,,WorthPoint
iridium,Morrison Cameo Top Fountain Pen - Army Green,55.55,2025-05-17,,,WorthPoint
iridium,Kershaw Iridium - Black 2038BLK Folding Knife - D2 Steel NEW,56.99,2025-05-17,,,WorthPoint
iridium,Vintage Iridium Blue Quilted Cotton Long Vest M,75,2025-05-17,,,WorthPoint
iridium,Oakley X-Metal Mars Sunglasses With Black Iridium And Oakley Case,700,2025-05-17,,,WorthPoint
iridium,Kershaw 2051RBLK 2051 Mini Iridium Black Reverse Tanto Knife Duralock,64.95,2025-05-17,,,WorthPoint
iridium,"2024 Breyer Classics Freedom Series Elements Set Of 3 TEAK, IRIDIUM &TERRAN NIB!",44.99,2025-05-16,,,WorthPoint
iridium,Huashilai 3000 Luxury Metal Fountain Pen W/ Fine Iridium Nib & Diamine Ink,13.49,2025-05-16,,,WorthPoint
iridium,"Sikhote-Alin, Primorye, Russia Iron Nickel Meteorite Shrapnel 4.56 Grams",18.75,2025-05-16,4.56,4.11,WorthPoint
iridium,VTG 40's Eberhard Faber Permapoint Fountain Pen Silver Celluloid Accountant Nib,39.99,2025-05-16,,,WorthPoint
iridium,Parker Vacumatic Marbleized Desk Pen W/ Lock Down Filler - Parker Signed Base,79,2025-05-16,,,WorthPoint
iridium,Schmidt Iridium Fine Nib Replacement #5,19.95,2025-05-16,,,WorthPoint
iridium,"""Vtg Waterman 14k England Flex Nib 15 PSF W Old Clip Marriage 5 5/8"""" Unrestored""",63,2025-05-16,,,WorthPoint
iridium,Iridium Metal .9995 1 Ounce Bar Exotic Bullion Or Element Collection USA,4500,2025-05-16,,,WorthPoint
iridium,Kershaw Iridium And Civivi Sentinel Strike,70,2025-05-16,,,WorthPoint
iridium,Hot Wheels Acceleracers Iridium 2005 Silencerz Fleet Silver Purple,24.99,2025-05-16,,,WorthPoint
iridium,"216 Gm Muonionalusta Meteorite Slab Sweden, Iron Nickel Ring ETCHED",494.96,2025-05-15,216,2.29,WorthPoint
iridium,Parker Challenger - Marbled Silver & Grey - 14k Arrow Nib - A1 Condition,53,2025-05-15,,,WorthPoint
iridium,Moonman Resin Gold Schmidt Iridium Point Fountain Ink Pen,30,2025-05-15,,,WorthPoint
iridium,2016 Montegrappa Passione Zebra Celluloid & Sterling Fountain Pen Never Inked,725,2025-05-14,,,WorthPoint
iridium,"Metal Fountain Pen With 3 Different Nibs Set, Luxury Fountain Pen Black",12.59,2025-05-14,,,WorthPoint
iridium,Motorola Iridium 9500- Black Satellite Phone Working Condition W/Accessories!,200.95,2025-05-14,,,WorthPoint
iridium,Kaweco Sport Elite Royalty Fountain Pen,32,2025-05-14,,,WorthPoint
iridium,TM6 137g Scrap DOUBLE STOCK 14k 25y GOLD FILL WRIST POCKET WATCH CASE LOT Refine,515,2025-05-14,137,3.76,WorthPoint
iridium,"HERO FOUNTAIN PEN 329 NOS Green, Iridium Tip Nib",7.5,2025-05-14,,,WorthPoint
iridium,Iridium Chartreuse/yellow Size S Quilted Vest Great Condition,35,2025-05-13,,,WorthPoint
iridium,"503g Lot Scrap Gold CPU Processor Chipped Gold, Rhodium, Platinum Recovery!",19.99,2025-05-13,503,0.04,WorthPoint
iridium,Parker Demi Duofold Fountain Pen 1952 English Series Black - Fair Condition,23,2025-05-13,,,WorthPoint
iridium,Iridium Spark Plugs 41-110 And Spark Plug Wires 48322 Compatible With 5.3 6.0L 6,45.97,2025-05-13,,,WorthPoint
iridium,Monteverde Sonata Deep Blue Fountain Pen In Box,60,2025-05-13,,,WorthPoint
iridium,Hot Wheels Acceleracers Silencerz #4 Iridium VHTF,53.99,2025-05-12,,,WorthPoint
iridium,SpaceX Mission Patch Employee IRIDIUM-8-SPACEX FALCON-9 VAFB Launch SATELLITE,25,2025-05-12,,,WorthPoint
iridium,Vintage Luoshi 3108 Stainless Fountain Pen Nib 0.7mm For Writing Office Gift,9.99,2025-05-12,,,WorthPoint
iridium,"MONTBLANC 334¬Ω FOUNTAIN PEN C1930s -- EXCELLENT, WORKING",218,2025-05-12,,,WorthPoint
iridium,Brand New LeBOEUF INKOMATIC COLLECTION FOUNTAIN PEN In Parakeet Green M NIB,75,2025-05-12,,,WorthPoint
iridium,Brand New LeBOEUF INKOMATIC COLLECTION FOUNTAIN PEN In Candy Apple Red M NIB,75,2025-05-12,,,WorthPoint
iridium,Kaigelu 316 Celluloid Blue Fountain Pen,9.99,2025-05-11,,,WorthPoint
iridium,"MONTBLANC 3-42G FOUNTAIN PEN C1950s -- MEDIUM, FLEXIBLE NIB, WORKING",131,2025-05-11,42,3.12,WorthPoint
iridium,"Hot Wheels Acceleracers: Iridium - Excellent Condition, Very Rare Model",35,2025-05-11,,,WorthPoint
iridium,Vintage Fountain Pen Gold Colored Iridium Tip Nib,24.99,2025-05-11,,,WorthPoint
iridium,"""Kershaw Iridium Reverse Tanto, 3.45"""" Blade, Black""",49,2025-05-11,,,WorthPoint
iridium,Fire Red Jinhao Elite X159 Wide Body Fountain Pen With Ink & Fine Nib,12.74,2025-05-11,,,WorthPoint
iridium,One Ounce Iridium Metallium,4250,2025-05-11,,,WorthPoint
iridium,RR6: A+ 131g Scrap 3 20yr 1 Permanent 14k Gold Fill POCKET WATCH CASE LOT Refine,533,2025-05-11,131,4.07,WorthPoint
iridium,RU5: 140g Scrap 14k EXTRA HOWARD 30y 20y Gold Fill POCKET WATCH CASE LOT Refine,633,2025-05-11,140,4.52,WorthPoint
iridium,"Waterman Fountain Pen Parts/Projects, #7 Brown Keyhole Nib, Lot 5",400,2025-05-11,,,WorthPoint
iridium,12 Vintage SENGBUSCH NO.17 Fine GOLD PLATED Fountain Pen Points(Nibs)Iridium Tip,19.95,2025-05-11,,,WorthPoint
iridium,"Kershaw 2038BLK Iridium DuraLock KVT Pocket Knife, D2 PVD Spear Point Blade",39.99,2025-05-10,,,WorthPoint
iridium,Vintage Steve Morse Band Tour T-Shirt Signed By Steve Morse,49.99,2025-05-10,,,WorthPoint
iridium,Hongdian C1 Fountain Pen Extra Fine Nib Modern Red & Classic Retro Design Met...,15.13,2025-05-10,,,WorthPoint
iridium,Iridium Satellite Phone Model Number # 9505A With Accessories,270.99,2025-05-10,,,WorthPoint
iridium,Lipic Commemorative 1863 Fountain Pen,18.63,2025-05-09,,,WorthPoint
iridium,UF271 Ignition Coil Pack For Chevy Avalanche For GMC Savana Sierra 1500 2500 ...,238.59,2025-05-09,,,WorthPoint
iridium,OEM Performance Set Of 6 UF349 Ignition Coils & Double Iridium Spark Plug Fits,158.43,2025-05-09,,,WorthPoint
iridium,White Jinhao Elite X159 Wide Body Steel Fountain Pen ~ #6 Fine Nib & Prime Ink,12.74,2025-05-09,,,WorthPoint
iridium,FOUNTAIN PEN NIB (M) ASSEMBLY-Germany Iridium Nib-Model D,6.99,2025-05-09,,,WorthPoint
iridium,Genuine Iridium Black Plaid Fountain Pen,12,2025-05-09,,,WorthPoint
iridium,"RARE LOCALE Native Osmium Iridium Iridosmine Crystal Group YUBARI PLACERS, JAPAN",286,2025-05-09,,,WorthPoint
iridium,"New Upgrade Electric Lead Melting Pot, Metal Melting Pot For Fishing Weight A...",74.95,2025-05-09,,,WorthPoint
iridium,Stainless Steel Torx Screws For Kershaw 2038 Iridium DuraLock Knife Set Of 9pcs,15.99,2025-05-09,,,WorthPoint
iridium,TOAUTO Electric Lead Melting Pot 6Lbs High Capacity For Bullet & Weight Molds,35,2025-05-09,,,WorthPoint
iridium,Chilton Fountain Pen Nib ~ Scarce White 14K Gold ~ Nice ~,137.28,2025-05-09,,,WorthPoint
iridium,"ATTICA. Athens. Ca. 440-404 BC. AR Tetradrachm (25mm, 17.14 Gm, 9h). NGC XF 5/5 - 4/5, Brushed.",1320,2025-05-08,17.14,77.01,WorthPoint
iridium,Montefiore Black And Gold Fountain Pen Iridium Point Germany #4 Nib Excellent,25,2025-05-08,,,WorthPoint
iridium,Hongdian C1 Fountain Pen Extra Fine Nib Lemon Yellow & Classic Retro Design M...,19.2,2025-05-08,,,WorthPoint
iridium,Hongdian Dark Blue Forest Fountain Pen Fine Nib 0.5mm Beautiful Tree Texture ...,27.61,2025-05-08,,,WorthPoint
iridium,UF504 Ignition Coil Pack 56029129AA And Iridium Spark Plugs Set Of 8 Fit For ...,144.5,2025-05-08,,,WorthPoint
iridium,"* Parker Blue Diamond Striped Duofold Subdeb Vacumatic Blue/gray, 1940 4th Qtr",150,2025-05-08,,,WorthPoint
iridium,Platinum Ring With Diamonds,271.4,2025-05-08,,,WorthPoint
iridium,9.77 Grams SIKHOTE ALIN Russian Meteorite With A COA And Info Card,24.99,2025-05-07,9.77,2.56,WorthPoint
iridium,7.72 Grams Oriented SIKHOTE ALIN Russian Meteorite With COA And Info Card,68,2025-05-07,7.72,8.81,WorthPoint
iridium,"New & Vintage Collectible Fountain Pens: WATERMAN, PELIKAN, SHAEFFER, LEVENGER",80,2025-05-07,,,WorthPoint
iridium,Pier Cardin Fontain Pen. Iridium Point. Vintage,32,2025-05-07,,,WorthPoint
iridium,8.16 Grams Oriented SIKHOTE ALIN Russian Meteorite With COA And Info Card,17.99,2025-05-07,8.16,2.2,WorthPoint
iridium,Large Copper Pipe Set-up,9.2,2025-05-06,,,WorthPoint
iridium,Kershaw 2051R Mini Iridium Reverse Tanto Folder Brand New,51.99,2025-05-06,,,WorthPoint
iridium,"Lot Of 3 Vintage Fountain Pens. Waterman‚Äôs, Parker, Artus. Must See 4 Collectors",165,2025-05-06,,,WorthPoint
iridium,"Vtg Faber Medium Iridium Tipped Fountain Pen, Iridescent Pearl Art Deco Design",64.99,2025-05-06,,,WorthPoint
iridium,Laban Soprane Fountain Pen,70,2025-05-06,,,WorthPoint
iridium,Parker 45 -- 14K Nib Extra Fine (X) In Original Package 1960's,42,2025-05-06,,,WorthPoint
iridium,"Iridium, Entre La Tierra [USED CD]",12.99,2025-05-06,,,WorthPoint
iridium,Vintage Parker 51 Desk Fountain Pen & Base (14K GOLD NIB),27,2025-05-06,,,WorthPoint
iridium,Montegrappa Piacere Jet Black Rollerball Pen Ispyrrbc And Pouch (no Papers),150,2025-05-06,,,WorthPoint
iridium,Axial Nitro Standard Glow Plug Med #3 Losi OFNA Kyosho RC Cars Trucks AXI0073,39.99,2025-05-05,,,WorthPoint
iridium,MONTEVERDE BLACK TIE Deluxe Fountain Pen IRIDIUM POINT,59.99,2025-05-05,,,WorthPoint
iridium,Meteorite: Aletai Weight 2.053 !Gorgeous!!,45,2025-05-05,,,WorthPoint
iridium,Hot Wheels Acceleracers Generation 2 Silencerz Iridium 2005 Stripped Metal,120,2025-05-05,,,WorthPoint
iridium,New/Old Yunily Gray Lacquer Fountain Pen - Generous FINE German Nib. BEAUTY,17.99,2025-05-05,,,WorthPoint
iridium,Champagne Gold Jinhao Elite X159 Steel Fountain Pen W/ Fine Nib ~ink~ltd Edition,12.74,2025-05-05,,,WorthPoint
iridium,"""Vintage Engine Airplane Plane Glow Model Infant Supr Scru 5"""" Propellor K&B? Cox?""",61,2025-05-05,,,WorthPoint
iridium,CAMPO MARZIO ROMA Navy Blue Iridium Point Nib Fountain Pen W/ OMP Box,20,2025-05-05,,,WorthPoint
iridium,Pair Vintage Fountain Pen Set Iridium Point Germany Wood Look In Box Unbranded,34.99,2025-05-04,,,WorthPoint
iridium,2007 Platinum Maki-e FLOWERS Fountain Pen Artist Signed 14K XF Nib NO RESERVE,157.5,2025-05-04,,,WorthPoint
iridium,12K GOLD FILLED - PARKER 51 Set - 2nd Generation - GLOSSY BLACK,159,2025-05-04,,,WorthPoint
iridium,LeBoeuf Fountain Pen Pilgrim Bumble Bee Swirled M Steel Nib Oversized EXCELLENT,45,2025-05-04,,,WorthPoint
iridium,Kershaw 2051R Mini Iridium Reverse Tanto Folder,56,2025-05-04,,,WorthPoint
iridium,"OASO J60 Auto-inking Fountain Pen Set, Negative Pressure Self-inking Fountain...",38.13,2025-05-04,,,WorthPoint
iridium,Star Lot: A Nice Example Of A Mont Blanc Mesiterstuck Design...,189.18,2025-05-04,,,WorthPoint
iridium,Silver 140mm Jinhao 35 Steel Fountain Pen Iridium Extra Fine(EF)/0.38mm Pen Gift,10.99,2025-05-04,,,WorthPoint
iridium,AZURE BLUE PARKER VACUMATIC Fountain Pen - BLACK JEWEL - 14K ARROW NIB - NICE,98,2025-05-04,,,WorthPoint
iridium,Vintage Oakley M Frame Gen 1 Mumbo Sunglasses ‚Äì Purple / Iridium Lens ‚Äì Rare,150,2025-05-03,,,WorthPoint
iridium,1950s Tiffany & Co 2ctw Fine Diamond Iridium Platinum Vintage Heart Brooch Pin,1875,2025-05-03,0.4,4687.5,WorthPoint
iridium,VINTAGE Beautiful PARKER Golden Pearl VACUMATIC Fountain Pen - EXTRA NICE,82,2025-05-03,,,WorthPoint
iridium,Sensa Classic Navy Blue Fountain Pen With Plasmium Gel Grip NEW In Box,84.95,2025-05-03,,,WorthPoint
iridium,Select O Point Nib VTG 1940s Wahl Oxford Eversharp Green Marbled Fountain Pen,59.95,2025-05-03,,,WorthPoint
iridium,"Vintage 1999 Acme Leonardo Da Vinci Science Fountain Pen- Iridium Point, Germany",50,2025-05-03,,,WorthPoint
iridium,"""Vtg John Holland Fountain Pen W Original Nib 5"""" Unresoted No Chips Or Cracks""",33,2025-05-03,,,WorthPoint
iridium,"""Vtg Waterman Celluloid Fountain Pen W Waterman Flex Nib """"3V"""" 4 1/4"""" Unrestored""",50,2025-05-03,,,WorthPoint
iridium,"Hongdian N12 Piston Fountain Pen Extra Fine Soft Nib, Marble Purple Acrylic &...",40.92,2025-05-03,,,WorthPoint
iridium,3.91 Grams SIKHOTE ALIN Russian Meteorite With A COA And Info Card,9.5,2025-05-02,3.91,2.43,WorthPoint
iridium,LOT Of 4 VTG Fountain Cartridge Pens Sheaffer's 304 Parker UK Iridium Point GP,18.5,2025-05-02,,,WorthPoint
iridium,Herpa Mercedes Benz CLS Class Car Iridium Silver 1:87 Scale HO,8,2025-05-02,,,WorthPoint
iridium,C1945 Sheaffer Lifetime 1250 Jet Black Fountain Pen 14k Triumph Nib,175,2025-05-02,,,WorthPoint
iridium,"Handmade FANSTASTIC JOURNEY Handmade Fountain Pen, Gold/Silver/Copper Foil/Wood",60,2025-05-02,,,WorthPoint
iridium,Laban Platinum Plated Dot Pattern Signet Fountain Pen Med Nib & Leather Pouch,155,2025-05-02,,,WorthPoint
iridium,Silver Jinhao Elite X159 Steel Wide Body Fountain Pen W/ #6 Nib & Diamine Ink,14.99,2025-05-02,,,WorthPoint
iridium,UF582 Ignition Coil & 4504 Double Iridium Spark Plug For 2006-2011 Honda Civic,112.78,2025-05-02,,,WorthPoint
iridium,WASHINGTON REDSKINS NFL Authentic GAMEDAY Football Helmet W/ SHOC 2.0 Eye Shield,379.99,2025-05-01,,,WorthPoint
iridium,E Faber Permapoint Fountain Pen - Spiral Pattern - 1/2 Chrome Cap - Faber Nib,32.5,2025-05-01,,,WorthPoint
iridium,Bulova 100 Iridium 900 Platinum Diamond Women's Wind Watch Works 13.8 Grams,179.95,2025-05-01,13.8,13.04,WorthPoint
iridium,Kaweco Fountain Pen Replacement Nib 060 - Black Steel - Medium - NEW,46.95,2025-05-01,,,WorthPoint
iridium,"5 VINTAGE DIP PENS With 14K GOLD NIBS ( AIKEN LAMBERT, WNSOR & MASON, L JACKSON)",152.5,2025-05-01,,,WorthPoint
iridium,4-Pack NGK 6510 LTR7IX-11 Iridium IX Spark Plugs High Performance,47.4,2025-04-30,,,WorthPoint
iridium,Montegrappa Piacere Cyan Ballpoint Pen Ispyrbbb W/ Box And Papers,165,2025-04-30,,,WorthPoint
iridium,RARE SpaceX Serial Numbered IRIDIUM-6 GRACE-FO Patch Falcon 9 NASA New,50,2025-04-30,6,8.33,WorthPoint
iridium,6619 Iridium Spark Plugs LFR6AIX-11 - 6 PCSNEW,56.49,2025-04-30,,,WorthPoint
iridium,Royal Purple Elite X159 Wide Body Limited Edition Steel Fountain Pen & Fine Nib,10.81,2025-04-30,,,WorthPoint
iridium,Vtg Fountain Pen Lincoln W Overlay & Ring Top 14K Nib Unrestored Iridium Missing,42,2025-04-30,,,WorthPoint
iridium,Fountain Pen The Conway Stewart W Good Grip Clip & Paul W. Johnson Nib Unrestore,20.5,2025-04-30,,,WorthPoint
iridium,"""Fountain Pen / Writing Instrument - Iridium Point Germany ~5.5"""" Black Body""",59.96,2025-04-30,,,WorthPoint
iridium,LRP 32821 - Nitro Engine ZR.32 Spec.4 Pullstart,170,2025-04-30,,,WorthPoint
iridium,"""Conklin Fountain Pen; """"Chicago""""; Lever Filler; 14K """"Cushion"""" Nib; Green Striped""",38,2025-04-30,,,WorthPoint
iridium,"""Sheaffer's """"350"""" Fountain Pen & """"300"""" Mechanical Pencil; Original #3 Nib""",56,2025-04-30,,,WorthPoint
iridium,VINTAGE OAKLEY E WIRE 1ST GENERATION Gold Iridium SUNGLASSES MADE IN USA,93,2025-04-29,,,WorthPoint
iridium,"""KERSHAW IRIDIUM - CARBON FIBER - M390 - 3.4"""" - KAI Exclusive""",280,2025-04-29,,,WorthPoint
iridium,"Meteorite**Aletai, Iron (IIIE-AN)**10.325 Gram, Rare Colorful Etched Surface!!!",149.99,2025-04-29,10.325,14.53,WorthPoint
iridium,Vintage Belmont Fountain Pen Belmont Iridium Duo - Tip 14K Gold Plated Nib,15.75,2025-04-29,,,WorthPoint
iridium,Graf Von Faber-Castell Limited Edition Heritage Ottilie M Fountain Pen -Sterling,695,2025-04-29,,,WorthPoint
iridium,Kershaw Iridium Taschenmesser DuraLock Klappmesser EDC Folder Messer Ô∏è No Box,39.99,2025-04-29,,,WorthPoint
iridium,Vintage Fountain Pen Germany Austria Bone Or Antler Body Schmidt Iridium Nib,31,2025-04-29,,,WorthPoint
iridium,"""early PARKER No 2 FOUNTAIN PEN FLEXI MEDIUM - 2 JUMBO FAT 5"""" PENS - FOREIGN""",39.5,2025-04-28,,,WorthPoint
iridium,"""Vintage Esterbrook """"Dollar"""" Fountain Pen With 1555 Gregg Nib Missing Iridium Tip""",15.51,2025-04-28,1555,0.01,WorthPoint
iridium,Vintage Jordan 00 Oakley Blue Iridium Silver Frame,220,2025-04-28,,,WorthPoint
iridium,"Iridium Platinum Spark Plugs For Dodge & Chrysler Vehicles, Pack Of 6",33.06,2025-04-28,,,WorthPoint
iridium,Laban Limited Edition 78/100 2004 Bits Fountain Pen Iridium Nib,10.01,2025-04-28,,,WorthPoint
iridium,3 Spencerian Fountain Dip Pen Gold Gilt Dome Point Nibs No. 42 & 4 Iridium Fine+,17.99,2025-04-28,,,WorthPoint
iridium,(LOT OF 5) MIX Antennas Iridium Tactical Radio (SEE PICTURES FOR MODEL),124.99,2025-04-28,,,WorthPoint
iridium,Graf Von Faber-castell Heritage Alexander Limited Edition Fountain Pen -m,750,2025-04-28,,,WorthPoint
iridium,Serviced CLICK Fountain Pen‚Ä¢Piston Converter‚Ä¢Violet‚Ä¢IRIDIUM M Nib‚Ä¢FREE US Ship,15.5,2025-04-28,,,WorthPoint
iridium,Shaeffer 130-145mm Resin 14k 18K Iridium Steel Fountain Pens Lot Of 7 #M973-5,325,2025-04-28,,,WorthPoint
iridium,MINT 1994 Elysee Edition #2 Limited Edition 18K NIB Fountain Pen NO RESERVE,243.5,2025-04-28,,,WorthPoint
iridium,RARE C2005 ANCORA Vesuvio LE 15/88 Vermeil Trim 18K Nib Fountain Pen NO RESERVE,359,2025-04-28,,,WorthPoint
iridium,COLIBRI OF LONDON Taiwan Emerald Pearl & Gold Fountain Pen In OMP Box,10,2025-04-27,,,WorthPoint
iridium,Vintage WATERMAN 3V Fountain Pen - SILVER GREEN W/ RED VEINS - FLEXIBLE NIB,133,2025-04-27,,,WorthPoint
iridium,VTG IRIDIUM FOUNTAIN PEN OVERSIZED. 5 3/8 IN. 14k NIB.ORANGE W/ STEEL TRIM.(S323,59,2025-04-27,,,WorthPoint
iridium,8pc NGK Laser Iridium Spark Plugs For Tundra 4.6L/5.7L V8 2007-2020,108.54,2025-04-27,,,WorthPoint
iridium,"Gregg Rolie With Alan Haynes Live At The Iridium 2012 Sealed [CD, NEW]",48.74,2025-04-27,,,WorthPoint
iridium,"""SCALEXTRIC 6062 Ford Focus WRC #1 """"Snow Effect"""" Iridium Ben Sulayem-Morgan MB""",50,2025-04-26,,,WorthPoint
iridium,Black Nouveau Fine Quality Fountain Pen Pen 3277,6,2025-04-26,,,WorthPoint
iridium,Paul Sebastian German Iridium Point Fountain Pen Black Lacquer Barrel Chrome Cap,33,2025-04-26,,,WorthPoint
iridium,German Iridium Point Nib Fountain Pen,20,2025-04-26,,,WorthPoint
iridium,RED & BLACK PARKER DELUXE CHALLENGER - No Chips Or Cracks 14K PARKER PEN NIB,49.5,2025-04-26,,,WorthPoint
iridium,VINTAGE Oakley Square Wire 2.0 Silver Frame Silver Iridium Lens Sunglasses,44.99,2025-04-26,,,WorthPoint
iridium,TWSBI Eco Fountain Pen In Persian Green - Medium Point - NEW In Original Box,37.95,2025-04-26,,,WorthPoint
iridium,Sensa Fountain Pen Carbon Black Medium Pt New In Box Made In Usa,149.5,2025-04-26,,,WorthPoint
iridium,BDYBC-88R Red Bittydesign 1/8th Body Clips (8) Left And Right Side Specific ...,5.99,2025-04-26,,,WorthPoint
iridium,23 New W/Tube Vintage USA IRIDIUM TIPPED Fountain Pen Replacement Nib Unit F & M,34.99,2025-04-26,,,WorthPoint
iridium,Hot Wheels Acceleracers Silncerz Rare Car,20,2025-04-26,,,WorthPoint
iridium,"Meteorite**Seymchan, Pallasite**11.974 Grams, Gorgeous Olivine Crystals!!!",225,2025-04-26,11.974,18.79,WorthPoint
iridium,"""Meteorite Necklace Laser Cut Genuine Muonionalusta Meteor & 20"""" Sterling Chain""",29.99,2025-04-25,,,WorthPoint
iridium,Bittydesign 1/8 Body Clips (Black) [BDYBC-88BK],5.99,2025-04-25,,,WorthPoint
iridium,#131 Dark Gray Aluminum Kershaw 2038 Iridium D2 KVT Duralock Knife,58,2025-04-25,,,WorthPoint
iridium,Laban Galileo Fountain Pen Ivory NEW Medium Nib!,190,2025-04-25,,,WorthPoint
iridium,"""Vintage Giant Oversized - """"NEW FOUNTAIN PEN"""" - Black Fountain Pen""",11.5,2025-04-25,,,WorthPoint
iridium,"Unbranded Black/gold Iridium Tipped Usa Fountain Pen, Cartridge Type, Used",5.5,2025-04-25,,,WorthPoint
iridium,Tsunami Shield TSSHD6000 Spinning Reel,105.99,2025-04-25,,,WorthPoint
iridium,Platinum Palladium Rhodium Iridium Gold Silver Ore Came From A Geologist‚Äôs,7000,2025-04-25,,,WorthPoint
iridium,"Fountain Pen Set - Fine Nib, Refillable, 30 Ink Cartridges (15 Black & 15 Blu...",17.82,2025-04-25,,,WorthPoint
iridium,"""Kershaw Iridium Black / 3.5"""" D2 Black, Black Aluminum, DuraLock ‚Ä¢ BARELY USED""",45,2025-04-25,,,WorthPoint
iridium,2019 SpaceX Falcon-9 Launch IRIDIUM-8 Comm Sat Vandenberg AFB 11 January,5,2025-04-24,,,WorthPoint
iridium,TERZETTI Expert Metal Chrome /GT Trim Fountain Pen/ Rollerball Combo Dual Set,11.99,2025-04-24,,,WorthPoint
iridium,Vntg SHEAFFER Black/Pearl FOUNTAIN PEN - LIFETIME NIB - NO CHIPS OR CRACKS,65,2025-04-24,,,WorthPoint
iridium,"Jinhao X159 Fountain Pen, Gold Trim, #8 Nib, Burgundy Barrel",14.47,2025-04-24,,,WorthPoint
iridium,GT Spirit 2008 Mercedes Benz C63 AMG W204 Sedan Iridium Silver 1:18 GT462,155,2025-04-24,18,8.61,WorthPoint
iridium,2.48 Grams SIKHOTE ALIN Iron METEORITE Shrapnel HISTORIC Fall Of 1947 Russia!,5.99,2025-04-23,2.48,2.42,WorthPoint
iridium,P20 Amber Fountain Pen Piston Filling Gold Plated Fine Point Smooth Writer Wi...,44.7,2025-04-23,,,WorthPoint
iridium,"""NEW Kershaw Iridium Dessert Warrior (2038DW) - Blade HQ Exclusive 3.50"""" D2 Steel""",149.95,2025-04-23,,,WorthPoint
iridium,"Kershaw 2038BLK Iridium DuraLock KVT Folding Knife, D2 Black PVD Blade #R28",34,2025-04-23,,,WorthPoint
iridium,"Hongdian N23 Blue Rabbit Fountain Pen, Long Blade Medium Nib Silver Trim, New Ye",46.99,2025-04-23,,,WorthPoint
iridium,Oakley Game Changer Women‚Äôs Glasses,40,2025-04-23,,,WorthPoint
iridium,"VTG SHEAFFER PEARL & BLACK BALANCE FOUNTAIN PEN PAT #D-78, 795, 1930s, 3-25 NIB",64.99,2025-04-23,,,WorthPoint
iridium,VINTAGE Oxblood EVERSHARP DORIC Fountain Pen - ADJUSTABLE 14K FLEXIBLE NIB,275,2025-04-23,,,WorthPoint
iridium,Vintage Bombay Silver Tone Brocade Fountain Pen,69.5,2025-04-23,,,WorthPoint
iridium,BOEING MOTOROLA IRIDIUM Mission MS-8 Satellite Sticker Decal (Delta II) 251D,7.95,2025-04-23,,,WorthPoint
iridium,Osmium 1/10 Ozt Bar (99.95% Pure),190,2025-04-23,283.5,0.67,WorthPoint
iridium,Kershaw Iridium DuraLock KVT Folding Knife 3.4 D2 Spear Point Blade 87171063973,65,2025-04-23,,,WorthPoint
iridium,Ronson Fountain Pen - Made In France,18.25,2025-04-22,,,WorthPoint
iridium,Team Associated RC10 Kinwald Edition Kit ASC6041,489.99,2025-04-22,,,WorthPoint
iridium,Solid Brass Lanbitou Pocket Fountain Pen With Fine Nib And Ink,11.85,2025-04-22,,,WorthPoint
iridium,Jin Hao Fountain Pen,5,2025-04-22,,,WorthPoint
iridium,"172 Gm Muonionalusta Meteorite Slab Sweden, Iron Nickel Ring ETCHED",386.96,2025-04-22,172,2.25,WorthPoint
iridium,"Morisset Dip Pen Lot: 9 Nibs, 2 Inkwells, Bottle Of Vintage Parker Quink",15,2025-04-22,,,WorthPoint
iridium,14K Gold Fountain Pen Smaller Warranted Nibs ~ U Get All 4 ~ 1 With Flex,100,2025-04-22,,,WorthPoint
iridium,"Lot Of 5 Hot Wheels Acceleracers Cars, Bassline, Iridium And 3 RD-04",33,2025-04-22,,,WorthPoint
iridium,HOT WHEELS Diecast Cars Loose 1:64 LOT Of 40 Different AE-86 Porsche Datsun Enzo,11.5,2025-04-21,,,WorthPoint
iridium,Set Of 4 (Blue) Ignition Coil Pack And Iridium Spark Plugs Compatible With Hyund,97.89,2025-04-21,,,WorthPoint
iridium,Senator Green & Black Piston-Filler W/Chrome Trim Fountain Pen - 1950s - Germany,53,2025-04-21,,,WorthPoint
iridium,LeBoeuf Springfield Monteverde Aldo Domani Fountain Rollerball 4 Pens Lot #M955,86,2025-04-21,,,WorthPoint
iridium,2000 Platinum Facetted 10 Side Chased Ebonite Limited ED Fountain Pen NO RESERVE,455,2025-04-21,,,WorthPoint
iridium,"""Kershaw Iridium DuraLock 2038 Gray Aluminum D2 Steel Pocket Knife """"Foster Arms""""""",44,2025-04-21,2038,0.02,WorthPoint
iridium,2009 Pilot Custom 823 Amber Vacuum-filler 14k #15 Med Nib Fountain Pen Near Mint,330,2025-04-21,,,WorthPoint
iridium,"2 CD's, Live At The Iridium NYC & Retro Rocket By Pat Travers Band,",15.38,2025-04-20,,,WorthPoint
iridium,Kershaw Mini Iridium 2051 - Ice Blue Anodized Aluminum - Stonewashed D2,50,2025-04-20,,,WorthPoint
iridium,Vintage Eversharp Oxford Green Marbled Fountain Pen - Iridium Tip,20.5,2025-04-20,,,WorthPoint
iridium,Kaweco Steel Sport Fountain Pen (10001399-1401),120,2025-04-20,,,WorthPoint
iridium,LOT OF 13 Vtg Ballpoint Pens/Fountain - Iridium Point Parker & More - FREE SHIP!,35.96,2025-04-20,,,WorthPoint
iridium,"99.9% Pure Iridium (Ir) 5g Metal Ingot. (Element #77) PGM Bullion, NO RESERVE!",150,2025-04-20,5,30,WorthPoint
iridium,LRP Nitro Engine ZR.32 Spec.4 Pullstart Nitro Engine [LRP32821],195.99,2025-04-20,,,WorthPoint
iridium,NIB Vtg Sengbusch Handi-pen Gold Plated Iridium Tip No 45 Extra Fine Nib 18 Blk,14.4,2025-04-19,,,WorthPoint
iridium,Bibliography Of The Metals Of The Platinum Group 1748- 1917 Bulletin 694,39.99,2025-04-19,,,WorthPoint
iridium,"A-Premium Iridium Platinum Spark Plugs Compatible With Honda CR-V, Civic, Accord",42.55,2025-04-19,,,WorthPoint
iridium,Silver Metallic Jinhao Elite X159 Steel Fountain Pen With 200 Page Journal,12.75,2025-04-19,,,WorthPoint
iridium,"Fountain Pen Lot Of 2 New In Box Parker, Webson Gill",24.95,2025-04-19,,,WorthPoint
iridium,Cocklin Glider Blue Fountain Pen Iridium Point M,15.99,2025-04-19,,,WorthPoint
iridium,Oakley Frogskins Polished Clear W Violet PRIZM Iridium Lens Sunglass 9013-H7,55,2025-04-19,,,WorthPoint
iridium,Custom Color Carbon Losi Mini JRXT Iridium Holographic Carbon Fiber Shock Towers,23.99,2025-04-19,,,WorthPoint
iridium,Laban Rosa Fountain Pen In Sky Blue - Fine Point - NEW In Box,111.95,2025-04-19,,,WorthPoint
iridium,Seymchan Meteorite Stardust Shavings / Crystals - 100% Pure & Natural,7,2025-04-19,,,WorthPoint
iridium,Vintage GRIESHABER #4 SIZE 14K GOLD DIP PEN And Original Case ( Semi-Flex),36,2025-04-19,,,WorthPoint
iridium,"Wingsung (Junlai) 630 Piston Fountain Pen, #8 Iridium Fine Nib Resin Writing Pen",29.99,2025-04-19,,,WorthPoint
iridium,Kershaw 2038RBLK 2038 Iridium Black Reverse Tanto Knife Duralock,63.69,2025-04-18,,,WorthPoint
iridium,Pathfinder Sienna Spark Plugs Pack Of 6 Double Iridium New In Box Free Shipping!,20.79,2025-04-18,,,WorthPoint
iridium,Chunky Iridium & Silver Pendant W/Iridescent Finish,18.45,2025-04-18,,,WorthPoint
iridium,NEW Dynamite Monster Truck Std Glow Plug .18 -.46 Low Nitro FREE US SHIP,11.49,2025-04-18,,,WorthPoint
iridium,Kershaw Knife Iridium DuraLock 2038 RMC Gray Aluminum D2 Steel Pocket Knives,39.99,2025-04-18,,,WorthPoint
iridium,"Les Paul Signed Iridium Fan Club Foldout Newsletter, February 28, 2000 !",149.99,2025-04-18,,,WorthPoint
iridium,2.87 Grams SIKHOTE ALIN Russian Meteorite With COA And Info Card,9.99,2025-04-17,2.87,3.48,WorthPoint
iridium,9.51 Grams SIKHOTE ALIN Russian Meteorite With COA And Info Card,25.99,2025-04-17,9.51,2.73,WorthPoint
iridium,13.9 Grams Oriented SIKHOTE ALIN Russian Meteorite With COA And Info Card,49.99,2025-04-17,13.9,3.6,WorthPoint
iridium,12.9 Grams SIKHOTE ALIN Russian Shrapnel Meteorite With A COA And Info Card,21.5,2025-04-17,12.9,1.67,WorthPoint
iridium,5.95 Grams SIKHOTE ALIN Russian Shrapnel Meteorite With A COA And Info Card,18.26,2025-04-17,5.95,3.07,WorthPoint
iridium,2.10 Grams SIKHOTE ALIN Russian Shrapnel Meteorite With A COA And Info Card,8.26,2025-04-17,2.1,3.93,WorthPoint
iridium,X260-15 Campo Del Cielo Meteorite 5 Gr Slice Pendant Widmanstatten Iron Nickel,25.99,2025-04-17,5,5.2,WorthPoint
iridium,"Kershaw Mini Iridium Reverse Tanto Folding Pocket Knife, 3 I",48.34,2025-04-17,,,WorthPoint
iridium,"Jinhao X159 Fountain Pen, Silver Trim, #8 Nib, Orange Barrel",14.47,2025-04-17,,,WorthPoint
iridium,"~1940 Morrison Fountain Pen, Chromium Plated Cap, 'EF' Iridium Tipped Nib, Nice",21.71,2025-04-17,,,WorthPoint
iridium,5 14K Gold Fountain Pen Nibs ~ Damage~ Most Usable ~ Leboeuf ~Big Watermans,179.99,2025-04-17,,,WorthPoint
iridium,Diamond Bands - One Is 10% Iridium Platinum,235.76,2025-04-17,,,WorthPoint
iridium,Jinhao 82 Transparent Blue Fountain Pen Fine Nib 0.5mm Elegant Design,16.38,2025-04-16,,,WorthPoint
iridium,Oakley Razor Blades Black Iridium,50,2025-04-16,,,WorthPoint
iridium,"""Meteorite Necklace Large Sliced Genuine Muonionalusta Meteor & 20"""" Silver Chain""",44.99,2025-04-16,,,WorthPoint
iridium,Genuine Meteorite And Display Cube 6.5 Gram Campo Del Cielo Meteorite And Magnet,29.99,2025-04-16,6.5,4.61,WorthPoint
iridium,Retro 51 Cherry Blossom Special Edition Fountain Pen Fahrney's By Retro 51,210,2025-04-16,,,WorthPoint
iridium,Black Gold Fountain Pen,20,2025-04-16,,,WorthPoint
iridium,Acceleracers Iridium / Jack Hammer/ Nitrium (No Cards),50,2025-04-16,,,WorthPoint
iridium,Mont Blanc Fountain Pen And Ball Point Pen Set In Original Carry Case,134.5,2025-04-15,,,WorthPoint
iridium,Hot Wheels Acceleracers Silencerz Iridium & Anthracite (Read Description),50,2025-04-15,,,WorthPoint
iridium,Vintage Dip Pen The Sengbusch Handi-Pen Hardened Iridium Tip Fine 17 Gold Plate,19.99,2025-04-15,17,1.18,WorthPoint
iridium,"IRIDIUM, RARE, Set Only, Mattel HPX2/Tyco 440x2 For AFX Auto World Aurora Track",56.95,2025-04-15,,,WorthPoint
iridium,Retro Taccia Fountain Pen Stained Glass Abalone Shell Iridium Point Germany,51,2025-04-15,,,WorthPoint
iridium,Iridium Tyco 440x2 NEVER RAN Perfect Condition One Year Set Only - Power Speed,59,2025-04-15,,,WorthPoint
iridium,9.75 Grams SIKHOTE ALIN Russian Shrapnel Meteorite With A COA And Info Card,17.99,2025-04-14,9.75,1.85,WorthPoint
iridium,8.09 Grams SIKHOTE ALIN Russian Shrapnel Meteorite With A COA And Info Card,14.99,2025-04-14,8.09,1.85,WorthPoint
iridium,4.27 Grams SIKHOTE ALIN Russian Shrapnel Meteorite With A COA And Info Card,8.5,2025-04-14,4.27,1.99,WorthPoint
iridium,Kershaw Knives Iridium DuraLock 203BLK Black Aluminum D2 Steel Pocket Knife,39,2025-04-14,,,WorthPoint
iridium,2006 Montblanc Virginia Woolf Le Writer's Series Fountain Pen Never Inked Mint,1150,2025-04-14,,,WorthPoint
iridium,"Black Jinhao Elite X159 Presidential Fountain Pen, W/ Fine Nib & Premium Ink",12.75,2025-04-14,,,WorthPoint
iridium,Double IRIDIUM OE FINE WIRE SPARK PLUG 6 Plugs A 4 Pack And 2 Singles,9.99,2025-04-14,,,WorthPoint
iridium,Stipula Gladiator Fountain In Hazelnut Celluloid L E W/ Iridium Stub Nib,535,2025-04-14,,,WorthPoint
iridium,1950s Parker Slimfold Fountain Pen Vintage Oblique 14K Nib Great Writer,119,2025-04-14,,,WorthPoint
iridium,"Vintage Lot Of Fountain Pens,Pencils, Ink Waterman, Cross, Montefiore, Shaffer",32,2025-04-14,,,WorthPoint
iridium,3.04 Grams SIKHOTE ALIN Russian Meteorite With COA And Info Card,9.99,2025-04-14,3.04,3.29,WorthPoint
iridium,Vintage Oversized Morrison Fountain Pen B19,69.95,2025-04-13,,,WorthPoint
iridium,RARE C2005 ANCORA Vesuvio LE 51/88 Sterling Trim 18K Nib Fountain Pen NO RESERVE,554,2025-04-13,,,WorthPoint
iridium,MINT 1994 Elysee Edition #1 Limited Edition 18K NIB Fountain Pen NO RESERVE,356,2025-04-13,,,WorthPoint
iridium,Black 138mm Wing Sung 601 Steel Cap Vacumatic Fountain Pen F Nib 0.5mm Ink Pen G,21,2025-04-13,,,WorthPoint
iridium,Jinhao True Blue Elite X159 Wide Body Steel Fountain Pen ~ #6 Fine Nib & Ink,9.75,2025-04-13,,,WorthPoint
iridium,"Parker Fountain Pen Parts - Vacumatic And 21/51 Nibs, Caps, Barrels, Sections",158,2025-04-13,,,WorthPoint
iridium,Sikhote Alin METEORITE 54.63 Grams,67,2025-04-13,54.63,1.23,WorthPoint
iridium,"Hongdian N23 Red Year Of The Rabbit Fountain Pen, Iridium Extra Fine Nib",25,2025-04-13,,,WorthPoint
iridium,"Mattel Iridium, Hot Wheels, And More Die-Cast Cars, Trucks Mixed Lot",14.99,2025-04-13,,,WorthPoint
iridium,Jacques Bernard Black Lacquer & Gold Fountain Pen & Rollerball Set - New In Box,20,2025-04-13,,,WorthPoint
iridium,Obsidian Black Yu Ping #388 Steel Fountain Pen W/hand Polished Iridium Nib,5.75,2025-04-13,,,WorthPoint
iridium,Vintage Iridium Point Fountain Pen Made In Germany,8,2025-04-13,,,WorthPoint
iridium,6.78 Grams SIKHOTE ALIN Russian Shrapnel Meteorite With A COA And Info Card,18.5,2025-04-12,6.78,2.73,WorthPoint
iridium,4.22 Grams SIKHOTE ALIN Russian Shrapnel Meteorite With A COA And Info Card,8.5,2025-04-12,4.22,2.01,WorthPoint
iridium,Brand New LeBOEUF DIAMOND COLLECTION Emerald Jade Green Fountain Pen F Or M,160,2025-04-12,,,WorthPoint
iridium,Vintage Tourneau MMXV Fountain Pen 18K Gold Plated Blue Marbled Iridium NIB,29.99,2025-04-12,,,WorthPoint
iridium,FOUNTAIN PEN NIB (M) ASSEMBLY-Germany Iridium Nib-Model B,6.99,2025-04-12,,,WorthPoint
iridium,"LOT OF 5 Folding Knives, Kershaw Iridium, 2 Civivi‚Äôs, Swiss Tech, Icon D2",150,2025-04-12,,,WorthPoint
iridium,TWSBI Eco-T Fountain Pen In Saffron - Broad Point - NEW In Original Box,37.95,2025-04-12,,,WorthPoint
iridium,"Xezo Architect Azure Blue Fine Fountain Pen, Platinum Plated. Handmade, LE",140,2025-04-12,,,WorthPoint
iridium,Genuine NGK Iridium IX Spark Plugs CR10EIX (Set Of 4)-NGK 4218 OEM Free Shipping,35.99,2025-04-12,,,WorthPoint
iridium,Sikhote Alin METEORITE 99.6 Grams,110,2025-04-12,99.6,1.1,WorthPoint
iridium,Kershaw Iridium Pocket Knife Dessert Warrior,61,2025-04-11,,,WorthPoint
iridium,13.7 Grams SIKHOTE ALIN Russian Shrapnel Meteorite With A COA And Info Card,24.99,2025-04-11,13.7,1.82,WorthPoint
iridium,OEM Performance Set Of 4 UF557 Ignition Coils And Double Iridium Spark Plug C,78.43,2025-04-11,,,WorthPoint
iridium,"Jinhao Fire Red Elite X159 Wide Body Steel Fountain Pen, #6 Fine Nib ~ Ink",8.65,2025-04-11,,,WorthPoint
iridium,"Yellow Jinhao Elite X159 Wide Body Steel Fountain Pen ~ #6 Fine Nib, Premium Ink",8.65,2025-04-11,,,WorthPoint
iridium,3/6X Glow Plug For HSP RC Engines Traxxas N3/N4 70117 3232X 1/10 T-Maxx 2.5/3.3,12.99,2025-04-11,,,WorthPoint
iridium,"RARE HISTORIC Native Osmium & Iridium Crystals URALS, RUSSIA - Ex. Fioravanti",455.89,2025-04-11,,,WorthPoint
iridium,Retro 51 Iridium Point Fountain Pen Silver Gold Trim,99,2025-04-10,,,WorthPoint
iridium,Launching Iridium Satellite By Lm-2c/sd 1998 China Space Cover,5,2025-04-10,,,WorthPoint
iridium,Colibri Fountain Pen Nib Gold Plated Iridium Medium Point,14,2025-04-10,,,WorthPoint
iridium,Iridium NEXT Launch 7 - SPACEX FALCON 9 SATELLITE 3.5‚Äù PATCH,10,2025-04-10,,,WorthPoint
iridium,9.36 Grams SIKHOTE ALIN Russian Shrapnel Meteorite With A COA And Info Card,20.99,2025-04-10,9.36,2.24,WorthPoint
iridium,Adam Link Robot - Eando Binder - 1968 Paperback Library - Jack Gaughan Cover,16,2025-04-10,,,WorthPoint
iridium,Lot Of 45 NOS BOSCH Platinum - Iridium Spark Plugs Miscellaneous,59.95,2025-04-09,,,WorthPoint
iridium,Iridium Spark Plugs APM Set Of 4 Ignition Coil Pack (2-pin) And,94.88,2025-04-09,,,WorthPoint
iridium,Laban Celebration - Fountain Pen - Deep Sea Blue - Medium Point NEW LRN-F688DBS,61,2025-04-09,,,WorthPoint
iridium,Vintage Mixed Lot Of Pen & Fountain Pens From Estate. Two With 14k Nibs,79,2025-04-09,,,WorthPoint
iridium,BENU 19.2.05.5.0.M FOXGLOVE Fountain Pen With Schmidt Iridium Point & Box,55,2025-04-09,,,WorthPoint
iridium,Extra Fine/Medium EF/M 0.38/0.7mm Nib Wing Sung 699 Acrylic Piston Fountain Pen,31.75,2025-04-09,,,WorthPoint
iridium,Custom 3d Printed Kershaw Iridium Knife Scales Stone Gray,14.44,2025-04-08,,,WorthPoint
iridium,Vintage Wing Sung 629 Acrylic Resin Fountain Pen EF/F Iridium Nib 0.38mm/0.5mm,31.78,2025-04-08,,,WorthPoint
iridium,Iridium Germany Fountain Pen + Ball Point Pen + Black Case + Manual,25,2025-04-08,,,WorthPoint
iridium,ELLIOT LANDES Penmakers Handmade Bocote Wood Fountain Pen Iridium Nib With Box,37.5,2025-04-08,,,WorthPoint
iridium,"Non-Cognitive Aspects Of The City - Art Ensemble Of Chicago (2CD, 2006, Pi)",16,2025-04-07,,,WorthPoint
iridium,Retro 1951 Double-Eight Black Glitter Octagonal Fountain Pen,300,2025-04-07,,,WorthPoint
iridium,Rare Ink Pen SAGER INKMAKER Fountain Pen WHITE 14k Nib Bakelite ?,75,2025-04-07,,,WorthPoint
iridium,Sailor Maki-e Kiss Of The Spider LE 5/20 Signed Nishihara Fountain Pen NoReserve,613,2025-04-07,,,WorthPoint
iridium,Kershaw Folding Knife Iridium Gray Aluminum Handle D2 Steel Blade (Open Box),49.49,2025-04-06,,,WorthPoint
iridium,"""Kershaw Iridium Folding Knife 3.4"""" D2 Tool Carbon Steel Blade Aluminum Handle""",60,2025-04-06,,,WorthPoint
iridium,RESERVED Krone Mount Everest Fountain Pen - Sir Edmund Hillary Limited To 1088,1400,2025-04-06,,,WorthPoint
iridium,Krone Mount Everest Fountain Pen - Sir Edmund Hillary - Limited To 1088 AMAZING!,1479.99,2025-04-06,,,WorthPoint
iridium,Vinny Appice/carmine Appice - Drum Wars Live! New Cd,22.47,2025-04-06,,,WorthPoint
iridium,"Rare Schneider Fountain Pen, ID, Black, Chrome, Yellow, 1 Ea (Lefty Nib!)169311",5,2025-04-06,,,WorthPoint
iridium,2 Vintage Parker Vacumatic Fountain Pen ( 1 Oversize Maxima),159,2025-04-06,,,WorthPoint
iridium,Levenger Vintage Sterling Silver Fountain Pen Iridium Point Med Nib,80,2025-04-06,,,WorthPoint
iridium,"4 Vintage Fountain Pens, 14K Nibs, One W Flexible Nib, For Parts/restoration",41,2025-04-05,,,WorthPoint
iridium,Vintage Traveler's Company Red Marbleized Celluloid Fountain Pen Iridium Tip Nib,11.35,2025-04-05,,,WorthPoint
iridium,Vintage Diamond Point Pen Co. Confetti Pattern Iridium Tipped Nib Fountain Pen,16.5,2025-04-05,,,WorthPoint
iridium,Hot Wheels Acceleracers SILENCERZ TECHNETIUM And Iridium,60,2025-04-05,,,WorthPoint
iridium,Parker Duofold Senior Red...Restored...Flex,230.5,2025-04-05,,,WorthPoint
iridium,Parker 1900 Jointless Red And Black Eyedropper Pen,161.5,2025-04-05,,,WorthPoint
iridium,"* Parker Jr Vacumatic Pen In Black, Gft, Nib Flaw",50,2025-04-05,,,WorthPoint
iridium,Esterbrook Fountain Pen Nib Only- 1550 Extra Fine Duracrome Series Excellent,9.99,2025-04-05,,,WorthPoint
iridium,NEW In Box Vintage Old Stock 4 SENGBUSCH Handi-pen No.99 Dip Pens #86 Med,11.99,2025-04-05,,,WorthPoint
iridium,"Classic Schneider Fountain Pen, The ID, Black And Chrome Design, 5 Pack",20,2025-04-04,,,WorthPoint
iridium,Oakley Minute 1.0 Code Blue/Blue Iridium Sunglasses 2 Gen W/Hard Case 90s,73,2025-04-04,2,36.5,WorthPoint
iridium,NWT Sniper Style Sports Wire Vintage 2k Sunglasses Polycarbonate Iridium Lens,29.99,2025-04-04,,,WorthPoint
iridium,12 Vintage SENGBUSCH NO.16 Fine GOLD PLATED Fountain Pen Points(Nibs)Iridium Tip,13.73,2025-04-04,,,WorthPoint
iridium,Warhammer 40k - Tau Crisis Suits - Magnetized - Starscythe & Fireknife,82.5,2025-04-04,,,WorthPoint
iridium,Motorola IRIDIUM World Personal Communications SATELLITE PHONE Promo COFFEE MUG,24.99,2025-04-03,,,WorthPoint
iridium,Nos Vintage Reform 1745 Piston Filler Fountain Pen Fine Nib Germany,20,2025-04-03,,,WorthPoint
iridium,Classic Yellow Maple Fountain Pen Iridium Point Made In Germany,28.8,2025-04-03,,,WorthPoint
iridium,Hermes Medium Refill For Nautilus Fountain Pen Iridium Point 18-carat Gold Nib,300,2025-04-03,,,WorthPoint
iridium,RARE! 'IRIDIUM BLACK' ANDARA CRYSTAL! 333g,88,2025-04-03,333,0.26,WorthPoint
iridium,Vintage Eagle Fountain Pen Dark Navy Blue Iridium Tip Unused,20,2025-04-03,,,WorthPoint
iridium,"Asvine P20 Piston Fountain Pen Galaxy Blue Resin, Iridium Nib Gold",19.99,2025-04-03,,,WorthPoint
iridium,"Kershaw Iridium 2038 D2 & SOG Terminus XR Cryo CPM S35VN Lot Of 2 PERFECT, MINT!",92.95,2025-04-03,,,WorthPoint
iridium,Kershaw Iridium Knife Model 2038x,45,2025-04-03,,,WorthPoint
iridium,Matched Pair Of NEW Boxed Lancaster Ink Pens Fountain & Ball Point Made In Italy,18,2025-04-03,,,WorthPoint
iridium,Vintage Rare Collectible Cimtrol Pcb Board Gold,47,2025-04-02,,,WorthPoint
iridium,Lot Of 2 Vintage Vibrant Green Fountain Pens Retro 14K Irr Tipped Nibs No Reserv,45,2025-04-02,,,WorthPoint
iridium,"""Rosetta Vulcan Fountain Pen, """"Stealth"""" Matte Black, Ruthenium Nib, Broad""",54.47,2025-04-02,,,WorthPoint
iridium,1930s GOLD BOND STONITE FOUNTAIN PEN - PEARL & BlACK - TRIPLE BANDS - 14K NIB,48,2025-04-02,,,WorthPoint
iridium,"Vintage Senator Merz And Krell Fountain Pen , Fine Iridium Point Nib , Germany",89,2025-04-02,,,WorthPoint
iridium,Iridium & Gold-$20k VALUE! Precious Metal -3rd Party Tested With XRF Technology,363,2025-04-02,,,WorthPoint
iridium,Warranted Red & Orange Urushi Eyedropper Fountain Pen Steel Extra-Fine Nib,95,2025-04-02,,,WorthPoint
iridium,Iridium 1 Gram Bar (99.95% Pure),390,2025-04-01,1,390,WorthPoint
iridium,3 X Oakley Original Michael Jordan Iridium And Air Poster,100,2025-04-01,,,WorthPoint
iridium,Handcrafted Brushed Satin & Resin Fountain Pen With German Iridium Fine Nib #201,19.95,2025-04-01,,,WorthPoint
iridium,Vintage Lot Of 5 Fountan Pens For Parts Or Repairs,12.5,2025-04-01,,,WorthPoint
iridium,"Lot, Fountain Pen, Ink - Pilot Metropolitan, Wordsworth & Black, X2 Noodlers Ink",35,2025-04-01,,,WorthPoint
iridium,Kershaw Iridium Reverse Tanto Pocket Knife 2038RX Black Handle Silver Blade,34.99,2025-04-01,,,WorthPoint
iridium,Hot Wheels Acceleracers Silencerz - Iridium 4 Of 9 - New In Box,49.99,2025-04-01,,,WorthPoint
iridium,Siskiyou San Diego Chargers NFL Wayfarer Sunglasses,19.97,2025-04-01,,,WorthPoint
iridium,Siskiyou Miami Dolphins NFL Beachfarer Sunglasses,19.97,2025-04-01,,,WorthPoint
iridium,Siskiyou Philadelphia Eagles NFL Beachfarer Sunglasses,19.97,2025-04-01,,,WorthPoint
iridium,Warranted Black & Red Urushi Eyedropper Fountain Pen Steel Extra-Fine Nib,95,2025-04-01,,,WorthPoint
iridium,Vintage Fountain Pen Iridium Point Yellow Limoncello Made In Germany,49.5,2025-04-01,,,WorthPoint
iridium,Kershaw Iridium Folding Knife NEW,40,2025-03-31,,,WorthPoint
iridium,Carrera Men Sunglasses 229/S Rectangle Blue/Blue Iridium Mirrored 59 16 145,39.99,2025-03-31,,,WorthPoint
iridium,5pcs 0.5mm Fountain Pen Nibs Medium Nib Iridium Writing Pen Tip Gold,11.71,2025-03-31,,,WorthPoint
iridium,Gorgeous Handmade Magnetic Hex Rollerball Pen In Walnut Burl And Swirled Resin,64.99,2025-03-31,,,WorthPoint
iridium,Wood & Gold Fountain Pen - Medium Nib - New In Box,20,2025-03-31,,,WorthPoint
iridium,Eclipse Vintage Black Flat Top Fountain Pen Working,60,2025-03-30,,,WorthPoint
iridium,24 Grams SIKHOTE ALIN Russian Meteorite With COA And Info Card,77.77,2025-03-30,24,3.24,WorthPoint
iridium,Parker Duofold Special Ed USS Sequoia Presidential Yacht Fountain Pen NO RESERVE,325.5,2025-03-30,,,WorthPoint
iridium,"""Kershaw Iridium DuraLock Knife Olive Aluminum Reverse Tanto (3.5"""" Blackwash D2)""",50,2025-03-30,,,WorthPoint
iridium,Lot Of 5 Nice Vintage Parker Pastel & Moire Fountain Pens + Bonus Moire Cap,199.99,2025-03-30,,,WorthPoint
iridium,"NEW Motorola Iridium 9505 MS1-20 Sat Phone | Original Box, Mobile Antenna, More!",399.99,2025-03-30,,,WorthPoint
iridium,1998 Star Trek The Experience Las Vegas Hilton Iridium Point Pen/Used Once,89.99,2025-03-30,,,WorthPoint
iridium,Antique -Color Feather Pen Quill Pen Dip Pen With Envelope Writing Paper Call...,26.01,2025-03-30,,,WorthPoint
iridium,"""Japanese Handmade Makie Fountain Pen """"Spring"""" W/ Kanazawa Gold Foil, New In Box""",94,2025-03-30,,,WorthPoint
iridium,Vintage Tiger Stadium Ballpark Stadium Seat Wooden Fountain Pen,9.99,2025-03-30,,,WorthPoint
iridium,Jinhao 9019 Fountain Pen Dadao Series Medium Nib 0.7mm Transparent Design,22.86,2025-03-30,,,WorthPoint
iridium,JINHAO 9019 Fountain Pen Transparent Light Blue 0.7mm Medium Nib With Converter,24.48,2025-03-29,,,WorthPoint
iridium,9.6ctw Old Euro Diamond Art Deco Or Late Victorian Antique Platinum Irid Circle Brooch Pin,6250,2025-03-29,1.92,3255.21,WorthPoint
iridium,"Kershaw Iridium, Topo Pattern, LNIB",147.5,2025-03-29,,,WorthPoint
iridium,2007 Krone Kronology Sterling & Ivory Enameled Limited Ed Fountain Pen Mint,1200,2025-03-29,,,WorthPoint
iridium,1980s Laban Sterling Silver Floral Overlay Fountain Pen,58,2025-03-29,,,WorthPoint
iridium,"Kershaw Mini Iridium Aluminum Folding Reverse Tanto Knife - Blackout, Rare",99,2025-03-29,,,WorthPoint
iridium,ALMOST REAL Mercedes AMG GTR GT R Iridium Silver 1:18*Brand New!*NICE!! RARE!!,175.56,2025-03-29,,,WorthPoint
iridium,Mercedes-AMG GT S / Iridium Silver / 1:18 Scale (Limited Edition),159,2025-03-29,,,WorthPoint
iridium,Kershaw Blade HQ Exclusive Dessert Warrior Iridium - Pink Aluminum - Blue D2,150,2025-03-29,,,WorthPoint
iridium,"Meteorite**Seymchan, Pallasite**6.194 Grams, Gorgeous Olivine Crystals!!!",78,2025-03-29,6.194,12.59,WorthPoint
iridium,Acme Frank Lloyd Wright Playhouse Fountain Pen Iridium Nib,72,2025-03-28,,,WorthPoint
iridium,"Warhammer 40k 40,000 T'au Empire Crisis Battlesuits 56-07 New Factory Sealed",71.4,2025-03-28,,,WorthPoint
iridium,Vintage 18K Rolled Gold Fountain Pen,80,2025-03-28,,,WorthPoint
iridium,Mini Folding Knife Hunting Survival Camping Unbox Keychain Stainless Steel Shark,9.56,2025-03-28,,,WorthPoint
iridium,MICHAEL JORDAN Oakley Original Poster Iridium And Air 27x40,50,2025-03-27,,,WorthPoint
iridium,IRIDIUM SATELLITE LLC GPS Navigator Shout TS X1A,70,2025-03-27,,,WorthPoint
iridium,New Blade HQ Exclusive KERSHAW IRIDIUM DW DESSERT WARRIOR KNIFE & KNIFE SHOP MAT,160,2025-03-27,,,WorthPoint
iridium,Geology Paleontology Eastern New Mexico Field Guide Triassic - Cretaceous Strata,17.5,2025-03-27,,,WorthPoint
iridium,Laban Celebration Fountain Pen Medium Nib (pen Only) - Black Pearl Lrn-f688bp,85,2025-03-27,,,WorthPoint
iridium,"""Sheaffer """"Balance II"""" Fountain Pen; 14K Gold, """"Lifetime"""" """"585"""" Nib; Solid Black""",86,2025-03-27,,,WorthPoint
iridium,"""Parker """"Blue Diamond"""" Vacumatic Fountain Pen; Black & Grey; Date-Stamped """".6.""""""",50,2025-03-27,,,WorthPoint
iridium,"Leboeuf # 4 Fountain Pen 14KT Nib ~ Some Flex ~ Usable, Not Perfect ~ See Pics",77.28,2025-03-27,,,WorthPoint
iridium,Lamy Safari Fountain Pen In Cherry Blossom - Medium - NEW In Box,36.55,2025-03-27,,,WorthPoint
iridium,Laban Platinum Plated Barleycorn Pattern Signet Fountain Pen & Leather Pouch,155,2025-03-26,,,WorthPoint
iridium,ACDelco Iridium Spark Plug For Chevy Buick GMC Cadillac Excellent Performance,10.89,2025-03-26,,,WorthPoint
iridium,NEW Kershaw Iridium DuraLock Dessert Warrior Donut Pattern W/ DW Dice Bead,159.95,2025-03-26,,,WorthPoint
iridium,"""Kershaw Mini Iridium Folding Knife 3"""" D2 Tool Steel Spear Point Blade Aluminum""",55,2025-03-26,,,WorthPoint
iridium,Sheaffer's Crest De Luxe Tuckaway Fountain Pen And Mechanical Pencil Set,34.95,2025-03-26,,,WorthPoint
iridium,"Grifos Fountain Pen, Brown Multi, Gold Trim, Iridium M Nib",42,2025-03-26,,,WorthPoint
iridium,2005 Namiki Yukari Maki-e Apricot Tree & Brush Warbler 18k B Nib Fountain Pen,1750,2025-03-26,,,WorthPoint
iridium,Asvine P20 Piston Fountain Pen Iridium Fine Nib,19.95,2025-03-26,,,WorthPoint
iridium,"Glow Plug Assortment Of 9 Pieces, HPI, Duratrax, O.S., R/C Parts, New In Package",49.95,2025-03-26,,,WorthPoint
iridium,Norev 1/18 Mercedes-Benz S-Class Coupe Iridium Silver Metallic B6 696 1242,200,2025-03-25,,,WorthPoint
iridium,GOLD MOIRE Vintage SHEAFFER DESK PEN - GOLD MOIRE CONE - LENOX GLASS BASE,89.5,2025-03-25,,,WorthPoint
iridium,Bittydesign 1/8 Body Clips (Orange) [BDYBC-88O],5.99,2025-03-25,,,WorthPoint
iridium,Vintage PARKER 14K GOLD LUCKY CURVE NIB And SECTION,42.5,2025-03-25,,,WorthPoint
iridium,Folk Art Hand Made Spark Plug Cannon With Cannon Balls,15,2025-03-25,,,WorthPoint
iridium,"Stipula Etruria Gorilla Black Fountain Pen, Medium Nib, New In Box, $250",150,2025-03-25,,,WorthPoint
iridium,Esterbrook New/box Fountain Pen Nib Only- 1554 Firm Fine + Nib Chart. Excellent!,16.99,2025-03-25,,,WorthPoint
iridium,Wearever Burgundy W/Gold Cap Lever-Filler Fountain Pen - Fine Nib - 1940's - USA,22,2025-03-25,,,WorthPoint
iridium,Laban Antique II Fountain Pen In Yellow With Lines - Fine Point - NEW In Box,95.95,2025-03-25,,,WorthPoint
iridium,Kershaw Knife Iridium DuraLock 2038 KVT Gray Aluminum D2 + Kershaw Endgame,55,2025-03-24,,,WorthPoint
iridium,"""morgan Cracked Ice Fountain Pen - 5"""" Capped - Gf Trim - Pretty""",28.5,2025-03-24,,,WorthPoint
iridium,Iridium Oneweb Authentic Spacex Space-x Employee Patch,39.99,2025-03-24,,,WorthPoint
iridium,Sheaffer Fountain Pen Nib Only- Medium - For School Pen,50,2025-03-24,,,WorthPoint
iridium,T'Au Empire: XV8 Crisis Battlesuits,71.4,2025-03-24,,,WorthPoint
iridium,Bob Dorough Sunday At Iridium (CD),15.52,2025-03-24,,,WorthPoint
iridium,"Dorough, Bob : Sunday At Iridium CD",7.48,2025-03-24,,,WorthPoint
iridium,"""Kershaw Iridium Folding Knife 3.5"""" D2 Tool Steel Aluminum Handle Crossbar Lock""",49.99,2025-03-24,,,WorthPoint
iridium,Fountain Pen Rosewood Ink Pen Spin M Iridium Nib Office Supplies,17.3,2025-03-24,,,WorthPoint
iridium,"Meteorite**Seymchan, Pallasite**7.643 Grams, Gorgeous Olivine Crystals!!!",82,2025-03-24,7.643,10.73,WorthPoint
iridium,Lot 11 Fountain Pens Pilot Noodlers Davenport TWSBI Dlike Yiren Makers Iridium,52,2025-03-24,,,WorthPoint
iridium,Senator Black & Gold Piston-Filler Fountain Pen - 1960's - Germany - Fine Nib,35,2025-03-24,,,WorthPoint
iridium,Mercury Black & Gold Piston-Filler Fountain Pen - 1950's - Belgium - Fine Nib,53,2025-03-24,,,WorthPoint
iridium,Iridium Point Pen Co Black Chased Fountain Pen 14k Very Flexible Nib Restored,63.77,2025-03-24,,,WorthPoint
iridium,2002 *DISCONTINUED* YARD-O-LED GRAND EMPEROER Fountain Pen Boxed MINT NO RESERVE,1103,2025-03-23,,,WorthPoint
iridium,2017 Sailor 1911L Maki-e Floating Fans Artist Signed Fountain Pen MINT NoReserve,405,2025-03-23,,,WorthPoint
iridium,1996 Never Inked YARD-O-LED VICTORIAN Pattern Fountain Pen Boxed MINT NO RESERVE,700,2025-03-23,,,WorthPoint
iridium,Never Inked C1980 Dunhill Gemline By Montblanc 14k M Nib Fountain Pen No Reserve,127.5,2025-03-23,,,WorthPoint
iridium,"""Japanese Handmade Makie Fountain Pen """"Flower & Fan"""" W/ Kanazawa Gold, New In Box""",94,2025-03-23,,,WorthPoint
iridium,TRAVELER'S COMPANY BRASS FOUNTAIN PEN - Fine,45,2025-03-23,,,WorthPoint
iridium,Sheaffer Gray Striated Balance Fountain Pen & Pencil ~ Ribbed Bands ~ New Sac,167.28,2025-03-23,,,WorthPoint
iridium,Delta Everest Prod. #13. Silver/Gold Fountain Pen New In Box Model #6964. Italy,475,2025-03-23,,,WorthPoint
iridium,ACDelco Iridium Spark Plug For Chevrolet Buick GMC Cadillac Vehicles,8.49,2025-03-23,,,WorthPoint
iridium,"3 Fountain Cartridge Pens, Iridium Gold Tone Nibs Germany, Unused",18.5,2025-03-23,,,WorthPoint
iridium,Vintage Ystudio Brass Classic Revolve Matte Black Fountain Pen With Medium Nib,79,2025-03-23,,,WorthPoint
iridium,Kershaw Iridium M390 ‚ÄòKAI EXCLUSIVE‚Äô,225,2025-03-23,,,WorthPoint
iridium,"Four 14k Gold Fountain Pen Nibs (waterman's Manifold #5, Sheaffer's, Eversharp)",124.39,2025-03-23,,,WorthPoint
iridium,LRP 32803 - Nitro Engine ZR.28 Spec.4 PullStart,180,2025-03-22,,,WorthPoint
iridium,Sheaffer Large Lifetime 14kt Nibs,50,2025-03-22,,,WorthPoint
iridium,Laban Celebration Fountain Pen Medium Nib (pen Only) - Jade Green Lrn-f688jg,85,2025-03-22,,,WorthPoint
iridium,Handcrafted Gun Metal Chrome & Resin Fountain Pen With Fine German Iridium Nib,19.95,2025-03-22,,,WorthPoint
iridium,"Iridium Spark Plugs Set Of 8 OE19299585 For Chevy, GMC, Cadillac",43.53,2025-03-22,,,WorthPoint
iridium,"""Vintage """"Combridge"""" Red Mottled Hard Rubber Fountain Pen, Working, 14k Flex Nib""",135,2025-03-21,,,WorthPoint
iridium,Foley‚Äôs Banker ~ Straight Holder Fountain Pen ~ Large #3 Nib ~ No Cap ~ Clean,117.28,2025-03-21,,,WorthPoint
iridium,"(5) Pens, Schaffer, Cross, Parker, Iridium Point. Cross Pen Spring Missing.",30,2025-03-21,,,WorthPoint
iridium,1 Single OEM Kershaw Iridium Aluminum Scale Right Hand Pocket Clip Side ONLY,12,2025-03-21,,,WorthPoint
iridium,Jinhao Black/chrome Elite X159 Steel Wide Body Fountain Pen W/screw-on Cap & Ink,7.99,2025-03-21,,,WorthPoint
iridium,Lot#1 2- Vintage Fountain Pens Parts Tondel & Sheaffer Skyboy White Dot,39.55,2025-03-20,,,WorthPoint
iridium,Early EAGLE CAPLOX No 24 EYEDROPPER PEN - RELY PEN Gooodyear Nib - NIBS 14K,65,2025-03-20,,,WorthPoint
iridium,"Charles Hubert Fountain Pen In Box, Unused, Iridium Point GF Nib, Germany",10,2025-03-20,,,WorthPoint
iridium,Libelle Spring Swirl Vortex Fountain Pen Iridium Point Germany,50,2025-03-20,,,WorthPoint
iridium,"""WANCHAI X KURETAKE Monogatari Kindai Maki-e Pen """"Moon & Rabbit"""" Japan, Gorgeous""",84,2025-03-20,,,WorthPoint
iridium,Vintage Disney Mickey Mouse Colibri Fountain Pen Ballpoint Letter Opener Lot 3,49.95,2025-03-20,,,WorthPoint
iridium,Wahl Eversharp Fountain Pen Black And Pearl Mottled Color And An Eversharp Ball,24.5,2025-03-20,,,WorthPoint
iridium,Vintage PARKER DUOFOLD JR Yellow LUCKY CURVE FOUNTAIN PEN,112.5,2025-03-20,,,WorthPoint
iridium,Jabel 10% Iridium Platinum Ring / Wedding Band - Size 5.75,90.86,2025-03-20,,,WorthPoint
iridium,Lovely TACCIA Spotlight Demonstrator Fountain Pen - Sailor Music (stub) Nib NIB!,150,2025-03-19,,,WorthPoint
iridium,TWSBI Eco Fountain Pen In Transparent Yellow - Medium Point - NEW In Box,37.95,2025-03-19,,,WorthPoint
iridium,Fountain Pen Lot Waterman Lever Fill + Sheaffer & Reform Germany Cartridge Fill,12.99,2025-03-19,,,WorthPoint
iridium,"Meteorite**Turpan 003; Iron IIIAB**12.293 Grams, Super Rare Flash Melted!!!!!!",699,2025-03-19,12.293,56.86,WorthPoint
iridium,Waterford Writing Instruments Glendalough Red Fountain Pen Medium Nib,198.95,2025-03-19,,,WorthPoint
iridium,CBHR SLIP CAP EYEDROPPER FOUNTAIN PEN - 14K GOLD NIB - No 14 On BARREL,57,2025-03-19,,,WorthPoint
iridium,Vintage To Moden Pen Lot Fountain Ball Point Nib Iridium Tip Cross Pierre Cardin,23.4,2025-03-19,,,WorthPoint
iridium,Kershaw Iridium 2038BRZBW D2 Steel Folding Assisted Pocket Knife,52.76,2025-03-19,,,WorthPoint
iridium,Sikhote Alin METEORITE 7.17 Grams IRON Meteor,14.99,2025-03-19,7.17,2.09,WorthPoint
iridium,SHEAFFER LIFETIME 14K SOLID GOLD 1 1/16‚Äù FOUNTAIN PEN FINE POINT NIB Circa 1930s,40,2025-03-18,,,WorthPoint
iridium,Treviso Black Crackle Fine Quality Fountain Pen,6,2025-03-18,,,WorthPoint
iridium,4 Lot Hot Wheels 2007 Track Stars #115 Iridium 2 Color & 3 Wheel Variations,5,2025-03-18,,,WorthPoint
iridium,Kershaw Iridium Knife Model 2038,43,2025-03-18,,,WorthPoint
iridium,"""Breyer Classics Harper #10072 Elements Collection """"Iridium"""" MINT IN BOX""",15,2025-03-17,,,WorthPoint
iridium,Laban Antique II Fountain Pen In Yellow With Lines - Medium Point - NEW In Box,95.95,2025-03-17,,,WorthPoint
iridium,Laban Antique II Fountain Pen In Green With Lines - Broad Point - NEW In Box,95.95,2025-03-17,,,WorthPoint
iridium,Mint Kershaw Mini Iridium DuraLock OD Green Aluminum Folding D2 Steel Knife,50,2025-03-17,,,WorthPoint
iridium,Sheaffer XF Firm Flex Fountain Pen 14KT Nib ~ New Stock ~ Artist Nib ~See Sample,200,2025-03-17,,,WorthPoint
iridium,Judd's Nice Vintage Restored Grey Marble Fountain Pen Epenco Iridium Tipped Nib,20,2025-03-17,,,WorthPoint
iridium,Modena Black Fine Quality Fountain Pen,6,2025-03-17,,,WorthPoint
iridium,Kershaw Iridium Knife Model 2038R,46,2025-03-17,,,WorthPoint
iridium,PARKER 51 SIGNET 1948 Gold Filled Fountain Pen - 14K MEDIUM NIB - AWESOME!!,134.5,2025-03-17,1948,0.07,WorthPoint
iridium,PARKER 61 FOUNTAIN PEN - GRAY With RAINBOW CAP! - 14K Medium - AWESOME!,102.5,2025-03-17,,,WorthPoint
iridium,Morrison Oversize Black & White Celluloid & Gold Fountain Pen - 1920s - 14kt Nib,70,2025-03-17,,,WorthPoint
iridium,Senator President Fountain Pen Black Iridium M New,199,2025-03-17,,,WorthPoint
iridium,"Lot Of 5 Mixed Fountain Pens , Jinhao, Baoer, Genius Iridium",10,2025-03-16,,,WorthPoint
iridium,Oakley Razor Blades Vintage Sunglasses - Black /Violet Iridium - MINT W/ Extras!,225,2025-03-16,,,WorthPoint
iridium,Hot Wheels Acceleracers Iridium McDonald‚Äôs Toy Loose 2005,5.49,2025-03-16,,,WorthPoint
iridium,Never Inked Nettuno Skipper Ocean Blue 18k M Nib Fountain Pen MINT No Reserve,132.5,2025-03-16,,,WorthPoint
iridium,Never Inked 2003 Sailor 1911 L Maki-e Koi Artist Signed Fountain Pen No Reserve,420,2025-03-16,,,WorthPoint
iridium,2038R Iridium And 2050 Mini Iridium Kershaw Knife Knives,75,2025-03-16,,,WorthPoint
iridium,Kershaw Iridium 2038OLBW Folding Knife D2 Steel Duralock Blade Gray #617,38,2025-03-16,,,WorthPoint
iridium,Boxed Esterbrook Fountain Pen Nib (Point) - 2968 Firm Broad New/Old,39.95,2025-03-16,,,WorthPoint
iridium,JINHAO 82 Fountain Pen Tender GreenFine Nib 0.5mm,16.5,2025-03-16,,,WorthPoint
iridium,Non-Cognitive Aspects Of The City: Live At Iridium/Art Ensemble Of Chicago/CDX2,14.95,2025-03-16,,,WorthPoint
iridium,Ididium Steel NIb In Section-On-Line Calligraphy 0.8 Nib--new Old Stock,9.2,2025-03-16,,,WorthPoint
iridium,"MEGATECH Q Series, Platinum / Iridium Off-Road Glow Plugs (X6 New On Card. Rare",45.49,2025-03-16,,,WorthPoint
iridium,2016 Hot Wheels 5 Car Pack ~ STUNT CIRCUIT ~ Jack Hammer - Med-Evil - Iridium 64,8.99,2025-03-16,,,WorthPoint
iridium,Gold Metal Sz.leqi Fountain Pen 800 Paris Iridium Nib Ink Included,34.97,2025-03-16,,,WorthPoint
iridium,Sheaffer Large Oversize Lifetime 14kt Nibs,80,2025-03-16,,,WorthPoint
iridium,Sheaffer Midsize Lifetime 14kt Nibs,45,2025-03-16,,,WorthPoint
iridium,Vintage Oversize Wahl Eversharp Deco Band Brazilian Green Fountain Pen NORESERVE,255.37,2025-03-15,,,WorthPoint
iridium,Rare - Eversharp Skyline Green And Gold Moire - Old Filled Derby,175,2025-03-15,,,WorthPoint
iridium,C1982 Sheaffer 1924 Limited Ed Sterling Silver Nostalgia Fountain Pen NO RESERVE,282.99,2025-03-15,,,WorthPoint
iridium,***CUSTOM*** LOS ANGELES RAMS Full Size NFL Riddell SPEED Football Helmet,209.99,2025-03-15,,,WorthPoint
iridium,Serviced MORRISON'S Fountain Pen‚Ä¢14K Gold Filled Overlay‚Ä¢Lever‚Ä¢IRIDIUM M Nib,8.5,2025-03-15,,,WorthPoint
iridium,Kershaw 2051R 2051 Mini Iridium Reverse Tanto Knife Duralock,61.95,2025-03-15,,,WorthPoint
iridium,Senator Black & Green Piston-Filler Fountain Pen - 1960's - Germany -Medium Nib,48,2025-03-15,,,WorthPoint
iridium,Vintage Fountain Pen Iridium Point Black/Red Germany Leather Case,21,2025-03-15,,,WorthPoint
iridium,"4 VINTAGE FOUNTAIN PENS With 14K GOLD NIBS (GOOD SERVICE, MABIE TODD,WEIDLICH",40,2025-03-15,,,WorthPoint
iridium,"4 VINTAGE FOUNTAIN PENS With 14K GOLD NIBS (WEIDLICH, MORRISON, UNKNOWN)",55,2025-03-15,,,WorthPoint
iridium,"4 VINTAGE FOUNTAIN PENS With 14K GOLD NIBS (PARKER 51, EVERSHARP, GOLD BOND)",66,2025-03-15,,,WorthPoint
iridium,Vintage Waterman's Ideal Ebonite 12 Eyedropper Fountain Pen Ideal Gold Nib,75.95,2025-03-15,,,WorthPoint
iridium,Black Parker Slimfold Aerometric Fill 14K Nib Fountain Pen,9.95,2025-03-15,,,WorthPoint
iridium,Carmine Striated Sheaffer Craftsman Lever Fill 14K Nib Fountain Pen & Pencil Set,16.6,2025-03-15,,,WorthPoint
iridium,Dark Green Parker Victory Button Fill 14K Nib Fountain Pen,28,2025-03-15,,,WorthPoint
iridium,Black Parker 51 Mark IV Aerometric Fill 14K Nib Fountain Pen,52,2025-03-15,,,WorthPoint
iridium,Modern Black Fountain Pen With 2 Nibs: MEDIUM And BB Italic. BEAUTY + 2 Carts,18.99,2025-03-14,,,WorthPoint
iridium,Vintage 1980s Senator Fountain Pens - Burgundy With Gold-Silver Trim - 2 Pens In,69,2025-03-14,,,WorthPoint
iridium,Hot Wheels Acceleracers Iridium Loose 1/64 Rare Pre-owned,25,2025-03-14,,,WorthPoint
iridium,Acme Studios Fountain Pen PW67F Frank Lloyd Wright Imperial White,133,2025-03-14,,,WorthPoint
iridium,3.15 Grams SIKHOTE ALIN Russian Meteorite With COA And Info Card,9.99,2025-03-14,3.15,3.17,WorthPoint
iridium,Fujimaya Voyager Fountain Pen With Display Case,5.5,2025-03-14,,,WorthPoint
iridium,NEW Gentex HGU-84/P Helicopter Pilot Flight Helmet RUBY RED Mirror Iridium Visor,229.99,2025-03-14,,,WorthPoint
iridium,Iridium Tip Vintage #3 Gold Plated Nib --new Old Stock,11.08,2025-03-14,3,3.69,WorthPoint
iridium,"Hongdian 920S Fountain Pen Green Metal Pen, Iridium Extra Fine Nib Classic Pen",17.57,2025-03-14,,,WorthPoint
iridium,Platinum & Diamond Wedding Band,346.92,2025-03-13,,,WorthPoint
iridium,Dayacom Iridium Fountain Pen Medium Germany Green Gold 24kt Gold Trim,12.5,2025-03-13,,,WorthPoint
iridium,Vintage Green And Black Fountain Pen - Kromaloy Iridium Nib,25,2025-03-13,,,WorthPoint
iridium,Montegrappa Piacere Cyan Ballpoint Pen Ispyrbbb And Leather Pouch (no Papers),150,2025-03-13,,,WorthPoint
iridium,4.10 Grams SIKHOTE ALIN Russian Shrapnel Meteorite With A COA And Info Card,8.5,2025-03-13,4.1,2.07,WorthPoint
iridium,"""vintage Edward Todd """"professional"""" Dip Pen Nib ( 14k Gold)""",49,2025-03-13,,,WorthPoint
iridium,Conklin Fountain Pen Project - 14kt Conklin Nib,24.99,2025-03-13,,,WorthPoint
iridium,Vintage John Holland #16 Dip Pen Nib ( 14k Gold),57,2025-03-12,,,WorthPoint
iridium,"""vintage Watermans Ideal #2 """"purple """" Fountain Pen Nib ( 14 K Gold)""",41.01,2025-03-12,,,WorthPoint
iridium,Kershaw Iridium 2038 D2 Tactical EDC Folding Knife DuraLock Gray Aluminum,48,2025-03-12,,,WorthPoint
iridium,Milan Orange Fine Quality Fountain Pen,6,2025-03-12,,,WorthPoint
iridium,~~~ LES PAUL Autographed IN-PERSON Pick Guard Signed In Black At Iridium NYC ~~~,450,2025-03-12,,,WorthPoint
iridium,3.53 Grams Oriented SIKHOTE ALIN Russian Meteorite With COA And Info Card,14.99,2025-03-12,3.53,4.25,WorthPoint
iridium,Mercedes - AMG G63 - (W463) 2015 Iridium Silver Moon Roof Almost Real 1:18 NIB,215,2025-03-12,,,WorthPoint
iridium,Antique Art Deco Stylomine Pump Fill Fountain Pen 303 French,49.99,2025-03-12,,,WorthPoint
iridium,(8 Pack) Ignition Coils DG508 & Iridium Spark Plugs SP479 For Mustang Crown Vict,57.55,2025-03-12,,,WorthPoint
iridium,USA MAJOHN P139 Fountain Pen Copper Piston EF/F/M Nib Business Office Pen Gift,25.86,2025-03-12,,,WorthPoint
iridium,Kershaw IRIDIUM MODEL 2038 + Civivi Mini Praxis,45,2025-03-11,,,WorthPoint
iridium,Set Of 4 Ignition Coil Pack & Iridium Spark Plugs Compatible W/ Kia Soul APM,106.99,2025-03-11,,,WorthPoint
iridium,Benu Briolette Fountain Pen Schmidt Iridium Fine Nib,65,2025-03-11,,,WorthPoint
iridium,D&D Dragon Baby ‚óè Iridium Theme ‚óè Painted Miniature Dungeons & Dragons TTRPG,5.5,2025-03-11,,,WorthPoint
iridium,"Warhammer 40K T'au / Tau Empire XV8 Crisis Battlesuits (new, Sealed)",69,2025-03-11,,,WorthPoint
iridium,ZenZoi Pink Fountain Pen - Iridium Point Luxury Pen For Women W/Schmidt Quality,34.99,2025-03-10,,,WorthPoint
iridium,Parker Premier Black Lacque Gold Trim W/18k Med Nib Fountain Pen Never Inked,225,2025-03-10,,,WorthPoint
iridium,Circa 2008 Atelier Simoni (omas) Rainbow Limited Ed 6 Of 75 Fountain Pen Mint,2250,2025-03-10,,,WorthPoint
iridium,Dynamite Monster Truck Plug .18-.46 Medium Nitro - DYN2495,10.99,2025-03-10,,,WorthPoint
iridium,"Hand Crafted Premium Executive Fountain Pen - Exquisite, Superior Design 23-013",52,2025-03-10,,,WorthPoint
iridium,Eversharp Skyline Pen In Mint Condition With Black Barrel With Gold Cap Pen,79,2025-03-10,,,WorthPoint
iridium,"Meteorite**Seymchan, Pallasite**5.850 Grams, Gorgeous Olivine Crystals!!!",20.5,2025-03-10,5.85,3.5,WorthPoint
iridium,2.67 Grams SIKHOTE ALIN Russian PENDANT Meteorite With A COA And Info Card,9.99,2025-03-10,2.67,3.74,WorthPoint
iridium,Montblanc Waterford Acme Aurora Fountain & Rollerball Pen Lot Of 11 #M885,263,2025-03-10,,,WorthPoint
iridium,New Kershaw Iridium (2038) Folding Knife - D2 Steel,36,2025-03-10,,,WorthPoint
iridium,MINT+ Above The Tie Calypso Safety Razor - Two Baseplates Included! - Polsilver,49,2025-03-09,,,WorthPoint
iridium,Brand New LeBOEUF INKOMATIC COLLECTION ROLLER BALL PEN Candy Apple Red,65,2025-03-09,,,WorthPoint
iridium,Five Items Consisting Of An Atlas Editions Iridium Point Bos...,44.57,2025-03-09,,,WorthPoint
iridium,LRP35031 LRP Standard Glow Plug R3 - Medium/hot LRP .32 32x & Traxxas 3.3,13.99,2025-03-09,,,WorthPoint
iridium,"Vintage Fountain Pens Lot Of 3 , Celluloid, Gold-tone Nib, Scheaffer Jr, Iridium",48,2025-03-09,,,WorthPoint
iridium,"""1997 Platinum """"22"""" Burgundy & Gold Trim 22K Med Nib Fountain Pen NO RESERVE Mint""",62,2025-03-08,,,WorthPoint
iridium,2003 Underwood Made By ST DuPont Blue Ebonite 18K M Nib Fountain Pen NO RESERVE,167.5,2025-03-08,,,WorthPoint
iridium,Laban Antique II Fountain Pen In Gold With Lines - Fine Point NEW In Box,95.95,2025-03-08,,,WorthPoint
iridium,Serviced SHEAFFER Fountain Pen‚Ä¢Gold Trim‚Ä¢Jade Resin‚Ä¢Lever‚Ä¢IRIDIUM M Nib,15,2025-03-08,,,WorthPoint
iridium,Kershaw Iridium (2038) Folding Knife - D2 Steel (Barely Used),41.99,2025-03-08,,,WorthPoint
iridium,Jinhao Century 100 Series Acrylic Fountain Pen - F Nib - Sakura Pink,12,2025-03-08,,,WorthPoint
iridium,"Brand New Black Fountain Pen With Red Speckled Accent Gold Trim, Gift, USA Ship",11.97,2025-03-08,,,WorthPoint
iridium,ACME Studio ‚ÄúAerobleu‚Äù Legendary Jazz Nightclub Fountain Pen,175,2025-03-08,,,WorthPoint
iridium,Iron Metal Space Meteorite Mineral Campo Del Cielo Argentina,19.99,2025-03-08,,,WorthPoint
iridium,Kershaw Iridium Reverse Tanto Carbon Fiber M390 Pocket Knife,200,2025-03-08,,,WorthPoint
iridium,2.19 Grams SIKHOTE ALIN Russian Shrapnel Meteorite With A COA And Info Card,5.5,2025-03-08,2.19,2.51,WorthPoint
iridium,Vintage Parker Duofold Lucky Curve Pastel Magenta Fountain Pen & Pencil W BOX,41.02,2025-03-08,,,WorthPoint
iridium,"NGK LKR7DIX-11S Iridium IX Spark Plug (93175 Iridium Ix), 4 Pack",34,2025-03-08,,,WorthPoint
iridium,Titanium Pocket Clip W/Stainless Screws For Kershaw 2038 Iridium DuraLock Knife,35.99,2025-03-07,,,WorthPoint
iridium,"Meteorite**Aletai, Iron (IIIE-AN)**2.453 Gram Part-slice, Acid Etch Gold Plated!",89.99,2025-03-07,2.453,36.69,WorthPoint
iridium,"""Kershaw Iridium Folding Knife 3.5"""" D2 Tool Steel OD Green Aluminum Handle""",29.95,2025-03-07,,,WorthPoint
iridium,Kershaw 2038BLK Iridium Black KVT Ball Bearing Knife DuraLock Aluminum Handle,72.95,2025-03-07,,,WorthPoint
iridium,"Handmade Van Gogh STARRY NIGHT Handmade Fountain Pen, Locally Crafted Great Gift",40,2025-03-07,,,WorthPoint
iridium,Axial Nitro Turbo Glow Plug Cold #8 Losi HPI OFNA Kyosho RC Cars Trucks AXI0077,10.25,2025-03-07,,,WorthPoint
iridium,Marquis By Waterford Fountain Pen Orange Swirl Resin Iridium Point Germany Nib,47.99,2025-03-07,,,WorthPoint
iridium,JinHao X450 Red Metal Roller Ball Pen W/Gold Trim Fine 0.5mm Roller Nib Gift Box,7.95,2025-03-07,,,WorthPoint
iridium,Vintage FOUNTAIN PEN Lot Of 6 PARKER EPENCO SHAEFFER ESTERBROOK VACUUM-FIL,74.3,2025-03-07,,,WorthPoint
iridium,Iridium Point Fountain Pen Vintage Unbranded ( German Made) Read,11,2025-03-07,,,WorthPoint
iridium,8 Vintage Esterbrook And Eversharp Fountain Pens And Pencils,57,2025-03-07,,,WorthPoint
iridium,New Iridium 8-Piece Needle File Set - Art. 460,30,2025-03-06,,,WorthPoint
iridium,"Meteorite**Seymchan, Pallasite**26.247 Grams, Gorgeous Olivine/Acid Etch Iron!!!",420,2025-03-06,26.247,16,WorthPoint
iridium,SpaceX Iridium NEXT Missions 1-7 Numbered Employee Patch Collection (7 Patches),209.5,2025-03-06,,,WorthPoint
iridium,Tom Jefferson Fountain Pen In Box 925 Iridium Pt,92,2025-03-06,,,WorthPoint
iridium,"Lot 5 Jones Beach Souvenir Pencil, Banker Pen +",3.87,2025-03-05,,,WorthPoint
iridium,Duke 2009 Memory Charlie Chaplin Fountain Pen Medium Nib Black Wth Chrome Trims,19.55,2025-03-05,,,WorthPoint
iridium,"Lot Of 52 Fountain Pens Waterman, Wearever, Fineline.. Etc #3",200,2025-03-05,,,WorthPoint
iridium,German FOUNTAIN PEN Iridium Point 5.5 INCHES,14.99,2025-03-05,,,WorthPoint
iridium,3.03 Grams Oriented SIKHOTE ALIN Russian Meteorite With COA And Info Card,11.99,2025-03-05,3.03,3.96,WorthPoint
iridium,Huge Royal Flattop Mandarin Yellow Fountain Pen,26.01,2025-03-05,,,WorthPoint
iridium,1/18 GT Spirit Mercedes-Benz C63 AMG (W204) In Iridium Silver Metallic GT462,134.95,2025-03-05,18,7.5,WorthPoint
iridium,Graf Von Faber-Castell Fountain Pen Classic Macassar -Fine,380,2025-03-05,,,WorthPoint
iridium,Fountain Pen Set - 1990s - Made In Germany - Iridium Point,12.99,2025-03-04,,,WorthPoint
iridium,Wearever Pacemaker Pen Pencil Set 14k Gold Nib - In The Box,75,2025-03-04,,,WorthPoint
iridium,Kaweco Fountain Pen Student 70's Soul Acrylic Barrel,59,2025-03-04,,,WorthPoint
iridium,Set Of 6 Iridium Spark Plug Ignition Coil Compatible With Avenger Grand Caravan,69,2025-03-04,,,WorthPoint
iridium,Miniature Antique Bronze Painted Turkey Figure,61.5,2025-03-04,,,WorthPoint
iridium,NEW - Kershaw Iridium RT Model 2038R,49.99,2025-03-04,,,WorthPoint
iridium,Vintage Pelikan Made In W. Germany Black & Gray Marble Body Iridium Nib Model ??,24.5,2025-03-04,,,WorthPoint
iridium,"""Sheaffer """"1250"""" Fountain Pen; 14K Gold, """"Lifetime"""" Nib; Brown""",68.77,2025-03-04,,,WorthPoint
iridium,"""W. A. Sheaffer Balance 1000 Fountain Pen; 14K Gold """"Lifetime"""" Nib; Green""",47,2025-03-04,,,WorthPoint
iridium,Kaweco Fountain Pen AL Sport Blue Stonewashed,75,2025-03-03,,,WorthPoint
iridium,TWSBI Eco Fountain Pen In Glow Purple - 1.1mm Stub Nib - NEW In Original Box,37.95,2025-03-03,,,WorthPoint
iridium,Kershaw Mini Iridium Limited Edition Titanium Handle S35VN Steel,169.99,2025-03-03,,,WorthPoint
iridium,Kershaw Knives Iridium DuraLock 2038R Black Aluminum D2 Steel Pocket Knife,44.88,2025-03-03,,,WorthPoint
iridium,1 T Oz Rhodium Bar 999.0 Pure Sealed Assay Card London #R22133 Baird Mint RARE!,8300,2025-03-03,,,WorthPoint
iridium,Diamond Point Vintage Red Hard Rubber Fountain Pen Working,100,2025-03-03,,,WorthPoint
iridium,PARKER VP (Very Personal) Fountain Pen In Box - Gold/Red - 14K FINE - AWESOME!,100,2025-03-03,,,WorthPoint
iridium,"Collectible Iridium Point Germany Pen, Writing Instrument, 5.5 In Overall Length",18.96,2025-03-03,,,WorthPoint
iridium,"VIXVI III Gold Stripped Fountain Pen, Writing Instrument, Iridium Point Paris",15.94,2025-03-03,,,WorthPoint
iridium,"PAT 1899, 1903 - BHR WATERMAN No 12 EYEDROPPER Fountain Pen - 2 GF SNAIL BANDS",159,2025-03-03,2,79.5,WorthPoint
iridium,Scarce Vintage 1930's Eversharp Doric Stenographer Fountain Pen. Works Good,157.5,2025-03-03,,,WorthPoint
iridium,#507 Dark Gray Aluminum Kershaw 2038 Iridium D2 KVT Duralock Knife,44.23,2025-03-02,,,WorthPoint
iridium,Retro 51 Tornado Fahrney‚Äôs Exclusive 2013 Cherry Blossom Fountain Pen,250,2025-03-02,,,WorthPoint
iridium,Kershaw Iridium 2038BLK Duralock D2 Steel Flipper Pocket Knife,44.99,2025-03-02,,,WorthPoint
iridium,Gorgeous Handmade Gold Trim Churchill 2 Rollerball Pen In Very Spalted Sycamore,54.99,2025-03-02,,,WorthPoint
iridium,Italy Lot 12 Riffler Rasp Files Good Used Condition Iridium + Others Sculpting,50,2025-03-02,,,WorthPoint
iridium,Kershaw Iridium 2038 Folding Knife D2 Steel Duralock Blade Gray Aluminum Handle,35,2025-03-02,,,WorthPoint
iridium,Vtg Wahl Oxford By Eversharp Fountain Pen Burgandy/Black Iridium Tip Medium Nib,20,2025-03-02,,,WorthPoint
iridium,"Knife Lot : Kizer, Asher Knives, Kershaw, Titanium, S35VN, S90V",256.77,2025-03-02,,,WorthPoint
iridium,NEW - Kershaw Iridium Model 2038,47.99,2025-03-02,,,WorthPoint
iridium,Star Lot : A Very Nice Example Of A Mont Blanc Fountain Pen ...,133.56,2025-03-02,,,WorthPoint
iridium,Ultra Durable Pack Of 6 SK20R11 Spark Plugs By - Exact Fit For Toyota Camry,17.98,2025-03-02,,,WorthPoint
iridium,"Kershaw Iridium Reverse Tanto Folding Pocket Knife, Sleek 3.",39.58,2025-03-02,,,WorthPoint
iridium,Jaguar Marbelized Fountain Pen Iridium Nib,11.99,2025-03-01,,,WorthPoint
iridium,1980s Montblanc 221p 14K Medium Nib Fountain Pen Serviced NO RESERVE,72.21,2025-03-01,,,WorthPoint
iridium,ACDelco SPARK PLUG Iridium 4 Count Pack Excellent Engine Performance,10.19,2025-03-01,,,WorthPoint
iridium,"Stipula Speed Piston Fountain Pen, Black",60,2025-03-01,,,WorthPoint
iridium,Vintage Fountain Pen Lot,199,2025-03-01,,,WorthPoint
iridium,Oakley Minute 1.0 Mint Gen 2 Black Frame W Black Iridium In Box Sunglasses Gems,299.99,2025-03-01,,,WorthPoint
iridium,Kershaw Iridium 2038DW DuraLock Knife Dessert Warrior Pink Aluminum (Blue D2),68.74,2025-03-01,,,WorthPoint
iridium,Kershaw Iridium 2038 - Folding Knife - Brand New,56,2025-03-01,,,WorthPoint
iridium,Artistic Rules Italian Fountain Pen 925 Medium Iridium M Nib #1657 M,35,2025-03-01,,,WorthPoint
iridium,"Hongdian D1 Piston Fountain Pen Fine Nib, Hollow Skeleton & Resin With Metal",40.93,2025-02-28,,,WorthPoint
iridium,Fountain Pen Marked On Nib Iridium Point Germany Vintage,24.99,2025-02-28,,,WorthPoint
iridium,Lamy Safari Fountain Pen Red - Cartridge Gift Set - Limited Edition,22.75,2025-02-28,,,WorthPoint
iridium,Lamy Safari Fountain Pen Blue - Cartridge Gift Set - Limited Edition,22.75,2025-02-28,,,WorthPoint
iridium,Lamy Safari Fountain Pen Shiny Black - Cartridge Gift Set - Limited Edition,22.75,2025-02-28,,,WorthPoint
iridium,Monteverde Regatta Fountain Pen In Santorini Blue - Medium Point - NEW In Box,79.95,2025-02-28,,,WorthPoint
iridium,"Model Airplane Misc Pieces Parts, Power Prop, Atwood, Wasp 049 Assorted",24.5,2025-02-28,,,WorthPoint
iridium,A-Premium Set Of 8 Ignition Coil Pack And Iridium Spark Plugs.,46.14,2025-02-28,,,WorthPoint
iridium,Muonionalusta Meteorite In Collector's Box,46.69,2025-02-28,,,WorthPoint
iridium,Kershaw Iridium Knife 2038R - Reverse Tanto,39,2025-02-27,,,WorthPoint
iridium,Laban Fountain Pen Cherrywood & Chrome Fine Point Iridium Nib In Box Mint *,120,2025-02-27,,,WorthPoint
iridium,McDonnell Douglas DS-V Long Tank Delta Rocket Model With Original Stand,1375,2025-02-27,,,WorthPoint
iridium,Hot Wheels Acceleracers Silencerz Iridium #4 Of 9 New In Box,42,2025-02-27,,,WorthPoint
iridium,Lamy Safari Fountain Pen Gift Set Black - Limited Edition,39,2025-02-27,,,WorthPoint
iridium,Acceleracers NM/M Starter Deck Set W/12 Substitutions - 80 NM/M Cards In Total!,120,2025-02-27,,,WorthPoint
iridium,Anthony Braxton 9 Compositions Iridium 2006 9 Cd + Dvd Sealed New,36,2025-02-27,,,WorthPoint
iridium,"Qty Of Pens (inc Cased) Inc Parker, Pierre Balmain, Cross, B...",79.81,2025-02-27,,,WorthPoint
iridium,Black Nouveau Fine Quality Fountain Pen,6,2025-02-27,,,WorthPoint
iridium,"+ CONKLIN ENDURA, MEDIUM SIZE, SAPPHIRE BLUE, LF, GFT, C1925",210,2025-02-27,,,WorthPoint
iridium,SAINT LAURENT Fountain Pen Gold Color W Case Lot Of 2 Iridium Point Germany,89,2025-02-27,,,WorthPoint
iridium,Kershaw Iridium M390 CF Sprint Run 2038CFM390,249,2025-02-27,,,WorthPoint
iridium,"JML Classic Pen Set 5 Pens, A Pencil & Refills In Storage Case -Vintage",9.99,2025-02-27,,,WorthPoint
iridium,16 Grams SIKHOTE ALIN Russian Meteorite With COA And Info Card,38.99,2025-02-27,16,2.44,WorthPoint
iridium,2006 Ram 1500 (O),7728,2025-02-26,,,WorthPoint
iridium,Ultra Rare 1910? A.A. & L.E WATERMAN Automatic Self-Filling Modern Twist Filler,154,2025-02-26,,,WorthPoint
iridium,Wood Grain Fountain Pen W German Iridium Nib In Black Velvet Case,12,2025-02-26,,,WorthPoint
iridium,Laban Expression - Fountain Pen - Ruby Red - Medium Point - New LRN-F288RR,59.95,2025-02-26,,,WorthPoint
iridium,2 Iridium Point Fountain Pens In Waterman's Box,14,2025-02-26,,,WorthPoint
iridium,"""RED 1940-45 PARKER DUOFOLD - RED SILVER Black Stripes - 5 1/4"""" V NIB 14K""",149,2025-02-26,,,WorthPoint
iridium,Kershaw Iridium DuraLock 2038 KVT Gray Aluminum D2 Steel Pocket Knife,39,2025-02-26,,,WorthPoint
iridium,Hot Wheels Acceleracers - Iridium (Silencerz) #4/9 UNOPENED,47,2025-02-26,,,WorthPoint
iridium,Luxury Metal Fountain Pen (Fog Gun Gray) Fine (F) Nib,14.97,2025-02-26,,,WorthPoint
iridium,Maple Burl Majestic Fountain Pen In Chrome And Gun Metal,140,2025-02-26,,,WorthPoint
iridium,Large Lot Sengbusch Pen Points Tips Nib Iridium Alloy Gold Plated Hardened Tips,100,2025-02-25,,,WorthPoint
iridium,Philadelphia Eagles Super Bowl LII Champions Hat New Era 9Forty Iridium Brim Cap,24.95,2025-02-25,,,WorthPoint
iridium,Oakley Ian Poulter Fast Jacket Xl G30 Iridium Pop Card,9.5,2025-02-25,,,WorthPoint
iridium,#419 Blue Aluminum Kershaw 2038 Iridium D2 KVT Duralock Knife,46,2025-02-25,,,WorthPoint
iridium,"""5 3/8"""" Parker 51 - Forest Green - 12k Gold Filled Cap - 14k Gold Parker Nib""",139,2025-02-24,,,WorthPoint
iridium,Hot Wheels Track Aces 5 Pack,14,2025-02-24,,,WorthPoint
iridium,Unbranded Fountain Pen Lever Filled Iridium Tipped,16.8,2025-02-24,,,WorthPoint
iridium,BENU Fountain Pen - Blue/Black/Silver Sparkles,50,2025-02-24,,,WorthPoint
iridium,"Vintage Wearever Burgundy & Black Striated Fountain Pen, RMBCollectables",10,2025-02-24,,,WorthPoint
iridium,Premium Safety Razor Sampler-85 Double Edge (DE)-Exceptional Blades-Assorted Lot,21,2025-02-24,,,WorthPoint
iridium,"*parker Standard Vacumatic, Silver Pearl, Npt, Double Jewels Locking Filler 1937",225,2025-02-24,,,WorthPoint
iridium,Iridium Point Germany Lathed Spun Wood Fountain Ink Pen Brown Used NO INK,6.49,2025-02-24,,,WorthPoint
iridium,"Meteorite**Seymchan, Pallasite**5.938 Grams, Gorgeous Olivine Crystals!!!",50.6,2025-02-24,5.938,8.52,WorthPoint
iridium,Wearever Deluxe 100 Grey Striated & Gold Fountain Pen - Fine Nib - 1940's - USA,36,2025-02-24,100,0.36,WorthPoint
iridium,TWO SHEAFFER'S LIFETIME OVERSIZE BALANCE Fountain Pens- BLACK/GOLD Trim-AWESOME!,156.38,2025-02-24,,,WorthPoint
iridium,Sheaffer Imperial Viii Touchdown Fountain Pen Mint In Box/sticker-14k-awesome!!,70,2025-02-24,,,WorthPoint
iridium,PARKER DUOFOLD Fountain Pen - Vintage 1940s - 14K PARKER PEN NIB - BLK JEWEL,82,2025-02-24,,,WorthPoint
iridium,Stipula Limited Edition Ventidue Copper Touch 22 Fountain Pen Medium Iridium Nib,115,2025-02-23,,,WorthPoint
iridium,1995 Parker Duofold Mandarin Yellow Limited Edition Fountain Pen No Reserve,410,2025-02-23,,,WorthPoint
iridium,Mint Hexagon Brass Green Lacquer Fountain Pen With Iridium Nib Made In Germany,62.1,2025-02-23,,,WorthPoint
iridium,"""Serviced Oversize """"H"""" CHARACTER Fountain Pen‚Ä¢Lever‚Ä¢Black Onyx‚Ä¢GT‚Ä¢IRIDIUM M Nib""",6.5,2025-02-23,,,WorthPoint
iridium,"Parker Duofold Hard Rubber Fountain Pen Parts And More, Lot 6",102.5,2025-02-23,,,WorthPoint
iridium,"Conway Stewart Fountain Pen & Pencil Parts, 4 X Gold Nibs, Lot 16",102.5,2025-02-23,,,WorthPoint
iridium,Vintage Black English Parker Victory Aerometric Fill 14K Nib Fountain Pen,29,2025-02-23,,,WorthPoint
iridium,Iridium Oneweb Authentic Spacex Space X Employee X Patch üöÄ,20,2025-02-22,,,WorthPoint
iridium,BEILUNER Fountain Pen Has Extra Cartridges,12,2025-02-22,,,WorthPoint
iridium,Lot Of 2 2005 Mcdonalds Acceleracers Hot Wheels RD-04 & Iridium 1:64 Scale,7.99,2025-02-22,,,WorthPoint
