material_slug,title,price_usd,sale_date,weight_grams,price_per_gram,source
kt-boundary,Rare KT Boundary Material - Montana - KT-0363 - 7.80g - Rare Buchite - End Cut,11.95,2026-01-16,7.8,1.53,WorthPoint
kt-boundary,"KT Boundary Sample From Canada...the \\\""Dinosaur Destruction\\\"" Evidence?",22,2026-01-08,,,WorthPoint
kt-boundary,Redl Factory Vienna Bronze Mouse On Of Gold Thread Thimble Holder 14 Kt . Gold,39.99,2025-12-22,,,WorthPoint
kt-boundary,Rare KT Boundary Material - Montana - KT-0344 - 7.73g - Rare Buchite - Slice,11.95,2025-12-14,7.73,1.55,WorthPoint
kt-boundary,Rare KT Boundary Material - Montana - KT-0359 - 8.16g - Rare Buchite - Slice,12.95,2025-12-01,8.16,1.59,WorthPoint
kt-boundary,Cretaceous KT KP Boundary Hell Creek Charcoal & 5 Microtektites Spheroid Display,19.82,2025-11-30,,,WorthPoint
kt-boundary,Rare KT Boundary Material - Glendive Montana Area - New Glass Vial - Fragments,9.95,2025-11-24,,,WorthPoint
kt-boundary,Rare KT Boundary Material - Montana Area - KT-0299 - 5.18g - Rare Buchite/Slice,7.95,2025-11-20,5.18,1.53,WorthPoint
kt-boundary,Rare KT Boundary Material - Glendive Montana Area - M-4827 - Vial - Fragments,9.95,2025-11-05,,,WorthPoint
kt-boundary,"""nevada Landing Casino Jean Nv $40 """"riverboat"""" .999 Silver/24 Kt Hge Gaming Token""",69.99,2025-11-04,,,WorthPoint
kt-boundary,Rare KT Boundary Material - Montana - KT-0361 - 7.95g - Rare Buchite - Slice,11.95,2025-11-03,7.95,1.5,WorthPoint
kt-boundary,Rare KT Boundary Material - Montana - KT-0368 - 9.72g - Rare Buchite - Slice,14.95,2025-11-03,9.72,1.54,WorthPoint
kt-boundary,Rare KT Boundary Material - Glendive Montana Area - M-4826 - Vial - Fragments,9.95,2025-11-03,,,WorthPoint
kt-boundary,Cretaceous KT KP Boundary Hell Creek BURN LAYER CHARCOAL 5 Pieces In Display X1,26.21,2025-11-02,,,WorthPoint
kt-boundary,Cretaceous KT Boundary KP Clay Collection 6 Sites Iridium Burn End Of Dinosaurs,65.53,2025-11-01,,,WorthPoint
kt-boundary,Rare KT Boundary Material - Montana - KT-0301 - 4.01g - Rare Buchite - Slice,5.95,2025-10-30,4.01,1.48,WorthPoint
kt-boundary,Rare KT Boundary Material - Glendive Montana Area - Vial Full Bubble - Fragments,9.95,2025-10-16,,,WorthPoint
kt-boundary,Rare KT Boundary Material - Montana - KT-0351 - 102.0g - Rare Siltstone-End Cut,99.95,2025-10-13,102,0.98,WorthPoint
kt-boundary,Rare KT Boundary Material - Montana - KT-0119 - 21.3g - Rare Buchite - Slice,31.95,2025-10-13,21.3,1.5,WorthPoint
kt-boundary,Rare KT Boundary Material - Montana - KT-0142 - 13.72g - Rare Buchite - Slice,20.95,2025-10-11,13.72,1.53,WorthPoint
kt-boundary,Rare KT Boundary Material - Montana - KT-0159 - 8.56g - Rare Siltstone / End Cut,12.95,2025-10-11,8.56,1.51,WorthPoint
kt-boundary,Rare KT Boundary Material - Montana - KT-0113 - 7.78g - Rare Siltstone / Slice,11.95,2025-10-01,7.78,1.54,WorthPoint
kt-boundary,Rare KT Boundary Material - Montana - KT-0156 - 5.87g - Rare Siltstone / Slice,8.95,2025-10-01,5.87,1.52,WorthPoint
kt-boundary,Rare KT Boundary Material - Montana - KT-0346 - 9.82g - Rare Buchite - Slice,14.95,2025-10-01,9.82,1.52,WorthPoint
kt-boundary,Rare KT Boundary Material - Montana - KT-0137 - 6.63g - Clay And Siltstone Mix,9.95,2025-10-01,6.63,1.5,WorthPoint
kt-boundary,Rare KT Boundary Material - Montana - KT-0217/0220 - 31.77g - Positive/Negative,47.95,2025-10-01,31.77,1.51,WorthPoint
kt-boundary,Rare KT Boundary Material - Montana - KT-0139 - 5.85g - Rare Siltstone / Slice,8.95,2025-10-01,5.85,1.53,WorthPoint
kt-boundary,Rare KT Boundary Material - Montana - KT-0140 - 4.98g - Rare Siltstone / Slice,7.95,2025-10-01,4.98,1.6,WorthPoint
kt-boundary,Rare KT Boundary Material - Montana - KT-0138 - 19.18g - Rare Buchite - Slice,28.95,2025-10-01,19.18,1.51,WorthPoint
kt-boundary,Rare KT Boundary Material - Montana - KT-0111 - 5.94g - Rare Siltstone / Slice,8.95,2025-10-01,5.94,1.51,WorthPoint
kt-boundary,Rare KT Boundary Material - Montana - KT-0141 - 7.08g - Rare Siltstone / Slice,10.95,2025-09-30,7.08,1.55,WorthPoint
kt-boundary,Rare KT Boundary Material - Montana - KT-0155 - 5.11g - Rare Siltstone / Slice,7.95,2025-09-30,5.11,1.56,WorthPoint
kt-boundary,Rare KT Boundary Material - Montana - KT-0160 - 20.50g - Rare Siltstone/End Cut,30.95,2025-09-30,20.5,1.51,WorthPoint
kt-boundary,Rare KT Boundary Material - Montana - KT-0158 - 8.91g - Rare Siltstone / Slice,13.95,2025-08-14,8.91,1.57,WorthPoint
kt-boundary,Rare KT Boundary Material - Montana - KT-0116 - 14.0g - Rare Buchite - Slice,20.95,2025-08-13,14,1.5,WorthPoint
kt-boundary,Rare KT Boundary Material - Montana Area - KT-0297 - 4.20g - Rare Buchite/Slice,6.95,2025-08-09,4.2,1.65,WorthPoint
kt-boundary,Rare KT Boundary Material - Glendive Montana Area - M-4828 - Vial - Fragments,9.95,2025-08-09,,,WorthPoint
kt-boundary,Rare KT Boundary Material - Montana Area - KT-0298 - 6.09g - Rare Buchite/Slice,8.95,2025-07-06,6.09,1.47,WorthPoint
kt-boundary,Rare KT Boundary Material - Montana - KT-0314 - 7.98g - Rare Buchite - Slice,11.95,2025-07-01,7.98,1.5,WorthPoint
kt-boundary,"Micro-Tektites ~ Meteorite Impact ~ KT Boundary, Hell Creek Formation, Montana",35,2025-06-12,,,WorthPoint
kt-boundary,Ammonite Fossil Mine Rough Nautiloid Cambrian Madagascar 3-5 Inch FJ24,14.24,2025-06-11,,,WorthPoint
kt-boundary,Rare KT Boundary Material - Montana Area - KT-0300 - 7.47g - Rare Buchite/Slice,10.95,2025-06-05,7.47,1.47,WorthPoint
kt-boundary,Rare KT Boundary Material - Montana - KT-0115 - 6.83g - Rare Siltstone / Slice,9.95,2025-05-10,6.83,1.46,WorthPoint
kt-boundary,Rare KT Boundary Material - Montana - KT-0153 - 4.03g - Rare Buchite - End Cut,5.95,2025-05-10,4.03,1.48,WorthPoint
kt-boundary,Ammonite Fossil (3 In 1) Mine Rough Nautiloid Cambrian Madagascar 3-5 Inch FJ20,18.74,2025-05-10,,,WorthPoint
kt-boundary,Rare KT Boundary Material - Glendive Montana Area - KT-0117 - 16.9g - Full Slice,24.95,2025-05-03,16.9,1.48,WorthPoint
kt-boundary,1933 Saint-gaudens $20 Gold Copy 24 Kt Clad Proof Coin,9.99,2025-05-02,20,0.5,WorthPoint
kt-boundary,"99.9% Pure Iridium (Ir) 5g Metal Ingot. (Element #77) PGM Bullion, NO RESERVE!",150,2025-04-20,5,30,WorthPoint
kt-boundary,Ammonite Fossil Mine Rough Nautiloid Cambrian Madagascar 4.5 Inch Nn5,16.49,2025-03-29,,,WorthPoint
kt-boundary,Ammonite Fossil Mine Rough Nautiloid Cambrian Madagascar 4 Inch Nn1,16.49,2025-03-29,,,WorthPoint
kt-boundary,Rare KT Boundary Slice - Lance Creek Wyoming,90,2025-03-28,,,WorthPoint
kt-boundary,Authentic Vial Of Rare KT Boundary Material From Dinosaur Extinction Layer #3451,25,2025-02-21,,,WorthPoint
kt-boundary,Rare KT Boundary Material - Glendive Montana Area - KT-0015 - 6.81g - Full Slice,9.95,2025-01-21,6.81,1.46,WorthPoint
kt-boundary,Rare KT Boundary Material - Glendive Montana Area - KT-0007 - 5.20g - End Cut,5.5,2025-01-21,5.2,1.06,WorthPoint
kt-boundary,Rare KT Boundary Material - Glendive Montana Area - M-4870 - 67.01g - Natural,16,2025-01-11,67.01,0.24,WorthPoint
kt-boundary,Rare KT Boundary Material - Glendive Montana Area - M-4868 - 71.71g - Natural,16,2025-01-05,71.71,0.22,WorthPoint
kt-boundary,Rare KT Boundary Material - Glendive Montana Area - M-4867 - 50.04g - Complete,6,2024-12-02,50.04,0.12,WorthPoint
kt-boundary,"Authentic KT Boundary Sample From Dinosaur Extinction Layer, Acrylic Case #4036",15,2024-11-29,,,WorthPoint
kt-boundary,Rare KT Boundary Material - Glendive Montana Area - M-4840 - 82.95g - End Cut,16.5,2024-11-22,82.95,0.2,WorthPoint
kt-boundary,Rare KT Boundary Material - Glendive Montana Area - M-4838 - 34.75g - End Cut,8.01,2024-11-22,34.75,0.23,WorthPoint
kt-boundary,Rare KT Boundary Material - Glendive Montana Area - M-4835 - 23.23g - Complete,6.5,2024-11-22,23.23,0.28,WorthPoint
kt-boundary,Rare KT Boundary Material - Glendive Montana Area - M-4820 - 39.33g - Complete,11.05,2024-11-18,39.33,0.28,WorthPoint
kt-boundary,Rare KT Boundary Material - Glendive Montana Area - M-4770 - 7.70g - Fragment,6.1,2024-10-29,7.7,0.79,WorthPoint
kt-boundary,Rare KT Boundary Material - Glendive Montana Area - M-4778 - 3.97g - End Cut,9.5,2024-10-24,3.97,2.39,WorthPoint
kt-boundary,"KT Boundary Meteorite Impact Micro-Tektites ~ Hell Creek Formation, Montana",85,2024-10-23,,,WorthPoint
kt-boundary,Rare KT Boundary Material - Glendive Montana Area - M-4759 - 10.01g - Full Slice,12.5,2024-10-16,10.01,1.25,WorthPoint
kt-boundary,Rare KT Boundary Material - Glendive Montana Area - M-4758 - 9.57g - Full Slice,9.5,2024-10-14,9.57,0.99,WorthPoint
kt-boundary,Rare KT Boundary Material - Glendive Montana Area - M-4757 - 9.59g - Full Slice,10,2024-10-14,9.59,1.04,WorthPoint
kt-boundary,Rare KT Boundary Material - Glendive Montana Area - M-4755 - 6.75g - Full Slice,7.5,2024-10-10,6.75,1.11,WorthPoint
kt-boundary,Rare KT Boundary Material - Glendive Montana Area - M-4754 - 5.23g - End Cut,9.5,2024-10-10,5.23,1.82,WorthPoint
kt-boundary,Rare KT Boundary Material - Glendive Montana Area - M-4753 - 5.90g - Full Slice,5.5,2024-10-10,5.9,0.93,WorthPoint
kt-boundary,Rare KT Boundary Material - Glendive Montana Area - M-4752 - 4.89g - Full Slice,10.25,2024-10-10,4.89,2.1,WorthPoint
kt-boundary,Rare KT Boundary Material - Glendive Montana Area - M-4751 - 0.40g - End Cut,12.5,2024-10-10,0.4,31.25,WorthPoint
kt-boundary,Meteorite Group ~ Sale Includes Six (6) Meteorites & Gift ~ All With Color COAs,29,2024-09-12,,,WorthPoint
kt-boundary,Dinosaur Extinction Layer - 2 Sample Tubes KT Boundary Soil,25,2024-08-08,,,WorthPoint
kt-boundary,1973 ISRAEL Prime Minister GOLDA MEIR Old Proof Gold-Plated Silver Medal I102049,583.65,2024-04-23,,,WorthPoint
kt-boundary,Dinosaur Fossil Bone Extinction Layer Soil Sample KT Boundary North Dakota Riker,62.99,2023-05-20,,,WorthPoint
kt-boundary,THE OCEAN Collective - PHANEROZOIC LIVE 3LP + DVD - Ltd. To 200 Permian Edition,48.77,2023-01-28,,,WorthPoint
kt-boundary,The Ocean Collective Phanerozoic II Mesozoic Cenozoic Ltd Ed Brown White Vinyl,34.77,2023-01-28,,,WorthPoint
kt-boundary,KT Boundary Sample South Dakota T Rex Dinosaur Cretaceous Meteor Impact,14.99,2022-12-04,,,WorthPoint
kt-boundary,Dinosaur Extinction 3 Layers KT KPg Boundary Vial 66 MYA North Dakota ND 5086,14.89,2022-09-07,,,WorthPoint
kt-boundary,Dinosaur Extinction Layer - KT Boundary Soil - Educational Display,15,2022-06-05,,,WorthPoint
kt-boundary,Ammonite Fossil Mine Rough Nautiloid Cambrian Madagascar 5 Inch Nn10,24.99,2022-06-02,,,WorthPoint
kt-boundary,Rare Large Slice Of The K-t Dinosaur Extinction Layer - KT Boundary Layer,300,2022-03-05,,,WorthPoint
kt-boundary,Ammonite Fossil Mine Rough Nautiloid Cambrian Madagascar 4.2 Inch Nn8,20.99,2022-01-20,,,WorthPoint
kt-boundary,Kt Boundary Display Discovered North Dakota In Case,100,2021-10-29,,,WorthPoint
kt-boundary,1885 Missouri Kansas And Texas Railway Railroad Company Stock Certificate GREEN,16.99,2021-07-12,,,WorthPoint
kt-boundary,KT Boundary Specimen End Of Dinosaurs South Dakota USA Dino Extinction Layer KPg,14.99,2021-04-19,,,WorthPoint
kt-boundary,Custom Order For Adam,14.95,2021-02-19,,,WorthPoint
kt-boundary,Rare Paleocene Age Fossils Cannonball Formation SD Hell Cr Fossil Mammal 100+ Pc,59.99,2020-07-30,,,WorthPoint
kt-boundary,Mesozoic Fossil Cretaceous Period Guide Reptile Mollusk,29.99,2020-05-01,,,WorthPoint
kt-boundary,Cretaceous KT Boundary Matrix Specimen Colorado K-T Strata,24.99,2019-05-13,,,WorthPoint
kt-boundary,Cretaceous KT Boundary KP Clay Collection 7 Sites Iridium Burn End Of Dinosaurs,60,2018-06-18,,,WorthPoint
kt-boundary,"Cretaceous–Tertiary (K–T) Kt Boundary - Dinosaurs' Meteorite Layer, 13 G",22,2018-05-28,13,1.69,WorthPoint
kt-boundary,KT Boundary Material - 65 Million Year Old Cretaceous Pertafied Wood #1023-366gm,20,2018-05-21,366,0.05,WorthPoint
kt-boundary,Cretaceous–Tertiary (K–T) Kt Boundary. Big Jar With 19 Grams. #1,30,2018-05-01,19,1.58,WorthPoint
kt-boundary,Cretaceous KT Boundary Matrix Specimen Gubbio Umbria Italy K-T End Of Dinosaurs,15,2018-03-21,,,WorthPoint
kt-boundary,Cretaceous–Tertiary (K–T) Kt Boundary. Big Jar With 22 Grams. #6,30,2018-03-10,22,1.36,WorthPoint
kt-boundary,Cretaceous KT Boundary Rare Profile Slice Stevensklint K-T Dinosaur Extinction,50,2018-02-17,,,WorthPoint
kt-boundary,Cretaceous KT Boundary Matrix Specimen Trochu Canada K-T Layer End Of Dinosaurs,10,2018-02-15,,,WorthPoint
kt-boundary,Meteorite Impact Crater Impactite Breccia Rock Collection 10 Localities Set #2,60,2018-01-07,,,WorthPoint
kt-boundary,Cretaceous–Tertiary (K–T) Kt Boundary. Jar With 8-10 Grams. #2,20,2017-12-21,10,2,WorthPoint
kt-boundary,Microtektites From 66-mya K-T Mass Extinction,14.25,2017-12-16,,,WorthPoint
kt-boundary,"66-mya Beloc, Haiti K-T Boundary Material Confirmeing Mass Extinctions",20.5,2017-11-29,,,WorthPoint
kt-boundary,Saloon #10 Deadwood South Dakota .999 Silver/gold Gilded Token,35,2017-09-06,,,WorthPoint
kt-boundary,KT Boundary Material - 65 Million Year Old Scientific Sample # 1037 Wt. Apx 3gm,10.5,2017-07-03,3,3.5,WorthPoint
kt-boundary,KT Boundary Material - Cretaceous Age Petrified Wood #1026 Net Wt 348gm,20,2017-05-06,348,0.06,WorthPoint
kt-boundary,"Rarely Offered MICROTEKTITES From K-T Boundary, Beloc, Haiti (Loose In A Slide)",16.05,2017-05-04,,,WorthPoint
kt-boundary,F.B Rogers Silver Co. Individual Crystal Salt & Pepper (6) (KT018),26.99,2016-12-18,,,WorthPoint
kt-boundary,Vintage Mid Century Modern Round Chrome Ice Bucket (KT.239),58.99,2016-12-10,,,WorthPoint
kt-boundary,"BALLPOINT PEN, EXOTIC COCOBOLO WOOD FROM HONDURAS With 14 KT Gold PLATED TRIM",11,2016-12-06,,,WorthPoint
kt-boundary,Handmade 30 Cal Twist Style Bullet Pen In Stabilized Cocobolo Wood & 22 Kt Gold,15.25,2016-08-17,,,WorthPoint
kt-boundary,"Custom Hand Made Exotic Cocobolo Cigar Pen,trimmed In 22 Kt Gold, Free Shipping",18.95,2016-07-23,,,WorthPoint
kt-boundary,"Ballpoint Pen, Custom Made From Buckeye Burl Infused With Acrylics Beautiful",10.99,2016-06-28,,,WorthPoint
kt-boundary,"Custom Made Buckeye Burl Infused With Acrylic, Ballpoint Pen",17.99,2016-05-15,,,WorthPoint
kt-boundary,Caesars Atlantic City New Jersey $100 Bi-metal Gaming Token,160,2016-03-28,,,WorthPoint
kt-boundary,Carlos Santana Supernatural: 24kt Gold Plated Record Limited Edition #507/2500,300,2016-03-15,,,WorthPoint
kt-boundary,Vintage Red Enameled Wood Handle Coiled Wire Whisk (KT.225),12.99,2016-01-31,,,WorthPoint
kt-boundary,Vintage Copper Candy Pan Brass Handle And Knob (KT.266),19.99,2016-01-31,,,WorthPoint
kt-boundary,"KT Boundary Sample, Hell Creek, Cretaceous, Dinosaurs Extinction",27,2016-01-23,,,WorthPoint
kt-boundary,RARE Libyan Desert Glass Carving Meteorite Impactite Cabochon Tektite Pendant,36,2016-01-20,,,WorthPoint
kt-boundary,Vintage Prudential Stainless Steel Wheat Large Long Handle Serving Spoon (KT.251,12.99,2016-01-20,,,WorthPoint
kt-boundary,Adjustable Thickness Metal Hamburger 3/4 Lb-1/4 Lb. Patty Press (KT.269),19.99,2016-01-20,,,WorthPoint
kt-boundary,Vintage Wide Mouth Tin Aluminum Ribbed Canning Funnel (KT.279),12.99,2016-01-20,,,WorthPoint
kt-boundary,Libyan Desert Glass NATURAL HOLE Meteorite Impact Impactite Tektite Egypt Sahara,175,2016-01-13,,,WorthPoint
kt-boundary,PREMIUM A++ GEM Libyan Desert Glass Meteorite 2 OZ Impact Tektite Sahara Desert,260,2015-12-31,56.7,4.59,WorthPoint
kt-boundary,Vintage 'Nutbrown' Sandwich Toaster Made In England (KT.242),16.99,2015-12-13,,,WorthPoint
kt-boundary,20 Pc Design Concepts Classic Elegance Fine China 24 Kt Gold Bands NIB,45.99,2015-12-01,,,WorthPoint
kt-boundary,Vintage Clock Face Demitasse Cups & Saucer Set Of 4 (KT.050),29.99,2015-11-10,,,WorthPoint
kt-boundary,Vintage Ohata China Occupied Japan Gooseberry Cup And Saucer Set (KT.102),25.99,2015-10-31,,,WorthPoint
kt-boundary,Libyan Desert Impact Glass Meteorite Tektite Impactite Sahara Egypt Crystal Gem,20.51,2015-10-08,,,WorthPoint
kt-boundary,Blue & White Porcelain Handle Wooden Salad Fork & Spoon (KT-010),18.99,2014-11-21,,,WorthPoint
kt-boundary,Cretaceous KT Boundary Hell Creek Black Tektite Glass Burn Evidence Dinosaur Bed,15,2014-10-18,,,WorthPoint
kt-boundary,Microtektites Beloc Haiti - K-Pg Boundary,95,2014-10-16,,,WorthPoint
kt-boundary,"KT Boundary Layer 81 Grams, From The Mark Bostick Collection",20,2014-10-13,81,0.25,WorthPoint
kt-boundary,Vintage Frosted Grape Juice Glasses Set Of 4 (KT-004),19.99,2014-08-30,,,WorthPoint
kt-boundary,Vintage Cast Metal Masters Burger Hamburger Press (KT-020),19.5,2014-06-30,,,WorthPoint
kt-boundary,"11.8 Gram KT Boundary Clay - Agost, Spain - Dinosaur Killer",25,2014-06-01,11.8,2.12,WorthPoint
kt-boundary,Impactite Breccia 3-crater Hand Sample Set Serpent Mound Jeptha Knob Flynn Creek,29.99,2014-03-20,,,WorthPoint
kt-boundary,KT Boundary Material Assortment - 65 Million Year Old Scientific Sample # 1021,10,2013-12-21,,,WorthPoint
kt-boundary,Cretaceous KT Boundary Hell Creek Sample Black Glass Burn Evidence Dinosaur Beds,15,2013-12-20,,,WorthPoint
kt-boundary,"KT Boundary Sample - Hell Creek, 65 Million Years, Dinosaur Extinction KP Event",11.05,2013-09-18,,,WorthPoint
kt-boundary,DOZENS Of 65-mya Micro-Tektites In Microscope Well-Slide,62,2013-09-10,,,WorthPoint
kt-boundary,Antique Georgian Victorian 9 Ct Carat Gold Porcelain Zeus Hera Hermes Brooch Pin,271.55,2013-08-08,1.8,150.86,WorthPoint
kt-boundary,Map 1940 Map Military OS SE London And Sevenoaks Kent Tatty Condition,14.87,2013-07-08,,,WorthPoint
kt-boundary,Handmade Cocobolo Rosewood 30 Caliber 24kt Gold Bullet Twist Pen,27.99,2013-07-07,,,WorthPoint
kt-boundary,"3 Herend Printstemps Plates Dinner,salad,bread&butter W Hp Floral",71.99,2013-05-22,,,WorthPoint
kt-boundary,Kyosho DBX 2.0 Type1 1/10 Nitro Buggy 4wd W/ 2.4ghz Red,274.95,2013-04-22,2.4,114.56,WorthPoint
kt-boundary,MICRO-TEKTITES From 65-mya MASS EXTINCTIONS,21.71,2013-04-06,,,WorthPoint
kt-boundary,Scotland Royalty Marquess & Marchioness Of Aberdeen & Temair Vintage Photo 1925,14,2013-03-24,,,WorthPoint
kt-boundary,"George Hamilton-Gordon, Earl Of Aberdeen - MP & Prime Minister - After A. Wivell",9.05,2013-02-26,,,WorthPoint
kt-boundary,Ibanez JEM70V-SFG (Sea Foam Green) !Steve Vai's New Jem! BRAND NEW!,1144.95,2013-02-24,,,WorthPoint
kt-boundary,4 Pieces Of Super Rare KT Boundary Material - From The Day The Dinos Died!,7.72,2013-02-20,,,WorthPoint
kt-boundary,"KT Boundary Sample, Cretaceous/Tertiary Dinosaur Extinction Event, Rock, Fossil",7.68,2013-02-18,,,WorthPoint
kt-boundary,Kyosho DBX 2.0 Type1 1/10 Nitro Buggy 4wd W/ 2.4ghz BLUE,274.95,2012-11-28,2.4,114.56,WorthPoint
kt-boundary,Old Vintage City Of London Picture Book,23.89,2012-11-22,,,WorthPoint
kt-boundary,"Ibanez RGA72QMZ Electric Guitar, Quilted Maple Top - B Stock RRP £599",500.32,2012-05-26,,,WorthPoint
kt-boundary,"GEORGE HAMILTON-GORDON, 4th EARL ABERDEEN KG KT FRS [1784-1860] Prime Minister.",36.1,2012-03-05,,,WorthPoint
kt-boundary,"18 Kt Charles Krypell Diamond & Sapphire Ring NO RESERVE Value Well Over $4,500",1925,2012-02-12,,,WorthPoint
kt-boundary,Ultra Rare K-t Boundary Material -killed The Dinosaurs!,7.7,2012-01-19,,,WorthPoint
kt-boundary,Hibben Eye Of Drakonus 1st Production #1319 Limited #s,22.5,2011-07-20,,,WorthPoint
kt-boundary,Kyosho [31096] 1/10 GP 4WD RACING BUGGY DBX Readyset,400,2011-07-02,10,40,WorthPoint
kt-boundary,Kyosho [31097t2] 1/10 GP 4WD STADIUM TRUCK DST Readyset,390,2011-07-02,10,39,WorthPoint
kt-boundary,Kyosho DST Type 2 1/10th 4WD Nitro Off Road Ready Set,239.99,2011-06-22,,,WorthPoint
kt-boundary,Kyosho DBX 2.0 Type1 1/10 Nitro Buggy 4wd W/ 2.4ghz BLU,274.95,2011-06-09,2.4,114.56,WorthPoint
kt-boundary,1/36 LOSI Micro Desert RC Like New,59.95,2011-05-06,,,WorthPoint
kt-boundary,1/36 LOSI Micro High Roller RC Like New,69.95,2011-04-27,,,WorthPoint
kt-boundary,Franklin Library: Signed: Uris: Arabs: Middle East,49.95,2011-04-18,,,WorthPoint
kt-boundary,Easton Press: President James Monroe: Virginia,39.95,2011-03-06,,,WorthPoint
kt-boundary,Kyosho Dst 1/10 Nitro Truggy...rtr...awesome!!!!,167.5,2011-02-13,,,WorthPoint
kt-boundary,Stanislaus River Placer Gold Flake Natural Gold Nugget,20,2011-02-12,,,WorthPoint
kt-boundary,Kyosho DBX 1/10th 4WD Nitro Ready Set Buggy/KT6 Radio,239.99,2010-10-26,,,WorthPoint
kt-boundary,Lesbian Novels Lot Romance Adventure Mystery RADCLYFFE,13.01,2010-08-19,,,WorthPoint
kt-boundary,65-MY Old MICRO-TEKTITES In A Microscope Well Slide,20.45,2010-07-06,,,WorthPoint
kt-boundary,Carlos Santana Supernatural Gold LP Record Collectable,100,2010-04-15,,,WorthPoint
kt-boundary,DINOSAUR EXTINCTION MICRO-TEKTITES 65-million Year Old,13.01,2009-10-31,,,WorthPoint
kt-boundary,Franklin Library: Signed: Leon Uris: Haj: Islamic World,49.95,2009-10-27,,,WorthPoint
kt-boundary,Jeptha Knob Impact Breccia Impactite Astrobleme Big Lot,59.99,2009-07-20,,,WorthPoint
kt-boundary,Kyosho DBX 1/10th 4WD Nitro Ready Set Buggy W/ENGINE,229,2009-05-22,,,WorthPoint
kt-boundary,Kyosho Dst Rtr Nitro Rc Truggy,199,2009-03-05,,,WorthPoint
kt-boundary,65-million Year Old DINOSAUR EXTINCTION MICRO-TEKTITES,24.95,2008-12-25,,,WorthPoint
kt-boundary,Meteorite Impact Breccia Jeptha Knob (Crater) Polished!,19.99,2008-08-09,,,WorthPoint
kt-boundary,DINOSAUR EXTINCTION Micro-Tektites 65-million Years Old,20.5,2008-07-11,,,WorthPoint
kt-boundary,"2 1/8"" Ammonite Spiral Fossil RARE TYPE _ NAUTILUS",16,2008-05-11,,,WorthPoint
kt-boundary,Pallasite Platinum Palladium Gold Ore Stillwater Mine,78.77,2008-04-19,,,WorthPoint
kt-boundary,British Prime Minister 4th Earl Of Aberdeen Signed Env,52.67,2008-02-08,,,WorthPoint
kt-boundary,Many 65-MY Old MICRO-TEKTITES In Microscope Well Slide,17.57,2007-10-25,,,WorthPoint
kt-boundary,65-MY Old MICRO-TEKTITES In Microscope Slide,22.49,2007-10-18,,,WorthPoint
kt-boundary,Large Polished Ammonite Goniatites With Stand,35,2007-10-09,,,WorthPoint
kt-boundary,DOZENS Of 65-MYA MICRO-TEKTITES In Microscope Slide,24.5,2007-09-13,,,WorthPoint
kt-boundary,Antique Nouveau Jewelry Cask Box + Old Buttons Lot,26,2007-08-02,,,WorthPoint
kt-boundary,"65-mya MICRO-TEKTITES, DOZENS In Microscope Well Slide",20.5,2007-06-26,,,WorthPoint
kt-boundary,"MICRO-TEKTITES , DOZENS, 65-mya, Microscope Well Slide",20.7,2007-04-20,,,WorthPoint
kt-boundary,DOZENS Of 65-mya MICRO-TEKTITES In A MICROSCOPE SLIDE,22.5,2007-04-12,,,WorthPoint
kt-boundary,"65-mya MICRO-TEKTITES, DOZENS In A MICROSCOPE SLIDE",32,2007-04-05,,,WorthPoint
kt-boundary,K-T BOUNDARY MICRO-TEKTITES: DOZENS In Microscope Slide,26.12,2007-03-23,,,WorthPoint
kt-boundary,Dozens Of K-T BOUNDARY MICRO-TEKTITES In A SLIDE,36.99,2007-02-21,,,WorthPoint
kt-boundary,Dozens Of Remarkable K-T BOUNDARY MICRO-TEKTITES,52.98,2007-02-07,,,WorthPoint
