material_slug,title,price_usd,sale_date,weight_grams,price_per_gram,source
libyan-desert-glass,Libyan Desert Glass Meteorite Tektite Impact Stone 77gm 385ct Dimples Rare Gem,27,2026-01-23,77,0.35,WorthPoint
libyan-desert-glass,Libyan Desert Glass Meteorite Tektite Impact Stone 44gm 220ct Dimples Rare Gem,33,2026-01-23,44,0.75,WorthPoint
libyan-desert-glass,Libyan Desert Glass Meteorite Tektite Impact Stone 40.3gm 201ct Dimples Rare Gem,15.5,2026-01-23,40.3,0.38,WorthPoint
libyan-desert-glass,Libyan Desert Glass Meteorite Tektite Impact Stone 56.2gm 281ct Dimples Rare Gem,25,2026-01-23,56.2,0.44,WorthPoint
libyan-desert-glass,Libyan Desert Glass Meteorite Tektite Impact Stone 56gm 280ct Dimples Rare Gem,18.5,2026-01-23,56,0.33,WorthPoint
libyan-desert-glass,41G Libyan Desert Glass Meteorite Tektite Impact Specimen Dimples Gem AAAA,28,2026-01-23,41,0.68,WorthPoint
libyan-desert-glass,70G Libyan Desert Glass Meteorite Tektite Impact Specimen Dimples Gem AAAA,23.5,2026-01-23,70,0.34,WorthPoint
libyan-desert-glass,104G Libyan Desert Glass Meteorite Tektite Impact Specimen Dimples Gem AAAA,32,2026-01-23,104,0.31,WorthPoint
libyan-desert-glass,66G Libyan Desert Glass Meteorite Tektite Impact Specimen Dimples Gem AAAA,26,2026-01-23,66,0.39,WorthPoint
libyan-desert-glass,52G Libyan Desert Glass Meteorite Tektite Impact Specimen Dimples Gem AAAA,17.5,2026-01-23,52,0.34,WorthPoint
libyan-desert-glass,69G Libyan Desert Glass Meteorite Tektite Impact Specimen Dimples Gem AAAA,21.5,2026-01-23,69,0.31,WorthPoint
libyan-desert-glass,47G Libyan Desert Glass Meteorite Tektite Impact Specimen Dimples Gem AAAA,27,2026-01-23,47,0.57,WorthPoint
libyan-desert-glass,140G Libyan Desert Glass Meteorite Tektite Impact Specimen Dimples Gem AAAA,21,2026-01-23,140,0.15,WorthPoint
libyan-desert-glass,88G Libyan Desert Glass Meteorite Tektite Impact Specimen Dimples Gem AAAA,16,2026-01-23,88,0.18,WorthPoint
libyan-desert-glass,Libyan Desert Glass Meteorite Tektite Impact Specimen Dimples Gem AAAA 32G,13.5,2026-01-23,32,0.42,WorthPoint
libyan-desert-glass,49G Libyan Desert Glass Meteorite Tektite Impact Specimen Dimples Gem AAAA,13.5,2026-01-23,49,0.28,WorthPoint
libyan-desert-glass,"Beautiful Agoudal Iron Meteorite Specimen, Astronomy Gift, Space, 9.62g",43.2,2026-01-22,9.62,4.49,WorthPoint
libyan-desert-glass,"Beautiful Agoudal Iron Meteorite Specimen 5.02 Grams, Astronomy Gift, Space",28,2026-01-22,5.02,5.58,WorthPoint
libyan-desert-glass,Libyan Desert Glass Meteorite Tektite Impact Stone 60gm 300ct Dimples Rare Gem,22,2026-01-22,60,0.37,WorthPoint
libyan-desert-glass,Libyan Desert Glass Meteorite Tektite Impact Stone 26.5gm 132ct Dimples Rare Gem,12.5,2026-01-22,26.5,0.47,WorthPoint
libyan-desert-glass,Libyan Desert Glass Meteorite Tektite Impact Stone 46gm 230ct Dimples Rare Gem,20,2026-01-22,46,0.43,WorthPoint
libyan-desert-glass,Libyan Desert Glass Meteorite Tektite Impact Stone 29.5gm 147ct Dimples Rare Gem,10.5,2026-01-22,29.5,0.36,WorthPoint
libyan-desert-glass,Libyan Desert Glass Meteorite Tektite Impact Stone 45.6gm 228ct Dimples Rare Gem,20,2026-01-22,45.6,0.44,WorthPoint
libyan-desert-glass,"Beautiful Agoudal Iron Meteorite Specimen 23.21 Grams, Astronomy Gift, Space",83.2,2026-01-22,23.21,3.58,WorthPoint
libyan-desert-glass,83G Libyan Desert Glass Meteorite Tektite Impact Specimen Dimples Gem AAAA,35.99,2026-01-22,83,0.43,WorthPoint
libyan-desert-glass,241G Libyan Desert Glass Meteorite Tektite Impact Specimen Dimples Gem AAAA,86,2026-01-22,241,0.36,WorthPoint
libyan-desert-glass,233G Libyan Desert Glass Meteorite Tektite Impact Specimen Dimples Gem AAAA,71,2026-01-22,233,0.3,WorthPoint
libyan-desert-glass,336G Libyan Desert Glass Meteorite Tektite Impact Specimen Dimples Gem AAAA,77.99,2026-01-22,336,0.23,WorthPoint
libyan-desert-glass,159G Libyan Desert Glass Meteorite Tektite Impact Specimen Dimples Gem AAAA,60,2026-01-22,159,0.38,WorthPoint
libyan-desert-glass,96G Libyan Desert Glass Meteorite Tektite Impact Specimen Dimples Gem AAAA,10.5,2026-01-22,96,0.11,WorthPoint
libyan-desert-glass,134G Libyan Desert Glass Meteorite Tektite Impact Specimen Dimples Gem AAAA,10.5,2026-01-22,134,0.08,WorthPoint
libyan-desert-glass,110G Libyan Desert Glass Meteorite Tektite Impact Specimen Dimples Gem AAAA,33.51,2026-01-22,110,0.3,WorthPoint
libyan-desert-glass,119G Libyan Desert Glass Meteorite Tektite Impact Specimen Dimples Gem AAAA,17.05,2026-01-22,119,0.14,WorthPoint
libyan-desert-glass,99G Libyan Desert Glass Meteorite Tektite Impact Specimen Dimples Gem AAAA,28.02,2026-01-22,99,0.28,WorthPoint
libyan-desert-glass,224G Libyan Desert Glass Meteorite Tektite Impact Specimen Dimples Gem AAAA,50.55,2026-01-22,224,0.23,WorthPoint
libyan-desert-glass,Lot Of FIVE! Ancient Translucent LIBYAN Desert GLASS Artifacts From Egypt 9.22gr,29.99,2026-01-22,9.22,3.25,WorthPoint
libyan-desert-glass,Libyan Desert Glass Meteorite Tektite Impact Specimen( 55 Crt) Super Gem AAAA+,10.49,2026-01-22,,,WorthPoint
libyan-desert-glass,Libyan Desert Glass Meteorite Tektite Impact Stone 45gm 225ct Dimples Rare Gem,12.5,2026-01-21,45,0.28,WorthPoint
libyan-desert-glass,Ancient Neolithic ARTIFACT Of LIBYAN Desert Glass Found In Egypt 6.06,19.99,2026-01-21,,,WorthPoint
libyan-desert-glass,18.3G Libyan Desert Glass Meteorite Tektite Impact Specimen Dimples Gem AAAA,15.49,2026-01-21,18.3,0.85,WorthPoint
libyan-desert-glass,35G Libyan Desert Glass Meteorite Tektite Impact Specimen Dimples Gem AAAA,25.49,2026-01-21,35,0.73,WorthPoint
libyan-desert-glass,32G Libyan Desert Glass Meteorite Tektite Impact Specimen Dimples Gem AAAA,17.5,2026-01-21,32,0.55,WorthPoint
libyan-desert-glass,14G Libyan Desert Glass Meteorite Tektite Impact Specimen Dimples Gem AAAA,13,2026-01-21,14,0.93,WorthPoint
libyan-desert-glass,Gadamis 010 NEW Angrite Meteorite Slice 2.831g â€“ Al-Ti Rich Augite,375,2026-01-21,2.831,132.46,WorthPoint
libyan-desert-glass,"Libyan Desert Glass: Authentic Meteorite Impact Glass, Top Quality , 63.28g",253.6,2026-01-21,63.28,4.01,WorthPoint
libyan-desert-glass,12.5+mm Natural Libyan Desert Glass Meteorite Tekt Bracelet W/ Cristobalite Incl,250,2026-01-20,,,WorthPoint
libyan-desert-glass,38.35Ct Natural Libyan Desert Glass Tektite Impact Specimen Gold Meteorite AL726,15.4,2026-01-19,7.67,2.01,WorthPoint
libyan-desert-glass,12.5G Libyan Desert Glass Meteorite Tektite Impact Specimen Dimples Gem AAAA,10,2026-01-19,12.5,0.8,WorthPoint
libyan-desert-glass,12.7G Libyan Desert Glass Meteorite Tektite Impact Specimen Dimples Gem AAAA,11,2026-01-19,12.7,0.87,WorthPoint
libyan-desert-glass,18G Libyan Desert Glass Meteorite Tektite Impact Specimen Dimples Gem AAAA,15,2026-01-19,18,0.83,WorthPoint
libyan-desert-glass,"Meteorite**Gadamis 010, Angrite**2.384 Gram, ULTRA RARE NEW ANGRITE!! ðŸ”¥ ðŸ”¥ ðŸ”¥",121.71,2026-01-18,2.384,51.05,WorthPoint
libyan-desert-glass,"Meteorite**Gadamis 010, Angrite**0.880 Gram, ULTRA RARE NEW ANGRITE!! ðŸ”¥ ðŸ”¥ ðŸ”¥",51,2026-01-18,0.88,57.95,WorthPoint
libyan-desert-glass,44g Tektite Libyan Desert Glass Meteorite Impacts Molten Stone,38.9,2026-01-18,44,0.88,WorthPoint
libyan-desert-glass,Rare Snow 7.6mm Natural Libyan Desert Glass Meteorite Tektite Beaded Bracelet,88,2026-01-17,,,WorthPoint
libyan-desert-glass,30.75Ct Natural Libyan Desert Glass Tektite Impact Specimen Gold Meteorite AL687,11.5,2026-01-16,6.15,1.87,WorthPoint
libyan-desert-glass,"Beautiful Agoudal Iron Meteorite Specimen, 41.46 Grams, Astronomy Gift, Space",116.8,2026-01-16,41.46,2.82,WorthPoint
libyan-desert-glass,"Beautiful Agoudal Iron Meteorite Specimen 31.45 Grams, Astronomy Gift, Space",88.8,2026-01-15,31.45,2.82,WorthPoint
libyan-desert-glass,Libyan Desert Glass Meteorite Tektite Impact Specimen(175 Crt) Dimples Gem AAA+,65,2026-01-15,,,WorthPoint
libyan-desert-glass,Libyan Desert Glass Meteorite Tektite Impact Specimen(112 Crt)Very Dark Gem AA+,37.49,2026-01-15,,,WorthPoint
libyan-desert-glass,40Ct Natural Libyan Desert Glass Tektite Impact Specimen Gold Meteorite AL679,20,2026-01-15,8,2.5,WorthPoint
libyan-desert-glass,Libyan Desert Glass Meteorite Tektite Impact Stone 31gm 155ct Dimples Rare Gem,15.5,2026-01-15,31,0.5,WorthPoint
libyan-desert-glass,"Beautiful Agoudal Iron Meteorite Specimen 47.13 Grams, Astronomy Gift, Space",132,2026-01-15,47.13,2.8,WorthPoint
libyan-desert-glass,Libyan Desert Glass Meteorite Tektite Impact Specimen( 125 Crt) Dark Gem AAA+,44.93,2026-01-14,,,WorthPoint
libyan-desert-glass,"Agoudal Meteorite Pendant, Morocco Meteorite, Space Gift, 7.79 Grams",47.2,2026-01-14,7.79,6.06,WorthPoint
libyan-desert-glass,Libyan Desert Glass Meteorite Tektite Impact Specimen( 497 Crt)Super Gem AAAA+,195,2026-01-14,,,WorthPoint
libyan-desert-glass,Libyan Desert Glass Meteorite Tektite Impact Specimen( 285 Crt) Yellow Gem AA+,110,2026-01-14,,,WorthPoint
libyan-desert-glass,Libyan Desert Glass Meteorite Tektite Impact Specimen(164 Crt) Super Dark AAAA+,69.99,2026-01-14,,,WorthPoint
libyan-desert-glass,Libyan Desert Glass Meteorite Tektite Impact Stone 17gm 85ct Dimples Rare Gem,15.49,2026-01-14,17,0.91,WorthPoint
libyan-desert-glass,Libyan Desert Glass Meteorite Tektite Impact Stone 175gm 875ct Dimples Rare Gem,20.5,2026-01-14,175,0.12,WorthPoint
libyan-desert-glass,Libyan Desert Glass Meteorite Tektite Impact Specimen(250 Crt)Yellow Gem AAA+,74.98,2026-01-14,,,WorthPoint
libyan-desert-glass,11G Libyan Desert Glass Meteorite Tektite Impact Specimen Dimples Gem AAAA,11,2026-01-14,11,1,WorthPoint
libyan-desert-glass,Libyan Desert Glass Meteorite Tektite Impact Specimen( 110 Crt) Natural Hole Gem,47,2026-01-14,,,WorthPoint
libyan-desert-glass,Libyan Desert Glass Meteorite Tektite Impact Specimen( 17 Crt) Yellow Gem AAA+,13.3,2026-01-14,,,WorthPoint
libyan-desert-glass,Libyan Desert Glass Meteorite Tektite Impact Specimen( 375 Crt) Yellow Gem AAAA+,179.99,2026-01-13,,,WorthPoint
libyan-desert-glass,Libyan Desert Glass Meteorite Tektite Impact Specimen( 260 Crt)Super Gem AAAA+,94,2026-01-13,,,WorthPoint
libyan-desert-glass,Libyan Desert Glass Meteorite Tektite Impact Stone 166gm 830ct Dimples Rare Gem,21.5,2026-01-13,166,0.13,WorthPoint
libyan-desert-glass,Libyan Desert Glass Meteorite Tektite Impact Stone 93gm 465ct Dimples Rare Gem,16.5,2026-01-13,93,0.18,WorthPoint
libyan-desert-glass,"Meteorite**Gadamis 010, Angrite**2.273 Gram, ULTRA RARE NEW ANGRITE!! ðŸ”¥ ðŸ”¥ ðŸ”¥",399,2026-01-13,2.273,175.54,WorthPoint
libyan-desert-glass,Libyan Desert Glass Meteorite Tektite Impact Specimen( 215 Crt) Super Gem AAAA+,115,2026-01-13,,,WorthPoint
libyan-desert-glass,Libyan Desert Glass Meteorite Tektite Impact Specimen( 77 Crt)Super Gem AAAA+,29.99,2026-01-12,,,WorthPoint
libyan-desert-glass,55.2Ct Natural Libyan Desert Glass Tektite Impact Specimen Gold Meteorite AL617,20,2026-01-12,11.04,1.81,WorthPoint
libyan-desert-glass,Libyan Desert Glass Meteorite Tektite Impact Stone 7.8gm 39ct Dimples Rare Gem,10,2026-01-12,7.8,1.28,WorthPoint
libyan-desert-glass,Libyan Desert Glass Meteorite Tektite Impact Stone 21gm 105ct Dimples Rare Gem,11,2026-01-12,21,0.52,WorthPoint
libyan-desert-glass,Libyan Desert Glass Pendant Sterling Silver [VC],11.6,2026-01-12,,,WorthPoint
libyan-desert-glass,"Meteorite**Gadamis 010, Angrite**3.947 Gram, ULTRA RARE NEW ANGRITE!! ðŸ”¥ ðŸ”¥ ðŸ”¥",306,2026-01-11,3.947,77.53,WorthPoint
libyan-desert-glass,"Meteorite**Gadamis 010, Angrite**2.520 Gram, ULTRA RARE NEW ANGRITE!! ðŸ”¥ ðŸ”¥ ðŸ”¥",185.5,2026-01-11,2.52,73.61,WorthPoint
libyan-desert-glass,Libyan Desert Glass Meteorite Tektite Impact Specimen( 25 Crt)Super Gem AAAA+,14.99,2026-01-11,,,WorthPoint
libyan-desert-glass,26G Libyan Desert Glass Meteorite Tektite Impact Specimen Dimples Gem AAAA,20.5,2026-01-11,26,0.79,WorthPoint
libyan-desert-glass,188G Libyan Desert Glass Meteorite Tektite Impact Specimen Dimples Gem AAAA,41,2026-01-11,188,0.22,WorthPoint
libyan-desert-glass,258G Libyan Desert Glass Meteorite Tektite Impact Specimen Dimples Gem AAAA,42,2026-01-11,258,0.16,WorthPoint
libyan-desert-glass,374G Libyan Desert Glass Meteorite Tektite Impact Specimen Dimples Gem AAAA,75,2026-01-11,374,0.2,WorthPoint
libyan-desert-glass,109G Libyan Desert Glass Meteorite Tektite Impact Specimen Dimples Gem AAAA,26,2026-01-11,109,0.24,WorthPoint
libyan-desert-glass,84G Libyan Desert Glass Meteorite Tektite Impact Specimen Dimples Gem AAAA,41,2026-01-11,84,0.49,WorthPoint
libyan-desert-glass,80G Libyan Desert Glass Meteorite Tektite Impact Specimen Dimples Gem AAAA,22.5,2026-01-11,80,0.28,WorthPoint
libyan-desert-glass,59G Libyan Desert Glass Meteorite Tektite Impact Specimen Dimples Gem AAAA,30.99,2026-01-11,59,0.53,WorthPoint
libyan-desert-glass,46G Libyan Desert Glass Meteorite Tektite Impact Specimen Dimples Gem AAAA,23.5,2026-01-11,46,0.51,WorthPoint
libyan-desert-glass,71G Libyan Desert Glass Meteorite Tektite Impact Specimen Dimples Gem AAAA,22.5,2026-01-11,71,0.32,WorthPoint
libyan-desert-glass,48G Libyan Desert Glass Meteorite Tektite Impact Specimen Dimples Gem AAAA,22,2026-01-11,48,0.46,WorthPoint
libyan-desert-glass,38G Libyan Desert Glass Meteorite Tektite Impact Specimen Dimples Gem AAAA,20,2026-01-11,38,0.53,WorthPoint
libyan-desert-glass,81G Libyan Desert Glass Meteorite Tektite Impact Specimen Dimples Gem AAAA,22.5,2026-01-11,81,0.28,WorthPoint
libyan-desert-glass,44.7G Libyan Desert Glass Meteorite Tektite Impact Specimen Dimples Gem AAAA,21.5,2026-01-11,44.7,0.48,WorthPoint
libyan-desert-glass,Libyan Desert Glass Meteorite Tektite Impact Specimen(40 Crt)Cristobalite Gem,14.99,2026-01-10,,,WorthPoint
libyan-desert-glass,Libyan Desert Glass Meteorite Tektite Impact Specimen( 160 Crt)Super Gem AAAA+,59.99,2026-01-10,,,WorthPoint
libyan-desert-glass,Libyan Desert Glass 127.35g Translucent Impactite - Not A Meteorite,125,2026-01-10,127.35,0.98,WorthPoint
libyan-desert-glass,Libyan Desert Glass 35.34g Translucent Impactite - Not A Meteorite,71,2026-01-10,35.34,2.01,WorthPoint
libyan-desert-glass,13.5+mm Natural Libyan Desert Glass Meteorite Tekt Bracelet W/ Cristobalite Incl,270,2026-01-10,,,WorthPoint
libyan-desert-glass,11mm Natural Libyan Desert Glass Meteorite Tektite Beaded Bracelet - RARE,180,2026-01-10,,,WorthPoint
libyan-desert-glass,35.1Ct Natural Libyan Desert Glass Tektite Impact Specimen Gold Meteorite AL580,15,2026-01-09,7.02,2.14,WorthPoint
libyan-desert-glass,Libyan Desert Glass Meteorite Tektite Impact Stone 14gm 60ct Dimples Rare Gem,10.49,2026-01-09,14,0.75,WorthPoint
libyan-desert-glass,Libyan Desert Glass Meteorite Tektite Impact Specimen( 322 Crt)Dark Gem AAAA+,108,2026-01-09,,,WorthPoint
libyan-desert-glass,Libyan Desert Glass 86.64g Translucent Impactite - Not A Meteorite,102.5,2026-01-09,86.64,1.18,WorthPoint
libyan-desert-glass,57g Tektite Libyan Desert Glass Meteorite Impacts Molten Stone,58,2026-01-08,57,1.02,WorthPoint
libyan-desert-glass,Libyan Desert Glass Meteorite Tektite Impact Specimen(60 Crt)HEART Gem AAAA+,29.99,2026-01-07,,,WorthPoint
libyan-desert-glass,173G Libyan Desert Glass Meteorite Tektite Impact Specimen Dimples Gem AAAA,51,2026-01-07,173,0.29,WorthPoint
libyan-desert-glass,129G Libyan Desert Glass Meteorite Tektite Impact Specimen Dimples Gem AAAA,42,2026-01-07,129,0.33,WorthPoint
libyan-desert-glass,45G Libyan Desert Glass Meteorite Tektite Impact Specimen Dimples Gem AAAA,18.5,2026-01-07,45,0.41,WorthPoint
libyan-desert-glass,55G Libyan Desert Glass Meteorite Tektite Impact Specimen Dimples Gem AAAA,21.51,2026-01-07,55,0.39,WorthPoint
libyan-desert-glass,58G Libyan Desert Glass Meteorite Tektite Impact Specimen Dimples Gem AAAA,20.5,2026-01-07,58,0.35,WorthPoint
libyan-desert-glass,54G Libyan Desert Glass Meteorite Tektite Impact Specimen Dimples Gem AAAA,35,2026-01-07,54,0.65,WorthPoint
libyan-desert-glass,Libyan Desert Glass Meteorite Tektite Impact Specimen( 30 Crt) Cristobalit AAA+,19.99,2026-01-06,,,WorthPoint
libyan-desert-glass,Libyan Desert Glass Meteorite Tektite Impact Stone 181gm 905ct Dimples Rare Gem,32.02,2026-01-06,181,0.18,WorthPoint
libyan-desert-glass,Libyan Desert Glass Meteorite Tektite Impact Specimen( 44 Crt)Cristobalite Gem,25,2026-01-06,,,WorthPoint
libyan-desert-glass,"Meteorite**Gadamis 010, Angrite**1.037 Gram, ULTRA RARE NEW ANGRITE!! ðŸ”¥ ðŸ”¥ ðŸ”¥",299.99,2026-01-06,1.037,289.29,WorthPoint
libyan-desert-glass,103G Libyan Desert Glass Meteorite Tektite Impact Specimen Dimples Gem AAAA,15.5,2026-01-06,103,0.15,WorthPoint
libyan-desert-glass,95G Libyan Desert Glass Meteorite Tektite Impact Specimen Dimples Gem AAAA,32.99,2026-01-06,95,0.35,WorthPoint
libyan-desert-glass,51G Libyan Desert Glass Meteorite Tektite Impact Specimen Dimples Gem AAAA,26.99,2026-01-06,51,0.53,WorthPoint
libyan-desert-glass,85G Libyan Desert Glass Meteorite Tektite Impact Specimen Dimples Gem AAAA,21.49,2026-01-06,85,0.25,WorthPoint
libyan-desert-glass,60G Libyan Desert Glass Meteorite Tektite Impact Specimen Dimples Gem AAAA,28,2026-01-06,60,0.47,WorthPoint
libyan-desert-glass,Libyan Desert Glass Meteorite Tektite Impact Stone 108gm 540ct Dimples Rare Gem,21.5,2026-01-05,108,0.2,WorthPoint
libyan-desert-glass,Libyan Desert Glass Meteorite Tektite Impact Stone 52.6gm 263ct Dimples Rare Gem,11.5,2026-01-05,52.6,0.22,WorthPoint
libyan-desert-glass,Libyan Desert Glass Meteorite Tektite Impact Stone 100gm 500ct Dimples Rare Gem,20.51,2026-01-05,100,0.21,WorthPoint
libyan-desert-glass,Libyan Desert Glass Meteorite Tektite Impact Specimen( 49 Crt)Cristobalit Gem A+,27.99,2026-01-05,,,WorthPoint
libyan-desert-glass,"FORTY Different GREAT IMPACTITES Of The WORLD, Weight One-lb., 10-oz. (3/4-Kilo)",95.95,2026-01-05,,,WorthPoint
libyan-desert-glass,77G Libyan Desert Glass Meteorite Tektite Impact Specimen Dimples Gem AAAA,18.5,2026-01-05,77,0.24,WorthPoint
libyan-desert-glass,144G Libyan Desert Glass Meteorite Tektite Impact Specimen Dimples Gem AAAA,14.5,2026-01-05,144,0.1,WorthPoint
libyan-desert-glass,"Meteorite**Gadamis 010, Angrite**6.947 Gram, ULTRA RARE NEW ANGRITE!! ðŸ”¥ ðŸ”¥ ðŸ”¥",435,2026-01-04,6.947,62.62,WorthPoint
libyan-desert-glass,"Meteorite**Gadamis 010, Angrite**2.910 Gram, ULTRA RARE NEW ANGRITE!! ðŸ”¥ ðŸ”¥ ðŸ”¥",306,2026-01-04,2.91,105.15,WorthPoint
libyan-desert-glass,Libyan Desert Glass Meteorite Tektite Impact Specimen( 75 Crt) Dimples Super Gem,22.95,2026-01-04,,,WorthPoint
libyan-desert-glass,Libyan Desert Glass Meteorite Tektite Impact Specimen( 40 Crt) Angel Chime AAA+,27,2026-01-04,,,WorthPoint
libyan-desert-glass,Libyan Desert Glass Meteorite Tektite Impact Specimen(290 Crt) Super Gem AAAA+,17.02,2026-01-04,,,WorthPoint
libyan-desert-glass,Libyan Desert Glass Meteorite Tektite Impact Specimen(225 Crt) Super Gem AAAA+,13.32,2026-01-04,,,WorthPoint
libyan-desert-glass,Libyan Desert Glass Meteorite Tektite Impact Specimen(217 Crt) Super Gem AAAA+,12.8,2026-01-04,,,WorthPoint
libyan-desert-glass,102.5g Libyan Desert Glass Meteorite Tektite Impact Specimen Dimples GEM,25,2026-01-03,102.5,0.24,WorthPoint
libyan-desert-glass,Libyan Desert Glass Meteorite Tektite Impact Stone 14.5gm 72ct Dimples Rare Gem,18.27,2026-01-03,14.5,1.26,WorthPoint
libyan-desert-glass,Rare Snow 7mm Natural Libyan Desert Glass Meteorite Tektite Beaded Bracelet,78,2026-01-03,,,WorthPoint
libyan-desert-glass,Libyan Desert Glass Meteorite Tektite Impact Specimen( 177 Crt) Cristobalite AAA,66.5,2026-01-03,,,WorthPoint
libyan-desert-glass,Libyan Desert Glass Meteorite Tektite Impact Specimen(170 Crt) Super Gem AAAA+,17.51,2026-01-03,,,WorthPoint
libyan-desert-glass,Libyan Desert Glass Meteorite Tektite Impact Specimen(48 Crt) Super Gem AAAA+,10.49,2026-01-03,,,WorthPoint
libyan-desert-glass,38.8Ct Natural Libyan Desert Glass Tektite Impact Specimen Gold Meteorite AL487,12.5,2026-01-02,7.76,1.61,WorthPoint
libyan-desert-glass,Libyan Desert Glass Meteorite Tektite Specimen 7 Grams Natural,25.5,2026-01-02,7,3.64,WorthPoint
libyan-desert-glass,Ancient Neolithic ARTIFACT Of Translucent LIBYAN Desert Glass From Egypt 8.51,21.99,2026-01-02,,,WorthPoint
libyan-desert-glass,Libyan Desert Glass Meteorite Tektite Impact Cintamani 166Ct Dimple Yellow Gem,56.99,2026-01-02,33.2,1.72,WorthPoint
libyan-desert-glass,6.6G Libyan Desert Glass Meteorite Tektite Impact Specimen Dimples Gem AAAA,13.5,2026-01-02,6.6,2.05,WorthPoint
libyan-desert-glass,20.6G Libyan Desert Glass Meteorite Tektite Impact Specimen Dimples Gem AAAA,14.17,2026-01-02,20.6,0.69,WorthPoint
libyan-desert-glass,43G Libyan Desert Glass Meteorite Tektite Impact Specimen Dimples Gem AAAA,25.49,2026-01-01,43,0.59,WorthPoint
libyan-desert-glass,53G Libyan Desert Glass Meteorite Tektite Impact Specimen Dimples Gem AAAA,26,2026-01-01,53,0.49,WorthPoint
libyan-desert-glass,37G Libyan Desert Glass Meteorite Tektite Impact Specimen Dimples Gem AAAA,25.49,2026-01-01,37,0.69,WorthPoint
libyan-desert-glass,74G Libyan Desert Glass Meteorite Tektite Impact Specimen Dimples Gem AAAA,27,2026-01-01,74,0.36,WorthPoint
libyan-desert-glass,36G Libyan Desert Glass Meteorite Tektite Impact Specimen Dimples Gem AAAA,21.5,2026-01-01,36,0.6,WorthPoint
libyan-desert-glass,31G Libyan Desert Glass Meteorite Tektite Impact Specimen Dimples Gem AAAA,25.49,2026-01-01,31,0.82,WorthPoint
libyan-desert-glass,68G Libyan Desert Glass Meteorite Tektite Impact Specimen Dimples Gem AAAA,31,2026-01-01,68,0.46,WorthPoint
libyan-desert-glass,Libyan Desert Glass Meteorite Tektite Impact Specimen(228 Crt) Super Gem AAAA+,13.49,2026-01-01,,,WorthPoint
libyan-desert-glass,Libyan Desert Glass Meteorite Tektite Impact Specimen(245 Crt) Super Gem AAAA+,14.46,2026-01-01,,,WorthPoint
libyan-desert-glass,Libyan Desert Glass Meteorite Tektite Impact Specimen( 433 Crt) Super Gem AAAA+,144,2025-12-31,,,WorthPoint
libyan-desert-glass,18Ct Natural Libyan Desert Glass Tektite Impact Specimen Gold Meteorite,14,2025-12-31,3.6,3.89,WorthPoint
libyan-desert-glass,24.55Ct Natural Libyan Desert Glass Tektite Impact Specimen Gold Meteorite,14.5,2025-12-31,4.91,2.95,WorthPoint
libyan-desert-glass,82G Libyan Desert Glass Meteorite Tektite Impact Specimen Dimples Gem AAAA,17.5,2025-12-31,82,0.21,WorthPoint
libyan-desert-glass,93G Libyan Desert Glass Meteorite Tektite Impact Specimen Dimples Gem AAAA,15.5,2025-12-31,93,0.17,WorthPoint
libyan-desert-glass,"Meteorite**Gadamis 010, Angrite**1.221 Gram, ULTRA RARE NEW ANGRITE!! ðŸ”¥ ðŸ”¥ ðŸ”¥",225,2025-12-30,1.221,184.28,WorthPoint
libyan-desert-glass,12.65Ct Natural Libyan Desert Glass Tektite Impact Specimen Gold Meteorite,10,2025-12-30,2.53,3.95,WorthPoint
libyan-desert-glass,10.5Ct Natural Libyan Desert Glass Tektite Impact Specimen Gold Meteorite,11,2025-12-30,2.1,5.24,WorthPoint
libyan-desert-glass,61G Libyan Desert Glass Meteorite Tektite Impact Specimen Dimples Gem AAAA,10.5,2025-12-30,61,0.17,WorthPoint
libyan-desert-glass,Libyan Desert Glass Meteorite Tektite Impact Specimen( 303 Crt) Super Gem AAAA+,125,2025-12-30,,,WorthPoint
libyan-desert-glass,Libyan Desert Glass Meteorite Tektite Impact Specimen( 80 Crt)dimples Yellow Gem,19.99,2025-12-30,,,WorthPoint
libyan-desert-glass,Libyan Desert Glass Meteorite Tektite Impact Specimen( 88 Crt)Cristobalite AAA+,27.99,2025-12-30,,,WorthPoint
libyan-desert-glass,Libyan Desert Glass Meteorite Tektite Impact Specimen( 65 Crt) Cristobalite AAA+,20.99,2025-12-30,,,WorthPoint
libyan-desert-glass,Libyan Desert Glass Meteorite Tektite Impact Specimen(75 Crt)Cristobalite Gem A+,22.95,2025-12-30,,,WorthPoint
libyan-desert-glass,Libyan Desert Glass Meteorite Tektite Impact Specimen( 41 Ct)Cristobalite Gem A+,13.99,2025-12-30,8.2,1.71,WorthPoint
libyan-desert-glass,Chad 2017 5000 Francs - Libyan Desert Glass - 155.5 G .925 Silver Coin,379.5,2025-12-30,155.5,2.44,WorthPoint
libyan-desert-glass,"Libyan/Egyptian Desert Glass Piece, 192 Grams (very Rare)",450,2025-12-29,192,2.34,WorthPoint
libyan-desert-glass,Libyan Desert Glass Meteorite Tektite Impact Specimen( 255 Crt ) Dark Inside Gem,69.97,2025-12-29,,,WorthPoint
libyan-desert-glass,Libyan Desert Glass Meteorite Tektite Impact Specimen( 90 Crt)Cristobalite Gem A,23.99,2025-12-29,,,WorthPoint
libyan-desert-glass,Libyan Desert Glass Meteorite Tektite Impact Specimen( 370 Crt)Super Gem AAAA+,225,2025-12-29,,,WorthPoint
libyan-desert-glass,"Meteorite**Gadamis 010, Angrite**4.820 Gram, ULTRA RARE NEW ANGRITE!! ðŸ”¥ ðŸ”¥ ðŸ”¥",325,2025-12-29,4.82,67.43,WorthPoint
libyan-desert-glass,"Meteorite**Gadamis 010, Angrite**1.976 Gram, ULTRA RARE NEW ANGRITE!! ðŸ”¥ ðŸ”¥ ðŸ”¥",157.5,2025-12-29,1.976,79.71,WorthPoint
libyan-desert-glass,"Meteorite**Gadamis 010, Angrite**0.660 Gram, ULTRA RARE NEW ANGRITE!! ðŸ”¥ ðŸ”¥ ðŸ”¥",73.72,2025-12-29,0.66,111.7,WorthPoint
libyan-desert-glass,Faceted Libyan Desert Glass Meteorite Tektite Necklace .925 Silver 2.94 Grams,110,2025-12-28,2.94,37.41,WorthPoint
libyan-desert-glass,Libyan Desert Glass Meteorite Tektite Impact Specimen( 359 Crt)Dusty Orange Gem,199,2025-12-27,,,WorthPoint
libyan-desert-glass,Libyan Desert Glass Republic Of Chad 2017 Meteorite Art 5 Oz .925 Silver Coin,400,2025-12-27,141.75,2.82,WorthPoint
libyan-desert-glass,Libyan Desert Glass Pendant A+ Drilled And Polished 4.1gr/20.5Ct,16.51,2025-12-27,4.1,4.03,WorthPoint
libyan-desert-glass,Libyan Desert Glass Meteorite Tektite Impact Specimen( 64crt) Cristobalite AAAA+,35,2025-12-27,,,WorthPoint
libyan-desert-glass,Libyan Desert Glass From Egypt 17.2 Grams,17.99,2025-12-27,17.2,1.05,WorthPoint
libyan-desert-glass,Libyan Desert Glass Meteorite Tektite Impact Specimen( 670 Crt)Super Gem AAAA+,266,2025-12-26,,,WorthPoint
libyan-desert-glass,"Meteorite**Gadamis 010, Angrite**2.377 Gram, RARE NEW ANGRITE!! ðŸ”¥ Shocked!!",349.99,2025-12-26,2.377,147.24,WorthPoint
libyan-desert-glass,Libyan Desert Glass LDG Pendulum 3.15gr/15.75Ct Beautiful Faceted Stone,72.87,2025-12-26,3.15,23.13,WorthPoint
libyan-desert-glass,Libyan Desert Glass Meteorite Tektite Impact Specimen( 35crt) Yellow Gem AAA+,22,2025-12-25,,,WorthPoint
libyan-desert-glass,Libyan Desert Glass Meteorite Tektite Impact Specimen( 266 Crt) Soft Yellow Gem,68,2025-12-25,,,WorthPoint
libyan-desert-glass,Libyan Desert Glass Meteorite Tektite Impact Specimen( 199 Ct)yellow Super Gem,49.99,2025-12-24,39.8,1.26,WorthPoint
libyan-desert-glass,34.4g (172ct) Libyan Desert Glass Natural Meteorite Tektite Impact Crystal Gem,33,2025-12-24,34.4,0.96,WorthPoint
libyan-desert-glass,Libyan Desert Glass Meteorite Tektite Impact Specimen( 95 Ct) Very Dark Gem A+,27.99,2025-12-23,19,1.47,WorthPoint
libyan-desert-glass,Libyan Desert Glass Meteorite Tektite Impact Specimen( 50 Crt)Dark Gem AAAA+,29.99,2025-12-23,,,WorthPoint
libyan-desert-glass,LIBYAN DESERT GLASS Tektite Faceted Gemstone Meteorite HIGH GRADE IMCA MEMBER,19.99,2025-12-23,,,WorthPoint
libyan-desert-glass,Libyan Desert Glass Meteorite Tektite Impact Specimen( 1005 Crt)Dimples Gem AAA,260,2025-12-23,,,WorthPoint
libyan-desert-glass,Libyan Desert Glass Meteorite Tektite Impact Specimen( 18 Crt)Angel Chime Gem A+,22,2025-12-22,,,WorthPoint
libyan-desert-glass,Libyan Desert Glass Meteorite Tektite Impact Specimen( 1740 Ct)Angel Gem,455,2025-12-22,348,1.31,WorthPoint
libyan-desert-glass,Libyan Desert Glass Meteorite Tektite Impact Specimen( 454 Crt) One Of Its Kind,169.99,2025-12-22,,,WorthPoint
libyan-desert-glass,"Meteorite**Gadamis 010, Angrite**1.214 Gram, ULTRA RARE NEW ANGRITE!! ðŸ”¥ ðŸ”¥ ðŸ”¥",130.27,2025-12-22,1.214,107.31,WorthPoint
libyan-desert-glass,"Meteorite**Gadamis 010, Angrite**0.725 Gram, ULTRA RARE NEW ANGRITE!! ðŸ”¥ ðŸ”¥ ðŸ”¥",86,2025-12-22,0.725,118.62,WorthPoint
libyan-desert-glass,Meteorite: Gadamis 010 Weight 2.365 Grams. Beautiful,400,2025-12-22,2.365,169.13,WorthPoint
libyan-desert-glass,Meteorite: Gadamis 010 Weight 1.209 Grams. Beautiful,180,2025-12-22,1.209,148.88,WorthPoint
libyan-desert-glass,"""r365-10) 1-1/2"""" Fulgurite Lightning Strike Beach Sand Glass Georgia Fulgurites""",15.99,2025-12-20,,,WorthPoint
libyan-desert-glass,131G Libyan Desert Glass Meteorite Tektite Impact Specimen Dimples Gem AAAA,8.5,2025-12-20,131,0.06,WorthPoint
libyan-desert-glass,Libyan Desert Glass Meteorite Tektite Impact Specimen( 588 Crt)Flat Angel Chime,175,2025-12-20,,,WorthPoint
libyan-desert-glass,Libyan Desert Glass Meteorite Tektite Impact Specimen( 130 Ct)dimples Dark Gem,29.99,2025-12-20,26,1.15,WorthPoint
libyan-desert-glass,TEN - 6x3mm $37.99 Per 10 Libyan Desert Glass Beads From Meteorite Impact + COA,37.99,2025-12-20,,,WorthPoint
libyan-desert-glass,"LIBYAN DESERT GLASS, Raw Crystal, Rare - Metaphysical, Home Decor, Stones, E1873",9.5,2025-12-19,,,WorthPoint
libyan-desert-glass,LIBYAN DESERT GLASS Tektite Meteorite HIGH-GRADE Cristobalites US Seller IMCA#,22,2025-12-19,,,WorthPoint
libyan-desert-glass,Mini Museum 2nd Edition 1 Large 26 Rare Specimens Hans Fex + LED Stand $999 New,289,2025-12-19,,,WorthPoint
libyan-desert-glass,12G Libyan Desert Glass Meteorite Tektite Impact Specimen Dimples Gem AAAA,11.5,2025-12-18,12,0.96,WorthPoint
libyan-desert-glass,10G Libyan Desert Glass Meteorite Tektite Impact Specimen Dimples Gem AAAA,10.49,2025-12-18,10,1.05,WorthPoint
libyan-desert-glass,11.6G Libyan Desert Glass Meteorite Tektite Impact Specimen Dimples Gem AAAA,10.49,2025-12-18,11.6,0.9,WorthPoint
libyan-desert-glass,24.5G Libyan Desert Glass Meteorite Tektite Impact Specimen Dimples Gem AAAA,20.49,2025-12-18,24.5,0.84,WorthPoint
libyan-desert-glass,43.5G Libyan Desert Glass Meteorite Tektite Impact Specimen Dimples Gem AAAA,24.5,2025-12-18,43.5,0.56,WorthPoint
libyan-desert-glass,5.2G Libyan Desert Glass Meteorite Tektite Impact Specimen Dimples Gem AAAA,9.5,2025-12-17,5.2,1.83,WorthPoint
libyan-desert-glass,17.5G Libyan Desert Glass Meteorite Tektite Impact Specimen Dimples Gem AAAA,9.5,2025-12-17,17.5,0.54,WorthPoint
libyan-desert-glass,15.3G Libyan Desert Glass Meteorite Tektite Impact Specimen Dimples Gem AAAA,5.5,2025-12-17,15.3,0.36,WorthPoint
libyan-desert-glass,Libyan Desert Glass Meteorite Tektite Impact Specimen( 178 Crt) Dimples Gem AAA+,89.99,2025-12-17,,,WorthPoint
libyan-desert-glass,Libyan Desert Glass Meteorite Tektite Impact Specimen( 335 Crt) Super Gem AAAA+,109,2025-12-17,,,WorthPoint
libyan-desert-glass,11mm Libyan Desert Glass Meteorite Tektite Beaded Bracelet W/ Cristobalite,95,2025-12-17,,,WorthPoint
libyan-desert-glass,Libyan Desert Glass Meteorite Tektite Impact Specimen(88 Crt)Dimples Gem AAA+,24.5,2025-12-16,,,WorthPoint
libyan-desert-glass,15.5G Libyan Desert Glass Meteorite Tektite Impact Specimen Dimples Gem AAAA,10.49,2025-12-15,15.5,0.68,WorthPoint
libyan-desert-glass,42.3G Libyan Desert Glass Meteorite Tektite Impact Specimen Dimples Gem AAAA,6.5,2025-12-15,42.3,0.15,WorthPoint
libyan-desert-glass,8.2G Libyan Desert Glass Meteorite Tektite Impact Specimen Dimples Gem AAAA,6.5,2025-12-15,8.2,0.79,WorthPoint
libyan-desert-glass,29G Libyan Desert Glass Meteorite Tektite Impact Specimen Dimples Gem AAAA,15.49,2025-12-15,29,0.53,WorthPoint
libyan-desert-glass,"Meteorite**Gadamis 010, Angrite**3.203 Gram, ULTRA RARE NEW ANGRITE!! ðŸ”¥ ðŸ”¥ ðŸ”¥",315,2025-12-15,3.203,98.35,WorthPoint
libyan-desert-glass,"Meteorite**Gadamis 010, Angrite**1.404 Gram, ULTRA RARE NEW ANGRITE!! ðŸ”¥ ðŸ”¥ ðŸ”¥",120.29,2025-12-15,1.404,85.68,WorthPoint
libyan-desert-glass,Libyan Desert Glass Meteorite Tektite Impact Specimen( 70 Crt) Yellow Gem A,19.59,2025-12-14,,,WorthPoint
libyan-desert-glass,Libyan Desert Glass Meteorite Tektite Impact Specimen( 144 Crt)Super Gem AAAA+,88,2025-12-14,,,WorthPoint
libyan-desert-glass,6.5G Libyan Desert Glass Meteorite Tektite Impact Specimen Dimples Gem AAAA,6.49,2025-12-13,6.5,1,WorthPoint
libyan-desert-glass,7.7G Libyan Desert Glass Meteorite Tektite Impact Specimen Dimples Gem AAAA,8,2025-12-13,7.7,1.04,WorthPoint
libyan-desert-glass,Libyan Desert Glass Meteorite Tektite Impact Specimen(80 Crt)dimples Yellow Gem,19.99,2025-12-13,,,WorthPoint
libyan-desert-glass,Libyan Desert Glass Meteorite Tektite Impact Specimen( 115 Crt)Thin Flat Gem AA+,29.99,2025-12-13,,,WorthPoint
libyan-desert-glass,Libyan Desert Glass Meteorite Tektite Impact Specimen( 128 Crt)Super Flat Gem A+,34.99,2025-12-13,,,WorthPoint
libyan-desert-glass,7.85Ct Natural Libyan Desert Glass Tektite Impact Specimen Gold Meteorite,12.5,2025-12-12,1.57,7.96,WorthPoint
libyan-desert-glass,21.05Ct Natural Libyan Desert Glass Tektite Impact Specimen Gold Meteorite,12.5,2025-12-12,4.21,2.97,WorthPoint
libyan-desert-glass,12.95Ct Natural Libyan Desert Glass Tektite Impact Specimen Gold Meteorite,12.5,2025-12-12,2.59,4.83,WorthPoint
libyan-desert-glass,10.75Ct Natural Libyan Desert Glass Tektite Impact Specimen Gold Meteorite,12.5,2025-12-12,2.15,5.81,WorthPoint
libyan-desert-glass,30.85Ct Natural Libyan Desert Glass Tektite Impact Specimen Gold Meteorite,12.5,2025-12-12,6.17,2.03,WorthPoint
libyan-desert-glass,14.2Ct Natural Libyan Desert Glass Tektite Impact Specimen Gold Meteorite,12.5,2025-12-12,2.84,4.4,WorthPoint
libyan-desert-glass,10Ct Natural Libyan Desert Glass Tektite Impact Specimen Gold Meteorite,12.5,2025-12-12,2,6.25,WorthPoint
libyan-desert-glass,7.8Ct Natural Libyan Desert Glass Tektite Impact Specimen Gold Meteorite,12.5,2025-12-12,1.56,8.01,WorthPoint
libyan-desert-glass,9.5Ct Natural Libyan Desert Glass Tektite Impact Specimen Gold Meteorite,12.5,2025-12-12,1.9,6.58,WorthPoint
libyan-desert-glass,19.75Ct Natural Libyan Desert Glass Tektite Impact Specimen Gold Meteorite,10.5,2025-12-12,3.95,2.66,WorthPoint
libyan-desert-glass,48.75Ct Natural Libyan Desert Glass Tektite Impact Specimen Gold Meteorite,12.5,2025-12-12,9.75,1.28,WorthPoint
libyan-desert-glass,12.45Ct Natural Libyan Desert Glass Tektite Impact Specimen Gold Meteorite,12.5,2025-12-12,2.49,5.02,WorthPoint
libyan-desert-glass,13.75Ct Natural Libyan Desert Glass Tektite Impact Specimen Gold Meteorite,12.5,2025-12-12,2.75,4.55,WorthPoint
libyan-desert-glass,106 Carats 6x3mm Beads Libyan Desert Glass Necklace From Meteorite Impact + COA,205,2025-12-12,,,WorthPoint
libyan-desert-glass,19.3Ct Natural Libyan Desert Glass Tektite Impact Specimen Gold Meteorite,12.5,2025-12-12,3.86,3.24,WorthPoint
libyan-desert-glass,13.55Ct Natural Libyan Desert Glass Tektite Impact Specimen Gold Meteorite,14.5,2025-12-12,2.71,5.35,WorthPoint
libyan-desert-glass,Libyan Desert Glass,159,2025-12-11,,,WorthPoint
libyan-desert-glass,16.95Ct Natural Libyan Desert Glass Tektite Impact Specimen Gold Meteorite,14,2025-12-11,3.39,4.13,WorthPoint
libyan-desert-glass,9.45Ct Natural Libyan Desert Glass Tektite Impact Specimen Gold Meteorite,13,2025-12-11,1.89,6.88,WorthPoint
libyan-desert-glass,23.55Ct Natural Libyan Desert Glass Tektite Impact Specimen Gold Meteorite,13,2025-12-11,4.71,2.76,WorthPoint
libyan-desert-glass,20.65Ct Natural Libyan Desert Glass Tektite Impact Specimen Gold Meteorite,11,2025-12-11,4.13,2.66,WorthPoint
libyan-desert-glass,13.6Ct Natural Libyan Desert Glass Tektite Impact Specimen Gold Meteorite,14,2025-12-11,2.72,5.15,WorthPoint
libyan-desert-glass,24.25Ct Natural Libyan Desert Glass Tektite Impact Specimen Gold Meteorite,15,2025-12-11,4.85,3.09,WorthPoint
libyan-desert-glass,20.45Ct Natural Libyan Desert Glass Tektite Impact Specimen Gold Meteorite,13,2025-12-11,4.09,3.18,WorthPoint
libyan-desert-glass,9.05Ct Natural Libyan Desert Glass Tektite Impact Specimen Gold Meteorite,12,2025-12-11,1.81,6.63,WorthPoint
libyan-desert-glass,29.1Ct Natural Libyan Desert Glass Tektite Impact Specimen Gold Meteorite,10,2025-12-11,5.82,1.72,WorthPoint
libyan-desert-glass,23.4Ct Natural Libyan Desert Glass Tektite Impact Specimen Gold Meteorite,12,2025-12-11,4.68,2.56,WorthPoint
libyan-desert-glass,33.15Ct Natural Libyan Desert Glass Tektite Impact Specimen Gold Meteorite,12,2025-12-11,6.63,1.81,WorthPoint
libyan-desert-glass,33.3Ct Natural Libyan Desert Glass Tektite Impact Specimen Gold Meteorite,12,2025-12-11,6.66,1.8,WorthPoint
libyan-desert-glass,Kits World Decals 1/144 USS NIMITZ No.2 ELEVATOR 2020 Vinyl Diorama Base,9.99,2025-12-10,,,WorthPoint
libyan-desert-glass,Libyan Desert Glass Meteorite Tektite Impact Specimen( 165 Ct) Natural Hole Gem,62.3,2025-12-09,33,1.89,WorthPoint
libyan-desert-glass,Libyan Desert Glass Meteorite Tektite Impact Specimen( 100 Crt) Super Gem AAA+,27.99,2025-12-09,,,WorthPoint
libyan-desert-glass,Libyan Desert Glass Meteorite Tektite Impact Specimen(210 Crt)Soft White Gem A+,77,2025-12-06,,,WorthPoint
libyan-desert-glass,Libyan Desert Glass - 100% Genuine Natural Premium Quality Libyan Gold Tektite,7.95,2025-12-05,,,WorthPoint
libyan-desert-glass,Libyan Desert Glass Meteorite Tektite Impact Specimen( 775 Ct)Very Dark Dimples,335,2025-12-04,155,2.16,WorthPoint
libyan-desert-glass,Lot Of Five! Translucent LIBYAN Desert GLASS NEOLITHIC Artifacts From Egypt 15.7,34.99,2025-12-04,,,WorthPoint
libyan-desert-glass,Libyan Desert Glass Meteorite Tektite Impact Specimen( 22 Crt)Cristobalite Gem A,14.99,2025-12-03,,,WorthPoint
libyan-desert-glass,"Libyan Desert Glass - 1,292.1 Grams",512.5,2025-12-02,292.1,1.75,WorthPoint
libyan-desert-glass,Libyan Desert Glass - 895 Grams,312.5,2025-12-02,895,0.35,WorthPoint
libyan-desert-glass,"Libyan Desert Glass - 1,297.1 Grams",1750,2025-12-02,297.1,5.89,WorthPoint
libyan-desert-glass,Libyan Desert Glass Meteorite Tektite Impact Specimen( 166 Ct)Cristobalite Gem,46.5,2025-12-02,33.2,1.4,WorthPoint
libyan-desert-glass,Libyan Desert Glass Meteorite Tektite Impact Specimen( 197 Crt)Natural Hole Gem,77,2025-12-02,,,WorthPoint
libyan-desert-glass,Libyan Desert Glass Pendant A+ Drilled And Polished 3.4gr/17.0Ct Metaphysical,20.8,2025-12-02,3.4,6.12,WorthPoint
libyan-desert-glass,Libyan Desert Glass Meteorite Tektite Impact Specimen( 515 Ct) Big Natural Hole,134,2025-12-01,103,1.3,WorthPoint
libyan-desert-glass,Libyan Desert Glass Meteorite Tektite Impact Dimples (562 Crt) Yellow Gem AAAA+,194.25,2025-12-01,,,WorthPoint
libyan-desert-glass,Libyan Desert Glass Meteorite Tektite Impact Specimen(199 Crt) Super Gem AAAA+,99.95,2025-12-01,,,WorthPoint
libyan-desert-glass,21.5 Carats = 4.3 Grams Libyan Desert Glass Nice Tektite- Meteorite Impact + COA,5.99,2025-11-29,4.3,1.39,WorthPoint
libyan-desert-glass,22.5 Carats= 4.5 Grams Libyan Desert Glass Nice Tektite - Meteorite Impact + COA,7,2025-11-29,4.5,1.56,WorthPoint
libyan-desert-glass,"""(r365-56) 1-3/4"""" Fulgurite Lightning Strike Beach Sand Glass Georgia Fulgurites""",16.49,2025-11-29,,,WorthPoint
libyan-desert-glass,"""(r353-35d) 2-3/4"""" Fulgurite Lightning Strike Beach Dune Sand Glass West Texas""",38.99,2025-11-29,,,WorthPoint
libyan-desert-glass,149 Carats 29.8 Grams Libyan Desert Glass Tektite Meteorite Impact Specimen COA,38.99,2025-11-28,29.8,1.31,WorthPoint
libyan-desert-glass,Libyan Desert Glass Pendant A++ Drilled Polished 4.3gr/21.5ct Metaphysical,11.24,2025-11-28,4.3,2.61,WorthPoint
libyan-desert-glass,Libyan Desert Glass Meteorite Tektite Impact Specimen( 155 Ct)Very Dark Pendant,43.5,2025-11-28,31,1.4,WorthPoint
libyan-desert-glass,17.5 Carats= 3.4 Grams Libyan Desert Glass Nice Tektite - Meteorite Impact + COA,6.62,2025-11-27,3.4,1.95,WorthPoint
libyan-desert-glass,Libyan Desert Glass Meteorite Tektite Impact Specimen( 74 Crt)Cristobalite Gem A,29.99,2025-11-27,,,WorthPoint
libyan-desert-glass,1000g Bulk Wholesale Libyan Desert Glass Tektite Impact Crystals Yellow Space,777,2025-11-25,1000,0.78,WorthPoint
libyan-desert-glass,Libyan Desert Glass Meteorite Tektite Impact Specimen( 66 Crt) Super Gem AAA+,29.99,2025-11-25,,,WorthPoint
libyan-desert-glass,Libyan Desert Glass Meteorite Tektite Impact Specimen(320 Crt) Yellow Gem AAA+,104.99,2025-11-25,,,WorthPoint
libyan-desert-glass,Libyan Desert Glass 28.29g Translucent Impactite - Not A Meteorite (,59,2025-11-24,28.29,2.09,WorthPoint
libyan-desert-glass,Libyan Desert Glass Meteorite Tektite Impact Specimen( 120 Crt) Very Dark Gem,35.62,2025-11-24,,,WorthPoint
libyan-desert-glass,Libyan Desert Glass 29.46g Translucent Impactite - Not A Meteorite,9.5,2025-11-22,29.46,0.32,WorthPoint
libyan-desert-glass,"Moldavite 3.9 Grams, Indochinite 3.5 Grams & Libyan 4.5 Grams Pendant & Necklace",160,2025-11-22,3.9,41.03,WorthPoint
libyan-desert-glass,Libyan Desert Glass Meteorite Tektite Impact Specimen( 430 Crt)Super Gem AAAA+,131.25,2025-11-21,,,WorthPoint
libyan-desert-glass,Mini Museum 2 Limited 2nd Edition - Large 26 Rare Specimens Hans Fex Kickstarter,299.99,2025-11-21,,,WorthPoint
libyan-desert-glass,Libyan Desert Glass Meteorite Tektite Impact Specimen(110 Crt) Soft Dark Gem AA+,32.25,2025-11-19,,,WorthPoint
libyan-desert-glass,Libyan Desert Glass Meteorite Tektite Impact Specimen( 64 Crt)Soft Dark Gem A+,18.75,2025-11-18,,,WorthPoint
libyan-desert-glass,Libyan Desert Glass Meteorite Tektite Impact Specimen( 1175 Ct)Big Super Gem AA,348.75,2025-11-18,235,1.48,WorthPoint
libyan-desert-glass,Libyan Desert Glass Meteorite Tektite Impact Specimen( 60 Crt)Super Flat Gem A+,22.49,2025-11-18,,,WorthPoint
libyan-desert-glass,"Nice Tektite, Libyan Desert Glass, Egypt, Lot Of Many Pieces. 168 Grams",43,2025-11-16,168,0.26,WorthPoint
libyan-desert-glass,"Nice Tektite, Libyan Desert Glass, Egypt, Lot Of 2 Small Pieces. 136 Grams",15.5,2025-11-16,136,0.11,WorthPoint
libyan-desert-glass,Libyan Desert Glass Meteorite Tektite Impact Specimen( 175 Crt)Very Thin Gem A+,50.25,2025-11-16,,,WorthPoint
libyan-desert-glass,Libyan Desert Glass Meteorite Tektite Impact Cintamani( 250 Ct) Yellow Gem AAAA,74.96,2025-11-16,50,1.5,WorthPoint
libyan-desert-glass,Libyan Desert Glass LDG Pendulum 2.3gr/11.5Ct Beautiful Faceted Stone,46.64,2025-11-16,2.3,20.28,WorthPoint
libyan-desert-glass,Libyan Desert Glass 21.19g Translucent Impactite - Not A Meteorite,31,2025-11-15,21.19,1.46,WorthPoint
libyan-desert-glass,Libyan Desert Glass Meteorite Tektite Impact Specimen( 54 Crt) Super Gem AAA+,25,2025-11-13,,,WorthPoint
libyan-desert-glass,Libyan Desert Glass Meteorite Tektite Impact Specimen( 210 Crt)Nice Shape Yellow,59.99,2025-11-13,,,WorthPoint
libyan-desert-glass,LOT Of 4 Natural CHLUM MOLDAVITE TEKTITES - Total Weight 15.32g - Rare Authentic,185,2025-11-12,15.32,12.08,WorthPoint
libyan-desert-glass,Libyan Desert Glass Meteorite Tektite Impact Specimen( 235 Ct)dimples Yellow Gem,67.49,2025-11-11,47,1.44,WorthPoint
libyan-desert-glass,Libyan Desert Glass Meteorite Tektite Impact Specimen( 460 Ct)Dimples -Dark,132,2025-11-11,92,1.43,WorthPoint
libyan-desert-glass,Light YELLOW! Libyan Desert Glass 100% Natural From Egypt 8.3gr,14.99,2025-11-10,8.3,1.81,WorthPoint
libyan-desert-glass,Libyan Desert Glass Meteorite Tektite Impact Specimen ( 70 Crt) Soft Yellow Gem,20.25,2025-11-10,,,WorthPoint
libyan-desert-glass,Libyan Desert Glass Meteorite Tektite Impact Specimen ( 150 Crt)Dark Blue Lines,43.49,2025-11-10,,,WorthPoint
libyan-desert-glass,Libyan Desert Glass Meteorite Tektite Impact Specimen( 29 Crt) Dark Geen Gem A,14.99,2025-11-10,,,WorthPoint
libyan-desert-glass,(R310-34) 3 Fulgurites Lightning Strike Beach Sand Glass Sahara Desert Algeria,13.99,2025-11-10,,,WorthPoint
libyan-desert-glass,"""Libyan Desert Glass Pendant For Necklace, 925 Silver Certified 1.5 """"L 9g""",70,2025-11-09,9,7.78,WorthPoint
libyan-desert-glass,"Nice Tektite, Libyan Desert Glass, Egypt, Very Good Piece. 208 Grams",43.56,2025-11-09,208,0.21,WorthPoint
libyan-desert-glass,13mm Natural Libyan Desert Glass Meteorite Tektite Beaded Bracelet,105,2025-11-08,,,WorthPoint
libyan-desert-glass,Libyan Desert Glass From Egypt 4.17 Grams.,6.99,2025-11-06,4.17,1.68,WorthPoint
libyan-desert-glass,99.5g (497.5ct) Libyan Desert Glass Natural Raw Meteorite Tektite Impact Crystal,110,2025-11-06,99.5,1.11,WorthPoint
libyan-desert-glass,Libyan Desert Glass Meteorite Tektite Impact Specimen( 139 Crt)Dark Flat Gem AA+,44.99,2025-11-05,,,WorthPoint
libyan-desert-glass,Libyan Desert Glass Meteorite Tektite Impact Specimen( 960 Ct)Cristobalite AAA+,281.25,2025-11-05,192,1.46,WorthPoint
libyan-desert-glass,Libyan Desert Glass Meteorite Tektite Impact Specimen( 251 Crt )Super Gem AAA+,74.98,2025-11-04,,,WorthPoint
libyan-desert-glass,"Nice Tektite, Libyan Desert Glass, Egypt, Lot Of 4 Small Pieces. 171 Grams",23.5,2025-11-02,171,0.14,WorthPoint
libyan-desert-glass,Libyan Desert Glass Meteorite Tektite Impact Cintamani ( 200 Crt) Natural Hole,61.5,2025-11-02,,,WorthPoint
libyan-desert-glass,Libyan Desert Glass 21.60g Translucent Impactite - Not A Meteorite,22.5,2025-11-01,21.6,1.04,WorthPoint
libyan-desert-glass,Libyan Desert Glass Meteorite Tektite Impact Specimen( 2775 Crt)Stand Alone AAAA,1450,2025-11-01,,,WorthPoint
libyan-desert-glass,Libyan Desert Glass From Egypt 5.56 Grams,6.99,2025-11-01,5.56,1.26,WorthPoint
libyan-desert-glass,Libyan Desert Glass Wholesale Lot From Egypt 18.7 Grams,19.99,2025-11-01,18.7,1.07,WorthPoint
libyan-desert-glass,Ancient Translucent ARTIFACT Of LIBYAN Desert GLASS Egypt 12.2gr,34.99,2025-10-30,12.2,2.87,WorthPoint
libyan-desert-glass,Libyan Desert Glass Meteorite Tektite Impact Specimen( 90 Ct)Cristobalite Gem A+,26.25,2025-10-29,18,1.46,WorthPoint
libyan-desert-glass,30G Libyan Desert Glass Meteorite Tektite Impact Specimen Dimples Gem AAAA,36,2025-10-28,30,1.2,WorthPoint
libyan-desert-glass,Libyan Desert Glass Meteorite Tektite Impact Specimen(186 Ct)Super Flat Gem AAA+,56.25,2025-10-27,37.2,1.51,WorthPoint
libyan-desert-glass,Libyan Desert Glass Meteorite Tektite Impact Cintamani( 775 Crt)Angel Chime Flat,221.25,2025-10-27,,,WorthPoint
libyan-desert-glass,"Nice Tektite, Libyan Desert Glass, Egypt, Lot Of 3 Small Pieces. 199 Grams",21.5,2025-10-26,199,0.11,WorthPoint
libyan-desert-glass,"""(r365-55) 1-3/4"""" Fulgurite Lightning Strike Beach Sand Glass Georgia Fulgurites""",16.49,2025-10-26,,,WorthPoint
libyan-desert-glass,Libyan Desert Glass Meteorite Tektite Impact Specimen( 325 Ct)Dimples Super AAA+,84.75,2025-10-26,65,1.3,WorthPoint
libyan-desert-glass,15.25 CT Libyan Desert Glass Scarab Pendant,140,2025-10-25,3.05,45.9,WorthPoint
libyan-desert-glass,315.5 Carats 63.1 Grams Libyan Desert Glass Tektite Meteorite Impact With COA,79.99,2025-10-25,63.1,1.27,WorthPoint
libyan-desert-glass,497 Carats / 99.4 Grams Libyan Desert Glass Tektite Meteorite Impact With A COA,99.99,2025-10-25,99.4,1.01,WorthPoint
libyan-desert-glass,AAA Grade Libyan Desert Glass Gold Tektite Crystal Bracelet (RARE),120,2025-10-24,,,WorthPoint
libyan-desert-glass,Libyan Desert Glass Meteorite Tektite Impact Specimen ( 65 Crt)Dark Super Gem A+,17.99,2025-10-24,,,WorthPoint
libyan-desert-glass,Libyan Desert Glass Meteorite Tektite Impact Specimen( 70 Ct)Soft Yellow Gem A+,20.25,2025-10-24,14,1.45,WorthPoint
libyan-desert-glass,Libyan Desert Glass Meteorite Tektite Impact Specimen( 385 Ct)Super Gem AAAA+,146.25,2025-10-23,77,1.9,WorthPoint
libyan-desert-glass,Libyan Desert Glass Scarab,70,2025-10-23,,,WorthPoint
libyan-desert-glass,Libyan Desert Glass Cut Gem Collection ~ 5 Gems!!,24.99,2025-10-23,5,5,WorthPoint
libyan-desert-glass,Ancient Neolithic ARTIFACT Of LIBYAN Desert Glass From Egypt 1.27,24.99,2025-10-23,,,WorthPoint
libyan-desert-glass,Libyan Desert Glass Meteorite Tektite Impact Specimen( 54 Ct)Super Dark Gem AAA,17.25,2025-10-22,10.8,1.6,WorthPoint
libyan-desert-glass,Libyan Desert Glass Meteorite Tektite Impact Specimen(160 Ct)Super Gem Dark AAA+,69.99,2025-10-21,32,2.19,WorthPoint
libyan-desert-glass,Libyan Desert Glass Meteorite Tektite Specimen( 325 Crt)Flat Cristobalite Gem A+,94.46,2025-10-21,,,WorthPoint
libyan-desert-glass,Libyan Desert Glass Meteorite Tektite Impact Specimen( 34 Crt)dimples Yellow Gem,14.99,2025-10-21,,,WorthPoint
libyan-desert-glass,Libyan Desert Glass Meteorite Tektite Impact Specimen( 244 Crt)Super Gem AAAA+,139,2025-10-21,,,WorthPoint
libyan-desert-glass,Large 4.5 Inch 300 Gram Libyan Desert Glass Tektit,375,2025-10-21,300,1.25,WorthPoint
libyan-desert-glass,34G Libyan Desert Glass Meteorite Tektite Impact Specimen Dimples Gem AAAA,14,2025-10-21,34,0.41,WorthPoint
libyan-desert-glass,6G Libyan Desert Glass Meteorite Tektite Impact Specimen Dimples Gem AAAA,6.49,2025-10-21,6,1.08,WorthPoint
libyan-desert-glass,Libyan Desert Glass Meteorite Tektite Impact Specimen( 140 Crt)Flat Gem Super A+,41.25,2025-10-20,,,WorthPoint
libyan-desert-glass,"Libyan Desert Glass With Moldavite Necklace Pendant With Chain,925 Silver",129,2025-10-20,,,WorthPoint
libyan-desert-glass,"Nice Tektite, Libyan Desert Glass, Egypt, Lot Of 5 Small Pieces. 172 Grams",23.5,2025-10-19,172,0.14,WorthPoint
libyan-desert-glass,"1965 CANADA SILVER DOLLAR (Type 4, LG. B, Ptd 5)",25,2025-10-19,,,WorthPoint
libyan-desert-glass,Libyan Desert Glass Meteorite Tektite Impact Specimen( 204 Ct)Very Dark Gem AA+,79.99,2025-10-19,40.8,1.96,WorthPoint
libyan-desert-glass,Libyan Desert Glass Meteorite Tektite Impact Specimen( 635 Crt) Flat Nice Gem A,183.75,2025-10-18,,,WorthPoint
libyan-desert-glass,Libyan Desert Glass Meteorite Tektite Impact Cintamani( 315 Ct)Dimple Yellow Gem,129,2025-10-18,63,2.05,WorthPoint
libyan-desert-glass,Libyan Desert Glass 17.22g Translucent Impactite - Not A Meteorite,25,2025-10-18,17.22,1.45,WorthPoint
libyan-desert-glass,Libyan Desert Glass From Egypt 9.64 Grams.,14.99,2025-10-18,9.64,1.55,WorthPoint
libyan-desert-glass,44g (220ct) Lybian Glass Gem Rare Monatomic Crystal Meteorite Tektite Moldavite,32,2025-10-18,44,0.73,WorthPoint
libyan-desert-glass,"Twenty-Eight, Two Kilos IMPACT ROCKS Best Ever Offered From ALL OVER The WORLD",200,2025-10-17,,,WorthPoint
libyan-desert-glass,Libyan Desert Glass Meteorite Tektite Impact Specimen( 58 Crt) Yellow Gem AAA+,17.25,2025-10-17,,,WorthPoint
libyan-desert-glass,Libyan Desert Glass Meteorite Tektite Impact Specimen( 314 Crt) Cristobalite Gem,93.75,2025-10-17,,,WorthPoint
libyan-desert-glass,Libyan Desert Glass Meteorite Tektite Impact Specimen( 103 Ct)Blue Lines Gem A+,31.5,2025-10-17,20.6,1.53,WorthPoint
libyan-desert-glass,Libyan Desert Glass Meteorite Tektite Impact Specimen( 1303 Crt)Super Gem AAAA+,517.5,2025-10-17,,,WorthPoint
libyan-desert-glass,Libyan Desert Glass Meteorite Tektite Specimen( 825 Crt)Stand Alone Natural Hole,224.25,2025-10-16,,,WorthPoint
libyan-desert-glass,82.8 Carat 5x2mm Beads Libyan Desert Glass Meteorite Impact .925 Silver Necklace,174.99,2025-10-15,,,WorthPoint
libyan-desert-glass,Libyan Desert Glass Meteorite Tektite Impact Specimen( 99 Ct)Very Dark Pendant,29.99,2025-10-15,19.8,1.51,WorthPoint
libyan-desert-glass,Libyan Desert Glass Meteorite Tektite Impact Specimen( 470 Ct)Dimples Super AAA+,141,2025-10-14,94,1.5,WorthPoint
libyan-desert-glass,Libyan Desert Glass Meteorite Tektite Impact Specimen( 815 Crt)Heart Shape Gem A,243.75,2025-10-13,,,WorthPoint
libyan-desert-glass,5G Libyan Desert Glass Meteorite Tektite Impact Specimen Dimples Gem AAAA,10.08,2025-10-12,5,2.02,WorthPoint
libyan-desert-glass,14.5G Libyan Desert Glass Meteorite Tektite Impact Specimen Dimples Gem AAAA,11,2025-10-12,14.5,0.76,WorthPoint
libyan-desert-glass,Libyan Desert Glass Meteorite Tektite Impact Specimen( 35 Crt) Yellow Gem AAA+,14.99,2025-10-12,,,WorthPoint
libyan-desert-glass,Libyan Desert Glass Meteorite Tektite Impact Specimen(244 Crt)Soft Gem Top AAAA,74.96,2025-10-12,,,WorthPoint
libyan-desert-glass,16G Libyan Desert Glass Meteorite Tektite Impact Specimen Dimples Gem AAAA,7.5,2025-10-11,16,0.47,WorthPoint
libyan-desert-glass,15G Libyan Desert Glass Meteorite Tektite Impact Specimen Dimples Gem AAAA,8.39,2025-10-11,15,0.56,WorthPoint
libyan-desert-glass,24G Libyan Desert Glass Meteorite Tektite Impact Specimen Dimples Gem AAAA,8.5,2025-10-11,24,0.35,WorthPoint
libyan-desert-glass,Libyan Desert Glass 21.82g Sculptural Translucency Impactite - Not A Meteorite,7.22,2025-10-11,21.82,0.33,WorthPoint
libyan-desert-glass,Libyan Desert Glass Meteorite Tektite Impact Specimen( 400 Crt)Super Gem AAAA,112.49,2025-10-11,,,WorthPoint
libyan-desert-glass,Libyan Desert Glass Meteorite Tektite Impact Specimen( 8175 Ct)Dimples Green Gem,2399.25,2025-10-11,1635,1.47,WorthPoint
libyan-desert-glass,Libyan Desert Glass Meteorite Tektite Impact Specimen( 610 Crt) One Of Its Kind,171.75,2025-10-10,,,WorthPoint
libyan-desert-glass,Libyan Desert Glass Cut Gem Collection!,24.99,2025-10-10,,,WorthPoint
libyan-desert-glass,Libyan Desert Glass Meteorite Tektite Impact Specimen(155 Crt)Natural Hole White,44.99,2025-10-10,,,WorthPoint
libyan-desert-glass,Libyan Desert Glass Meteorite Tektite Impact Specimen( 1020 Crt)Super Yellow Gem,292.5,2025-10-10,,,WorthPoint
libyan-desert-glass,Libyan Desert Glass Meteorite Tektite Impact Cintamani( 400 Crt) Ancient Tool,119.96,2025-10-09,,,WorthPoint
libyan-desert-glass,Libyan Desert Glass Neckless Authentic,119,2025-10-08,,,WorthPoint
libyan-desert-glass,Combined Listing Nine Items,1200,2025-10-07,,,WorthPoint
libyan-desert-glass,Libyan Desert Glass Meteorite Tektite Impact Specimen( 85 Crt) Soft Yellow Gem,24.71,2025-10-06,,,WorthPoint
libyan-desert-glass,Libyan Desert Glass Meteorite Tektite Impact Specimen( 41 Crt)Soft Yellow Gem A+,14.21,2025-10-06,,,WorthPoint
libyan-desert-glass,Libyan Desert Glass Meteorite Tektite Impact Specimen( 109 Ct)Cristobalite AAA+,33.75,2025-10-04,21.8,1.55,WorthPoint
libyan-desert-glass,Libyan Desert Glass Meteorite Tektite Impact Specimen( 48 Ct)Super Dark Gem AAA,17.25,2025-10-04,9.6,1.8,WorthPoint
libyan-desert-glass,Libyan Desert Glass Meteorite Tektite Impact Specimen(216 Ct)Cristobalite Gem A+,63.75,2025-10-04,43.2,1.48,WorthPoint
libyan-desert-glass,Libyan Desert Glass 33.28g Translucency Impactite - Not A Meteorite,54.99,2025-10-04,33.28,1.65,WorthPoint
libyan-desert-glass,Libyan Desert Glass 16.29g Translucency Impactite - Not A Meteorite,28.99,2025-10-04,16.29,1.78,WorthPoint
libyan-desert-glass,Libyan Desert Glass Meteorite Tektite Impact Specimen( 5000 Crt)Flat- Big (1 Kg),1499.25,2025-10-04,1000,1.5,WorthPoint
libyan-desert-glass,Libyan Desert Glass Meteorite Tektite Impact Specimen( 525 Crt) Yellow Gem AAAA+,171.75,2025-10-04,,,WorthPoint
libyan-desert-glass,Libyan Desert Glass Meteorite Tektite Impact Specimen(66 Crt)Arrow Super Gem AA+,27,2025-10-03,,,WorthPoint
libyan-desert-glass,Libyan Desert Glass Meteorite Tektite Impact Specimen( 605 Crt)Very Dark Gem AA+,237,2025-10-03,,,WorthPoint
libyan-desert-glass,Thai Tektite & Libyan Desert Glass Charm Pendant Necklace,55,2025-10-02,,,WorthPoint
libyan-desert-glass,Libyan Desert Glass Impactite Artifact Blade,12.95,2025-10-01,,,WorthPoint
libyan-desert-glass,"""(R399-17-1) 4"""" Fossil Fulgurite Petrified Lightning Strike Beach Sand Glass GA""",26.99,2025-09-30,,,WorthPoint
libyan-desert-glass,"Nice Tektite, Libyan Desert Glass, Egypt, One Nice Piece. 285 Grams",36.1,2025-09-28,285,0.13,WorthPoint
libyan-desert-glass,Libyan Desert Glass Meteorite Tektite Impact Cintamani( 300 Ct)Dimple Yellow Gem,108,2025-09-28,60,1.8,WorthPoint
libyan-desert-glass,Libyan Desert Glass Meteorite Tektite Impact Specimen( 69 Ct)dimples Yellow Gem,16.12,2025-09-28,13.8,1.17,WorthPoint
libyan-desert-glass,Libyan Desert Glass Meteorite Tektite Impact Specimen( 350 Crt) Super Nice Gem A,104.99,2025-09-28,,,WorthPoint
libyan-desert-glass,Libyan Desert Glass Meteorite Tektite Impact Specimen( 56 Ct)Cristobalite Gem A,16.5,2025-09-28,11.2,1.47,WorthPoint
libyan-desert-glass,Kits World Decals 1/72 USS NIMITZ No.2 ELEVATOR 2020 Vinyl Diorama Base,11.99,2025-09-28,,,WorthPoint
libyan-desert-glass,Libyan Desert Glass 27.41g Sculptural Translucency Impactite - Not A Meteorite,39,2025-09-27,27.41,1.42,WorthPoint
libyan-desert-glass,Libyan Desert Glass 11.76g Translucency Impactite - Not A Meteorite,18,2025-09-27,11.76,1.53,WorthPoint
libyan-desert-glass,Libyan Desert Glass Pendant A++ Drilled And Polished 6.9gr/34.5Ct,20.18,2025-09-26,6.9,2.92,WorthPoint
libyan-desert-glass,Libyan Desert Glass Meteorite Tektite Impact Cintamani( 166 Ct)Dimple Yellow Gem,59.99,2025-09-24,33.2,1.81,WorthPoint
libyan-desert-glass,Libyan Desert Glass Pendant 5.6gr23.0ct .925 Silver Cap Bail,22.1,2025-09-24,5.6,3.95,WorthPoint
libyan-desert-glass,Libyan Desert Glass Meteorite Tektite Impact Specimen( 360 Ct )H-Tool Yellow A+,139.99,2025-09-24,72,1.94,WorthPoint
libyan-desert-glass,Libyan Desert Glass Meteorite Tektite Impact Specimen( 195 Crt) Green Gem AA+,56.25,2025-09-23,,,WorthPoint
libyan-desert-glass,Libyan Desert Glass Meteorite Tektite Impact Specimen( 500 Crt)Small Gems Lot#17,134.25,2025-09-23,,,WorthPoint
libyan-desert-glass,15mm Natural Libyan Desert Glass Meteorite Tektite Beaded Bracelet,130,2025-09-22,,,WorthPoint
libyan-desert-glass,21.5 Carats FIVE 8mm Libyan Desert Glass Beads From Meteorite Impact With A COA,31.99,2025-09-22,,,WorthPoint
libyan-desert-glass,Libyan Desert Glass Pendant 2.3gr/11.5ct .925 Silver Pincher Bail,15.03,2025-09-22,2.3,6.53,WorthPoint
libyan-desert-glass,"Nice Tektite, Libyan Desert Glass, Egypt, Lot Of Four Small Pieces. 192 Grams",21.5,2025-09-21,192,0.11,WorthPoint
libyan-desert-glass,Libyan Desert Glass Meteorite Tektite Impact Cintamani( 50 Crt)soft Dark Gem,15.75,2025-09-21,,,WorthPoint
libyan-desert-glass,Libyan Desert Glass Meteorite Tektite Impact Specimen( 2630 Crt)Very Big 1/2 Kg,824.25,2025-09-21,2000,0.41,WorthPoint
libyan-desert-glass,6.50 Carats (1.30 Grams)~Libyan Desert Glass Tektite From Meteorite Impact!,5.99,2025-09-21,1.3,4.61,WorthPoint
libyan-desert-glass,10.11 Carats (2.02 Grams)~Libyan Desert Glass Tektite From Meteorite Impact!,8.99,2025-09-21,2.02,4.45,WorthPoint
libyan-desert-glass,"15g (75 Ct) Libyan Desert Glass Natural Yellow Impact Specimen Tektite, Egypt",20,2025-09-20,15,1.33,WorthPoint
libyan-desert-glass,Libyan Desert Glass From Egypt 7.24 Grams,14.99,2025-09-20,7.24,2.07,WorthPoint
libyan-desert-glass,73.5 Carats= 14.7 Grams Libyan Desert Glass A+ Tektite Meteorite Impact With COA,48.99,2025-09-19,14.7,3.33,WorthPoint
libyan-desert-glass,Larger! Ancient Translucent ARTIFACT Of LIBYAN Desert GLASS Egypt 25.2gr,69.99,2025-09-19,25.2,2.78,WorthPoint
libyan-desert-glass,Libyan Desert Glass Meteorite Tektite Impact Specimen( 435 Ct)Gem -Dark Lines A+,169,2025-09-18,87,1.94,WorthPoint
libyan-desert-glass,Libyan Desert Glass Pendant Drilled With Satin Cord 15.8 Grams,40,2025-09-18,15.8,2.53,WorthPoint
libyan-desert-glass,Libyan Desert Glass Meteorite Tektite Specimen( 400 Crt)Stand Alone Display Gem,126.75,2025-09-17,,,WorthPoint
libyan-desert-glass,Libyan Desert Glass Meteorite Tektite Impact Specimen( 410 Ct)Flat Heart Gem AA+,159.95,2025-09-17,82,1.95,WorthPoint
libyan-desert-glass,"""r352-90i) 2-1/4"""" Fulgurite Lightning Strike Beach Sand Glass West Texas Specimen""",26.99,2025-09-17,,,WorthPoint
libyan-desert-glass,Libyan Desert Glass Meteorite Tektite Impact Specimen( 805 Crt) Yellow Gem AAAA+,254.25,2025-09-16,,,WorthPoint
libyan-desert-glass,Libyan Desert Glass Meteorite Tektite Impact Specimen( 1277 Ct)Super Whites Gems,345,2025-09-16,255.4,1.35,WorthPoint
libyan-desert-glass,Libyan Desert Glass Meteorite Tektite Impact Specimen( 233 Crt)Dimples Best Gem,49.95,2025-09-16,,,WorthPoint
libyan-desert-glass,Libyan Desert Glass Meteorite Tektite Impact Specimen(670 Crt)Cristobalit Gem A+,191.25,2025-09-16,,,WorthPoint
libyan-desert-glass,Libyan Desert Glass Meteorite Tektite Impact Specimen( 1275 Crt) White Gem A,333.75,2025-09-15,,,WorthPoint
libyan-desert-glass,Libyan Desert Glass Meteorite Tektite Impact Specimen( 1000 Ct)Medium Gem Lot#16,291.75,2025-09-15,200,1.46,WorthPoint
libyan-desert-glass,Libyan Desert Glass Meteorite Tektite Impact Specimen( 200 Crt) Natural Hole,56.25,2025-09-15,,,WorthPoint
libyan-desert-glass,Libyan Desert Glass Meteorite Tektite Impact Specimen( 135 Ct ) Super Gem AAAA+,37.46,2025-09-15,27,1.39,WorthPoint
libyan-desert-glass,Libyan Desert Glass Meteorite Tektite Impact Specimen( 137 Crt) Dark Green AAA+,41.25,2025-09-15,,,WorthPoint
libyan-desert-glass,Libyan Desert Glass Meteorite Tektite Impact Specimen( 277 Ct) Yellow Top Gem A+,81.75,2025-09-15,55.4,1.48,WorthPoint
libyan-desert-glass,Libyan Desert Glass Very Rare 12 Grams,12.06,2025-09-14,12,1.01,WorthPoint
libyan-desert-glass,Libyan Desert Glass Meteorite Tektite Impact Specimen(220crt)CRISTOBALITE INCLU,59.99,2025-09-14,,,WorthPoint
libyan-desert-glass,"Nice Tektite, Libyan Desert Glass, Egypt, Lot Of Three Small Pieces. 176 Grams",15.51,2025-09-14,176,0.09,WorthPoint
libyan-desert-glass,Cristobalite Inclusions! TWO Libyan Desert Glass Pieces From Egypt 9.1gr,19.99,2025-09-14,9.1,2.2,WorthPoint
libyan-desert-glass,Libyan Desert Glass Meteorite Tektite Impact Specimen (550 Crt) Yellow Gem AAAA,159.75,2025-09-13,,,WorthPoint
libyan-desert-glass,Libyan Desert Glass Meteorite Tektite Impact Specimen( 665 Crt)Super Yellow Gem,206.25,2025-09-13,,,WorthPoint
libyan-desert-glass,Libyan Desert Glass Meteorite Tektite Impact Specimen( 700 Crt) Yellow Gem AAAA+,299.25,2025-09-13,,,WorthPoint
libyan-desert-glass,Libyan Desert Glass Meteorite Tektite Impact Specimen( 557 Ct)Dimples GEM AAAA,149.25,2025-09-13,111.4,1.34,WorthPoint
libyan-desert-glass,Libyan Desert Glass Meteorite Tektite Impact Cintamani( 760 Ct)cristobalite Gem,209.25,2025-09-13,152,1.38,WorthPoint
libyan-desert-glass,Libyan Desert Glass Meteorite Tektite Impact Specimen(310ct)Very Thin Yellow Gem,89.99,2025-09-13,62,1.45,WorthPoint
libyan-desert-glass,Libyan Desert Glass 20.81g Translucent Impactite W/ Schlieren - Not A Meteorite,34,2025-09-13,20.81,1.63,WorthPoint
libyan-desert-glass,53 Carats 4x2mm Beads Libyan Desert Glass Necklace From Meteorite Impact +COA,169,2025-09-12,,,WorthPoint
libyan-desert-glass,Genuine LIBYAN DESERT GLASS Chunks 95 Grams 62mm X 42mm X 42mm,15,2025-09-10,95,0.16,WorthPoint
libyan-desert-glass,Libyan Desert Glass Meteorite Tektite Impact Specimen( 75 Ct ) Arrow Gem AA+,22.12,2025-09-09,15,1.47,WorthPoint
libyan-desert-glass,Libyan Desert Glass 6.40g Translucency Impactite - Not A Meteorite,10,2025-09-09,6.4,1.56,WorthPoint
libyan-desert-glass,Citrine Crystal & Libyan Desert Glass Bead Star Charm Pendant Necklace,49.99,2025-09-09,,,WorthPoint
libyan-desert-glass,"Meteorite, LDG, Moldavite Necklace",199,2025-09-09,,,WorthPoint
libyan-desert-glass,Space Rock Gemstone Charm Wish Bottle Pendulum Necklace,111,2025-09-09,,,WorthPoint
libyan-desert-glass,Libyan Desert Glass Meteorite Tektite Impact Specimen(93 Crt)Cristobalite Gem A+,28.49,2025-09-08,,,WorthPoint
libyan-desert-glass,Libyan Desert Glass Impactite Tektite Specimen Quality Lustrous Yellow Gem 8g,33.5,2025-09-06,8,4.19,WorthPoint
libyan-desert-glass,"Libyan/Egyptian Desert Glass Piece, 704 Grams (Museum Quality)",1750,2025-09-04,704,2.49,WorthPoint
libyan-desert-glass,Libyan Desert Glass Meteorite Tektite Impact Specimen( 390 Crt) 2 Natural Holes,119.25,2025-09-03,,,WorthPoint
libyan-desert-glass,Libyan Desert Glass Meteorite Tektite Impact Specimen( 36 Crt)yellow Gem AAA,19.99,2025-09-01,,,WorthPoint
libyan-desert-glass,Libyan Desert Glass Meteorite Tektite Specimen( 45 Crt)Cristobalit Natural Hole,23,2025-09-01,,,WorthPoint
libyan-desert-glass,"""r365-13) 1-1/2"""" Fulgurite Lightning Strike Beach Sand Glass Georgia Fulgurites""",15.99,2025-08-31,,,WorthPoint
libyan-desert-glass,"""r365-11) 1-1/2"""" Fulgurite Lightning Strike Beach Sand Glass Georgia Fulgurites""",15.99,2025-08-31,,,WorthPoint
libyan-desert-glass,Libyan Desert Glass Meteorite Tektite Impact Specimen( 49 Ct)dimples Yellow Gem,23,2025-08-31,9.8,2.35,WorthPoint
libyan-desert-glass,Libyan Desert Glass Meteorite Tektite Impact Specimen( 330 Crt) Super Gem AA+,144,2025-08-30,,,WorthPoint
libyan-desert-glass,Libyan Desert Glass Meteorite Tektite Impact Specimen( 310 Ct)Super Gem AAAA+,125,2025-08-30,62,2.02,WorthPoint
libyan-desert-glass,Libyan Desert Glass Meteorite Tektite Impact Specimen PRICE IS FOR ONE PIECE JAL,17.95,2025-08-30,,,WorthPoint
libyan-desert-glass,"Libyan Desert Glass From Eastern Sahara Desert, Tektite (TEK55)",7.49,2025-08-30,,,WorthPoint
libyan-desert-glass,Libyan Desert Glass 31.78g Translucent Impactite W/ Schlieren - Not A Meteorite,33,2025-08-30,31.78,1.04,WorthPoint
libyan-desert-glass,Libyan Desert Glass - 375 Grams,1625,2025-08-29,375,4.33,WorthPoint
libyan-desert-glass,Libyan Desert Glass - 265.8 Grams,362.5,2025-08-29,265.8,1.36,WorthPoint
libyan-desert-glass,"Libyan Desert Glass - 2,120.4 Grams",12500,2025-08-29,120.4,103.82,WorthPoint
libyan-desert-glass,Libyan Desert Glass Meteorite Tektite Specimen( 135 Crt)Dimples Natural Hole A+,49.99,2025-08-29,,,WorthPoint
libyan-desert-glass,72.2 Carat 5x2mm Smooth Beads Libyan Desert Glass Necklace Meteorite Impact COA,214.99,2025-08-29,,,WorthPoint
libyan-desert-glass,Libyan Desert Glass Meteorite Tektite Impact Specimen(49 Crt) Very Dark Gem AAA,22.49,2025-08-29,,,WorthPoint
libyan-desert-glass,Libyan Desert Glass Meteorite Tektite Impact Specimen( 39 Ct)Soft Yellow Gem A+,13.5,2025-08-28,7.8,1.73,WorthPoint
libyan-desert-glass,Libyan Desert Glass Meteorite Tektite Impact Specimen( 180 Crt)Dimples Gem A+,54,2025-08-28,,,WorthPoint
libyan-desert-glass,8G Libyan Desert Glass Meteorite Tektite Impact Specimen Dimples Gem AAAA,8,2025-08-27,8,1,WorthPoint
libyan-desert-glass,Libyan Desert Glass Meteorite Tektite Impact Specimen ( 175 Crt) Natural Hole,49.5,2025-08-25,,,WorthPoint
libyan-desert-glass,Libyan Desert Glass Meteorite Tektite Impact Specimen( 920 Crt) Big Natural Hole,266.25,2025-08-25,,,WorthPoint
libyan-desert-glass,Libyan Desert Glass (6pc. Lot),25,2025-08-25,,,WorthPoint
libyan-desert-glass,7G Libyan Desert Glass Meteorite Tektite Impact Specimen Dimples Gem AAAA,5.5,2025-08-23,7,0.79,WorthPoint
libyan-desert-glass,4.5G Libyan Desert Glass Meteorite Tektite Impact Specimen Dimples Gem AAAA,7.5,2025-08-23,4.5,1.67,WorthPoint
libyan-desert-glass,13G Libyan Desert Glass Meteorite Tektite Impact Specimen Dimples Gem AAAA,6.01,2025-08-23,13,0.46,WorthPoint
libyan-desert-glass,Libyan Desert Glass 20.28g Translucency Impactite - Not A Meteorite,31,2025-08-23,20.28,1.53,WorthPoint
libyan-desert-glass,Libyan Desert Glass Meteorite Tektite Impact Specimen( 240 Crt)Cristobalite Gem,71.25,2025-08-23,,,WorthPoint
libyan-desert-glass,Libyan Desert Glass Meteorite Tektite Impact Specimen( 85 Ct)Cristobalite Gem,24.75,2025-08-23,17,1.46,WorthPoint
libyan-desert-glass,Mini Museum 2nd Limited Edition - Large 26 Specimens RARE Hans Fex Kickstarter,425,2025-08-23,,,WorthPoint
libyan-desert-glass,Libyan Desert Glass Meteorite Tektite Impact Specimen( 4620 Ct)Soft Yellow Gem,1277,2025-08-22,924,1.38,WorthPoint
libyan-desert-glass,Libyan Desert Glass Meteorite Tektite Impact Specimen( 555 Crt) Yellow Gem AAA+,219,2025-08-22,,,WorthPoint
libyan-desert-glass,17G Libyan Desert Glass Meteorite Tektite Impact Specimen Dimples Gem AAAA,5,2025-08-21,17,0.29,WorthPoint
libyan-desert-glass,35.5 Carats 16-18 Inches Of MOLDAVITE Chip Bead .925 Sterling Silver Necklace,259,2025-08-21,,,WorthPoint
libyan-desert-glass,Libyan Desert Glass Meteorite Tektite Impact Specimen( 205 Crt)Dimples Very Dark,59.99,2025-08-21,,,WorthPoint
libyan-desert-glass,Libyan Desert Glass Meteorite Tektite Impact Specimen ( 44 Crt)Dark Super Gem A+,16.12,2025-08-20,,,WorthPoint
libyan-desert-glass,Libyan Desert Glass Meteorite Tektite Impact Cintamani(66 Ct) Super Green Gem A+,19.46,2025-08-20,13.2,1.47,WorthPoint
libyan-desert-glass,Genuine Libyan Desert Glass Prehistoric Tool Artifact!,50,2025-08-19,,,WorthPoint
libyan-desert-glass,Libyan Desert Glass Meteorite Tektite Impact Specimen( 250 Ct)Cristobalite- Gem,72.75,2025-08-19,50,1.46,WorthPoint
libyan-desert-glass,Libyan Desert Glass Meteorite Tektite Specimen( 133 Crt)Dark Blue Natural Hole,55,2025-08-18,,,WorthPoint
libyan-desert-glass,Moldavite Libyan Desert Glass Old Estate Cabinet Specimen Natural 84g 3.5â€ Heal,31,2025-08-18,84,0.37,WorthPoint
libyan-desert-glass,Libyan Desert Glass 2 Piece Lot From Egypt 14.6 Grams,14.99,2025-08-17,14.6,1.03,WorthPoint
libyan-desert-glass,Genuine Libyan Desert Glass & Moldavite Beaded Bracelet,333,2025-08-16,,,WorthPoint
libyan-desert-glass,Libyan Desert Glass Meteorite Tektite Impact Specimen ( 80 Crt)Dark Blue Lines,22.49,2025-08-16,,,WorthPoint
libyan-desert-glass,Libyan Desert Glass Meteorite Tektite Impact Specimen( 99 Crt) Cristobalite AAA+,26.99,2025-08-14,,,WorthPoint
libyan-desert-glass,Libyan Desert Glass Meteorite Tektite Impact Specimen( 80 Ct)Real Gem Top AAAA+,22.99,2025-08-14,16,1.44,WorthPoint
libyan-desert-glass,Meteorite Pendant With 8 Superb Specimens!!,29,2025-08-14,,,WorthPoint
libyan-desert-glass,Libyan Desert Glass Pendant A++ Drilled And Polished 6.0gr/30.0Ct,14.05,2025-08-14,6,2.34,WorthPoint
libyan-desert-glass,Libyan Desert Glass Meteorite Tektite Impact Specimen( 293 Ct)Natural Hole,86.25,2025-08-14,58.6,1.47,WorthPoint
libyan-desert-glass,Libyan Desert Glass Meteorite Tektite Impact Specimen(107 Ct)dimples Yellow Gem,29.99,2025-08-14,21.4,1.4,WorthPoint
libyan-desert-glass,Libyan Desert Glass Meteorite Tektite Impact Specimen( 59 Crt)Cristobalite Gem,17.62,2025-08-11,,,WorthPoint
libyan-desert-glass,Libyan Desert Glass Meteorite Tektite Impact Specimen(500 Crt)Angel Chime Lot 02,149.99,2025-08-11,,,WorthPoint
libyan-desert-glass,Semi Translucent! Libyan Desert Glass 100% Natural From Egypt 10.5gr,17.99,2025-08-11,10.5,1.71,WorthPoint
libyan-desert-glass,Libyan Desert Glass Meteorite Tektite Impact Specimen( 280 Crt) Super Gem AAAA+,119,2025-08-10,,,WorthPoint
libyan-desert-glass,Libyan Desert Glass Meteorite Tektite Impact Specimen( 510 Ct)Super Gem AAAA+,191.25,2025-08-10,102,1.88,WorthPoint
libyan-desert-glass,Libyan Desert Glass Meteorite Tektite Impact Specimen(620 Crt)Gray- Full Eject,149.25,2025-08-10,,,WorthPoint
libyan-desert-glass,Libyan Desert Glass Meteorite Tektite Impact Cintamani( 650 Ct) Dimples Gem AAAA,176.25,2025-08-10,130,1.36,WorthPoint
libyan-desert-glass,Libyan Desert Glass Meteorite Tektite Impact Specimen( 297 Ct)Dimples GEM AAAAA,89.25,2025-08-10,59.4,1.5,WorthPoint
libyan-desert-glass,Libyan Desert Glass Meteorite Tektite Impact Specimen( 190 Crt) Angel Chime Gem,56.25,2025-08-10,,,WorthPoint
libyan-desert-glass,Libyan Desert Glass Meteorite Tektite Impact Specimen( 455 Crt) Dimples Gem AAAA,132.75,2025-08-10,,,WorthPoint
libyan-desert-glass,Libyan Desert Glass Meteorite Tektite Impact Specimen( 290 Crt) Arrow- Gem AAAA+,86.25,2025-08-10,,,WorthPoint
libyan-desert-glass,One 6mm And Three 8mm Libyan Desert Glass Beads For Ebay User - Darksidewatches,16,2025-08-10,,,WorthPoint
libyan-desert-glass,Libyan Desert Glass Meteorite Tektite Impact Specimen( 95 Crt) Yellow Gem A+,28.12,2025-08-09,,,WorthPoint
libyan-desert-glass,Cristobalite Inclusions! Semi Translucent Libyan Desert Glass From Egypt 8.2gr,16.99,2025-08-09,8.2,2.07,WorthPoint
libyan-desert-glass,Libyan Desert Glass From Egypt 7.2 Grams,14.99,2025-08-08,7.2,2.08,WorthPoint
libyan-desert-glass,9G Libyan Desert Glass Meteorite Tektite Impact Specimen Dimples Gem AAAA,6,2025-08-08,9,0.67,WorthPoint
libyan-desert-glass,Libyan Desert Glass Meteorite Tektite Impact Specimen( 133 Crt)Dimples Dark Gem,37.49,2025-08-07,,,WorthPoint
libyan-desert-glass,Lot Of FIVE! Ancient LIBYAN Desert GLASS Artifacts And Or Tools Egypt 9.5gr,20.99,2025-08-07,9.5,2.21,WorthPoint
libyan-desert-glass,BIG Lot Of SEVEN 100% Natural Libyan Desert Glass Pieces! From Egypt 43.9gr,39.99,2025-08-07,43.9,0.91,WorthPoint
libyan-desert-glass,Lot Of FIVE 100% Natural Libyan Desert Glass Pieces! From Egypt 10.8gr,22.99,2025-08-07,10.8,2.13,WorthPoint
libyan-desert-glass,6.1G Libyan Desert Glass Meteorite Tektite Impact Specimen Dimples Gem AAAA,5.5,2025-08-06,6.1,0.9,WorthPoint
libyan-desert-glass,6.4G Libyan Desert Glass Meteorite Tektite Impact Specimen Dimples Gem AAAA,7,2025-08-06,6.4,1.09,WorthPoint
libyan-desert-glass,Libyan Desert Glass Meteorite Tektite Impact Specimen(35crt)Dark Gem AAA,14.99,2025-08-06,,,WorthPoint
libyan-desert-glass,Libyan Desert Glass Meteorite Tektite Impact Specimen( 39 Crt)Flat Yellow Gem,14.21,2025-08-05,,,WorthPoint
libyan-desert-glass,6.3G Libyan Desert Glass Meteorite Tektite Impact Specimen Dimples Gem AAAA,5.5,2025-08-04,6.3,0.87,WorthPoint
libyan-desert-glass,23G Libyan Desert Glass Meteorite Tektite Impact Specimen Dimples Gem AAAA,11.5,2025-08-04,23,0.5,WorthPoint
libyan-desert-glass,"""(r364-118) 1-1/8"""" Fulgurite Lightning Strike Beach Sand Glass Georgia Fulgurites""",14.99,2025-08-03,,,WorthPoint
libyan-desert-glass,Libyan Desert Glass Meteorite Tektite Impact Specimen( 42 Crt)soft Yellow Gem A,16.88,2025-08-03,,,WorthPoint
libyan-desert-glass,Libyan Desert Glass Meteorite Tektite Impact Specimen( 59 Ct)Soft Yellow Gem A+,17.24,2025-08-03,11.8,1.46,WorthPoint
libyan-desert-glass,Libyan Desert Glass Meteorite Tektite Impact Specimen( 865 Crt)dimples Real Gem,224.25,2025-08-03,,,WorthPoint
libyan-desert-glass,Libyan Desert Glass Meteorite Tektite Impact Dimples ( 820 Crt) Dark Inside Gem,224.25,2025-08-03,,,WorthPoint
libyan-desert-glass,Libyan Desert Glass Meteorite Tektite Impact Specimen( 67 Crt)dimples Yellow Gem,18,2025-08-02,,,WorthPoint
libyan-desert-glass,Libyan Desert Glass Tektite â€œcutâ€ â€œpolishedâ€,60,2025-08-02,,,WorthPoint
libyan-desert-glass,Libyan Desert Glass Meteorite Tektite Impact Specimen( 295 Ct) Yellow Gem AAAA+,104.26,2025-08-02,59,1.77,WorthPoint
libyan-desert-glass,Libyan Desert Glass Pendant 3.9gr/19.5ct .925 Silver Cap Bail,18.3,2025-08-02,3.9,4.69,WorthPoint
libyan-desert-glass,Libyan Desert Glass Meteorite Tektite Impact Specimen (35 Crt)Dark Super Gem A+,14.96,2025-08-01,,,WorthPoint
libyan-desert-glass,My Last NINE - 6mm Libyan Desert Glass 9 Beads From Meteorite Impact With A COA,23.99,2025-08-01,,,WorthPoint
libyan-desert-glass,Libyan Desert Glass From Egypt 3.36 Grams,6.99,2025-08-01,3.36,2.08,WorthPoint
libyan-desert-glass,Libyan Desert Glass Meteorite Tektite Impact Specimen(485 Crt)Dimples -Super GEM,146.25,2025-07-31,,,WorthPoint
libyan-desert-glass,For All FIVE 8mm Libyan Desert Glass Beads From Meteorite Impact With A COA,31.99,2025-07-31,,,WorthPoint
libyan-desert-glass,34.7 Carats FOUR 10mm Libyan Desert Glass Beads From Meteorite Impact With A COA,31.99,2025-07-31,,,WorthPoint
libyan-desert-glass,41.3 Carats FOUR 12mm Libyan Desert Glass Beads From Meteorite Impact With A COA,38.99,2025-07-31,,,WorthPoint
libyan-desert-glass,Libyan Desert Glass Meteorite Tektite Impact Specimen( 84 Ct)Dimples Super Gem A,25.5,2025-07-31,16.8,1.52,WorthPoint
libyan-desert-glass,Libyan Desert Glass Meteorite Tektite Impact Dimples ( 190 Crt)very Dark Gem,52.49,2025-07-30,,,WorthPoint
libyan-desert-glass,Libyan Desert Glass Meteorite Tektite Specimen( 25 Crt)Super Yellow Soft Gem A+,12.38,2025-07-29,,,WorthPoint
libyan-desert-glass,Libyan Desert Glass Meteorite Tektite Specimen( 30 Crt)Super Yellow Soft Gem A+,18.5,2025-07-29,,,WorthPoint
libyan-desert-glass,Libyan Desert Glass Meteorite Tektite Impact Specimen(285 Crt) Dark Gem AAA+,113,2025-07-29,,,WorthPoint
libyan-desert-glass,"1955-D US Dime, Uncirculated, 65 Grade Estimate",5,2025-07-28,65,0.08,WorthPoint
libyan-desert-glass,"""r365-1) 1-1/2"""" Fulgurite Lightning Strike Beach Sand Glass Georgia Fulgurites""",15.99,2025-07-27,,,WorthPoint
libyan-desert-glass,Libyan Desert Glass Meteorite Tektite Impact Specimen(166 Ct)dimples Green Gem,48,2025-07-27,33.2,1.45,WorthPoint
libyan-desert-glass,Libyan Desert Glass Meteorite Tektite Impact Specimen( 43 Crt)dimples Yellow Gem,19.99,2025-07-27,,,WorthPoint
libyan-desert-glass,"Libyan Desert Glass - Great Sands Glass, 31ct RARE (impactite Tektite) #mol36",20.15,2025-07-27,6.2,3.25,WorthPoint
libyan-desert-glass,31.95 CT Genuine Raw Libyan Desert Glass Reversible Pendant,95,2025-07-25,6.39,14.87,WorthPoint
libyan-desert-glass,Libyan Desert Glass 75 Grams 80mm Long,30,2025-07-25,75,0.4,WorthPoint
libyan-desert-glass,Libyan Desert Glass Meteorite Tektite Impact Specimen( 480 Crt)Dimples GEM AAAAA,142.49,2025-07-25,,,WorthPoint
libyan-desert-glass,"""(r365-34) 1-3/4"""" Fulgurite Lightning Strike Beach Sand Glass Georgia Fulgurites""",16.49,2025-07-24,,,WorthPoint
libyan-desert-glass,10.5G Libyan Desert Glass Meteorite Tektite Impact Specimen Dimples Gem AAAA,10,2025-07-24,10.5,0.95,WorthPoint
libyan-desert-glass,Libyan Desert Glass Meteorite Tektite Impact Specimen( 52 Crt )Cristobalite AA+,16.46,2025-07-24,,,WorthPoint
libyan-desert-glass,7.4G Libyan Desert Glass Meteorite Tektite Impact Specimen Dimples Gem AAAA,5.24,2025-07-23,7.4,0.71,WorthPoint
libyan-desert-glass,Libyan Desert Glass Meteorite Tektite Impact Cintamani( 44 Ct)Dimple Yellow Gem,16.46,2025-07-22,8.8,1.87,WorthPoint
libyan-desert-glass,Libyan Desert Glass Meteorite Tektite Impact Specimen( 450 Ct)DARK INCLUSIONS,119.25,2025-07-21,90,1.33,WorthPoint
libyan-desert-glass,"Nice Tektite, Libyan Desert Glass, Egypt, Lot Of Two Small Pieces. 170 Grams",16,2025-07-20,170,0.09,WorthPoint
libyan-desert-glass,"Nice Tektite, Libyan Desert Glass, Egypt, Lot Of 18 Pieces. 183 Grams",14.5,2025-07-20,183,0.08,WorthPoint
libyan-desert-glass,Libyan Desert Glass Meteorite Tektite Impact Specimen( 60 Ct)Soft Yellow Gem A+,23.5,2025-07-20,12,1.96,WorthPoint
libyan-desert-glass,Libyan Desert Glass Meteorite Tektite Impact Specimen( 30 Ct)Nice Gem Top AAAA,14.99,2025-07-20,6,2.5,WorthPoint
libyan-desert-glass,Libyan Desert Glass Meteorite Tektite Impact Specimen(255 Crt)soft Yellow Gem A+,78.75,2025-07-19,,,WorthPoint
libyan-desert-glass,Libyan Desert Glass Meteorite Tektite Impact Specimen( 595 Crt)Very Dark Gem +,171.75,2025-07-17,,,WorthPoint
libyan-desert-glass,Libyan Desert Glass Meteorite Tektite Bracelet Beads Size 10mm++ Good Quality,317.97,2025-07-16,,,WorthPoint
libyan-desert-glass,Libyan Desert Glass Meteorite Tektite Impact Specimen( 825 Crt) Very Dark (Rare),247.5,2025-07-16,,,WorthPoint
libyan-desert-glass,Libyan Desert Glass Meteorite Tektite Impact Specimen( 950 Ct) Dimples Gem AAAA+,276.75,2025-07-16,190,1.46,WorthPoint
libyan-desert-glass,Libyan Desert Glass Meteorite Tektite Impact Specimen(450 Crt)Dimples GEM AAAAA,134.25,2025-07-16,,,WorthPoint
libyan-desert-glass,Libyan Desert Glass Meteorite Tektite Impact Specimen( 104 Crt)soft Yellow Gem A,29.99,2025-07-15,,,WorthPoint
libyan-desert-glass,Libyan Desert Glass Meteorite Tektite Impact Specimen( 87 Crt) Soft Yellow Gem,24,2025-07-15,,,WorthPoint
libyan-desert-glass,"""(r365-41) 1-3/4"""" Fulgurite Lightning Strike Beach Sand Glass Georgia Fulgurites""",16.49,2025-07-15,,,WorthPoint
libyan-desert-glass,"""(r365-53) 1-3/4"""" Fulgurite Lightning Strike Beach Sand Glass Georgia Fulgurites""",16.49,2025-07-14,,,WorthPoint
libyan-desert-glass,Libyan Desert Glass Meteorite Tektite Impact Specimen (95 Crt) Cristobalite Gem,28.88,2025-07-12,,,WorthPoint
libyan-desert-glass,Libyan Desert Glass Meteorite Tektite Impact Specimen(205ct)Tear Eye Yellow Gem,59.99,2025-07-12,41,1.46,WorthPoint
libyan-desert-glass,Libyan Desert Glass Meteorite Tektite Impact Specimen( 505 Crt)Yellow Arrow Tool,149.25,2025-07-11,,,WorthPoint
libyan-desert-glass,Libyan Desert Glass Meteorite Tektite Impact Specimen(115 Ct)Dark Dimples Gem A+,35.96,2025-07-11,23,1.56,WorthPoint
libyan-desert-glass,Libyan Desert Glass Meteorite Tektite Impact Cintamani(88 Ct)Dark Blue Lines Gem,26.25,2025-07-10,17.6,1.49,WorthPoint
libyan-desert-glass,Libyan Desert Glass From Egypt 3.52 Grams,8.99,2025-07-09,3.52,2.55,WorthPoint
libyan-desert-glass,Libyan Desert Glass Meteorite Tektite Impact Cintamani( 60 Crt)soft Yellow Gem,18,2025-07-07,,,WorthPoint
libyan-desert-glass,Libyan Desert Glass Meteorite Tektite Impact Specimen(31 Crt)soft Yellow Gem AAA,22.5,2025-07-07,,,WorthPoint
libyan-desert-glass,Libyan Desert Glass Meteorite Tektite Impact Specimen( 61 Crt)dimples Yellow Gem,17.99,2025-07-07,,,WorthPoint
libyan-desert-glass,Libyan Desert Glass Meteorite Tektite Impact Specimen(80 Ct)Dark Super Gem AAA+,26.25,2025-07-06,16,1.64,WorthPoint
libyan-desert-glass,Libyan Desert Glass Meteorite Tektite Impact Specimen(120 Ct)Dark Super Gem AAA+,37.49,2025-07-06,24,1.56,WorthPoint
libyan-desert-glass,Libyan Desert Glass Meteorite Tektite Specimen( 65 Crt)Super Yellow Gem AAA+,18.38,2025-07-05,,,WorthPoint
libyan-desert-glass,Libyan Desert Glass Meteorite Tektite Impact Specimen(39 Crt) Very Dark Gem AAA+,22.5,2025-07-04,,,WorthPoint
libyan-desert-glass,Libyan Desert Glass Meteorite Tektite Impact Specimen( 565 Crt)Super Gem AAAA+,165,2025-07-04,,,WorthPoint
libyan-desert-glass,Libyan Desert Glass Meteorite Tektite Specimen( 34 Crt)Super Yellow Soft Gem A+,19.95,2025-07-03,,,WorthPoint
libyan-desert-glass,115 Carats 6x3mm Beads Libyan Desert Glass Necklace From Meteorite Impact + COA,219,2025-07-02,,,WorthPoint
libyan-desert-glass,Libyan Desert Glass BEAD ROUND DRILLED Sphere Meteorite Gemstone Tektite ~,11.98,2025-07-01,,,WorthPoint
libyan-desert-glass,Libyan Desert Glass Meteorite Tektite Impact Specimen(21 Ct)Dark Super Gem AAA+,13.99,2025-07-01,4.2,3.33,WorthPoint
libyan-desert-glass,Libyan Desert Glass Meteorite Tektite Impact Specimen( 84 Crt)yellow Gem Top AA,22.5,2025-07-01,,,WorthPoint
libyan-desert-glass,Libyan Desert Glass Meteorite Tektite Impact Specimen 135 Crt) Cristobalite Gem,38,2025-07-01,,,WorthPoint
libyan-desert-glass,Libyan Desert Glass Meteorite Tektite Impact Specimen( 1025 Ct)Dimples Flat A,262.5,2025-06-30,205,1.28,WorthPoint
libyan-desert-glass,Libyan Desert Glass Meteorite Tektite Impact Specimen( 222 Ct)tear Drop AA+,66,2025-06-28,44.4,1.49,WorthPoint
libyan-desert-glass,Libyan Desert Glass Meteorite Tektite Impact Specimen( 150 Crt)Soft Gem AA+,59.99,2025-06-27,,,WorthPoint
libyan-desert-glass,Libyan Desert Glass Meteorite Tektite Impact Specimen( 45 Crt) Soft Yellow Gem,19.99,2025-06-27,,,WorthPoint
libyan-desert-glass,"""(r365-42) 1-3/4"""" Fulgurite Lightning Strike Beach Sand Glass Georgia Fulgurites""",16.49,2025-06-27,,,WorthPoint
libyan-desert-glass,Libyan Desert Glass Tektite Meteorite Impact Glass Formations Lot 17.31 Grams,57.75,2025-06-26,17.31,3.34,WorthPoint
libyan-desert-glass,Libyan Desert Glass Meteorite Tektite Impact Specimen( 44 Ct)Dark Super Gem AAA+,24.99,2025-06-26,8.8,2.84,WorthPoint
libyan-desert-glass,Libyan Desert Glass Meteorite Tektite Impact Specimen(65 Crt)Blue LinesDark Gem,27.99,2025-06-26,,,WorthPoint
libyan-desert-glass,Libyan Desert Glass Meteorite Tektite Impact Specimen( 550 Crt)Super Gem AAAAA,149.25,2025-06-26,,,WorthPoint
libyan-desert-glass,"""r365-3) 1-1/2"""" Fulgurite Lightning Strike Beach Sand Glass Georgia Fulgurites""",15.99,2025-06-25,,,WorthPoint
libyan-desert-glass,Libyan Desert Glass Meteorite Tektite Impact; Incredibly Rare And Unique,55,2025-06-25,,,WorthPoint
libyan-desert-glass,Libyan Desert Glass Meteorite Tektite Impact Specimen( 45 Ct) Gem Cristobalite A,23.9,2025-06-24,9,2.66,WorthPoint
libyan-desert-glass,Libyan Desert Glass Meteorite Tektite Impact Specimen( 65 Ct) Gem Cristobalite A,24.95,2025-06-24,13,1.92,WorthPoint
libyan-desert-glass,"""(r365-54) 1-3/4"""" Fulgurite Lightning Strike Beach Sand Glass Georgia Fulgurites""",16.49,2025-06-24,,,WorthPoint
libyan-desert-glass,Libyan Desert Glass Meteorite Tektite Impact Specimen( 50 Ct) Gem Cristobalite A,23.9,2025-06-23,10,2.39,WorthPoint
libyan-desert-glass,Libyan Desert Glass From Egypt 5.42 Grams,7.99,2025-06-23,5.42,1.47,WorthPoint
libyan-desert-glass,Libyan Desert Glass From Egypt 4.1 Grams,6.99,2025-06-22,4.1,1.7,WorthPoint
libyan-desert-glass,"Nice Tektite, Libyan Desert Glass, Egypt, Lot Of 17 Pieces. 166 Grams",25.99,2025-06-22,166,0.16,WorthPoint
libyan-desert-glass,Libyan Desert Glass From Egypt 7.79 Grams,14.99,2025-06-22,7.79,1.92,WorthPoint
libyan-desert-glass,Libyan Desert Glass Pendant 5.2gr/26.0ct .925 Silver Cap Bail Beautiful Stone,19.67,2025-06-19,5.2,3.78,WorthPoint
libyan-desert-glass,40.8 Carats FOUR 12mm Libyan Desert Glass Beads From Meteorite Impact With A COA,36.99,2025-06-19,,,WorthPoint
libyan-desert-glass,Libyan Desert Glass Meteorite Tektite Impact Specimen( 1630 Crt)dimples (0.3 Kg),449.25,2025-06-19,300,1.5,WorthPoint
libyan-desert-glass,Natural Tibetan Tektite Meteorite Wand Crystal 2Large From Tibet 59.1 G 50.08 G,175,2025-06-19,59.1,2.96,WorthPoint
libyan-desert-glass,You Get TEN 6mm Libyan Desert Glass Beads From Meteorite Impact With A COA,24,2025-06-17,,,WorthPoint
libyan-desert-glass,34.6 Carats FOUR 10mm Libyan Desert Glass Beads From Meteorite Impact With A COA,33.99,2025-06-17,,,WorthPoint
libyan-desert-glass,Libyan Desert Glass Meteorite Tektite Impact Cintamani( 255 Crt) Natural Hole,67.49,2025-06-17,,,WorthPoint
libyan-desert-glass,Libyan Desert Glass Meteorite Tektite Specimen( 285 Crt)Natural Hole Gem AAAA+,81.75,2025-06-17,,,WorthPoint
libyan-desert-glass,Libyan Desert Glass Meteorite Tektite Impact Specimen( 105 Crt) Cristobalite Gem,39.99,2025-06-17,,,WorthPoint
libyan-desert-glass,Libyan Desert Glass Meteorite Tektite Impact Cintamani( 80 Ct)Dimple Dark Gem A+,23.25,2025-06-17,16,1.45,WorthPoint
libyan-desert-glass,Libyan Desert Glass Meteorite Tektite Impact Specimen( 185 Crt)Big Angel Chime,54.75,2025-06-15,,,WorthPoint
libyan-desert-glass,Libyan Desert Glass Meteorite Tektite Impact Specimen( 1330 Crt)Big Gem AAAAA+,377,2025-06-15,,,WorthPoint
libyan-desert-glass,Libyan Desert Glass Meteorite Tektite Impact Specimen( 2000 Crt)yellow Gem AAAA+,595,2025-06-15,,,WorthPoint
libyan-desert-glass,Libyan Desert Glass Meteorite Tektite Impact Specimen( 145 Ct)Cristobalite Dark,43.49,2025-06-15,29,1.5,WorthPoint
libyan-desert-glass,Light YELLOW! Libyan Desert Glass 100% Natural From Egypt 9.9gr,16.99,2025-06-12,9.9,1.72,WorthPoint
libyan-desert-glass,Libyan Desert Glass Meteorite Tektite Impact Specimen( 170 Crt) Dimples Gem AAA+,49.5,2025-06-12,,,WorthPoint
libyan-desert-glass,96 Carats FOUR 16mm Libyan Desert Glass Beads From Meteorite Impact With A COA,43.99,2025-06-09,,,WorthPoint
libyan-desert-glass,Libyan Desert Glass Meteorite Tektite 30.8 Grams 1.5 Inch,78.2,2025-06-09,30.8,2.54,WorthPoint
libyan-desert-glass,"Nice Tektite, Libyan Desert Glass, Egypt, Lot Of 16 Pieces. 156 Grams",10.5,2025-06-08,156,0.07,WorthPoint
libyan-desert-glass,Semi Translucent! Libyan Desert GLASS Impactite 100% Natural From Egypt 8.0gr,19.99,2025-06-08,8,2.5,WorthPoint
libyan-desert-glass,Libyan Desert Glass Meteorite Tektite Impact Specimen( 755 Crt)Pre Historic Tool,221.25,2025-06-08,,,WorthPoint
libyan-desert-glass,50.1 Carats = 10 Grams Libyan Desert Glass A+ Tektite Meteorite Impact With COA,42.99,2025-06-05,10,4.3,WorthPoint
libyan-desert-glass,Libyan Desert Glass Meteorite Tektite Impact Specimen(50 Crt)Dimples Yellow Gem,14.99,2025-06-05,,,WorthPoint
libyan-desert-glass,Libyan Desert Glass Meteorite Tektite Impact Specimen( 625 Ct)pre Historic Tool,194.25,2025-06-04,125,1.55,WorthPoint
libyan-desert-glass,"""(r365-36) 1-3/4"""" Fulgurite Lightning Strike Beach Sand Glass Georgia Fulgurites""",16.49,2025-06-03,,,WorthPoint
libyan-desert-glass,Libyan Desert Glass Meteorite Tektite Impact Specimen(955 Crt) Very Rare Orange,282.75,2025-06-03,,,WorthPoint
libyan-desert-glass,Libyan Desert Glass Meteorite Tektite Impact Specimen( 1110 Crt)Top Quality Gem,299.25,2025-06-02,,,WorthPoint
libyan-desert-glass,Libyan Desert Glass Meteorite Tektite Specimen( 1600 Crt)display Gem Super AAAA+,592.5,2025-06-02,,,WorthPoint
libyan-desert-glass,Libyan Desert Glass Meteorite Tektite Impact Specimen( 425 Crt)Soft Yellow AAAA+,149.25,2025-06-02,,,WorthPoint
libyan-desert-glass,Libyan Desert Glass Meteorite Tektite Pendant .925 Silver 7.08 Grams,49.95,2025-06-01,7.08,7.06,WorthPoint
libyan-desert-glass,Libyan Desert Glass Meteorite Tektite Impact Specimen( 808 Crt) Tool Gem A+,224.25,2025-06-01,,,WorthPoint
libyan-desert-glass,Libyan Desert Glass Meteorite Tektite Impact Specimen( 33 Crt)soft Yellow Gem A,14.96,2025-06-01,,,WorthPoint
libyan-desert-glass,"Nice Tektite, Libyan Desert Glass, Egypt, Lot Of Many Small Pieces. 138 Grams",13.39,2025-06-01,138,0.1,WorthPoint
libyan-desert-glass,Libyan Desert Glass From Egypt 3.16 Grams,6.99,2025-06-01,3.16,2.21,WorthPoint
libyan-desert-glass,25g (125ct) Lybian Glass Gem Rare Blue Monatomic Crystal Moldavite Meteorite,28,2025-06-01,25,1.12,WorthPoint
libyan-desert-glass,Libyan Desert Glass Meteorite Tektite Impact Specimen(30 Crt) Soft Yellow Gem,14.96,2025-06-01,,,WorthPoint
libyan-desert-glass,Libyan Desert Glass Meteorite Tektite Impact Specimen( 680 Ct)Dimples Green Gem,194.25,2025-05-31,136,1.43,WorthPoint
libyan-desert-glass,Libyan Desert Glass Meteorite Tektite Impact Cintamani( 64 Ct)Dimple Dark Gem A+,18.75,2025-05-29,12.8,1.46,WorthPoint
libyan-desert-glass,VERY Translucent! Libyan Desert GLASS Impactite 100% Natural From Egypt 8.4gr,22.99,2025-05-29,8.4,2.74,WorthPoint
libyan-desert-glass,20.5g Libyan Desert Korla Glass Meteorite Tektite Impactite Crystal Gemstone,22,2025-05-28,20.5,1.07,WorthPoint
libyan-desert-glass,(R310-35) 3 Fulgurites Lightning Strike Beach Sand Glass Sahara Desert Algeria,13.99,2025-05-28,,,WorthPoint
libyan-desert-glass,Libyan Desert Glass Meteorite Tektite Pendant .925 Silver 38 Cts / 7.63 Grams,66.99,2025-05-28,7.63,8.78,WorthPoint
libyan-desert-glass,Libyan Desert Glass Meteorite Tektite Impact Specimen(510 Crt)Angel Chime Lot #9,189.99,2025-05-27,,,WorthPoint
libyan-desert-glass,Libyan Desert Glass Meteorite Tektite Impact Specimen(520 Crt)Angel Chime Lot 12,189.99,2025-05-27,,,WorthPoint
libyan-desert-glass,Libyan Desert Glass Meteorite Tektite Impact Specimen(518 Crt)Angel Chime Lot 11,189.99,2025-05-27,,,WorthPoint
libyan-desert-glass,23 Carats FIVE 10mm Libyan Desert Glass Beads From Meteorite Impact With A COA,33.99,2025-05-26,,,WorthPoint
libyan-desert-glass,"Nice Tektite, Libyan Desert Glass, Egypt, Lot Of 14 Small Pieces. 162 Grams",15.5,2025-05-25,162,0.1,WorthPoint
libyan-desert-glass,Libyan Desert Glass Meteorite Tektite Impact Specimen(215 Crt)Dust Orange Gem A+,59.99,2025-05-25,,,WorthPoint
libyan-desert-glass,Libyan Desert Glass Meteorite Tektite Impact Specimen( 315 Ct) Very Dark Gem,94.12,2025-05-25,63,1.49,WorthPoint
libyan-desert-glass,"""(r366-22) 2-1/8"""" Fulgurite Lightning Strike Beach Sand Glass Georgia Fulgurites""",18.99,2025-05-25,,,WorthPoint
libyan-desert-glass,"""(r365-48) 1-3/4"""" Fulgurite Lightning Strike Beach Sand Glass Georgia Fulgurites""",16.49,2025-05-25,,,WorthPoint
libyan-desert-glass,"""(r365-35) 1-3/4"""" Fulgurite Lightning Strike Beach Sand Glass Georgia Fulgurites""",16.49,2025-05-25,,,WorthPoint
libyan-desert-glass,"""(r365-50) 1-3/4"""" Fulgurite Lightning Strike Beach Sand Glass Georgia Fulgurites""",16.49,2025-05-25,,,WorthPoint
libyan-desert-glass,Libyan Desert Glass Meteorite Tektite Impact Specimen( 725 Ct)Flat Super Gem A5+,224.25,2025-05-24,145,1.55,WorthPoint
libyan-desert-glass,Libyan Desert Glass Meteorite Tektite Impact Specimen( 395 Ct)Dimples Super GEM,116.25,2025-05-24,79,1.47,WorthPoint
libyan-desert-glass,Libyan Desert Glass Meteorite Tektite Impact Specimen( 875 Crt)Dimples Gem AA+,251.25,2025-05-23,,,WorthPoint
libyan-desert-glass,Libyan Desert Glass Meteorite Tektite Impact Specimen( 440 Crt)Natural Hole Rare,147.75,2025-05-23,,,WorthPoint
libyan-desert-glass,Libyan Desert Glass Meteorite Tektite Impact Specimen(700 Crt)Dimples Gem AAAAA,225,2025-05-21,,,WorthPoint
libyan-desert-glass,Libyan Desert Glass Meteorite Tektite Impact Specimen( 230 Crt) Natural Hole,62.25,2025-05-21,,,WorthPoint
libyan-desert-glass,Libyan Desert Glass Meteorite Tektite Impact Specimen(102 Ct)Dimples Yellow Gem,39.99,2025-05-20,20.4,1.96,WorthPoint
libyan-desert-glass,LIBYAN DESERT GLASS Tektite Meteorite HIGH-GRADE Gem Quality US Seller IMCA#,59.99,2025-05-20,,,WorthPoint
libyan-desert-glass,Libyan Desert Glass Meteorite Tektite Specimen( 745 Crt) Best Super Gem AAAA+,224.25,2025-05-20,,,WorthPoint
libyan-desert-glass,"""(r364-117) 1-1/8"""" Fulgurite Lightning Strike Beach Sand Glass Georgia Fulgurites""",14.99,2025-05-19,,,WorthPoint
libyan-desert-glass,"Nice Tektite, Libyan Desert Glass, Egypt, Lot Of 18 Small Pieces. 146 Grams",15.51,2025-05-18,146,0.11,WorthPoint
libyan-desert-glass,Libyan Desert Glass Meteorite Tektite Impact Specimen( 570 Crt)Super Gem AAAA+,164.25,2025-05-16,,,WorthPoint
libyan-desert-glass,41.7 Carats 3x1.5mm Beads Libyan Desert Glass Necklace From Meteorite Impact COA,139,2025-05-15,,,WorthPoint
libyan-desert-glass,(R310-4) 3 Fulgurites Lightning Strike Beach Sand Glass Sahara Desert Algeria,13.99,2025-05-15,,,WorthPoint
libyan-desert-glass,Libyan Desert Glass Meteorite Tektite Impact Specimen( 19 Crt) Soft Yellow Gem A,12.38,2025-05-15,,,WorthPoint
libyan-desert-glass,Libyan Desert Glass Pendant Drilled And Polished 5.4gr/22.0Ct,21.47,2025-05-13,5.4,3.98,WorthPoint
libyan-desert-glass,Libyan Desert Glass Meteorite Tektite Impact Specimen(220 Crt)Cristobalite Gem A,82.5,2025-05-13,,,WorthPoint
libyan-desert-glass,Libyan Desert Glass Meteorite Tektite Impact Specimen( 25 Ct)Nice Gem Top AAAA,14.99,2025-05-13,5,3,WorthPoint
libyan-desert-glass,Libyan Desert Glass Meteorite Tektite Impact Specimen( 225 Ct)dimples Gem AA+,67.49,2025-05-13,45,1.5,WorthPoint
libyan-desert-glass,Libyan Desert Glass Meteorite Tektite Impact Specimen( 2500 Crt)Dark Gem Lot# 12,708.75,2025-05-11,,,WorthPoint
libyan-desert-glass,"Nice Tektite, Libyan Desert Glass, Egypt, Excellent Small Piece. 261 Grams",8.51,2025-05-11,261,0.03,WorthPoint
libyan-desert-glass,"Nice Tektite, Libyan Desert Glass, Egypt, Lot Of 10 Small Pieces. 177 Grams",18.5,2025-05-11,177,0.1,WorthPoint
libyan-desert-glass,Libyan Desert Glass Meteorite Tektite Impact Specimen( 800 Crt)Angel Chimes #10,224.25,2025-05-11,,,WorthPoint
libyan-desert-glass,Libyan Desert Glass Meteorite Tektite Impact Specimen( 1240 Crt)Super Gem AAAA,374.25,2025-05-10,,,WorthPoint
libyan-desert-glass,Semi Translucent! Libyan Desert Glass 100% Natural Egypt 11.6gr,15.99,2025-05-08,11.6,1.38,WorthPoint
libyan-desert-glass,Translucent Light YELLOW! Libyan Desert Glass 100% Natural Egypt 9.6gr,19.99,2025-05-08,9.6,2.08,WorthPoint
libyan-desert-glass,LARGE MOLDAVITE & LIBYAN Desert Glass Tektite Pendant Gold Synergy 12 Meteorite,411.75,2025-05-08,,,WorthPoint
libyan-desert-glass,Libyan Desert Glass Meteorite Tektite Impact Specimen( 94 Crt)Heart Shape Gem A+,28.88,2025-05-07,,,WorthPoint
libyan-desert-glass,Libyan Desert Glass From Egypt 27.9 Grams,59.99,2025-05-06,27.9,2.15,WorthPoint
libyan-desert-glass,"""r365-6) 1-1/2"""" Fulgurite Lightning Strike Beach Sand Glass Georgia Fulgurites""",15.99,2025-05-06,,,WorthPoint
libyan-desert-glass,"""(r364-113) 1-1/8"""" Fulgurite Lightning Strike Beach Sand Glass Georgia Fulgurites""",14.99,2025-05-05,,,WorthPoint
libyan-desert-glass,14g (70ct) Lybian Glass Gem Rare Blue Monatomic Crystal Moldavite Meteorite,24,2025-05-05,14,1.71,WorthPoint
libyan-desert-glass,312.5 Carat 62.5 Grams Libyan Desert Glass Tektite Meteorite Impact Specimen COA,187.99,2025-05-04,62.5,3.01,WorthPoint
libyan-desert-glass,"Nice Tektite, Libyan Desert Glass, Egypt, Lot Of 15 Small Pieces. 152 Grams",16.39,2025-05-04,152,0.11,WorthPoint
libyan-desert-glass,"YOU CHOOSE Genuine AAA Colombianite Pseudo Tektite Specimen, Piedra Rayo Cintama",20,2025-05-03,,,WorthPoint
libyan-desert-glass,Semi Translucent! Libyan Desert Glass 100% Natural Egypt 13.4gr,19.99,2025-05-02,13.4,1.49,WorthPoint
libyan-desert-glass,Libyan Desert Glass Meteorite Tektite Impact Specimen(33 Crt) Soft Yellow Gem,18.71,2025-05-02,,,WorthPoint
libyan-desert-glass,Meteorite & Tektite Set ~ 5 Big Specimens!,37,2025-04-30,,,WorthPoint
libyan-desert-glass,All TEN 6mm Libyan Desert Glass Beads From Meteorite Impact With A COA,23.99,2025-04-30,,,WorthPoint
libyan-desert-glass,108.3 Cts 5x2mm - 8x4mm Beads Libyan Desert Glass Meteorite .925 Silver Necklace,189.99,2025-04-30,21.66,8.77,WorthPoint
libyan-desert-glass,Libyan Desert Glass Meteorite Tektite Impact Specimen( 420 Crt) Super Gem AAAA+,138.75,2025-04-28,,,WorthPoint
libyan-desert-glass,"Nice Tektite, Libyan Desert Glass, Egypt, Lot Of 12 Small Pieces. 159 Grams",11.39,2025-04-27,159,0.07,WorthPoint
libyan-desert-glass,108 Carats 6x3mm Beads Libyan Desert Glass Necklace From Meteorite Impact + COA,205,2025-04-27,,,WorthPoint
libyan-desert-glass,Libyan Desert Glass From Egypt 8.55 Grams. 2 Piece Lot,9.99,2025-04-26,8.55,1.17,WorthPoint
libyan-desert-glass,Libyan Desert Glass Great Sand Sea Egypt/Libya 108.6 G,65,2025-04-25,108.6,0.6,WorthPoint
libyan-desert-glass,26g (130ct) Lybian Glass Gem Rare Blue Monatomic Crystal Moldavite Meteorite,28,2025-04-25,26,1.08,WorthPoint
libyan-desert-glass,"""Juancheng - Rare """"Hammer"""" 63.3 Gm Meteorite End Slice H5 Chondrite""",195,2025-04-24,63.3,3.08,WorthPoint
libyan-desert-glass,20.4g (102ct) Libyan Desert Glass Raw Natural Meteorite Tektite Impact Specimen,38,2025-04-24,20.4,1.86,WorthPoint
libyan-desert-glass,Libyan Desert Glass - 208.9 Grams,750,2025-04-23,208.9,3.59,WorthPoint
libyan-desert-glass,"Libyan Desert Glass - 2,052.7 Grams",8125,2025-04-23,52.7,154.17,WorthPoint
libyan-desert-glass,You Get All TEN 6mm Libyan Desert Glass Beads From Meteorite Impact With A COA,24,2025-04-19,,,WorthPoint
libyan-desert-glass,Super Translucent! Libyan Desert Glass 100% Natural Egypt 8.2gr,19.99,2025-04-18,8.2,2.44,WorthPoint
libyan-desert-glass,"Libyan Desert Glass - Great Sands Glass, 47ct RARE (impactite Tektite) #mol34",35.99,2025-04-18,9.4,3.83,WorthPoint
libyan-desert-glass,Libyan Desert Glass Meteorite Tektite Impact Specimen( 53 Crt) Yellow Gem A,17.99,2025-04-17,,,WorthPoint
libyan-desert-glass,"Libyan Desert Glass, Natural Tektite, 4.9 Grams",30,2025-04-16,4.9,6.12,WorthPoint
libyan-desert-glass,Libyan Desert Glass From Egypt 11.6 Grams. 3 Piece Lot,9.99,2025-04-16,11.6,0.86,WorthPoint
libyan-desert-glass,LIBYAN DESERT GLASS PENDANT $189 Tektite 925 Sterling Jewelry STARBORN LG189-P12,189,2025-04-15,,,WorthPoint
libyan-desert-glass,Wholesale Lot Natural Libyan Desert Glass Tektite 40 Gram 7 To 10 PCs Healing,86,2025-04-14,40,2.15,WorthPoint
libyan-desert-glass,Libyan Desert Glass 2 Piece Lot From Egypt 13.1 Grams,26.99,2025-04-14,13.1,2.06,WorthPoint
libyan-desert-glass,"Gemmy Libyan Desert Glass: Eastern Libyan Desert Region, Sahara, Libya- Rare!",250,2025-04-14,,,WorthPoint
libyan-desert-glass,"Nice Tektite, Libyan Desert Glass, Egypt, Lot Of 16 Small Pieces. 152 Grams",21.6,2025-04-13,152,0.14,WorthPoint
libyan-desert-glass,"TWENTY-NINE Different Exquisite IMPACTITES, From 19 Sites, 1.6-kilos (3Â½-pounds)",81,2025-04-13,,,WorthPoint
libyan-desert-glass,Libyan Desert Glass Meteorite Tektite Impact Specimen( 40 Ct)Nice Gem Top AAAA,19.99,2025-04-13,8,2.5,WorthPoint
libyan-desert-glass,Natural Libyan Desert Glass - 100% Genuine Premium Quality Libyan Gold Tektite,49.95,2025-04-11,,,WorthPoint
libyan-desert-glass,Libyan Desert Glass Meteorite Tektite Impact Specimen( 540 Crt)Very Dark Green,138.75,2025-04-09,,,WorthPoint
libyan-desert-glass,"""(r365-45) 1-3/4"""" Fulgurite Lightning Strike Beach Sand Glass Georgia Fulgurites""",16.49,2025-04-09,,,WorthPoint
libyan-desert-glass,Libyan Desert Glass Meteorite Tektite Impact Specimen( 77 Ct)Soft Yellow Gem A+,24.75,2025-04-09,15.4,1.61,WorthPoint
libyan-desert-glass,Libyan Desert Glass Meteorite Tektite Impact Specimen(755 Crt)Soft Yellow Gem A+,224.25,2025-04-08,,,WorthPoint
libyan-desert-glass,Libyan Desert Glass Impactite 100% Natural Egypt 13.7gr,17.99,2025-04-08,13.7,1.31,WorthPoint
libyan-desert-glass,Libyan Desert Glass Meteorite Tektite Impact Specimen( 188 Ct ) Dimples Gem A+,52.5,2025-04-08,37.6,1.4,WorthPoint
libyan-desert-glass,"""5.5g Natural Libyan Desert Glass """"LDG"""" Meteorite Tektite African Impact Specimen""",10.5,2025-04-04,5.5,1.91,WorthPoint
libyan-desert-glass,Libyan Desert Glass Specimen 106 Grams,98,2025-04-04,106,0.92,WorthPoint
libyan-desert-glass,23 Carats FIVE 8mm Libyan Desert Glass Beads From Meteorite Impact With A COA,32.99,2025-04-04,,,WorthPoint
libyan-desert-glass,Libyan Desert Glass Meteorite Tektite Impact Specimen( 66 Ct)Soft Yellow Gem A+,18.74,2025-04-01,13.2,1.42,WorthPoint
libyan-desert-glass,24g (120ct) Rare Blue Lybian Glass Gem Monatomic Crystal Meteorite Moldavite,28,2025-04-01,24,1.17,WorthPoint
libyan-desert-glass,Libyan Desert Glass 25g (125ct) Meteorite Tektite Impact Specimen Chara Desert,26,2025-04-01,25,1.04,WorthPoint
libyan-desert-glass,Libyan Desert Glass Meteorite Tektite Impact Specimen( 715 Crt)Super Gem AAAA+,224.25,2025-03-31,,,WorthPoint
libyan-desert-glass,"TWENTY Great Mostly Smaller Exquisite Impactites, 19 Sites, 327-grams (11.5-oz.)",24.95,2025-03-31,327,0.08,WorthPoint
libyan-desert-glass,Libyan Desert Glass Meteorite Tektite Impact Specimen( 600 Ct)Cristobalite AAAA,168.75,2025-03-30,120,1.41,WorthPoint
libyan-desert-glass,Libyan Desert Glass Meteorite Tektite Impact Specimen( 265 Ct)Dimples Super GEM,78,2025-03-26,53,1.47,WorthPoint
libyan-desert-glass,Libyan Desert Glass Pendant A+ Drilled Polished 3.6gr/18.0ct Metaphysical,12.89,2025-03-26,3.6,3.58,WorthPoint
libyan-desert-glass,Libyan Desert Glass Meteorite Tektite Impact Cintamani( 85 Ct)Dimple Yellow Gem,23.25,2025-03-26,17,1.37,WorthPoint
libyan-desert-glass,925 Libyan Desert Glass Tektite Pendant Sterling Silver,19.99,2025-03-25,,,WorthPoint
libyan-desert-glass,Libyan Desert Glass Pendant A++ Drilled And Polished 6.1gr/30.5Ct,15.83,2025-03-25,6.1,2.6,WorthPoint
libyan-desert-glass,"""(R399-17-4) 4"""" Fossil Fulgurite Petrified Lightning Strike Beach Sand Glass GA""",26.99,2025-03-24,,,WorthPoint
libyan-desert-glass,Natural Libyan Desert Glass Meteorite Tektite Beaded Bracelet - 9mm,199,2025-03-23,,,WorthPoint
libyan-desert-glass,Libyan Desert Glass Wholesale Lot From Egypt 12.64 Grams,24.99,2025-03-22,12.64,1.98,WorthPoint
libyan-desert-glass,Libyan Desert Glass Meteorite Tektite Impact Cintamani( 40 Ct)Dimple Yellow Gem,16.5,2025-03-19,8,2.06,WorthPoint
libyan-desert-glass,Libyan Blue Glass & 2 Moldavite Gems,48.74,2025-03-18,,,WorthPoint
libyan-desert-glass,Libyan Desert Glass From Egypt 3.03 Grams,5.99,2025-03-18,3.03,1.98,WorthPoint
libyan-desert-glass,9mm Libyan Desert Glass Meteorite Tektite Beaded Bracelet,205,2025-03-17,,,WorthPoint
libyan-desert-glass,Libyan Desert Glass Meteorite Tektite Impact Specimen( 1250 Crt)Yellow Gem AAAA,349.3,2025-03-16,,,WorthPoint
libyan-desert-glass,Libyan Desert Glass Meteorite Tektite Impact Specimen( 630 Crt)Dimples Gem,157.5,2025-03-16,,,WorthPoint
libyan-desert-glass,Libyan Desert Glass Meteorite Tektite Impact Cintamani(255 Crt)cristobalite Gem,69.98,2025-03-16,,,WorthPoint
libyan-desert-glass,Six- 6mm And Six 8mm Libyan Desert Glass Beads For Ebay User - Darksidewatches,54.99,2025-03-13,,,WorthPoint
libyan-desert-glass,Libyan Desert Glass Meteorite Tektite Impact Specimen( 168 Ct)HEART Shape Gem A,45.5,2025-03-12,33.6,1.35,WorthPoint
libyan-desert-glass,73.8 Carats THREE 16mm Libyan Desert Glass Beads From Meteorite Impact With COA,34.99,2025-03-11,,,WorthPoint
libyan-desert-glass,Libyan Desert Glass Meteorite Tektite Impact Specimen( 365 Crt)Soft Super Gem A+,101.5,2025-03-11,,,WorthPoint
libyan-desert-glass,Libyan Desert Glass Meteorite Tektite Impact Specimen( 415 Crt)Soft Yellow Gem,104.3,2025-03-10,,,WorthPoint
libyan-desert-glass,"Nice Tektite, Libyan Desert Glass, Egypt, Lot Of Small Pieces. 156 Grams",17.5,2025-03-09,156,0.11,WorthPoint
libyan-desert-glass,Libyan Desert Glass Pendant 4.9gr/24.5Ct .925 Silver Cap Bail,18.75,2025-03-09,4.9,3.83,WorthPoint
libyan-desert-glass,Libyan Desert Glass Meteorite Tektite Impact Specimen( 366 Ct)Dimples Yellow Gem,97.99,2025-03-09,73.2,1.34,WorthPoint
libyan-desert-glass,12 Carats TEN 6mm Libyan Desert Glass Beads From Meteorite Impact With A COA,24.99,2025-03-08,,,WorthPoint
libyan-desert-glass,Libyan Desert Glass Meteorite Tektite Impact Specimen(100 Crt)Soft Gem AAAA+,38.5,2025-03-08,,,WorthPoint
libyan-desert-glass,Listing For Theoldcavernboutique_8,337.92,2025-03-07,,,WorthPoint
libyan-desert-glass,11.9 Carats TEN 6mm Libyan Desert Glass Beads From Meteorite Impact With A COA,24.99,2025-03-06,,,WorthPoint
libyan-desert-glass,Libyan Desert Glass Meteorite Tektite Impact Specimen( 1300 Ct)Cristobalite Hole,349.3,2025-03-05,260,1.34,WorthPoint
libyan-desert-glass,"""10.2g Natural Libyan Desert Glass """"LDG"""" Meteorite Tektite Africa Impact Specimen""",21,2025-03-05,10.2,2.06,WorthPoint
libyan-desert-glass,"""(r365-44) 1-3/4"""" Fulgurite Lightning Strike Beach Sand Glass Georgia Fulgurites""",16.49,2025-03-04,,,WorthPoint
libyan-desert-glass,"""(r365-37) 1-3/4"""" Fulgurite Lightning Strike Beach Sand Glass Georgia Fulgurites""",16.49,2025-03-03,,,WorthPoint
libyan-desert-glass,Libyan Desert Glass Micro SCARAB!,23,2025-03-03,,,WorthPoint
libyan-desert-glass,Libyan Desert Glass Meteorite Tektite Impact Specimen( 2.3 Ct ),10,2025-03-02,0.46,21.74,WorthPoint
libyan-desert-glass,Libyan Desert Glass Pendant 3.8gr/19.0ct .925 Silver Cap Bail,16.5,2025-03-01,3.8,4.34,WorthPoint
libyan-desert-glass,Libyan Desert Glass Meteorite Tektite Impact Specimen( 275 Crt) Very Dark Gem,69.97,2025-03-01,,,WorthPoint
libyan-desert-glass,"SEVENTEEN Great Impactites From FIFTEEN Locations, 866-grams (nearly Two Pounds)",59,2025-03-01,866,0.07,WorthPoint
libyan-desert-glass,Libyan Desert Glass Pendant A+ Drilled And Polished 6.5gr/32.5Ct Metaphysical,18,2025-02-27,6.5,2.77,WorthPoint
libyan-desert-glass,Libyan Desert Glass Meteorite Tektite Impact Specimen( 35 Ct)Cristobalite Gem A+,13.96,2025-02-25,7,1.99,WorthPoint
libyan-desert-glass,Libyan Desert Glass Meteorite Tektite Impact Specimen( 20 Crt)Dimples Gem AAA+,11.99,2025-02-24,,,WorthPoint
libyan-desert-glass,Libyan Desert Glass Meteorite Tektite Impact Specimen( 270 Ct)Dark Black Gem A+,76.3,2025-02-24,54,1.41,WorthPoint
libyan-desert-glass,108.5 Carats 21.7 Grams Libyan Desert Glass A+ Tektite Meteorite Impact With COA,70,2025-02-23,21.7,3.23,WorthPoint
libyan-desert-glass,Libyan Desert Glass Meteorite Tektite Impact Specimen( 340 Crt) Dimples Gem AAA+,90.99,2025-02-23,,,WorthPoint
libyan-desert-glass,Semi Translucent! Libyan Desert Glass 100% Natural Egypt 9.61gr,19.99,2025-02-21,9.61,2.08,WorthPoint
libyan-desert-glass,Super Translucent! Libyan Desert Glass 100% Natural Egypt 11.6gr,24.99,2025-02-21,11.6,2.15,WorthPoint
libyan-desert-glass,Libyan Desert Glass 15g (75ct) Meteorite Tektite Impact Specimen Chara Desert,18.5,2025-02-21,15,1.23,WorthPoint
libyan-desert-glass,"""r365-32-6) 1-1/2"""" Fulgurite Lightning Strike Beach Sand Glass Georgia Fulgurites""",15.99,2025-02-21,,,WorthPoint
libyan-desert-glass,Genuine Libyan Desert Glass Meteorite Tektite Beads Bracelet 11mm,56,2025-02-21,,,WorthPoint
libyan-desert-glass,Libyan Desert Glass Meteorite Tektite Impact Specimen( 55 Ct ) Super Gem AAAA+,17.15,2025-02-19,11,1.56,WorthPoint
libyan-desert-glass,Libyan Desert Glass Meteorite Tektite Impact Specimen( 48 Crt) Yellow Gem AA+,16.07,2025-02-19,,,WorthPoint
libyan-desert-glass,30.0 Gr (150 Ct) LIBYAN DESERT GLASS Meteorite Tektite Great Color & Shape,45,2025-02-19,30,1.5,WorthPoint
libyan-desert-glass,"""6.2g Natural Libyan Desert Glass """"LDG"""" Meteorite Tektite Africa Impact Specimen""",7.5,2025-02-17,6.2,1.21,WorthPoint
libyan-desert-glass,"Nice Tektite, Libyan Desert Glass, Egypt, Lot Of Five Small Pieces. 194.3 Grams",15.5,2025-02-16,194.3,0.08,WorthPoint
libyan-desert-glass,Libyan Desert Glass Impactite 100% Natural Egypt 10.4gr,19.99,2025-02-16,10.4,1.92,WorthPoint
libyan-desert-glass,Libyan Desert Glass Meteorite Splash Glass Top Grade Specimen 16.3g,89.99,2025-02-13,16.3,5.52,WorthPoint
libyan-desert-glass,100(8mm) Libyan Desert Glass Beads 3.5ct (0.7g) Each Meteorite Gemstone Tektite,150,2025-02-12,0.7,214.29,WorthPoint
libyan-desert-glass,Libyan Desert Glass 100 Grams Desert Find 2008,32,2025-02-12,100,0.32,WorthPoint
libyan-desert-glass,"""5g Natural Libyan Desert Glass """"LDG"""" Meteorite Tektite Africa Impact Specimen""",10.5,2025-02-11,5,2.1,WorthPoint
libyan-desert-glass,"""9.6g Natural Libyan Desert Glass """"LDG"""" Meteorite Tektite Africa Impact Specimen""",9.99,2025-02-10,9.6,1.04,WorthPoint
libyan-desert-glass,"Libyan Desert Glass, 2 Pieces, 5.2 Grams",18,2025-02-10,5.2,3.46,WorthPoint
libyan-desert-glass,Libyan Desert Glass Meteorite Tektite Impact Specimen( 880 Crt)Pre Historic Tool,237.3,2025-02-09,,,WorthPoint
libyan-desert-glass,"""(r362-50) 4 Piece Set 1/2-1-1/8"""" Fulgurites Lightning Strike Beach Sand Glass GA""",22.99,2025-02-08,,,WorthPoint
libyan-desert-glass,43.9g (219.5ct) Libyan Desert Glass Natural Egypt Impact Meteorite Tektite,52,2025-02-08,43.9,1.18,WorthPoint
libyan-desert-glass,128 Carats 25.61 Grams Libyan Desert Glass Tektite Meteorite Impact Specimen COA,71,2025-02-05,25.61,2.77,WorthPoint
libyan-desert-glass,Low Price! Great Deal! Fabulous Find! Magnificent Libyan Desert Glass! 24.8 Gms,74.25,2025-02-05,24.8,2.99,WorthPoint
libyan-desert-glass,Semi Translucent! Libyan Desert Glass 100% Natural Egypt 10.3gr,15.99,2025-02-04,10.3,1.55,WorthPoint
libyan-desert-glass,"Nice Tektite, Libyan Desert Glass, Egypt, Lot Of 3 Nice Pieces. 173 Grams",24,2025-02-02,173,0.14,WorthPoint
libyan-desert-glass,Libyan Desert Glass LDG Pendulum 3.6gr/18.0Ct Beautiful Faceted Stone,72,2025-02-02,3.6,20,WorthPoint
libyan-desert-glass,Libyan Desert Glass Beads 10 Gram LOT Gemstone Tektite Drilled Wholesale Lot,39,2025-02-02,10,3.9,WorthPoint
libyan-desert-glass,Libyan Desert Glass 4.25g Translucent Impactite - Not A Meteorite,13,2025-02-01,4.25,3.06,WorthPoint
libyan-desert-glass,Top Quality Rare Libyan Desert Glass Tektite Pendant Necklace,280,2025-02-01,,,WorthPoint
libyan-desert-glass,Libyan Desert Impact Glass,9.2,2025-01-31,,,WorthPoint
libyan-desert-glass,Libyan Desert Glass Meteorite Tektite Specimen & Sterling Silver Pendant 2 Pcs,98,2025-01-30,,,WorthPoint
libyan-desert-glass,"Nice Tektite, Libyan Desert Glass, Egypt, Lot Of 2 Nice Pieces. 179 Grams",19.5,2025-01-26,179,0.11,WorthPoint
libyan-desert-glass,"Nice Tektite, Libyan Desert Glass, Egypt, Lot Of 12 Nice Pieces. 139 Grams",19.5,2025-01-26,139,0.14,WorthPoint
libyan-desert-glass,Libyan Desert Glass Pendant 7.9gr/39.5Ct .925 Silver Prong Set,58.48,2025-01-26,7.9,7.4,WorthPoint
libyan-desert-glass,Light YELLOW! Libyan Desert Glass 100% Natural From Egypt 6.2gr,17.99,2025-01-25,6.2,2.9,WorthPoint
libyan-desert-glass,Libyan Desert Glass From Egypt 3.17 Grams,5.99,2025-01-24,3.17,1.89,WorthPoint
libyan-desert-glass,Libyan Desert Glass 15.3g (76.5ct) Meteorite Tektite Impact Specimen Necklace,26,2025-01-22,15.3,1.7,WorthPoint
libyan-desert-glass,"""(r364-132) 1-1/8"""" Fulgurite Lightning Strike Beach Sand Glass Georgia Fulgurites""",14.99,2025-01-22,,,WorthPoint
libyan-desert-glass,"""r365-4) 1-1/2"""" Fulgurite Lightning Strike Beach Sand Glass Georgia Fulgurites""",15.99,2025-01-22,,,WorthPoint
libyan-desert-glass,"""r365-8) 1-1/2"""" Fulgurite Lightning Strike Beach Sand Glass Georgia Fulgurites""",15.99,2025-01-22,,,WorthPoint
libyan-desert-glass,Libyan Desert Glass Meteorite Tektite Impact Cintamani( 220 Crt)super Yellow Gem,59.5,2025-01-21,,,WorthPoint
libyan-desert-glass,Libyan Desert Glass Meteorite Tektite Impact Specimen( 1225 Ct) Big Flat Soft A+,332.5,2025-01-20,245,1.36,WorthPoint
libyan-desert-glass,Libyan Desert Glass Meteorite Tektite Bracelet Beads Size 11mm ++,220,2025-01-19,,,WorthPoint
libyan-desert-glass,Libyan Desert Glass Meteorite Tektite Impact Specimen( 107 Crt)Very Dark Gem,27.99,2025-01-18,,,WorthPoint
libyan-desert-glass,Libyan Desert Glass Meteorite Tektite Impact Specimen( 3200 Crt)Dimples Big Gem,1030.75,2025-01-18,,,WorthPoint
libyan-desert-glass,Libyan Desert Glass 16.3g (81.5ct) Meteorite Tektite Impact Specimen Necklace,26,2025-01-18,16.3,1.6,WorthPoint
libyan-desert-glass,Libyan Desert Glass Pendant A++ Drilled And Polished 3.3gr/16.5Ct High Quality,14.78,2025-01-16,3.3,4.48,WorthPoint
libyan-desert-glass,Libyan Desert Glass Meteorite Tektite Impact Specimen( 503 Crt)Pre-Historic Tool,129.5,2025-01-16,,,WorthPoint
libyan-desert-glass,R353-35A) 2-3/4 Fulgurite Lightning Strike Beach Dune Sand Hill Glass West Texas,38.99,2025-01-16,,,WorthPoint
libyan-desert-glass,R353-35i) 2-3/4 Fulgurite Lightning Strike Beach Dune Sand Hill Glass West Texas,38.99,2025-01-16,,,WorthPoint
libyan-desert-glass,Libyan Desert Glass Meteorite Tektite Impact Specimen( 47 Crt) Yellow Gem A,15.75,2025-01-15,,,WorthPoint
libyan-desert-glass,Libyan Desert Glass Meteorite Tektite Impact Cintamani( 990 Ct)Dimple Yellow Gem,255.5,2025-01-15,198,1.29,WorthPoint
libyan-desert-glass,Libyan Desert Glass Pendant A++ Drilled Polished 4.7gr/23.5ct Metaphysical,22.13,2025-01-14,4.7,4.71,WorthPoint
libyan-desert-glass,Libyan Desert Glass Meteorite Tektite Impact Specimen( 300 Ct)Dimples Yellow Gem,78.4,2025-01-13,60,1.31,WorthPoint
libyan-desert-glass,"""r365-2) 1-1/2"""" Fulgurite Lightning Strike Beach Sand Glass Georgia Fulgurites""",15.99,2025-01-11,,,WorthPoint
libyan-desert-glass,Libyan Desert Glass Meteorite Tektite Impact Specimen( 88 Ct)Dark Black Gem A+,23.09,2025-01-09,17.6,1.31,WorthPoint
libyan-desert-glass,Libyan Desert Glass Meteorite Tektite Impact Specimen( 860 Crt) Dimples Gem AAAA,234.5,2025-01-09,,,WorthPoint
libyan-desert-glass,Libyan Desert Glass Meteorite Tektite Impact Dimples ( 685 Crt) Yellow Gem AAAA,175,2025-01-09,,,WorthPoint
libyan-desert-glass,Unique Libyan Desert Glass Yellow Tektite Silver Plated Ring,30,2025-01-08,,,WorthPoint
libyan-desert-glass,Libyan Desert Glass Meteorite Tektite Specimen( 45 Crt) Best Super Gem AAAA+,15.4,2025-01-07,,,WorthPoint
libyan-desert-glass,Libyan Desert Glass 24.3g (121ct) Natural Egypt Impact Meteorite Tektite,24,2025-01-07,24.3,0.99,WorthPoint
libyan-desert-glass,Libyan Desert Glass 20.3g (101ct) Natural Egypt Impact Meteorite Tektite,24,2025-01-07,20.3,1.18,WorthPoint
libyan-desert-glass,Libyan Desert Glass 50g Semi Translucent Natural Egypt Impact Meteorite Tektite,20,2025-01-07,50,0.4,WorthPoint
libyan-desert-glass,Libyan Desert Glass Meteorite Tektite Impact Specimen( 305 Crt) Flat Nice Gem A,83.3,2025-01-07,,,WorthPoint
libyan-desert-glass,Libyan Desert Glass Meteorite Tektite Impact Specimen( 1750 Ct)Full Dust Orange,419.3,2025-01-07,350,1.2,WorthPoint
libyan-desert-glass,Libyan Desert Glass From Egypt 2.69 Grams,5.99,2025-01-07,2.69,2.23,WorthPoint
libyan-desert-glass,Libyan Desert Glass Meteorite Tektite Impact Specimen(275 Crt)dimples Yellow Gem,67.2,2025-01-06,,,WorthPoint
libyan-desert-glass,"Nice Tektite, Libyan Desert Glass, Egypt, Lot Of 4 Nice Pieces. 147 Grams",17.5,2025-01-05,147,0.12,WorthPoint
libyan-desert-glass,Faceted Moldavite Bead With Libyan Desert Glass Pendant Necklace,1599,2025-01-05,,,WorthPoint
libyan-desert-glass,Libyan Desert Glass Rock Stone Lapidary Specimen,24,2025-01-04,,,WorthPoint
libyan-desert-glass,(r352-49) Fulgurite Lightning Strike Beach Sand Glass West Texas Specimen Piece,14.99,2025-01-02,,,WorthPoint
libyan-desert-glass,Libyan Desert Glass Meteorite Tektite Impact Specimen(105 Crt)Super Yellow Gem A,27.99,2025-01-02,,,WorthPoint
libyan-desert-glass,Libyan Desert Glass Meteorite Tektite Impact Cintamani( 285 Crt)Dimple Green Gem,83.99,2025-01-01,,,WorthPoint
libyan-desert-glass,Libyan Desert Glass Meteorite Tektite Impact Cintamani( 480 Ct)one Of Its Kind,132.3,2025-01-01,96,1.38,WorthPoint
libyan-desert-glass,Libyan Desert Glass Pendant 3.0gr/15Ct .925 Silver Cap Bail Beautiful Stone,19.38,2024-12-31,3,6.46,WorthPoint
libyan-desert-glass,"""(R309-3) 2"""" Fulgurite Lightning Strike Beach Fused Sand Sahara Desert Morocco""",14.99,2024-12-30,,,WorthPoint
libyan-desert-glass,24ct 17mm Genuine Libyan Gold Desert Glass Tektite Specimen D32,44,2024-12-30,4.8,9.17,WorthPoint
libyan-desert-glass,"Nice Tektite, Libyan Desert Glass, Egypt, One Nice Piece. 165 Grams",21.5,2024-12-29,165,0.13,WorthPoint
libyan-desert-glass,"Nice Tektite, Libyan Desert Glass, Egypt, Lot Of 11 Small Pieces. 164 Grams",17,2024-12-29,164,0.1,WorthPoint
libyan-desert-glass,Libyan Desert Glass Meteorite Tektite Impact Specimen( 3615 Ct) Cristobalite A,930.3,2024-12-29,723,1.29,WorthPoint
libyan-desert-glass,Classic Specimen: Libyan Desert Glass,19.95,2024-12-25,,,WorthPoint
libyan-desert-glass,Semi Translucent! Libyan Desert Glass 100% Natural Egypt 8.4gr,19.99,2024-12-25,8.4,2.38,WorthPoint
libyan-desert-glass,Libyan Desert Glass Meteorite Tektite Impact Cintamani( 210 Crt) Flat Gem AA+,46.2,2024-12-24,,,WorthPoint
libyan-desert-glass,Libyan Desert Glass Scarab Carving Meteorite Impactite Tektite Pendant Egypt,191.99,2024-12-24,,,WorthPoint
libyan-desert-glass,84.2 Gr (421 Ct) LIBYAN DESERT GLASS Meteorite Tektite Great Color & Shape,102,2024-12-23,84.2,1.21,WorthPoint
libyan-desert-glass,Libyan Desert Glass Pendant 4.8gr/24.0ct .925 Silver Pincher Bail Beautiful,11.34,2024-12-22,4.8,2.36,WorthPoint
libyan-desert-glass,VERY Translucent! Libyan Desert Glass 100% Natural From Egypt 8.06gr,24.99,2024-12-22,8.06,3.1,WorthPoint
libyan-desert-glass,Very Nice Remaglypt Marked Chunk Of Libyan Desert Glass 195 Grams,12,2024-12-21,195,0.06,WorthPoint
libyan-desert-glass,Libyan Desert Glass Meteorite Tektite Impact Specimen( 585 Crt) Soft Gem AAAA,139.3,2024-12-21,,,WorthPoint
libyan-desert-glass,Libyan Desert Glass From Egypt 2.13 Grams,6.99,2024-12-19,2.13,3.28,WorthPoint
libyan-desert-glass,"""(r364-138) 1-1/8"""" Fulgurite Lightning Strike Beach Sand Glass Georgia Fulgurites""",14.99,2024-12-19,,,WorthPoint
libyan-desert-glass,Translucent! Libyan Desert Glass 100% Natural From Egypt 15.58gr,29.99,2024-12-18,15.58,1.92,WorthPoint
libyan-desert-glass,Libyan Desert Glass Meteorite Tektite Impact Specimen( 730 Ct) Dimples Gem AAAA,252,2024-12-17,146,1.73,WorthPoint
libyan-desert-glass,Libyan Desert Glass Pendant A+ Drilled And Polished 4.2gr/21.0Ct,16.3,2024-12-16,4.2,3.88,WorthPoint
libyan-desert-glass,Libyan Desert Glass A++ Pendant 3.6gr/18.0ct .925 Silver Pincher Bail,23.99,2024-12-15,3.6,6.66,WorthPoint
libyan-desert-glass,Libyan Desert Glass Meteorite Tektite Impact Specimen( 345 Ct)Super Yellow Gem A,84.47,2024-12-15,69,1.22,WorthPoint
libyan-desert-glass,Libyan Desert Glass Meteorite Tektite Impact Specimen( 320 Crt)Super Green Gem A,117,2024-12-14,,,WorthPoint
libyan-desert-glass,Libyan Desert Glass From Egypt 5.73 Grams,9.99,2024-12-14,5.73,1.74,WorthPoint
libyan-desert-glass,1265. Carats = 25.3 Grams Libyan Desert Glass Meteorite Impact In Egypt With COA,26,2024-12-13,25.3,1.03,WorthPoint
libyan-desert-glass,"""R309-2) 1-3/8"""" Fulgurite Lightning Strike Beach Fused Sand Sahara Desert Morocco""",14.99,2024-12-12,,,WorthPoint
libyan-desert-glass,"""r365-32-4) 1-1/2"""" Fulgurite Lightning Strike Beach Sand Glass Georgia Fulgurites""",15.99,2024-12-12,,,WorthPoint
libyan-desert-glass,Libyan Desert Glass From Egypt 2.58 Grams,6.99,2024-12-10,2.58,2.71,WorthPoint
libyan-desert-glass,Libyan Desert Glass Ring Size 9 - Tektite - Meteorite Impact Glass,99,2024-12-08,,,WorthPoint
libyan-desert-glass,Libyan Desert Glass Pendant 1.6gr/8.0ct .925 Silver Cap Bail Beautiful Stone,16.83,2024-12-07,1.6,10.52,WorthPoint
libyan-desert-glass,Cristobalite INCLUSIONS! Very Translucent Libyan Desert Glass Egypt 10.8gr,29.99,2024-12-07,10.8,2.78,WorthPoint
libyan-desert-glass,Libyan Desert Glass Meteorite Tektite Pendant .925 Silver 6.76 Grams,49.95,2024-12-07,6.76,7.39,WorthPoint
libyan-desert-glass,Libyan Desert Glass Meteorite Tektite Impact Specimen(85 Crt)Dimples Flat Gem A+,21.12,2024-12-05,,,WorthPoint
libyan-desert-glass,Libyan Desert Glass Meteorite Tektite Impact Specimen( 96 Crt) Big Natural Hole,22.75,2024-12-04,,,WorthPoint
libyan-desert-glass,Libyan Desert Glass 23g (115ct) Meteorite Tektite Impact Specimen Chara Desert,26,2024-12-04,23,1.13,WorthPoint
libyan-desert-glass,"Nice Tektite, Libyan Desert Glass, Egypt, One Nice Piece. 131 Grams",5.5,2024-12-01,131,0.04,WorthPoint
libyan-desert-glass,"Nice Tektite, Libyan Desert Glass, Egypt, Lot Of 6 Small Pieces. 160 Grams",14.39,2024-12-01,160,0.09,WorthPoint
libyan-desert-glass,Libyan Desert Glass Wholesale Lot From Egypt 22.9 Grams,44.99,2024-11-30,22.9,1.96,WorthPoint
libyan-desert-glass,8mm Libyan Desert Glass Bead 3.5ct (0.7g) Sphere Meteorite Gemstone Tektite,6,2024-11-29,0.7,8.57,WorthPoint
libyan-desert-glass,Libyan Desert Glass From Egypt 6.59 Grams,12.99,2024-11-28,6.59,1.97,WorthPoint
libyan-desert-glass,Libyan Desert Glass Meteorite Tektite Impact Specimen( 465 Ct)cristobalite Gem,107.25,2024-11-28,93,1.15,WorthPoint
libyan-desert-glass,Libyan Desert Glass Pendant 3.5gr/17.5Ct .925 Silver Cap Bail,20.91,2024-11-26,3.5,5.97,WorthPoint
libyan-desert-glass,Libyan Desert Glass Meteorite Tektite Specimen( 135 Crt)Super Yellow Soft Gem A+,35.1,2024-11-25,,,WorthPoint
libyan-desert-glass,Libyan Desert Glass 35ct (7g) Meteorite Tektite Impact Specimen Chara Desert,13,2024-11-25,7,1.86,WorthPoint
libyan-desert-glass,Libyan Desert Glass Meteorite Tektite Impact Specimen( 580 Crt) Super Gem AAAAA+,155.35,2024-11-24,,,WorthPoint
libyan-desert-glass,Faceted Black Tourmaline And Libyan Desert Glass Pendant Necklace,222,2024-11-21,,,WorthPoint
libyan-desert-glass,Libyan Desert Glass Bracelet,114,2024-11-21,,,WorthPoint
libyan-desert-glass,Libyan Desert Glass From Egypt 7.86 Grams,14.99,2024-11-21,7.86,1.91,WorthPoint
libyan-desert-glass,118 Cts 5x2mm - 8x4mm Beads Libyan Desert Glass Meteorite .925 Silver Necklace,174.99,2024-11-20,23.6,7.41,WorthPoint
libyan-desert-glass,67 Carat 5x2mm Smooth Beads Libyan Desert Glass Necklace Meteorite Impact COA,194.99,2024-11-20,,,WorthPoint
libyan-desert-glass,"""r352-100) 2-1/4"""" Fulgurite Lightning Strike Beach Sand Glass West Texas Specimen""",26.99,2024-11-20,,,WorthPoint
libyan-desert-glass,Libyan Desert Glass 6.7g (33.5ct) Meteorite Tektite Impact Specimen Necklace,24,2024-11-18,6.7,3.58,WorthPoint
libyan-desert-glass,"Nice Tektite, Libyan Desert Glass, Egypt, One Nice Piece. 174 Grams",17.5,2024-11-17,174,0.1,WorthPoint
libyan-desert-glass,Libyan Desert Glass Impactite 100% Natural Egypt 11.7gr,29.99,2024-11-16,11.7,2.56,WorthPoint
libyan-desert-glass,Translucent! Libyan Desert Glass 100% Natural From Egypt 12.86gr,17.99,2024-11-14,12.86,1.4,WorthPoint
libyan-desert-glass,Libyan Desert Glass Meteorite Tektite Specimen( 455 Ct) Cristobalite Gem AAAA+,149.25,2024-11-14,91,1.64,WorthPoint
libyan-desert-glass,Very Rare Aaa Grade Libyan Gold Tektite Desert Glass Powerful Crystal Ring *6,160,2024-11-14,,,WorthPoint
libyan-desert-glass,Libyan Desert Glass Meteorite Tektite Impact ( 885 Crt)Stand Alone Display Gem A,266.25,2024-11-13,,,WorthPoint
libyan-desert-glass,Libyan Desert Glass Meteorite Tektite Impact Cintamani( 366 Crt) Yellow Gem AA+,89.21,2024-11-09,,,WorthPoint
libyan-desert-glass,Semi Translucent! Libyan Desert Glass 100% Natural Egypt 8.65gr,15.99,2024-11-09,8.65,1.85,WorthPoint
libyan-desert-glass,Libyan Desert Glass Meteorite Tektite Impact Stand Alone( 515 Crt) Big Crystal,138.75,2024-11-08,,,WorthPoint
libyan-desert-glass,Libyan Desert Glass 8.5g (42.5ct) Meteorite Necklace Tektite + Crystal Quartz,16,2024-11-08,8.5,1.88,WorthPoint
libyan-desert-glass,Muonionalusta Meteorite Earrings,275,2024-11-07,,,WorthPoint
libyan-desert-glass,119.2 Carats 23.8 Grams Libyan Desert Glass Tektite Meteorite Impact Specimen,42.99,2024-11-07,23.8,1.81,WorthPoint
libyan-desert-glass,162.5 Carats 32.5 Grams Libyan Desert Glass Tektite Meteorite Impact Specimen,79.99,2024-11-07,32.5,2.46,WorthPoint
libyan-desert-glass,Libyan Desert Glass Pendant 6.0gr/30Ct .925 Silver Cap Bail,26.31,2024-11-06,6,4.39,WorthPoint
libyan-desert-glass,Libyan Desert Glass Pendant 4.1gr/20.5Ct .925 Silver Cap Bail Beautiful Stone,17.54,2024-11-06,4.1,4.28,WorthPoint
libyan-desert-glass,Libyan Desert Glass ~ Meteorite Impactite ~ 205 Carat (41 Gram) ~ GREAT Features,117,2024-11-06,41,2.85,WorthPoint
libyan-desert-glass,Libyan Desert Glass Pendant Drilled And Polished 7.5gr/37.5Ct,45,2024-11-05,7.5,6,WorthPoint
libyan-desert-glass,"""(r364-134) 1-1/8"""" Fulgurite Lightning Strike Beach Sand Glass Georgia Fulgurites""",14.99,2024-11-05,,,WorthPoint
libyan-desert-glass,"""R353-75E) 3-1/2"""" Fulgurite Lightning Strike Beach Sand Glass West Texas Specimen""",50.99,2024-11-05,,,WorthPoint
libyan-desert-glass,Nice Large Chunk Of LIBYAN DESERT GLASS 90 Grams. 450 Cts.,30,2024-11-05,90,0.33,WorthPoint
libyan-desert-glass,Libyan Desert Glass From Egypt 3.68 Grams,7.99,2024-11-04,3.68,2.17,WorthPoint
libyan-desert-glass,Libyan Desert Glass From Egypt 6.86 Grams,14.99,2024-11-04,6.86,2.19,WorthPoint
libyan-desert-glass,"Nice Tektite, Libyan Desert Glass, Egypt, One Nice Piece. 252 Grams",45.44,2024-11-03,252,0.18,WorthPoint
libyan-desert-glass,Libyan Desert Glass Meteorite Tektite Pendant .925 Silver 3.50 Grams,30.95,2024-11-03,3.5,8.84,WorthPoint
libyan-desert-glass,"""(r365-23) 1-1/2"""" Fulgurite Lightning Strike Beach Sand Glass Georgia Fulgurites""",15.99,2024-11-02,,,WorthPoint
libyan-desert-glass,Libyan Desert Glass From Egypt 4.62 Grams,9.99,2024-11-01,4.62,2.16,WorthPoint
libyan-desert-glass,Libyan Desert Glass Pendant,30,2024-10-31,,,WorthPoint
libyan-desert-glass,Libyan Desert Glass Meteorite Tektite Impact Specimen( 910 Crt)Cristobalite A+,224.25,2024-10-30,,,WorthPoint
libyan-desert-glass,Libyan Desert Glass Impactite 100% Natural Egypt 7.5gr,24.99,2024-10-30,7.5,3.33,WorthPoint
libyan-desert-glass,Libyan Desert Glass Meteorite Tektite Impact Specimen( 810 Crt)Cristobalite Gem,224.25,2024-10-28,,,WorthPoint
libyan-desert-glass,Libyan Desert Glass 7.6g (38ct) Meteorite Necklace Tektite + Crystal Quartz,14,2024-10-28,7.6,1.84,WorthPoint
libyan-desert-glass,Libyan Desert Glass Meteorite Tektite Impact Specimen( 675 Crt)Flat -Thin Gem A+,216,2024-10-26,,,WorthPoint
libyan-desert-glass,Libyan Desert Glass Meteorite Tektite Impact Specimen( 113 Crt) Yellow Gem AAAA,25.88,2024-10-25,,,WorthPoint
libyan-desert-glass,Libyan Desert Glass Meteorite Tektite Specimen( 140 Crt)Very Dark Green Gem A+,40.5,2024-10-23,,,WorthPoint
libyan-desert-glass,Libyan Desert Glass Meteorite Tektite Impact Cintamani( 155 Crt) Flat Gem AA+,37.04,2024-10-22,,,WorthPoint
libyan-desert-glass,Libyan Desert Glass Meteorite Tektite Impact Specimen( 405 Crt)- 7 Natural Holes,146.25,2024-10-21,,,WorthPoint
libyan-desert-glass,Libyan Desert Glass Meteorite Tektite Impact Heart Shape ( 190 Crt) Natural Hole,55.5,2024-10-21,,,WorthPoint
libyan-desert-glass,Super Translucent! Libyan Desert Glass 100% Natural Egypt 14.2gr,34.99,2024-10-21,14.2,2.46,WorthPoint
libyan-desert-glass,"Nice Tektite, Libyan Desert Glass, Egypt, One Nice Piece. 269 Grams",22.5,2024-10-20,269,0.08,WorthPoint
libyan-desert-glass,Special Priceï¼ Libyan Desert Glass Milky Yellow Tektite Sterling Silver S925Ring,38,2024-10-20,,,WorthPoint
libyan-desert-glass,Libyan Desert Glass Impactite 100% Natural Egypt 9.3gr,24.99,2024-10-20,9.3,2.69,WorthPoint
libyan-desert-glass,Libyan Desert Glass 10 Gram BEAD LOT Gemstone Tektite Drilled Wholesale Lot,39,2024-10-20,10,3.9,WorthPoint
libyan-desert-glass,Super Translucent! Libyan Desert Glass 100% Natural Egypt 10.5gr,29.99,2024-10-18,10.5,2.86,WorthPoint
libyan-desert-glass,Libyan Desert Glass From Egypt 13.2 Grams,19.99,2024-10-16,13.2,1.51,WorthPoint
libyan-desert-glass,Libyan Desert Glass From Egypt 5.9 Grams,9.99,2024-10-16,5.9,1.69,WorthPoint
libyan-desert-glass,Libyan Desert Glass From Egypt 3.47 Grams,6.99,2024-10-16,3.47,2.01,WorthPoint
libyan-desert-glass,Libyan Desert Glass From Egypt 7.44 Grams,9.99,2024-10-16,7.44,1.34,WorthPoint
libyan-desert-glass,Libyan Desert Glass From Egypt 4.09 Grams,7.99,2024-10-16,4.09,1.95,WorthPoint
libyan-desert-glass,Libyan Desert Glass Meteorite Tektite Impact Specimen( 125crt)Super Nice Gem A+,35.21,2024-10-16,,,WorthPoint
libyan-desert-glass,Libyan Desert Glass Meteorite Tektite Impact Specimen (90 Crt) Natural Hole Dark,26.62,2024-10-16,,,WorthPoint
libyan-desert-glass,Semi Translucent! Libyan Desert Glass 100% Natural Egypt 16.3gr,21.99,2024-10-15,16.3,1.35,WorthPoint
libyan-desert-glass,Libyan Desert Glass Meteorite Tektite Impact Specimen( 63 Ct )Heart Yellow Gem A,23.99,2024-10-15,12.6,1.9,WorthPoint
libyan-desert-glass,Light YELLOW! Libyan Desert Glass 100% Natural From Egypt 7.1gr,19.99,2024-10-14,7.1,2.82,WorthPoint
libyan-desert-glass,"Nice Tektite, Libyan Desert Glass, Egypt, Lot Of Three Nice Pieces. 171 Grams",12.62,2024-10-13,171,0.07,WorthPoint
libyan-desert-glass,"""(r366-24) 2-1/8"""" Fulgurite Lightning Strike Beach Sand Dune Glass GA Fulgurites""",18.99,2024-10-10,,,WorthPoint
libyan-desert-glass,Libyan Desert Glass From Egypt 11.39 Grams,19.99,2024-10-09,11.39,1.76,WorthPoint
libyan-desert-glass,Libyan Desert Glass Meteorite Tektite Impact Specimen( 5400 Crt)Very Big (1 Kg),1365,2024-10-08,1000,1.37,WorthPoint
libyan-desert-glass,Libyan Desert Glass 9.7g Meteorite Tektite Impact Specimen Necklace,14,2024-10-08,9.7,1.44,WorthPoint
libyan-desert-glass,Libyan Desert Glass Meteorite Tektite Impact Specimen( 1010 Ct ) Super Yellow A+,269.5,2024-10-08,202,1.33,WorthPoint
libyan-desert-glass,Meteorite & Tektite Set ~ 5 Specimens!,50,2024-10-07,,,WorthPoint
libyan-desert-glass,"Nice Tektite, Libyan Desert Glass, Egypt, Lot Of Two Nice Pieces. 140 Grams",15.5,2024-10-06,140,0.11,WorthPoint
libyan-desert-glass,Semi Translucent! Libyan Desert Glass 100% Natural Egypt 9.7gr,15.99,2024-10-06,9.7,1.65,WorthPoint
libyan-desert-glass,All 139 Carats 27.8 Grams Libyan Desert Glass Tektites Meteorite Impact Specimen,31.99,2024-10-04,27.8,1.15,WorthPoint
libyan-desert-glass,Libyan Desert Glass Meteorite Tektite Impact Specimen(44 Crt)Natural Hole Gem A+,15.33,2024-10-03,,,WorthPoint
libyan-desert-glass,Libyan Desert Glass Meteorite Tektite Impact Specimen( 240crt) Super Gem AAAA+,66.5,2024-10-03,,,WorthPoint
libyan-desert-glass,Libyan Desert Glass Meteorite Tektite Impact Specimen( 770 Ct) Cristobalite Gem,209.3,2024-10-02,154,1.36,WorthPoint
libyan-desert-glass,Libyan Desert Glass Meteorite Tektite Impact Specimen(133 Crt)Cristobalite Arrow,34.3,2024-10-02,,,WorthPoint
libyan-desert-glass,Libyan Desert Glass Meteorite Tektite Impact Specimen( 220 Ct )ÙÙCristobalite,55.99,2024-10-01,44,1.27,WorthPoint
libyan-desert-glass,Libyan Desert Glass 19g Meteorite Tektite Impact Specimen Necklace Chara Desert,26,2024-10-01,19,1.37,WorthPoint
libyan-desert-glass,Libyan Desert Glass Meteorite Tektite Impact Specimen( 830 Ct)Soft Yellow Gem,238,2024-10-01,166,1.43,WorthPoint
libyan-desert-glass,Libyan Desert Glass Meteorite Tektite Impact Specimen( 735 Ct)Orange Soft Gem,157.5,2024-10-01,147,1.07,WorthPoint
libyan-desert-glass,Libyan Desert Glass Meteorite Tektite Impact Specimen( 925 Crt) Top Quality A+,297.5,2024-09-29,,,WorthPoint
libyan-desert-glass,159 Carats 31.8 Grams Libyan Desert Glass Tektites Meteorite Impact Specimen,38.99,2024-09-29,31.8,1.23,WorthPoint
libyan-desert-glass,Listing For Goretti,306,2024-09-26,,,WorthPoint
libyan-desert-glass,Libyan Desert Glass From Egypt 2.5 Grams,5.99,2024-09-25,2.5,2.4,WorthPoint
libyan-desert-glass,Libyan Desert Glass Meteorite Tektite Impact Specimen( 1055 Ct)Big Natural Hole,279.3,2024-09-25,211,1.32,WorthPoint
libyan-desert-glass,Libyan Desert Glass Meteorite Tektite Specimen( 125 Ct)Angel Chime -Flat - Thin,32.83,2024-09-25,25,1.31,WorthPoint
libyan-desert-glass,Libyan Desert Glass Meteorite Tektite Specimen(275 Ct)Angel Chime Thin Flat Gem,73.5,2024-09-25,55,1.34,WorthPoint
libyan-desert-glass,Libyan Desert Glass Meteorite Tektite Impact Specimen ( 250 Crt) Angel Chime,76.3,2024-09-25,,,WorthPoint
libyan-desert-glass,"Libyan Desert Glass Pendant 2"" Long Sliver 925 Silver Cap Bail Beautiful Stone",20,2024-09-22,,,WorthPoint
libyan-desert-glass,Libyan Desert Glass Meteorite Tektite Impact Specimen( 740 Crt) Dimples Gem AAAA,209.3,2024-09-18,,,WorthPoint
libyan-desert-glass,"1940-D US Mercury Dime, Uncirculated, 65 Grade Estimate",10,2024-09-17,65,0.15,WorthPoint
libyan-desert-glass,"(r363-19) 2 Fulgurites 1-1/8"" Lightning Strike Beach Sand Dune Glass Georgia",18.99,2024-09-17,,,WorthPoint
libyan-desert-glass,Libyan Desert Glass Meteorite Tektite Impact Specimen( 79 Crt)Dimples GEM AAAA,20.29,2024-09-16,,,WorthPoint
libyan-desert-glass,Libyan Desert Glass Meteorite Tektite Impact Specimen( 82 Crt)Dimples Gem AAAA+,27.3,2024-09-16,,,WorthPoint
libyan-desert-glass,Libyan Desert Glass Pharaoh Stone 13.5 Grams Rare Authentic Meteorite,30,2024-09-16,13.5,2.22,WorthPoint
libyan-desert-glass,Libyan Desert Glass Meteorite Tektite Impact Cintamani( 115 Crt) Flat Gem AA+,27.99,2024-09-16,,,WorthPoint
libyan-desert-glass,Libyan Desert Glass Meteorite Tektite Impact Specimen( 900 Crt)Dimples Gem AA+,225.4,2024-09-15,,,WorthPoint
libyan-desert-glass,Libyan Desert Glass Meteorite Tektite Impact Specimen( 840 Crt)Super Blue Lines,266.25,2024-09-13,,,WorthPoint
libyan-desert-glass,LIBYAN DESERT GLASS $14 Jewelry 3.45gramm,14,2024-09-11,3.45,4.06,WorthPoint
libyan-desert-glass,Libyan Desert Glass From Egypt 2.78 Grams,5.99,2024-09-09,2.78,2.15,WorthPoint
libyan-desert-glass,Libyan Desert Glass From Egypt 8.4 Grams,16.99,2024-09-09,8.4,2.02,WorthPoint
libyan-desert-glass,Libyan Desert Glass Pendant 3.1gr/15.5Ct .925 Silver Cap Bail,33.6,2024-09-07,3.1,10.84,WorthPoint
libyan-desert-glass,Asteroid Impact Libyan Desert Glass Ring Vintage Art Deco Period Sterling S 5.75,119.95,2024-09-06,,,WorthPoint
libyan-desert-glass,Libyan Desert Glass Meteorite Tektite Impact Cintamani( 165 Crt) Soft Gem AA+,59,2024-09-03,,,WorthPoint
libyan-desert-glass,"Lot Of Rare Gems, Minerals, Crystals, & Rocks W/ Display Case- Uplift And Heal",16.5,2024-09-01,,,WorthPoint
libyan-desert-glass,Libyan Desert Glass From Egypt 19.6 Grams,39.99,2024-08-31,19.6,2.04,WorthPoint
libyan-desert-glass,Libyan Desert Glass From Egypt 17.1 Grams 4 Piece Lot,34.99,2024-08-31,17.1,2.05,WorthPoint
libyan-desert-glass,Libyan Desert Glass From Egypt 14.2 Grams,14.99,2024-08-31,14.2,1.06,WorthPoint
libyan-desert-glass,Libyan Desert Glass From Egypt 12.6 Grams,24.99,2024-08-31,12.6,1.98,WorthPoint
libyan-desert-glass,Libyan Desert Glass 32.77g AAA Translucent Impactite W/ Schlieren - Not A Meteor,65,2024-08-31,32.77,1.98,WorthPoint
libyan-desert-glass,Libyan Desert Glass From Egypt 3.49 Grams,6.99,2024-08-30,3.49,2,WorthPoint
libyan-desert-glass,Libyan Desert Glass Sphere,1875,2024-08-28,,,WorthPoint
libyan-desert-glass,139.5 Carats 27.9 Grams Libyan Desert Glass Tektites Meteorite Impact Specimen,31.99,2024-08-28,27.9,1.15,WorthPoint
libyan-desert-glass,Libyan Desert Glass From Egypt 3.28 Grams,6.99,2024-08-28,3.28,2.13,WorthPoint
libyan-desert-glass,Libyan Desert Glass Meteorite Tektite Impact Cintamani( 455 Ct) Dark Green Gem A,126.75,2024-08-27,91,1.39,WorthPoint
libyan-desert-glass,Libyan Desert Glass Meteorite Tektite Impact Cintamani( 35 Crt) Thin Tool - Gem,13.5,2024-08-27,,,WorthPoint
libyan-desert-glass,Libyan Desert Glass 6.51g Translucent Impactite - Not A Meteorite,20,2024-08-27,6.51,3.07,WorthPoint
libyan-desert-glass,"R353-52d) 3"" Fulgurite Lightning Strike Beach Sand Glass West Texas Specimen",44.99,2024-08-27,,,WorthPoint
libyan-desert-glass,Libyan Desert Glass From Egypt 10.5 Grams,9.99,2024-08-26,10.5,0.95,WorthPoint
libyan-desert-glass,Libyan Desert Glass From Egypt 13.5 Grams,9.99,2024-08-26,13.5,0.74,WorthPoint
libyan-desert-glass,Libyan Desert Glass 100% Natural From Egypt 17.82gr,17.99,2024-08-25,17.82,1.01,WorthPoint
libyan-desert-glass,"(r364-112) 1-1/8"" Fulgurite Lightning Strike Beach Sand Glass Georgia Fulgurites",14.99,2024-08-24,,,WorthPoint
libyan-desert-glass,Libyan Desert Glass Meteorite Tektite Impact Specimen( 733 Crt)Dimples Green Gem,206.25,2024-08-24,,,WorthPoint
libyan-desert-glass,Libyan Desert Glass Meteorite Tektite Impact Specimen( 1325 Crt)Soft Stand Alone,374.25,2024-08-24,,,WorthPoint
libyan-desert-glass,All 123 Carats 24.6 Grams Libyan Desert Glass Tektites Meteorite Impact Specimen,29.99,2024-08-23,24.6,1.22,WorthPoint
libyan-desert-glass,Light YELLOW! Libyan Desert Glass 100% Natural From Egypt 16.56gr,21.99,2024-08-22,16.56,1.33,WorthPoint
libyan-desert-glass,Libyan Desert Glass From Egypt 3.8 Grams,6.99,2024-08-22,3.8,1.84,WorthPoint
libyan-desert-glass,23.5 Carats= 4.7 Grams Libyan Desert Glass A+ Tektite Meteorite Impact With COA,6.99,2024-08-22,4.7,1.49,WorthPoint
libyan-desert-glass,Libyan Desert Glass From Egypt 4.12 Grams,11.51,2024-08-20,4.12,2.79,WorthPoint
libyan-desert-glass,Libyan Desert Glass From Egypt 3.2 Grams,6.99,2024-08-20,3.2,2.18,WorthPoint
libyan-desert-glass,Meteorite & Tektite Set ~ 4 Specimens,30,2024-08-19,,,WorthPoint
libyan-desert-glass,Libyan Desert Glass Meteorite Tektite Impact Specimen( 850 Ct)Soft Top Gem AAAAA,288,2024-08-19,170,1.69,WorthPoint
libyan-desert-glass,Libyan Desert Glass Meteorite Tektite Specimen( 700 Crt) Best Super Gem AAAA+,255,2024-08-19,,,WorthPoint
libyan-desert-glass,"50 Gr. RED LECHATELIERITE TEKTITE, HIGH FLOURESENTS L- UV 99.797% Silica.",75,2024-08-18,50,1.5,WorthPoint
libyan-desert-glass,Libyan Desert Glass Meteorite Tektite Impact Specimen( 475 Crt)Rare Dark Blue #1,145,2024-08-18,,,WorthPoint
libyan-desert-glass,Libyan Desert Glass Meteorite Tektite Specimen( 100 Crt)Super Cristobalit Gem A+,34,2024-08-18,,,WorthPoint
libyan-desert-glass,156 Carats 31.2 Grams Libyan Desert Glass Tektites Meteorite Impact Specimen COA,34.99,2024-08-17,31.2,1.12,WorthPoint
libyan-desert-glass,Libyan Desert Glass 21.68g AAA Translucent Impactite W/ Schlieren - Not A Meteor,43,2024-08-17,21.68,1.98,WorthPoint
libyan-desert-glass,Libyan Desert Glass Pendant A+ Drilled Polished 3.9gr/19.5ct,40.5,2024-08-17,3.9,10.38,WorthPoint
libyan-desert-glass,Libyan Desert Glass Pendant A++ Drilled Polished 3.9gr/19.5ct Metaphysical,33,2024-08-17,3.9,8.46,WorthPoint
libyan-desert-glass,Libyan Desert Glass Meteorite Tektite Impact Specimen( 1077 Crt) Dark Black Gem,288,2024-08-17,,,WorthPoint
libyan-desert-glass,Kits World Decals 1/48 USS NIMITZ No.2 ELEVATOR 2020 Vinyl Diorama Base,22.99,2024-08-16,,,WorthPoint
libyan-desert-glass,Libyan Desert Glass Meteorite Tektite Impact Specimen( 575 Crt)Dimples Gem AAAAA,188,2024-08-15,,,WorthPoint
libyan-desert-glass,Libyan Desert Glass Pendant A++ Drilled And Polished 3.8gr/19ct Metaphysical,35.25,2024-08-15,3.8,9.28,WorthPoint
libyan-desert-glass,17.5 Carats= 3.5 Grams Libyan Desert Glass A+ Tektite Meteorite Impact With COA,5.49,2024-08-14,3.5,1.57,WorthPoint
libyan-desert-glass,LIBYAN DESERT GLASS - TEKTITE (IMPACT GLASS) SPECIMEN - EGYPT (19.3g),60,2024-08-14,19.3,3.11,WorthPoint
libyan-desert-glass,115.5 Carats 23.1 Grams Libyan Desert Glass Tektites Meteorite Impact Specimen,26.99,2024-08-14,23.1,1.17,WorthPoint
libyan-desert-glass,Libyan Desert Glass From Egypt 12.38 Grams,12.99,2024-08-12,12.38,1.05,WorthPoint
libyan-desert-glass,Libyan Desert Glass From Egypt 15.6 Grams,19.99,2024-08-12,15.6,1.28,WorthPoint
libyan-desert-glass,"Nice Tektite, Libyan Desert Glass, Egypt, Lot Of Many Smallest Pieces. 50 Grams",17.1,2024-08-11,50,0.34,WorthPoint
libyan-desert-glass,Libyan Desert Glass From Egypt 4.10 Grams,9.99,2024-08-10,4.1,2.44,WorthPoint
libyan-desert-glass,Libyan Desert Glass Meteorite,12.99,2024-08-10,,,WorthPoint
libyan-desert-glass,Libyan Desert Glass From Egypt 6.27 Grams,12.99,2024-08-10,6.27,2.07,WorthPoint
libyan-desert-glass,Libyan Desert Glass Meteorite Tektite Impact Specimen( 1180 Ct)Very Dark Gem AAA,339,2024-08-09,236,1.44,WorthPoint
libyan-desert-glass,Libyan Desert Glass Meteorite Tektite Impact Cintamani( 125 Crt)super Yellow Gem,38.8,2024-08-06,,,WorthPoint
libyan-desert-glass,Libyan Desert Glass Meteorite Tektite Impact Cintamani( 144 Crt)Super Gem AAAA+,46.28,2024-08-06,,,WorthPoint
libyan-desert-glass,Libyan Desert Glass Meteorite Tektite Impact Specimen ( 800 Crt) Dimples Top A+,260,2024-07-31,,,WorthPoint
libyan-desert-glass,104.5 Carat 20.9 Grams Libyan Desert Glass Tektite Meteorite Impact Specimen COA,29.99,2024-07-30,20.9,1.43,WorthPoint
libyan-desert-glass,"(r364-29) 2 Fulgurites 1-5/8"" Lightning Strike Beach Sand Glass Georgia Set",22.99,2024-07-29,,,WorthPoint
libyan-desert-glass,Libyan Desert Glass Meteorite Tektite Impact Specimen 34.8g / 174ct,69.99,2024-07-29,34.8,2.01,WorthPoint
libyan-desert-glass,22.5 Carats= 4.5 Grams Libyan Desert Glass A+ Tektite Meteorite Impact With COA,6.99,2024-07-29,4.5,1.55,WorthPoint
libyan-desert-glass,"(r365-24) 1-1/2"" Fulgurite Lightning Strike Beach Sand Glass Georgia Fulgurites",15.99,2024-07-29,,,WorthPoint
libyan-desert-glass,"Libyan Desert Glass Impactite, Tektite 3.2 Grams- J4",20,2024-07-28,3.2,6.25,WorthPoint
libyan-desert-glass,Libyan Desert Glass From Egypt 7.48 Grams,12.99,2024-07-25,7.48,1.74,WorthPoint
libyan-desert-glass,Libyan Desert Glass Meteorite Tektite Impact Specimen( 955 Ct)Cintamani Stone,268,2024-07-24,191,1.4,WorthPoint
libyan-desert-glass,Libyan Desert Glass Meteorite Tektite Impact Specimen( 1800 Crt)big Yellow Gem,544,2024-07-24,,,WorthPoint
libyan-desert-glass,Libyan Desert Glass Meteorite Tektite Impact Specimen( 1030 Crt) 3 Natural Holes,360,2024-07-24,,,WorthPoint
libyan-desert-glass,Libyan Desert Glass Pendant A++ Drilled And Polished 4.7gr/23.5Ct Metaphysical,42,2024-07-24,4.7,8.94,WorthPoint
libyan-desert-glass,Libyan Desert Glass Pendant A++ Drilled And Polished 3.6gr/18ct Metaphysical,28.5,2024-07-24,3.6,7.92,WorthPoint
libyan-desert-glass,Libyan Desert Glass Pendant A++ Drilled Polished 4.8gr/24.0ct Metaphysical,38.25,2024-07-24,4.8,7.97,WorthPoint
libyan-desert-glass,119 Carats 23.7 Grams Libyan Desert Glass Tektite Meteorite Impact Specimen,43,2024-07-23,23.7,1.81,WorthPoint
libyan-desert-glass,Libyan Desert Glass From Egypt 9.9 Grams,9.99,2024-07-23,9.9,1.01,WorthPoint
libyan-desert-glass,Libyan Desert Glass Meteorite Tektite Bracelet Beads Size 7mm+,159.99,2024-07-23,,,WorthPoint
libyan-desert-glass,Libyan Desert Glass Tektite Impact Site Sahara Desert Cabinet Specimen 60gr300ct,275,2024-07-23,60,4.58,WorthPoint
libyan-desert-glass,Libyan Desert Glass Meteorite Tektite Impact Cintamani( 175 Crt)very Thin -Flat,52.5,2024-07-23,,,WorthPoint
libyan-desert-glass,Libyan Desert Glass Pendant 4.0gr/20Ct .925 Silver Cap Bail Beautiful Stone,36,2024-07-22,4,9,WorthPoint
libyan-desert-glass,13.5 Carats= 2.7 Grams Libyan Desert Glass A+ Tektite Meteorite Impact With COA,5.99,2024-07-22,2.7,2.22,WorthPoint
libyan-desert-glass,"Nice Tektite, Libyan Desert Glass, Egypt, One Nice Piece. 181 Gram",7.19,2024-07-21,181,0.04,WorthPoint
libyan-desert-glass,Libyan Desert Glass Meteorite Tektite Impact Specimen( 46 Crt)Cristobalit Gem A+,11.61,2024-07-19,,,WorthPoint
libyan-desert-glass,Libyan Desert Glass From Egypt 4.4 Grams,9.99,2024-07-18,4.4,2.27,WorthPoint
libyan-desert-glass,Libyan Desert Glass From Egypt 5.77 Grams,9.99,2024-07-16,5.77,1.73,WorthPoint
libyan-desert-glass,27 Carats= 5.4 Grams Libyan Desert Glass A+ Tektite Meteorite Impact With COA,6.99,2024-07-16,5.4,1.29,WorthPoint
libyan-desert-glass,Libyan Desert Glass Impactite 23.36 Grams (237 Crt) Translucent,35,2024-07-15,23.36,1.5,WorthPoint
libyan-desert-glass,Libyan Desert Glass Meteorite Tektite Impact Specimen( 80crt)Angel Chime Gem A+,23.9,2024-07-14,,,WorthPoint
libyan-desert-glass,Libyan Desert Glass Meteorite Tektite Impact Specimen( 2055 Crt) Super Gem AAAA+,792,2024-07-14,,,WorthPoint
libyan-desert-glass,Libyan Desert Glass Meteorite Tektite Impact Specimen( 3300 Ct)Dimples Super A+,1320,2024-07-14,660,2,WorthPoint
libyan-desert-glass,Libyan Desert Glass Meteorite Tektite Impact Specimen( 640 Crt) Dimples Dark,176,2024-07-14,,,WorthPoint
libyan-desert-glass,Libyan Desert Glass Meteorite Tektite Impact Specimen( 4850 Crt)Super Gem (1 Kg),1720,2024-07-14,1000,1.72,WorthPoint
libyan-desert-glass,Libyan Desert Glass Meteorite Tektite Impact Dimples ( 775 Ct)dimples Green Gem,224,2024-07-14,155,1.45,WorthPoint
libyan-desert-glass,"Libyan Desert Glass, Egyptian Scarab, Scarab Beetle, Asteroids Impact-133 Carat",139.99,2024-07-13,,,WorthPoint
libyan-desert-glass,38 Carats= 7.6 Grams Libyan Desert Glass A+ Tektite Meteorite Impact With COA,8.99,2024-07-13,7.6,1.18,WorthPoint
libyan-desert-glass,25 Carats= 5 Grams Libyan Desert Glass A+ Tektite Meteorite Impact With COA,7.5,2024-07-13,5,1.5,WorthPoint
libyan-desert-glass,Libyan Desert Glass End Cut,114,2024-07-11,,,WorthPoint
libyan-desert-glass,Libyan Desert Glass Meteorite Tektite Pendant .925 Silver 2.97 Grams,24.95,2024-07-11,2.97,8.4,WorthPoint
libyan-desert-glass,Libyan Desert Glass Meteorite Tektite Pendant .925 Silver 16.14 Cts / 3.22 Grams,29.95,2024-07-11,3.22,9.3,WorthPoint
libyan-desert-glass,30 Carats= 6 Grams Libyan Desert Glass A+ Tektite Meteorite Impact With COA,13.1,2024-07-11,6,2.18,WorthPoint
libyan-desert-glass,23 Carats= 4.6 Grams Libyan Desert Glass A+ Tektite Meteorite Impact With COA,6.5,2024-07-11,4.6,1.41,WorthPoint
libyan-desert-glass,Libyan Desert Glass Meteorite Tektite Impact Specimen ( 45 Crt)Cristobalite Gem,16.96,2024-07-11,,,WorthPoint
libyan-desert-glass,19.5 Carats= 3.9 Grams Libyan Desert Glass A+ Tektite Meteorite Impact With COA,5.99,2024-07-11,3.9,1.54,WorthPoint
libyan-desert-glass,Libyan Desert Glass Lot Of 4 Pieces From Egypt Tektite Impact Glass,28.9,2024-07-11,,,WorthPoint
libyan-desert-glass,Libyan Desert Glass Meteorite Tektite Impact Specimen ( 420 Crt) Green Gem AAAAA,126.65,2024-07-10,,,WorthPoint
libyan-desert-glass,Libyan Desert Glass Meteorite Tektite Impact Cantimani( 1135 Ct)#1 Of Its Kind,360,2024-07-10,227,1.59,WorthPoint
libyan-desert-glass,USS PONCE LPD-15 BEER MUG. EUC. US Navy Memorabilia Glass Military,19.99,2024-07-10,,,WorthPoint
libyan-desert-glass,Libyan Desert Glass Meteorite Tektite Impact Specimen( 1900 Crt)(Rare)Very Big A,600,2024-07-10,,,WorthPoint
libyan-desert-glass,Libyan Desert Glass Meteorite Tektite Impact Specimen( 485 Ct) Super Gem AAAA+,231.2,2024-07-10,97,2.38,WorthPoint
libyan-desert-glass,Libyan Desert Glass Meteorite Tektite Impact Specimen(570 Crt)Dimples Gem Yellow,228,2024-07-10,,,WorthPoint
libyan-desert-glass,Libyan Desert Glass Meteorite Tektite Impact Specimen(508 Crt)Dimples Gem Yellow,188,2024-07-10,,,WorthPoint
libyan-desert-glass,Libyan Desert Glass Meteorite Tektite Impact Specimen( 520 Crt) Yellow Gem AAAAA,168,2024-07-10,,,WorthPoint
libyan-desert-glass,Libyan Desert Glass From Egypt 12.9 Grams,12.99,2024-07-09,12.9,1.01,WorthPoint
libyan-desert-glass,Libyan Desert Glass From Egypt 8.98 Grams,9.99,2024-07-08,8.98,1.11,WorthPoint
libyan-desert-glass,Libyan Desert Glass Impactite 47.57 Grams (237 Crt) Trapped Bubbles,53,2024-07-08,47.57,1.11,WorthPoint
libyan-desert-glass,Libyan Desert Glass From Egypt 6.3 Grams,9.99,2024-07-07,6.3,1.59,WorthPoint
libyan-desert-glass,Libyan Desert Glass Meteorite Tektite Impact Specimen( 355 Ct)Cristobalite Gem,109.6,2024-07-06,71,1.54,WorthPoint
libyan-desert-glass,"(r365-22) 1-1/2"" Fulgurite Lightning Strike Beach Sand Glass Georgia Fulgurites",15.99,2024-07-06,,,WorthPoint
libyan-desert-glass,Libyan Desert Glass From Egypt 6.39 Grams,9.99,2024-07-06,6.39,1.56,WorthPoint
libyan-desert-glass,Libyan Desert Glass From Egypt 8.39 Grams,9.99,2024-07-03,8.39,1.19,WorthPoint
libyan-desert-glass,271.5 Carats 54.3 Grams Libyan Desert Glass Tektites Meteorite Impact Specimen,59.99,2024-06-29,54.3,1.1,WorthPoint
libyan-desert-glass,"1965 Greece Original Proof Set (7 Piece,20 Drachma Silver), Uncirculated",50,2024-06-28,1965,0.03,WorthPoint
libyan-desert-glass,Libyan Desert Glass Meteorite Tektite Impact Cintamani( 55 Crt) Thin Tool - Gem,6.5,2024-06-28,,,WorthPoint
libyan-desert-glass,20 Carats 4 Grams Libyan Desert Glass Tektite Meteorite Impact With A COA,6.99,2024-06-15,4,1.75,WorthPoint
libyan-desert-glass,Libyan Desert Glass From Egypt 3.22 Grams,8.5,2024-06-14,3.22,2.64,WorthPoint
libyan-desert-glass,Libyan Desert Glass Carving Cabochon Meteorite Impactite Tektite Gemstone Egypt,39.99,2024-06-14,,,WorthPoint
libyan-desert-glass,Libyan Desert Glass Meteorite Tektite Impact Specimen( 566 Crt)Dimples Gem Green,247.5,2024-06-13,,,WorthPoint
libyan-desert-glass,Libyan Desert Glass Meteorite Tektite Impact Cintamani ( 85 Crt) Natural Hole,31.49,2024-06-13,,,WorthPoint
libyan-desert-glass,"Natural Libyan Desert Glass, Libyan Gold Tektite, Sand Sea, 16ct US TOP Crystals",55,2024-06-12,3.2,17.19,WorthPoint
libyan-desert-glass,33 Carats 6.6 Grams Libyan Desert Glass Tektite Meteorite Impact With A COA,23.5,2024-06-11,6.6,3.56,WorthPoint
libyan-desert-glass,"Libyan Desert Glass - Great Sands Glass, 55ct RARE (impactite Tektite) #SND83",43.51,2024-06-09,11,3.96,WorthPoint
libyan-desert-glass,180 Carats 36 Grams Libyan Desert Glass Tektite Meteorite Impact With A COA,39.99,2024-06-09,36,1.11,WorthPoint
libyan-desert-glass,50.5 Carats 10.1 Grams Libyan Desert Glass Tektite Meteorite Impact With A COA,14.99,2024-06-09,10.1,1.48,WorthPoint
libyan-desert-glass,"Libyan/Egyptian Desert Glass Piece, 136 Grams (rare Size)",260,2024-06-08,136,1.91,WorthPoint
libyan-desert-glass,"(r365-18) 1-1/2"" Fulgurite Lightning Strike Beach Sand Glass Georgia Fulgurites",15.99,2024-06-08,,,WorthPoint
libyan-desert-glass,Libyan Desert Glass Meteorite Tektite Bracelet Beads Size 13mm ++,219.99,2024-06-08,,,WorthPoint
libyan-desert-glass,117.5 Carats 23.5 Grams Libyan Desert Glass Tektites Meteorite Impact Specimen,25.99,2024-06-08,23.5,1.11,WorthPoint
libyan-desert-glass,About 6x3mm Beads Of Libyan Desert Glass From Meteorite Impact With COA $5 Each,5,2024-06-07,,,WorthPoint
libyan-desert-glass,Libyan Desert Glass From Egypt 9.7 Grams,9.99,2024-06-07,9.7,1.03,WorthPoint
libyan-desert-glass,Libyan Desert Glass Meteorite Tektite Bracelet Raw Pieces ï¿¼,59.99,2024-06-07,,,WorthPoint
libyan-desert-glass,17 Carats 3.4 Grams Libyan Desert Glass Cristobalite Meteorite Impact Specimen,8.99,2024-06-05,3.4,2.64,WorthPoint
libyan-desert-glass,15 Carats 3 Grams Libyan Desert Glass Cristobalite Meteorite Impact Specimen,5.99,2024-06-05,3,2,WorthPoint
libyan-desert-glass,39 Carats 7.8 Grams Libyan Desert Glass Tektite Meteorite Impact With A COA,12.99,2024-06-05,7.8,1.67,WorthPoint
libyan-desert-glass,Libyan Desert Glass Meteorite Tektite Impact Cintamani ( 125 Crt) Natural Hole,47.95,2024-06-03,,,WorthPoint
libyan-desert-glass,Libyan Desert Glass Meteorite Tektite Impact Specimen(35 Crt)Cristobalite Gem,20.99,2024-06-01,,,WorthPoint
libyan-desert-glass,Libyan Desert Glass Meteorite Tektite Specimen( 155 Crt)yellow Dimples Gem A+,57,2024-06-01,,,WorthPoint
libyan-desert-glass,144.5 Carats 28.9 Grams Libyan Desert Glass Tektites Meteorite Impact Specimen,31.99,2024-06-01,28.9,1.11,WorthPoint
libyan-desert-glass,Libyan Desert Glass From Egypt 11.1 Grams,19.99,2024-05-31,11.1,1.8,WorthPoint
libyan-desert-glass,41 Carats 8.2 Grams Libyan Desert Glass Tektite Meteorite Impact With A COA,16.85,2024-05-31,8.2,2.05,WorthPoint
libyan-desert-glass,24.5 Carats 4.9 Grams Libyan Desert Glass Tektite Meteorite Impact With A COA,8.99,2024-05-31,4.9,1.83,WorthPoint
libyan-desert-glass,15.5 Carats 3 Grams Libyan Desert Glass Tektite Meteorite Impact With A COA,5.99,2024-05-31,3,2,WorthPoint
libyan-desert-glass,"Libyan/Egyptian Desert Glass Piece, 89 Grams (B)",140,2024-05-30,89,1.57,WorthPoint
libyan-desert-glass,"Libyan/Egyptian Desert Glass Piece, 89 Grams (A)",140,2024-05-30,89,1.57,WorthPoint
libyan-desert-glass,138 Carats 27.6 Grams Libyan Desert Glass Tektites Meteorite Impact Specimen COA,31,2024-05-30,27.6,1.12,WorthPoint
libyan-desert-glass,22.5 Carats 4.5 Grams Libyan Desert Glass Cristobalite Meteorite Impact Specimen,12.5,2024-05-29,4.5,2.78,WorthPoint
libyan-desert-glass,142 Carats 8x4 Down To 7x4mm Beads Libyan Desert Glass Necklace Meteorite Impact,259,2024-05-28,,,WorthPoint
libyan-desert-glass,31.5 Carats 6.3 Grams Libyan Desert Glass Tektite Meteorite Impact With A COA,8.99,2024-05-28,6.3,1.43,WorthPoint
libyan-desert-glass,27.5 Carats 5.5 Grams Libyan Desert Glass Tektite Meteorite Impact With A COA,12.5,2024-05-28,5.5,2.27,WorthPoint
libyan-desert-glass,12.5 Carats 2.51 Grams Libyan Desert Glass Tektite Meteorite Impact With A COA,5.5,2024-05-28,2.51,2.19,WorthPoint
libyan-desert-glass,60 Cts 12 Grams Libyan Desert Glass Cristobalite Meteorite Impact Specimen,14.99,2024-05-28,12,1.25,WorthPoint
libyan-desert-glass,Libyan Desert Glass Meteorite Tektite Impact Specimen( 33 Ct)Super Gem AAAAA,14.88,2024-05-27,6.6,2.25,WorthPoint
libyan-desert-glass,9 Carats 1.8 Grams Libyan Desert Glass Cristobalite Meteorite Impact Specimen,7.5,2024-05-26,1.8,4.17,WorthPoint
libyan-desert-glass,18.53 Cts 3.71 Grams Libyan Desert Glass Cristobalite Meteorite Impact Specimen,9.5,2024-05-26,3.71,2.56,WorthPoint
libyan-desert-glass,27.53 Carats 5.51 Grams Libyan Desert Glass Tektite Meteorite Impact With A COA,8.99,2024-05-26,5.51,1.63,WorthPoint
libyan-desert-glass,30 Carats 6 Grams Libyan Desert Glass Tektite Meteorite Impact With A COA,8.99,2024-05-26,6,1.5,WorthPoint
libyan-desert-glass,18.5 Carats 3.7 Grams Libyan Desert Glass Tektite Meteorite Impact With A COA,7.5,2024-05-26,3.7,2.03,WorthPoint
libyan-desert-glass,"(r364-114) 1-1/8"" Fulgurite Lightning Strike Beach Sand Glass Georgia Fulgurites",14.99,2024-05-26,,,WorthPoint
libyan-desert-glass,"Libyan/Egyptian Desert Glass Piece, 98 Grams",160,2024-05-22,98,1.63,WorthPoint
libyan-desert-glass,"Libyan/Egyptian Desert Glass Piece, 87 Grams",116,2024-05-22,87,1.33,WorthPoint
libyan-desert-glass,"Natural Libyan Desert Glass, Raw Golden LDG, Rare Crystal, Tektite, Stone Egypt",25,2024-05-20,,,WorthPoint
libyan-desert-glass,"Libyan Desert Glass 23.1g Natural Impact Glass, Great For Meteorite Collections",18.5,2024-05-16,23.1,0.8,WorthPoint
libyan-desert-glass,"Libyan Desert Glass 5-Piece Lot (From SW Egypt), 25 Grams Total (Set B)",28,2024-05-14,25,1.12,WorthPoint
libyan-desert-glass,"Libyan/Egyptian Desert Glass Piece, 60 Grams",70,2024-05-14,60,1.17,WorthPoint
libyan-desert-glass,"Libyan/Egyptian Desert Glass Piece, 103 Grams",180,2024-05-14,103,1.75,WorthPoint
libyan-desert-glass,"Libyan/Egyptian Desert Glass Piece, 17 Grams (A)",20,2024-05-14,17,1.18,WorthPoint
libyan-desert-glass,"Libyan Desert Glass 4-Piece Lot (From SW Egypt), 31 Grams Total",34,2024-05-14,31,1.1,WorthPoint
libyan-desert-glass,"Libyan Desert Glass 4-Piece Lot (From SW Egypt), 29 Grams Total (Set B)",32,2024-05-14,29,1.1,WorthPoint
libyan-desert-glass,"Libyan/Egyptian Desert Glass Piece, 23 Grams",30,2024-05-14,23,1.3,WorthPoint
libyan-desert-glass,"Nice Tektite, Libyan Desert Glass, Egypt, One Good Piece. 235 Grams",55,2024-05-12,235,0.23,WorthPoint
libyan-desert-glass,"Libyan/Egyptian Desert Glass Piece, 144 Grams (very Rare) (Pc B)",400,2024-05-12,144,2.78,WorthPoint
libyan-desert-glass,330.95ct Libyan Desert Glass Meteorite Impact,162.5,2024-05-11,66.19,2.46,WorthPoint
libyan-desert-glass,255.15ct Libyan Desert Glass Meteorite Impact,125,2024-05-11,51.03,2.45,WorthPoint
libyan-desert-glass,"(r365-43) 1-3/4"" Fulgurite Lightning Strike Beach Sand Glass Georgia Fulgurites",16.49,2024-05-09,,,WorthPoint
libyan-desert-glass,284.30ct Libyan Desert Glass Crystal Gem Mineral Egypt Golden Tektite A117,259.98,2024-05-09,56.86,4.57,WorthPoint
libyan-desert-glass,Libyan Desert Glass From Egypt 5.67 Grams,9.99,2024-05-08,5.67,1.76,WorthPoint
libyan-desert-glass,"Libyan/Egyptian Desert Glass Piece, 50 Grams",60,2024-05-07,50,1.2,WorthPoint
libyan-desert-glass,"Libyan/Egyptian Desert Glass Piece, 20 Grams",26,2024-05-07,20,1.3,WorthPoint
libyan-desert-glass,(R310-31) 3 Fulgurites Lightning Strike Beach Sand Glass Sahara Desert Algeria,13.99,2024-05-07,,,WorthPoint
libyan-desert-glass,"Libyan/Egyptian Desert Glass Piece, 130 Grams",200,2024-05-06,130,1.54,WorthPoint
libyan-desert-glass,"(r365-17) 1-1/2"" Fulgurite Lightning Strike Beach Sand Glass Georgia Fulgurites",15.99,2024-05-06,,,WorthPoint
libyan-desert-glass,"Meteorite**Desert Libyan Glass, Impactite**90.90 Gram; Broken Piece",31,2024-05-06,90.9,0.34,WorthPoint
libyan-desert-glass,"Nice Tektite, Libyan Desert Glass, Egypt, One Good Piece. 198 Grams",47,2024-05-05,198,0.24,WorthPoint
libyan-desert-glass,"1966 Canada Mint Silver Set, Unopened/Uncirculated, In Plastic And Envelope",12.75,2024-05-05,,,WorthPoint
libyan-desert-glass,Libyan Desert Glass From Egypt 3.11 Grams,6.99,2024-05-04,3.11,2.25,WorthPoint
libyan-desert-glass,Libyan Desert Glass From Egypt 1.58 Grams,5.99,2024-05-03,1.58,3.79,WorthPoint
libyan-desert-glass,Libyan Desert Glass 4 Piece Lot From Egypt 18.26 Grams,19.99,2024-05-03,18.26,1.09,WorthPoint
libyan-desert-glass,Libyan Desert Glass From Egypt 9 Grams,19.99,2024-05-02,9,2.22,WorthPoint
libyan-desert-glass,Libyan Desert Glass From Egypt 8.64 Grams,16.99,2024-05-02,8.64,1.97,WorthPoint
libyan-desert-glass,18 CTs Libyan Desert Glass Necklace,85,2024-05-02,3.6,23.61,WorthPoint
libyan-desert-glass,"1965 U.S. Special Set, Uncirculated, In Plastic Wrap (San Francisco Mint)",10,2024-05-02,,,WorthPoint
libyan-desert-glass,"Libyan Desert Glass 11.7g Natural Impact Glass, Great For Meteorite Collections",11,2024-05-02,11.7,0.94,WorthPoint
libyan-desert-glass,"Libyan/Egyptian Desert Glass Piece, 17 Grams (C)",22,2024-05-01,17,1.29,WorthPoint
libyan-desert-glass,Libyan Desert Glass From Egypt 14.89 Grams 4 Piece Lot,26.99,2024-04-30,14.89,1.81,WorthPoint
libyan-desert-glass,"R362-51) 4 Piece Set 1/2 1-1/8"" Fulgurites Lightning Strike Beach Sand Glass GA",22.99,2024-04-29,,,WorthPoint
libyan-desert-glass,"Nice Tektite, Libyan Desert Glass, Egypt, One Good Piece. 164 Grams",51,2024-04-28,164,0.31,WorthPoint
libyan-desert-glass,"Libyan/Egyptian Desert Glass Piece, 67 Grams",74,2024-04-27,67,1.1,WorthPoint
libyan-desert-glass,"Libyan/Egyptian Desert Glass Piece, 82 Grams",96,2024-04-27,82,1.17,WorthPoint
libyan-desert-glass,"Libyan Desert Glass, Natural Tektite, 4.1 Grams",25,2024-04-26,4.1,6.1,WorthPoint
libyan-desert-glass,Libyan Desert Glass From Egypt 5.7 Grams,10.5,2024-04-25,5.7,1.84,WorthPoint
libyan-desert-glass,Libyan Desert Glass From Egypt 12.46 Grams,19.99,2024-04-25,12.46,1.6,WorthPoint
libyan-desert-glass,Libyan Desert Glass Polished And Drilled **Reserved**,40,2024-04-24,,,WorthPoint
libyan-desert-glass,"Libyan/Egyptian Desert Glass Piece, 30 Grams (Piece B)",32,2024-04-20,30,1.07,WorthPoint
libyan-desert-glass,"Libyan/Egyptian Desert Glass Piece, 28 Grams",32,2024-04-20,28,1.14,WorthPoint
libyan-desert-glass,"Libyan/Egyptian Desert Glass Piece, 25 Grams (Piece B)",28,2024-04-20,25,1.12,WorthPoint
libyan-desert-glass,Libyan Desert Glass 19.95g AAA Quality Impactite - Not A Meteorite,20.5,2024-04-20,19.95,1.03,WorthPoint
libyan-desert-glass,"Libyan/Egyptian Desert Glass Piece, 37 Grams",42,2024-04-11,37,1.14,WorthPoint
libyan-desert-glass,"Libyan/Egyptian Desert Glass Piece, 26 Grams",28,2024-04-11,26,1.08,WorthPoint
libyan-desert-glass,"Libyan/Egyptian Desert Glass Piece, 35 Grams (Piece B)",40,2024-04-11,35,1.14,WorthPoint
libyan-desert-glass,Gemstone: Libyan Desert Glass - 20.04 Cts.,101,2024-04-11,4.008,25.2,WorthPoint
libyan-desert-glass,11.00ct Libyan Desert Glass Crystal Gem Mineral Egypt Golden Tektite Silica D132,14.98,2024-04-11,2.2,6.81,WorthPoint
libyan-desert-glass,Libyan Desert Glass LDG Pendulum 2.8gr/14Ct Beautiful Faceted Stone,164,2024-04-09,2.8,58.57,WorthPoint
libyan-desert-glass,"Nice Tektite, Libyan Desert Glass, Egypt, Good Pieces. One With Hole! 162.2 Gr",37,2024-04-07,162.2,0.23,WorthPoint
libyan-desert-glass,Libyan Desert Glass Tektite (31.4 Grams),315,2024-04-05,31.4,10.03,WorthPoint
libyan-desert-glass,50.12gr CAMPO DEL CIELO METEORITE Iron+ 10.86gr Libyan Desert Glass Tektite,24.5,2024-04-04,50.12,0.49,WorthPoint
libyan-desert-glass,Libian Desert Glass 2.70ct Square Facetted,22,2024-04-04,0.54,40.74,WorthPoint
libyan-desert-glass,"(r364-130) 1-1/8"" Fulgurite Lightning Strike Beach Sand Glass Georgia Fulgurites",14.99,2024-04-04,,,WorthPoint
libyan-desert-glass,Semi Translucent! Libyan Desert Glass 100% Natural Egypt 4.61gr,14.99,2024-04-03,4.61,3.25,WorthPoint
libyan-desert-glass,Libyan Desert Glass Or Great Sand Sea Glass Impactite From Egypt 12.8gr,19.99,2024-04-03,12.8,1.56,WorthPoint
libyan-desert-glass,Semi Translucent! Libyan Desert Glass 100% Natural Egypt 5.51gr,17.99,2024-04-03,5.51,3.26,WorthPoint
libyan-desert-glass,Semi Translucent! Libyan Desert Glass 100% Natural Egypt 5.94gr,19.99,2024-04-03,5.94,3.37,WorthPoint
libyan-desert-glass,Rare 100% Natural DARK Yellow Libyan Desert Glass From Egypt 9.0gr,16.99,2024-04-03,9,1.89,WorthPoint
libyan-desert-glass,Semi Translucent! Libyan Desert Glass 100% Natural Egypt 4.75gr,16.99,2024-04-03,4.75,3.58,WorthPoint
libyan-desert-glass,NICE! And Rare 100% Natural DARK Yellow Libyan Desert Glass From Egypt 11.0gr,29.99,2024-04-03,11,2.73,WorthPoint
libyan-desert-glass,"Nice Tektite, Libyan Desert Glass, Egypt, Lot Of Three Good Pieces. 179 Grams",38,2024-03-31,179,0.21,WorthPoint
libyan-desert-glass,"15g (75 Ct) Libyan Desert Glass, Light Yellow Natural Impact Specimen, Egypt",32.99,2024-03-31,15,2.2,WorthPoint
libyan-desert-glass,"Libyan Desert Glass 3-Piece Lot (From SW Egypt), 31 Grams Total (C)",40,2024-03-29,31,1.29,WorthPoint
libyan-desert-glass,"Libyan/Egyptian Desert Glass Piece, 35 Grams (Piece A)",40,2024-03-29,35,1.14,WorthPoint
libyan-desert-glass,"Libyan/Egyptian Desert Glass Piece, 30 Grams (Piece A)",34,2024-03-29,30,1.13,WorthPoint
libyan-desert-glass,"Libyan/Egyptian Desert Glass Piece, 32 Grams",38,2024-03-29,32,1.19,WorthPoint
libyan-desert-glass,"27 Different Asteroid IMPACTITES, Grade A Specimens, 759-grams (1#, 10.8-ounces)",69.95,2024-03-28,759,0.09,WorthPoint
libyan-desert-glass,Libyan Desert Glass From Egypt 5.26 Grams,12.99,2024-03-28,5.26,2.47,WorthPoint
libyan-desert-glass,"(r363-20) 2 Fulgurites 1-1/8"" Lightning Strike Beach Sand Glass Georgia Set",18.99,2024-03-27,,,WorthPoint
libyan-desert-glass,"(r364-109) 1-1/8"" Fulgurite Lightning Strike Beach Sand Glass Georgia Fulgurites",14.99,2024-03-27,,,WorthPoint
libyan-desert-glass,Libyan Desert Glass Pendant 100% Natural From Egypt 2.29,29.99,2024-03-26,,,WorthPoint
libyan-desert-glass,65.5 Carats = 13.1 Grams Libyan Desert Glass A+ Tektite Meteorite Impact W/COA,42.99,2024-03-26,13.1,3.28,WorthPoint
libyan-desert-glass,34.2 Carats 6.9 Grams Libyan Desert Glass Tektite Meteorite Impact Specimen,11.99,2024-03-25,6.9,1.74,WorthPoint
libyan-desert-glass,Libyan Desert Glass Meteorite Tektite Impact Specimen( 32 Ct) ]Thin Angel Chime,23.95,2024-03-25,6.4,3.74,WorthPoint
libyan-desert-glass,"R365-32-2) 1-1/2"" Fulgurite Lightning Strike Beach Sand Glass Georgia Fulgurites",15.99,2024-03-25,,,WorthPoint
libyan-desert-glass,"Meteorite**Desert Libyan Glass, Impactite**95.80 Gram; Highest Quality Glass!!!",97,2024-03-25,95.8,1.01,WorthPoint
libyan-desert-glass,"Nice Tektite, Libyan Desert Glass, Egypt, Good Piece. 225 Grams",68,2024-03-24,225,0.3,WorthPoint
libyan-desert-glass,Libyan Desert Glass Meteorite Tektite Impact Specimen( 73 Crt) Natural Hole Flat,29.95,2024-03-24,,,WorthPoint
libyan-desert-glass,Very Translucent! Libyan Desert Glass 100% Natural Egypt 7.8gr,14.99,2024-03-24,7.8,1.92,WorthPoint
libyan-desert-glass,Libyan Desert Glass Sphere Carving Meteorite Impactite Tektite Pendant Egypt,359.95,2024-03-23,,,WorthPoint
libyan-desert-glass,R353-35b) 2-3/4 Fulgurite Lightning Strike Beach Dune Sand Hill Glass West Texas,38.99,2024-03-22,,,WorthPoint
libyan-desert-glass,"(r363-14) 2 Fulgurites 1-5/8"" Lightning Strike Beach Sand Glass Georgia Set",18.99,2024-03-22,,,WorthPoint
libyan-desert-glass,Libyan Desert Glass Meteorite Tektite Impact Specimen( 38 Crt)Super Gem AAAA+,19.99,2024-03-19,,,WorthPoint
libyan-desert-glass,Semi Translucent! Libyan Desert Glass 100% Natural Egypt 3.68gr,13.99,2024-03-18,3.68,3.8,WorthPoint
libyan-desert-glass,Libyan Desert Glass Meteorite Tektite Impact Cintamani( 277 Crt)Super Dark Gem A,115,2024-03-18,,,WorthPoint
libyan-desert-glass,"Libyan Desert Glass 3-Piece Lot (From SW Egypt), 30 Grams Total (A)",38,2024-03-17,30,1.27,WorthPoint
libyan-desert-glass,Semi Translucent! Libyan Desert Glass 100% Natural Egypt 5.00gr,15.99,2024-03-16,5,3.2,WorthPoint
libyan-desert-glass,115 Carats 23 Grams Libyan Desert Glass Tektite Meteorite Impact Specimen,39.99,2024-03-16,23,1.74,WorthPoint
libyan-desert-glass,58.5 Carats 11.7 Grams Libyan Desert Glass Tektite Meteorite Impact Specimen,21.99,2024-03-13,11.7,1.88,WorthPoint
libyan-desert-glass,36 Carats 7.2 Grams Libyan Desert Glass Tektite Meteorite Impact Specimen,13.99,2024-03-13,7.2,1.94,WorthPoint
libyan-desert-glass,Libyan Desert Glass Meteorite Tektite Impact Specimen ( 1175 Crt)Dimples Top AAA,378,2024-03-12,,,WorthPoint
libyan-desert-glass,(R310-23) 3 Fulgurites Lightning Strike Beach Sand Glass Sahara Desert Algeria,13.99,2024-03-12,,,WorthPoint
libyan-desert-glass,Libyan Desert Glass Meteorite Tektite Impact Specimen( 93 Crt) Natural Hole,37.95,2024-03-12,,,WorthPoint
libyan-desert-glass,"Nice Tektite, Libyan Desert Glass, Egypt, One Good Piece. 172.5 Gr",48,2024-03-10,172.5,0.28,WorthPoint
libyan-desert-glass,Libyan Desert Glass From Egypt 8.41 Grams,16.99,2024-03-09,8.41,2.02,WorthPoint
libyan-desert-glass,Libyan Desert Glass From Egypt 7.92 Grams,15.99,2024-03-09,7.92,2.02,WorthPoint
libyan-desert-glass,100% Natural Translucent Libyan Desert Glass From Egypt 15.5gr,18.99,2024-03-08,15.5,1.23,WorthPoint
libyan-desert-glass,"Nice Tektite, Libyan Desert Glass, Egypt, One Good Piece WITH A HOLE! 142.0 Gr",39,2024-03-03,142,0.27,WorthPoint
libyan-desert-glass,Libyan Desert Glass Meteorite Tektite Impact Cintamani( 180 Crt)Super Gem AAAA+,62,2024-03-03,,,WorthPoint
libyan-desert-glass,"Libyan Desert Glass 3-Piece Lot (From SW Egypt), 35 Grams Total (D)",42,2024-03-02,35,1.2,WorthPoint
libyan-desert-glass,"Libyan Desert Glass 2-Piece Lot (From SW Egypt), 30 Grams Total (B)",40,2024-03-02,30,1.33,WorthPoint
libyan-desert-glass,Very Translucent! Libyan Desert Glass 100% Natural Egypt 8.1gr,24.99,2024-03-01,8.1,3.09,WorthPoint
libyan-desert-glass,127.5 Carats = 25.5 Grams Libyan Desert Glass Meteorite Impact In Egypt With COA,29.99,2024-02-29,25.5,1.18,WorthPoint
libyan-desert-glass,Libyan Desert Glass Meteorite Tektite Impact Specimen( 57 Crt)Super Gem AAAA,20.69,2024-02-28,,,WorthPoint
libyan-desert-glass,"Nice Tektite, Libyan Desert Glass, Egypt, 143 Grams And Irgizites 25 Grams",149.99,2024-02-26,143,1.05,WorthPoint
libyan-desert-glass,Libyan Desert Glass From Egypt 7.77 Grams,16.99,2024-02-25,7.77,2.19,WorthPoint
libyan-desert-glass,Libyan Desert Glass Meteorite Tektite Specimen( 255 Ct)one Of Kind - Black Gem,122.55,2024-02-23,51,2.4,WorthPoint
libyan-desert-glass,Libyan Desert Glass Parcel,104,2024-02-22,,,WorthPoint
libyan-desert-glass,Libyan Desert Glass Meteorite Tektite Impact Specimen(45 Crt)Arrow Shape Gem A+,23.5,2024-02-21,,,WorthPoint
libyan-desert-glass,"34 Different Asteroid IMPACTITES, Grade A Specimens 1.74-kilos (3#, 13 Oz.)",79.95,2024-02-20,368.55,0.22,WorthPoint
libyan-desert-glass,"(r364-31) 2 Fulgurites 1-5/8"" Lightning Strike Beach Sand Glass Georgia Set",22.99,2024-02-18,,,WorthPoint
libyan-desert-glass,Nice! Translucent Libyan Desert Glass Light YELLOW! 100% Natural Egypt 18.0gr,29.99,2024-02-17,18,1.67,WorthPoint
libyan-desert-glass,Larger Rare 100% Natural DARK Yellow Libyan Desert Glass From Egypt 21.9gr,19.99,2024-02-17,21.9,0.91,WorthPoint
libyan-desert-glass,Libyan Desert Glass 100% Natural From Egypt 8.46gr,12.99,2024-02-17,8.46,1.54,WorthPoint
libyan-desert-glass,Semi Translucent! Libyan Desert Glass 100% Natural Egypt 14.3gr,24.99,2024-02-17,14.3,1.75,WorthPoint
libyan-desert-glass,Translucent Libyan Desert Glass Light YELLOW! 100% Natural Egypt 15.9gr,24.99,2024-02-17,15.9,1.57,WorthPoint
libyan-desert-glass,Semi Translucent! Libyan Desert Glass 100% Natural Egypt 4.92gr,16.99,2024-02-17,4.92,3.45,WorthPoint
libyan-desert-glass,Ancient Translucent ARTIFACT Of LIBYAN Desert GLASS From Egypt 7.7gr,14.99,2024-02-16,7.7,1.95,WorthPoint
libyan-desert-glass,"1966 U.S. Special Mint Set, Unopened/Uncirculated, With Plastic Case.",18,2024-02-14,,,WorthPoint
libyan-desert-glass,55.3 Gr (276 Ct) LIBYAN DESERT GLASS Meteorite Tektite Great Color & Shape,150,2024-02-14,55.3,2.71,WorthPoint
libyan-desert-glass,"1962 Silver PROOF Set, Uncirculated (in Original Packaging)",34,2024-02-13,,,WorthPoint
libyan-desert-glass,Libyan Desert Glass Wholesale Lot From Egypt 14.5 Grams,26.99,2024-02-13,14.5,1.86,WorthPoint
libyan-desert-glass,Libyan Desert Glass Meteorite Tektite Impact Specimen(58 Crt)Cristobalite Gem A+,20.81,2024-02-13,,,WorthPoint
libyan-desert-glass,Libyan Desert Glass Meteorite Tektite Impact Specimen( 102 Crt)Cristobalite Gem,37.99,2024-02-12,,,WorthPoint
libyan-desert-glass,"Libyan Desert Glass Impactite, Tektite 2 Grams- J8",12,2024-02-11,2,6,WorthPoint
libyan-desert-glass,Libyan Desert Glass From Egypt 11.08 Grams,22.99,2024-02-09,11.08,2.07,WorthPoint
libyan-desert-glass,"Libyan Desert Glass 2 Piece Lot (From SW Egypt), 28 Grams Total",40,2024-02-09,28,1.43,WorthPoint
libyan-desert-glass,Libyan Desert Glass Meteorite Tektite Impact Specimen( 750 Crt)Dimples Yellow A+,284.05,2024-02-09,,,WorthPoint
libyan-desert-glass,Libyan Desert Glass From Egypt 8.59 Grams,19.99,2024-02-05,8.59,2.33,WorthPoint
libyan-desert-glass,1961 US Silver Proof Set (Unopened) Johnamypalmer,30,2024-02-02,,,WorthPoint
libyan-desert-glass,1961 US Silver Proof Set (Unopened),30,2024-02-02,,,WorthPoint
libyan-desert-glass,Libyan Desert Glass ~ Meteorite Impact ~ 163.5 Grams ~ REMARKABLE FEATURES!,475,2024-02-01,163.5,2.91,WorthPoint
libyan-desert-glass,Libyan Desert Glass Meteorite Tektite Impact Specimen( 790 Crt)Soft Super GemAA+,318.25,2024-02-01,,,WorthPoint
libyan-desert-glass,"(r364-135) 1-1/8"" Fulgurite Lightning Strike Beach Sand Glass Georgia Fulgurites",14.99,2024-01-31,,,WorthPoint
libyan-desert-glass,"1.1"" Rare LIBYAN DESERT GLASS G1 Crystal Stone Reiki Charged Egypt 8.9g",39.99,2024-01-30,8.9,4.49,WorthPoint
libyan-desert-glass,"Nice Tektite, Libyan Desert Glass, Egypt, One Good Piece. 94.4 Grams",49,2024-01-28,94.4,0.52,WorthPoint
libyan-desert-glass,Libyan Desert Glass Or Great Sand Sea Glass 100% Natural Egypt 16.9gr,22.99,2024-01-28,16.9,1.36,WorthPoint
libyan-desert-glass,Libyan Desert Glass From Egypt 7.02 Grams,14.99,2024-01-25,7.02,2.14,WorthPoint
libyan-desert-glass,Larger! Translucent Libyan Desert Glass Light YELLOW! 100% Natural Egypt 17.7gr,24.99,2024-01-25,17.7,1.41,WorthPoint
libyan-desert-glass,Libyan Desert Glass 2 Piece Lot From Egypt 4.69 Grams,9.99,2024-01-25,4.69,2.13,WorthPoint
libyan-desert-glass,36.5carats = 7.2 Grams Libyan Desert Glass A+ Tektite Meteorite Impact W/COA,26.99,2024-01-22,7.2,3.75,WorthPoint
libyan-desert-glass,"Nice Tektite, Libyan Desert Glass, Egypt, Two Good Pieces. 185 Grams",52.51,2024-01-21,185,0.28,WorthPoint
libyan-desert-glass,"Nice Tektite, Libyan Desert Glass, Egypt, Lot Of Twelve Small Pieces. 145 Grams",92,2024-01-21,145,0.63,WorthPoint
libyan-desert-glass,Mixed Lot Of 15-Various Rare Specimens Rocks Crystals Minerals Fossils,31,2024-01-21,,,WorthPoint
libyan-desert-glass,Libyan Desert Glass - Rare And Beautiful Impact Glass: 13.5g,40,2024-01-19,13.5,2.96,WorthPoint
libyan-desert-glass,"Nice Tektite, Libyan Desert Glass, Egypt, Lot Of Eleven Small Pieces. 143 Grams",30,2024-01-14,143,0.21,WorthPoint
libyan-desert-glass,11g Libyan Desert Glass Pendant (Large),21.5,2024-01-14,11,1.95,WorthPoint
libyan-desert-glass,Libyan Desert Glass Meteorite Tektite Impact Specimen(57 Crt)Natural Hole Gem A+,23.5,2024-01-13,,,WorthPoint
libyan-desert-glass,"29 Different Asteroid IMPACTITES, My Best Grade A Specimens",124.95,2024-01-13,,,WorthPoint
libyan-desert-glass,About 6x3mm $5 Each Bead Of Libyan Desert Glass From Meteorite Impact With COA,5,2024-01-13,,,WorthPoint
libyan-desert-glass,Libyan Desert Glass From Egypt 12.8 Grams,26,2024-01-13,12.8,2.03,WorthPoint
libyan-desert-glass,12.1 Carats Libyan Desert Glass Cristobalite Pendant In Solid .925 Silver + COA,34.99,2024-01-11,,,WorthPoint
libyan-desert-glass,112 Carats = 22.4 Grams Libyan Desert Glass Meteorite Impact In Egypt With COA,31.99,2024-01-11,22.4,1.43,WorthPoint
libyan-desert-glass,Genuine Moldavite And Libyan Desert Glass Beaded Bracelet,375,2024-01-11,,,WorthPoint
libyan-desert-glass,Huge Chips 13 Carats = 2.60 Gram Libyan Desert Glass Tektite Meteorite Impact,6.5,2024-01-10,2.6,2.5,WorthPoint
libyan-desert-glass,".7"" Tiny Rare Colombianite Tektite Crystal A5 Reiki Charged 2.4g *Read Below*",9.99,2024-01-10,2.4,4.16,WorthPoint
libyan-desert-glass,Libyan Desert Glass From Egypt 7.1 Grams,13.49,2024-01-09,7.1,1.9,WorthPoint
libyan-desert-glass,Libyan Desert Glass From Egypt 22.1 Grams,40.49,2024-01-09,22.1,1.83,WorthPoint
libyan-desert-glass,Libyan Desert Glass From Egypt 23.57 Grams,31.49,2024-01-09,23.57,1.34,WorthPoint
libyan-desert-glass,Libyan Desert Glass From Egypt 9.36 Grams,13.49,2024-01-09,9.36,1.44,WorthPoint
libyan-desert-glass,Libyan Desert Glass From Egypt 9.06 Grams,17.99,2024-01-09,9.06,1.99,WorthPoint
libyan-desert-glass,3.5 Carats Faceted Libyan Desert Glass Ringï¿¼,140,2024-01-09,,,WorthPoint
libyan-desert-glass,Libyan Desert Glass From Egypt 15 Grams,29.99,2024-01-08,15,2,WorthPoint
libyan-desert-glass,Libyan Desert Glass 4 Piece Lot From Egypt 10.1 Grams,17.99,2024-01-08,10.1,1.78,WorthPoint
libyan-desert-glass,Libyan Desert Glass Wholesale Lot From Egypt 21.5 Grams,35.99,2024-01-08,21.5,1.67,WorthPoint
libyan-desert-glass,Libyan Desert Glass Pendant 100% Natural From Egypt 4.24,39.99,2024-01-06,,,WorthPoint
libyan-desert-glass,"140 Gr. GLASS LECHATELIERITE TEKTITE, HIGH FLOURESENTS L- UV 99.797% Silica.",190,2024-01-06,140,1.36,WorthPoint
libyan-desert-glass,Libyan Desert Glass From Egypt 15.5 Grams,26.99,2024-01-05,15.5,1.74,WorthPoint
libyan-desert-glass,Libyan Desert Glass Light YELLOW! 100% Natural Egypt 13.3gr,22.99,2024-01-05,13.3,1.73,WorthPoint
libyan-desert-glass,"(r365-26) 1-1/2"" Fulgurite Lightning Strike Beach Sand Glass Georgia Fulgurites",15.99,2024-01-05,,,WorthPoint
libyan-desert-glass,"(R352-101) 2-1/4"" Fulgurite Lightning Storm Strike Beach Sand Glass West Texas",26.99,2024-01-05,,,WorthPoint
libyan-desert-glass,Libyan Desert Glass Meteorite Tektite Impact Specimen( 1730 Crt) Egg Shape #1,625,2024-01-05,,,WorthPoint
libyan-desert-glass,Libyan Desert Glass Meteorite Tektite Impact Specimen (985 Crt) One Of Its Kind,420,2024-01-04,,,WorthPoint
libyan-desert-glass,Libyan Desert Glass ~ Meteorite Impact Glass ~ 81 Grams ~ SUPER GEM Quality,350,2024-01-03,81,4.32,WorthPoint
libyan-desert-glass,Libyan Desert Glass Meteorite Tektite Pendant .925 Silver 1.74 Grams,18.95,2024-01-03,1.74,10.89,WorthPoint
libyan-desert-glass,Libyan Desert Glass Meteorite Tektite Impact Specimen( 6810 Crt)Dimples Huge Gem,3450,2024-01-02,,,WorthPoint
libyan-desert-glass,Libyan Desert Glass Meteorite Tektite Impact Specimen(270 Crt)yellow Top GemAAAA,115,2024-01-02,,,WorthPoint
libyan-desert-glass,"(r365-15) 1-1/2"" Fulgurite Lightning Strike Beach Sand Glass Georgia Fulgurites",15.99,2024-01-01,,,WorthPoint
libyan-desert-glass,Libyan Desert Glass Meteorite Tektite Impact Specimen(800 Crt) Dimples Gem AAAA,395,2023-12-31,,,WorthPoint
libyan-desert-glass,"(r364-2) 2 Fulgurites 1-5/8"" Lightning Strike Beach Sand Glass Georgia Set",22.99,2023-12-31,,,WorthPoint
libyan-desert-glass,Libyan Desert Glass Meteorite Tektite Impact Specimen( 28 Crt)Cristobalite Incl,17.99,2023-12-30,,,WorthPoint
libyan-desert-glass,71.4 Cts Nice Men's Libyan Desert Glass Pendant .925 Sterling Silver With A COA,129,2023-12-29,14.28,9.03,WorthPoint
libyan-desert-glass,25.8 Gr (129 Ct) LIBYAN DESERT GLASS Meteorite Tektite Great Color & Shape,49.5,2023-12-29,25.8,1.92,WorthPoint
libyan-desert-glass,Libyan Desert Glass From Egypt 14.9 Grams,29.99,2023-12-29,14.9,2.01,WorthPoint
libyan-desert-glass,Libyan Desert Glass Meteorite Tektite Impact Specimen(1025 Crt)Dimples Yello Gem,355,2023-12-29,,,WorthPoint
libyan-desert-glass,"Nice Tektite, Libyan Desert Glass, Egypt, Three Good Pieces. 149 Grams",27,2023-12-24,149,0.18,WorthPoint
libyan-desert-glass,Libyan Desert Glass From Egypt 3.3 Grams,8.99,2023-12-24,3.3,2.72,WorthPoint
libyan-desert-glass,Libyan Desert Glass Meteorite Tektite Pendant .925 Silver 3 Grams,29.95,2023-12-24,3,9.98,WorthPoint
libyan-desert-glass,Libyan Desert Glass From Egypt 7.64 Grams,15.29,2023-12-24,7.64,2,WorthPoint
libyan-desert-glass,14.1 Cts / 2.82 Gram Libyan Desert Glass Pendant .925 Silver /cm Ruler 2nd Photo,38,2023-12-24,2.82,13.48,WorthPoint
libyan-desert-glass,203.20ct Libyan Desert Glass Crystal Gem Mineral Egypt Golden Tektite A115,93.49,2023-12-23,40.64,2.3,WorthPoint
libyan-desert-glass,Larger! Semi Translucent Libyan Desert Glass 100% Natural Egypt 15.6gr,24.99,2023-12-23,15.6,1.6,WorthPoint
libyan-desert-glass,TRANSLUCENT! Libyan Desert Glass 100% Natural From Egypt 11.0gr,17.99,2023-12-22,11,1.64,WorthPoint
libyan-desert-glass,Larger Nice! And 100% Natural Libyan Desert Glass From Egypt 20.4gr,34.99,2023-12-22,20.4,1.72,WorthPoint
libyan-desert-glass,"(r365-25) 1-1/2"" Fulgurite Lightning Strike Beach Sand Glass Georgia Fulgurites",15.99,2023-12-22,,,WorthPoint
libyan-desert-glass,Libyan Desert Glass Meteorite Tektite Impact Cintamani(430 Crt)Dimple Yellow Gem,155,2023-12-20,,,WorthPoint
libyan-desert-glass,Libyan Desert Glass Meteorite Tektite Impact Specimen(140 Crt)Eye Drop Gem A+,57,2023-12-20,,,WorthPoint
libyan-desert-glass,Libyan Desert Glass From Egypt 20.1 Grams,35.99,2023-12-18,20.1,1.79,WorthPoint
libyan-desert-glass,"Libyan Desert Glass, 7g, Sculpted Piece From Meteorite Event Nice Surface",5.6,2023-12-18,7,0.8,WorthPoint
libyan-desert-glass,119 Carats 23.8 Grams Libyan Desert Glass Tektite Meteorite Impact Specimen COA,79.99,2023-12-16,23.8,3.36,WorthPoint
libyan-desert-glass,Libyan Desert Glass Meteorite Tektite Impact Cintamani (130 Crt) Natural Hole,49.95,2023-12-16,,,WorthPoint
libyan-desert-glass,"TRANSLUCENT Libyan Desert Glass Impactite Tektite From Meteorite Fall, 6 Pieces",33,2023-12-15,,,WorthPoint
libyan-desert-glass,Larger! Libyan Desert Glass 100% Natural From Egypt 10.8gr,39.99,2023-12-15,10.8,3.7,WorthPoint
libyan-desert-glass,Libyan Desert Glass 9.07 Grams,21,2023-12-13,9.07,2.32,WorthPoint
libyan-desert-glass,Libyan Desert Glass Meteorite Tektite Impact Specimen( 1170 Crt)for Curving AAAA,425,2023-12-13,,,WorthPoint
libyan-desert-glass,Libyan Desert Glass From Egypt 19.4 Grams,40.49,2023-12-13,19.4,2.09,WorthPoint
libyan-desert-glass,Libyan Desert Glass From Egypt 9.5 Grams,17.99,2023-12-13,9.5,1.89,WorthPoint
libyan-desert-glass,Semi Translucent! Libyan Desert Glass 100% Natural Egypt 9.0gr,17.99,2023-12-13,9,2,WorthPoint
libyan-desert-glass,Libyan Desert Glass Wholesale Lot From Egypt 16.68 Grams,39.99,2023-12-11,16.68,2.4,WorthPoint
libyan-desert-glass,Libyan Desert Glass Meteorite Tektite Impact Dimples(175 Crt)dimples Yellow Gem,59.95,2023-12-10,,,WorthPoint
libyan-desert-glass,Libyan Desert Glass Meteorite Tektite Impact Specimen( 1380 Crt) Cristobalite,590,2023-12-10,,,WorthPoint
libyan-desert-glass,Libyan Desert Glass Meteorite Tektite Impact Specimen (483 Crt) Yellow GEM,347.77,2023-12-10,,,WorthPoint
libyan-desert-glass,"(r352-84) 2-1/8"" Fulgurite Lightning Strike Storm Beach Sand Glass West Texas",22.99,2023-12-10,,,WorthPoint
libyan-desert-glass,Libyan Desert Glass Meteorite Tektite Impact Specimen( 307 Crt)Dimples Gem AAAA,109,2023-12-09,,,WorthPoint
libyan-desert-glass,Libyan Desert Glass From Egypt 5.25 Grams,11.69,2023-12-09,5.25,2.23,WorthPoint
libyan-desert-glass,Very Translucent! Libyan Desert Glass 100% Natural Egypt 8.3gr,19.99,2023-12-08,8.3,2.41,WorthPoint
libyan-desert-glass,Semi Translucent! Libyan Desert Glass 100% Natural Egypt 7.6gr,14.99,2023-12-08,7.6,1.97,WorthPoint
libyan-desert-glass,Libyan Desert Glass Meteorite Tektite Impact Specimen( 23 Crt) Natural Hole,22,2023-12-08,,,WorthPoint
libyan-desert-glass,Libyan Desert Glass Meteorite Tektite Impact Specimen( 1720 Crt) Black Gem,750,2023-12-07,,,WorthPoint
libyan-desert-glass,Libyan Desert Glass Meteorite Tektite Impact Specimen( 766 Crt) Yellow Gem AAAAA,390,2023-12-07,,,WorthPoint
libyan-desert-glass,Libyan Desert Glass Meteorite Tektite Impact Specimen( 1620 Crt)Cristobalite Gem,750,2023-12-07,,,WorthPoint
libyan-desert-glass,Libyan Desert Glass Meteorite Tektite Impact Specimen ( 135 Crt)Super Yellow Gem,54.99,2023-12-07,,,WorthPoint
libyan-desert-glass,Cristobalite INCLUSIONS! Translucent Libyan Desert Glass Egypt 12.0gr,24.99,2023-12-07,12,2.08,WorthPoint
libyan-desert-glass,Genuine Faceted Libyan Desert Glass Reversible Pendant,150,2023-12-07,,,WorthPoint
libyan-desert-glass,"(r364-21) 2 Fulgurites 1-5/8"" Lightning Strike Beach Sand Glass Georgia Set",22.99,2023-12-05,,,WorthPoint
libyan-desert-glass,"23 Different Asteroid IMPACTITES, 428-grams, 15-oz. Including My Best Specimens",71,2023-12-04,428,0.17,WorthPoint
libyan-desert-glass,Libyan Desert Glass Meteorite Tektite Impact Specimen( 27crt)Angel Chime Gem A+,22,2023-12-04,,,WorthPoint
libyan-desert-glass,"Nice Tektite, Libyan Desert Glass, Egypt, One Good Piece. 145 Grams",31,2023-12-03,145,0.21,WorthPoint
libyan-desert-glass,"Nice Tektite, Libyan Desert Glass, Egypt, Lot Of Seven Small Pieces. 134 Grams",20.5,2023-12-03,134,0.15,WorthPoint
libyan-desert-glass,Libyan Desert Glass Meteorite Tektite Impact Specimen(77 Crt)Dimples Dark Gem A+,32,2023-12-03,,,WorthPoint
libyan-desert-glass,Libyan Desert Glass Meteorite Tektite Impact Specimen ( 140 Crt)Dimples Yellow,49.99,2023-12-03,,,WorthPoint
libyan-desert-glass,31.1 Carats = 6.2 Grams Libyan Desert Glass Tektite From Meteorite Impact W/ COA,22.99,2023-12-01,6.2,3.71,WorthPoint
libyan-desert-glass,"(r364-6) 2 Fulgurites 1-5/8"" Lightning Strike Beach Sand Glass Georgia Set",22.99,2023-11-29,,,WorthPoint
libyan-desert-glass,"(r364-17) 2 Fulgurites 1-5/8"" Lightning Strike Beach Sand Glass Georgia Set",22.99,2023-11-29,,,WorthPoint
libyan-desert-glass,"(r371-2) 2-3/4"" Fulgurite Lightning Strike Beach Sand Glass Georgia Specimen",29.99,2023-11-29,,,WorthPoint
libyan-desert-glass,"(r366-37) 2-1/8"" Fulgurite Lightning Strike Beach Sand Glass Georgia Fulgurites",18.99,2023-11-29,,,WorthPoint
libyan-desert-glass,Libyan Desert Glass Meteorite Tektite Impact Specimen( 1210 Crt)Super Green AAAA,550,2023-11-29,,,WorthPoint
libyan-desert-glass,"(r365-31) 1-1/2"" Fulgurite Lightning Strike Beach Sand Glass Georgia Fulgurites",15.99,2023-11-29,,,WorthPoint
libyan-desert-glass,Libyan Desert Glass 12.75 Grams,21,2023-11-28,12.75,1.65,WorthPoint
libyan-desert-glass,"Nice Tektite, Libyan Desert Glass, Egypt, One Good Piece. 139 Grams",31.69,2023-11-26,139,0.23,WorthPoint
libyan-desert-glass,Libyan Desert Glass Meteorite Tektite Impact Specimen( 1635 Crt)Super Gem AAAAA,750,2023-11-26,,,WorthPoint
libyan-desert-glass,Libyan Desert Glass Meteorite Tektite Impact Specimen(55 Crt) Cristobalites Gems,23.95,2023-11-26,,,WorthPoint
libyan-desert-glass,46 Carats = 9.2 Grams Libyan Desert Glass A+ Tektite Meteorite Impact W/COA,24.99,2023-11-26,9.2,2.72,WorthPoint
libyan-desert-glass,Libyan Desert Glass Great Sand Sea Egypt/Libya 14.4 Grams,36,2023-11-23,14.4,2.5,WorthPoint
libyan-desert-glass,Libyan Desert Glass - 8.1 G,25,2023-11-23,8.1,3.09,WorthPoint
libyan-desert-glass,Libyan Desert Glass Pendant 100% Natural From Egypt 4.84,29.99,2023-11-22,,,WorthPoint
libyan-desert-glass,32.60ct Libyan Desert Glass Crystal Gem Mineral Egypt Golden Tektite Silica D26,19.24,2023-11-22,6.52,2.95,WorthPoint
libyan-desert-glass,Libyan Desert Glass Meteorite Tektite Impact Specimen( 90crt)Angel Chime Gem A+,35.5,2023-11-22,,,WorthPoint
libyan-desert-glass,Libyan Desert Glass 21.65 Carats,18.5,2023-11-21,,,WorthPoint
libyan-desert-glass,Libyan Desert Glass Meteorite Tektite Impact Specimen ( 100 Crt)Super Yellow Gem,43,2023-11-20,,,WorthPoint
libyan-desert-glass,Libyan Desert Glass Meteorite Tektite Impact Specimen( 26 Crt) Natural Hole,19.99,2023-11-20,,,WorthPoint
libyan-desert-glass,Libyan Desert Glass Meteorite Tektite Impact Cintamani( 240 Crt)Super Gem AAAA+,95,2023-11-19,,,WorthPoint
libyan-desert-glass,Beautiful Libyan Desert Glass Scarab Beetle & NWA 869 Meteorite Pendant ï¿¼,177.77,2023-11-17,,,WorthPoint
libyan-desert-glass,"(r365-123) 1-7/8"" Fulgurite Lightning Strike Beach Sand Glass Georgia Fulgurites",16.99,2023-11-16,,,WorthPoint
libyan-desert-glass,Libyan Desert Glass Meteorite Tektite Impact Specimen ( 133 Crt)Natural Tunnel,55,2023-11-16,,,WorthPoint
libyan-desert-glass,Libyan Desert Glass Meteorite Tektite Impact Specimen(333 Crt) Super GemAAA A+,129,2023-11-16,,,WorthPoint
libyan-desert-glass,AAA Grade Libyan Desert Glass Pendant With Sterling Silver Bail Necklace 6.7g,75,2023-11-14,6.7,11.19,WorthPoint
libyan-desert-glass,"Nice Tektite, Libyan Desert Glass, Egypt, Lot Of 8 Small Pieces. 155 Grams",35,2023-11-12,155,0.23,WorthPoint
libyan-desert-glass,143 Carats 7x4mm Beads Libyan Desert Glass Necklace - Meteorite Impact With COA,369.99,2023-11-12,,,WorthPoint
libyan-desert-glass,Libyan Desert Glass Meteorite Tektite Impact Specimen( 89 Crt)Dimples GEM AAAA,33,2023-11-10,,,WorthPoint
libyan-desert-glass,Libyan Desert Glass Meteorite Tektite Impact Cintamani(225 Crt)Dimple Yellow Gem,109,2023-11-10,,,WorthPoint
libyan-desert-glass,Libyan Desert Glass 30.20 Carats,21,2023-11-08,,,WorthPoint
libyan-desert-glass,Libyan Desert Glass Wholesale Lot From Egypt 31.3 Grams,59.99,2023-11-08,31.3,1.92,WorthPoint
libyan-desert-glass,Libyan Desert Glass Meteorite Tektite Impact Cintamani (140 Crt) Natural Hole,49.95,2023-11-08,,,WorthPoint
libyan-desert-glass,Libyan Desert Glass Meteorite Tektite Impact Specimen(90 Crt) Cristobalites Gem,37,2023-11-08,,,WorthPoint
libyan-desert-glass,Impactite: 292.3 Gram Piece Of Libyan Desert Glass Created From Meteorite Fall.,329,2023-11-07,292.3,1.13,WorthPoint
libyan-desert-glass,Larger Translucent Libyan Desert Glass 100% Natural From Egypt 21.9gr,22.99,2023-11-07,21.9,1.05,WorthPoint
libyan-desert-glass,".5"" Tiny Rare Colombianite Tektite Crystal J2 Reiki Charged 1.3g *Read Below*",8.39,2023-11-06,1.3,6.45,WorthPoint
libyan-desert-glass,"Nice Tektite, Libyan Desert Glass, Egypt, Lot Of Two Good Pieces. 190 Grams",26,2023-11-05,190,0.14,WorthPoint
libyan-desert-glass,Libyan Desert Glass Meteorite Tektite Impact Specimen( 83 Crt)Cristobalite Inclu,29.99,2023-11-04,,,WorthPoint
libyan-desert-glass,Libyan Desert Glass Meteorite Tektite Impact Specimen( 63 Crt) Super Gem AAAA+,23.5,2023-11-04,,,WorthPoint
libyan-desert-glass,31.5 Carats = 6.3 Grams Libyan Desert Glass Tektite From Meteorite Impact + COA,16.99,2023-11-02,6.3,2.7,WorthPoint
libyan-desert-glass,"(r365-16) 1-1/2"" Fulgurite Lightning Strike Beach Sand Glass Georgia Fulgurites",15.99,2023-11-01,,,WorthPoint
libyan-desert-glass,12.02 Carats Libyan Desert Glass Faceted Pendant In Solid .925 Silver With A COA,32.99,2023-10-31,,,WorthPoint
libyan-desert-glass,Libyan Desert Glass Meteorite Tektite Impact Specimen(392 Crt)Dimples -Super GEM,144,2023-10-31,,,WorthPoint
libyan-desert-glass,Libyan Desert Glass Meteorite Tektite Impact Specimen(1250 Crt) Orange Very Rare,415,2023-10-29,,,WorthPoint
libyan-desert-glass,Libyan Desert Glass 20.09g Translucent Impactite - Not A Meteorite,52,2023-10-28,20.09,2.59,WorthPoint
libyan-desert-glass,"R365-32-7) 1-1/2"" Fulgurite Lightning Strike Beach Sand Glass Georgia Fulgurites",15.99,2023-10-28,,,WorthPoint
libyan-desert-glass,"R365-32-5) 1-1/2"" Fulgurite Lightning Strike Beach Sand Glass Georgia Fulgurites",15.99,2023-10-28,,,WorthPoint
libyan-desert-glass,Larger! Translucent Libyan Desert Glass 100% Natural Egypt 25.5gr,39.99,2023-10-28,25.5,1.57,WorthPoint
libyan-desert-glass,Libyan Desert Glass Meteorite Tektite Impact Specimen(1815 Crt)cristobalite Rare,525,2023-10-27,,,WorthPoint
libyan-desert-glass,"Libyan Desert Glass, 4.17g, Sculpted Piece From Meteorite Impact Nice Surface",15.5,2023-10-25,4.17,3.72,WorthPoint
libyan-desert-glass,"R353-28E) 2-1/2"" Fulgurite Lightning Strike Beach Sand Glass West Texas Specimen",33.99,2023-10-25,,,WorthPoint
libyan-desert-glass,Libyan Desert Glass From Egypt 7.69 Grams,16.99,2023-10-24,7.69,2.21,WorthPoint
libyan-desert-glass,Libyan Desert Glass From Egypt 6.04 Grams,14.99,2023-10-24,6.04,2.48,WorthPoint
libyan-desert-glass,Libyan Desert Glass From Egypt 8.35 Grams,19.99,2023-10-24,8.35,2.39,WorthPoint
libyan-desert-glass,Libyan Desert Glass From Egypt 5.35 Grams,12.99,2023-10-24,5.35,2.43,WorthPoint
libyan-desert-glass,Libyan Desert Glass From Egypt 7 Grams,9.99,2023-10-24,7,1.43,WorthPoint
libyan-desert-glass,"(r364-128) 1-1/8"" Fulgurite Lightning Strike Beach Sand Glass Georgia Fulgurites",14.99,2023-10-23,,,WorthPoint
libyan-desert-glass,"R362-36) 4 Piece Set 1/2 1-1/8"" Fulgurites Lightning Strike Beach Sand Glass GA",22.99,2023-10-23,,,WorthPoint
libyan-desert-glass,Libyan Desert Glass Meteorite Tektite Impact Specimen( 530 Crt) Very Dark Gem,165,2023-10-22,,,WorthPoint
libyan-desert-glass,Libyan Desert Glass Meteorite Tektite Impact Specimen(360 Crt)Real Gem Top AAAAA,159,2023-10-20,,,WorthPoint
libyan-desert-glass,Libyan Desert Glass Meteorite Tektite Impact Specimen(770 Crt) Flat -Angel Chime,235,2023-10-20,,,WorthPoint
libyan-desert-glass,Libyan Desert Glass Meteorite Tektite Impact Specimen(410 Crt) Flat -Angel Chime,135,2023-10-19,,,WorthPoint
libyan-desert-glass,Libyan Desert Glass Meteorite Tektite Impact Specimen(125 Crt)Dark Blue Line Gem,39.5,2023-10-19,,,WorthPoint
libyan-desert-glass,Libyan Desert Glass Tektite Pendant 32.2 Grams,39.99,2023-10-18,32.2,1.24,WorthPoint
libyan-desert-glass,Libyan Desert Glass Meteorite Tektite Impact Specimen(22 Crt)Natural Hole-Tunnel,17.5,2023-10-16,,,WorthPoint
libyan-desert-glass,Libyan Desert Glass Meteorite Tektite Impact Specimen( 888 Crt) Super Gem AAAAA,378,2023-10-16,,,WorthPoint
libyan-desert-glass,Libyan Desert Glass Meteorite Tektite Impact Specimen(200 Crt)Real Gem Top AAAAA,69.99,2023-10-16,,,WorthPoint
libyan-desert-glass,GEM Translucent Natural Libyan Desert Glass Tektite Impactite 22.77g,39.99,2023-10-14,22.77,1.76,WorthPoint
libyan-desert-glass,Libyan Desert Glass Meteorite Tektite Impact Specimen(40crt)Dimples Yellow Gem A,16.99,2023-10-14,,,WorthPoint
libyan-desert-glass,".5"" Tiny Rare Colombianite Tektite Crystal B80 Reiki Charged 1.4g *Read Below*",8.59,2023-10-12,1.4,6.14,WorthPoint
libyan-desert-glass,Libyan Desert Glass Meteorite Tektite Impact Specimen( 1375 Crt)N-Hole Very Rare,499,2023-10-08,,,WorthPoint
libyan-desert-glass,"(r364-136) 1-1/8"" Fulgurite Lightning Strike Beach Sand Glass Georgia Fulgurites",14.99,2023-10-07,,,WorthPoint
libyan-desert-glass,37.5 Carats = 7.5 Grams Libyan Desert Glass Tektite From Meteorite Impact W/ COA,27.99,2023-10-05,7.5,3.73,WorthPoint
libyan-desert-glass,"Libyan Desert Glass, 3.69g, Sculpted Piece From Meteorite Impact Nice Surface",12.55,2023-10-04,3.69,3.4,WorthPoint
libyan-desert-glass,Libyan Desert Glass Meteorite Tektite Impact Specimen(160crt)CRISTOBALITE INCLU,53.95,2023-10-03,,,WorthPoint
libyan-desert-glass,Libyan Desert Glass Meteorite Tektite Impact Specimen(180crt)Dimple Perfect GEM,62.99,2023-10-03,,,WorthPoint
libyan-desert-glass,Libyan Desert Glass Meteorite Tektite Impact Specimen( 334 Crt) Super Gem AAAAA,179.1,2023-10-03,,,WorthPoint
libyan-desert-glass,Libyan Desert Glass Meteorite Tektite Impact Specimen(425 Crt)dimples Gem AAAAA,144,2023-10-03,,,WorthPoint
libyan-desert-glass,Libyan Desert Glass Meteorite Tektite Impact Specimen(45crt)Dimples Yellow Gem A,18.5,2023-10-03,,,WorthPoint
libyan-desert-glass,Libyan Desert Glass Meteorite Tektite Impact Specimen(25crt)Dimples YellowGem A+,13.5,2023-10-01,,,WorthPoint
libyan-desert-glass,Libyan Desert Glass Pendant! From Egypt 6.60,24.99,2023-10-01,,,WorthPoint
libyan-desert-glass,"(r364-116) 1-1/8"" Fulgurite Lightning Strike Beach Sand Glass Georgia Fulgurites",14.99,2023-09-30,,,WorthPoint
libyan-desert-glass,Libyan Desert Glass From Egypt 7.35 Grams,14.99,2023-09-29,7.35,2.04,WorthPoint
libyan-desert-glass,"Libyan Desert Glass, Libya- Mineral Specimen For Sale",12,2023-09-29,,,WorthPoint
libyan-desert-glass,Translucent Ancient Neolithic ARTIFACT Of LIBYAN Desert GLASS From Egypt 1.66gr,14.99,2023-09-28,1.66,9.03,WorthPoint
libyan-desert-glass,Libyan Desert Glass Meteorite Tektite Impact Specimen(11150 Crt) Very Big 2.2 Kg,3060,2023-09-28,2200,1.39,WorthPoint
libyan-desert-glass,Libyan Desert Glass Wholesale Lot From Egypt 29.5 Grams,59.99,2023-09-26,29.5,2.03,WorthPoint
libyan-desert-glass,Libyan Desert Glass Wholesale Lot From Egypt 26.8 Grams,49.99,2023-09-26,26.8,1.87,WorthPoint
libyan-desert-glass,Larger Translucent Libyan Desert Glass 100% Natural Egypt 18.3gr,29.99,2023-09-26,18.3,1.64,WorthPoint
libyan-desert-glass,Libyan Desert Glass From Egypt 24.36 Grams 3 Piece Lot,39.99,2023-09-26,24.36,1.64,WorthPoint
libyan-desert-glass,13.5 Cts / 2.7 Grams Libyan Desert Glass Pendant .925 Silver Cm Ruler 2nd Photo,31.99,2023-09-25,2.7,11.85,WorthPoint
libyan-desert-glass,Translucent 100% Natural Libyan Desert Glass Pendant! Egypt 5.50,19.99,2023-09-25,,,WorthPoint
libyan-desert-glass,Long! Translucent 100% Natural Libyan Desert Glass Pendant! Egypt 5.42,39.99,2023-09-25,,,WorthPoint
libyan-desert-glass,Big! Libyan Desert Glass Pendant From Egypt 1.67,29.99,2023-09-25,,,WorthPoint
libyan-desert-glass,Libyan Desert Glass From Egypt 7.13 Grams,14.99,2023-09-25,7.13,2.1,WorthPoint
libyan-desert-glass,"Nice Tektite, Libyan Desert Glass, Egypt, Lot Of Four Good Pieces. 197 Grams",6.5,2023-09-24,197,0.03,WorthPoint
libyan-desert-glass,GEMMY! Translucent Libyan Desert Glass 100% Natural Egypt 19.9gr,39.99,2023-09-23,19.9,2.01,WorthPoint
libyan-desert-glass,Raw Larger Libyan Desert Glass Meteorite Tektite Pendant .925 Silver,48,2023-09-22,,,WorthPoint
libyan-desert-glass,"Libyan Desert Glass, 8.1g, Sculpted Piece From Meteorite Impact Nice Surface",8.5,2023-09-18,8.1,1.05,WorthPoint
libyan-desert-glass,62 Carats = 12.4 Grams Libyan Desert Glass A++ Tektite Meteorite Impact W/ COA,39,2023-09-16,12.4,3.15,WorthPoint
libyan-desert-glass,79.5 Carats = 15.9 Grams Libyan Desert Glass A+ Tektite Meteorite Impact W/COA,54.99,2023-09-16,15.9,3.46,WorthPoint
libyan-desert-glass,Libyan Desert Glass Meteorite Tektite Impact Specimen( 37 Crt)Super Gem AAAAA,19.8,2023-09-15,,,WorthPoint
libyan-desert-glass,Libyan Desert Glass Meteorite Tektite Impact Specimen(475 Crt)Dual- Yellow Gem A,225,2023-09-15,,,WorthPoint
libyan-desert-glass,GEMMY! Translucent Libyan Desert Glass 100% Natural Egypt 17.0gr,33.99,2023-09-14,17,2,WorthPoint
libyan-desert-glass,Libyan Desert Glass Meteorite Tektite Impact Cintamani (125 Crt) Natural Hole,35.99,2023-09-14,,,WorthPoint
libyan-desert-glass,Libyan Desert Glass From Egypt 3.27 Grams,7.99,2023-09-14,3.27,2.44,WorthPoint
libyan-desert-glass,"Dolphin Libyan Desert Glass Gemstone Carving - 15.5 Carats, 33.3mm",260,2023-09-13,,,WorthPoint
libyan-desert-glass,"Libyan Desert Glass, Libyan Desert Glass Area, New Valley Governor Ate, Egypt",35,2023-09-11,,,WorthPoint
libyan-desert-glass,Libyan Desert Glass Unique Texture. Large! Authentic. Undamaged (130 Carats),54,2023-09-10,,,WorthPoint
libyan-desert-glass,"(r365-85) 1-7/8"" Fulgurite Lightning Strike Beach Sand Glass Georgia Fulgurites",16.99,2023-09-10,,,WorthPoint
libyan-desert-glass,Libyan Desert Glass Meteorite Tektite Impact Specimen( 930 Crt)Dimples Gem AAAAA,324,2023-09-08,,,WorthPoint
libyan-desert-glass,Libyan Desert Glass Meteorite Tektite Impact Cintamani ( 97 Crt) Natural Hole,33.3,2023-09-07,,,WorthPoint
libyan-desert-glass,Libyan Desert Glass Meteorite Tektite Impact Specimen( 382 Crt )Natural -Hole,130.5,2023-09-06,,,WorthPoint
libyan-desert-glass,Mini Museum 2nd Edition 1 - Large 26 Rare Specimens Hans Fex Kickstarter,430,2023-09-04,,,WorthPoint
libyan-desert-glass,"Nice Tektite, Libyan Desert Glass, Egypt, One Good Piece. 156 Grams",7.19,2023-09-03,156,0.05,WorthPoint
libyan-desert-glass,"Nice Tektite, Libyan Desert Glass, Egypt, Lot Of Six Small Pieces. 137 Grams",11.5,2023-09-03,137,0.08,WorthPoint
libyan-desert-glass,Libyan Desert Glass Meteorite Tektite Impact Specimen( 720 Crt)Best Quality -Top,269.1,2023-09-02,,,WorthPoint
libyan-desert-glass,Libyan Desert Glass Meteorite Tektite Impact Cintamani ( 80 Crt) Natural Hole,26.95,2023-09-01,,,WorthPoint
libyan-desert-glass,Libyan Desert Glass Meteorite Tektite Impact Dimples (475 Crt)Cristobalite Gem,179.1,2023-08-31,,,WorthPoint
libyan-desert-glass,30 Carats = 6.1 Grams Libyan Desert Glass Tektite From Meteorite Impact + COA,19.99,2023-08-29,6.1,3.28,WorthPoint
libyan-desert-glass,"Nice Tektite, Libyan Desert Glass, Egypt, Lot Of Fifteen Small Pieces. 136 Grams",26,2023-08-27,136,0.19,WorthPoint
libyan-desert-glass,Libyan Desert Glass Meteorite Tektite Impact Specimen( 935 Crt)dimples Red Gem,315,2023-08-27,,,WorthPoint
libyan-desert-glass,Libyan Desert Glass From Egypt 7.04 Grams,14.99,2023-08-27,7.04,2.13,WorthPoint
libyan-desert-glass,Libyan Desert Glass Meteorite Tektite Impact Specimen(366 Crt)Dimples Yellow Gem,112.5,2023-08-26,,,WorthPoint
libyan-desert-glass,Libyan Desert Glass LDG Pendulum 3.35gr/16.75Ct Beautiful Faceted Stone,178.2,2023-08-25,3.35,53.19,WorthPoint
libyan-desert-glass,Libyan Desert Glass Meteorite Tektite Impact Specimen(870 Crt)Dimples Top GEM A5,382.5,2023-08-25,,,WorthPoint
libyan-desert-glass,Libyan Desert Glass LDG Pendulum 2.9gr/14.5Ct Beautiful Faceted Stone,116.4,2023-08-21,2.9,40.14,WorthPoint
libyan-desert-glass,"Nice Tektite, Libyan Desert Glass, Egypt, Lot Of 3 Good Pieces. 159 Grams",26,2023-08-20,3,8.67,WorthPoint
libyan-desert-glass,"R362-52) 4 Piece Set 1/2 1-1/8"" Fulgurites Lightning Strike Beach Sand Glass GA",22.99,2023-08-20,,,WorthPoint
libyan-desert-glass,Libyan Desert Glass Meteorite Tektite Impact Specimen(29 Crt)Dark Blue Lines Gem,17.95,2023-08-18,,,WorthPoint
libyan-desert-glass,Libyan Desert Glass LDG Pendulum 3.05gr/15.25Ct 11 Sided Faceted Stone,120.15,2023-08-16,3.05,39.39,WorthPoint
libyan-desert-glass,11.2g Gem Libyan Desert Glass,36.15,2023-08-16,11.2,3.23,WorthPoint
libyan-desert-glass,Libyan Desert Glass Meteorite Tektite Impact Specimen( 117crt)Dark Lines Inside,39.99,2023-08-13,,,WorthPoint
libyan-desert-glass,"Nice Tektite, Libyan Desert Glass, Egypt, Lot Of 4 Good Pieces. 197 Grams",60,2023-08-13,4,15,WorthPoint
libyan-desert-glass,"Nice Tektite, Libyan Desert Glass, Egypt, Lot Of Ten Small Pieces. 154 Grams",32,2023-08-13,154,0.21,WorthPoint
libyan-desert-glass,Libyan Desert Glass Meteorite Tektite Impact Specimen(715 Crt)cristobalite Rare,260,2023-08-13,,,WorthPoint
libyan-desert-glass,Libyan Desert Glass Wholesale Lot From Egypt 13.9 Grams,29.99,2023-08-13,13.9,2.16,WorthPoint
libyan-desert-glass,Libyan Desert Glass Meteorite Tektite Impact Specimen(325 Crt)Flat Supe Gem AAAA,170,2023-08-12,,,WorthPoint
libyan-desert-glass,89.8 Gr (449 Ct) LIBYAN DESERT GLASS Meteorite Tektite Great Color & Shape,275,2023-08-12,89.8,3.06,WorthPoint
libyan-desert-glass,35.7 Carats Libyan Desert Glass Cristobalite Pendant In Solid .925 Silver + COA,59.99,2023-08-10,,,WorthPoint
libyan-desert-glass,Libyan Desert Glass Meteorite Tektite Impact Specimen( 15 Crt)Super Gem AAAAA,13.95,2023-08-10,,,WorthPoint
libyan-desert-glass,"Meteorite Collection - Stony, Iron, Libyan Desert Glass",115,2023-08-09,,,WorthPoint
libyan-desert-glass,Libyan Desert Glass Meteorite Tektite Impact Specimen(190 Crt)pre Historic Tool,65,2023-08-09,,,WorthPoint
libyan-desert-glass,Libyan Desert Glass Meteorite Tektite Impact Specimen( 785 Crt)Super Soft A+ #10,215,2023-08-09,,,WorthPoint
libyan-desert-glass,Libyan Desert Glass Pendant 100% Natural From Egypt 3.89,19.99,2023-08-08,,,WorthPoint
libyan-desert-glass,".6"" Tiny Rare Colombianite Tektite Crystal B99 Reiki Charged 2.7g *Read Below*",8.54,2023-08-07,2.7,3.16,WorthPoint
libyan-desert-glass,Libyan Desert Glass Meteorite Tektite Impact Specimen ( 188 Crt) Very Dark Gem,69,2023-08-03,,,WorthPoint
libyan-desert-glass,SUPER Translucent 100% Natural Libyan Desert Glass From Egypt 3.6gr,15.99,2023-08-03,3.6,4.44,WorthPoint
libyan-desert-glass,Libyan Desert Glass Meteorite Tektite Impact Specimen(109 Crt)Dimples Yellow Gem,39.95,2023-08-02,,,WorthPoint
libyan-desert-glass,19.3 Carats Libyan Desert Glass Cristobalite Pendant In Solid .925 Silver + COA,42.99,2023-08-02,,,WorthPoint
libyan-desert-glass,78.5 Carats = 15.7 Grams Libyan Desert Glass A+ Tektite Meteorite Impact + COA,37.99,2023-08-01,15.7,2.42,WorthPoint
libyan-desert-glass,128 Carats 7x3.5mm Beads Libyan Desert Glass Necklace Meteorite Impact With COA,309.99,2023-07-30,,,WorthPoint
libyan-desert-glass,Libyan Desert Glass 100% Natural From Egypt 3.79gr,13.99,2023-07-29,3.79,3.69,WorthPoint
libyan-desert-glass,Libyan Desert Glass From Egypt 5.47 Grams,11.5,2023-07-28,5.47,2.1,WorthPoint
libyan-desert-glass,Libyan Desert Glass Meteorite Tektite Pendant .925 Silver 29 Cts / 5.84 Grams,52,2023-07-27,5.84,8.9,WorthPoint
libyan-desert-glass,"(r365-37) 1-3/4"" Fulgurite Lightning Strike Beach Sand Glass Georgia Fulgurites",16.49,2023-07-27,,,WorthPoint
libyan-desert-glass,Libyan Desert Glass From Egypt 6.68 Grams,14.99,2023-07-26,6.68,2.24,WorthPoint
libyan-desert-glass,Libyan Desert Glass Meteorite Tektite Impact Specimen(1000 Crt)Medium Gem Lot#17,290,2023-07-21,,,WorthPoint
libyan-desert-glass,Libyan Desert Glass From Egypt 7.6 Grams,14.99,2023-07-20,7.6,1.97,WorthPoint
libyan-desert-glass,Libyan Desert Glass Meteorite Tektite Impact Specimen( 1405 Crt)N- Hole- Super A,590,2023-07-20,,,WorthPoint
libyan-desert-glass,Libyan Desert Glass Necklace,19.99,2023-07-20,,,WorthPoint
libyan-desert-glass,Libyan Desert Glass Meteorite Tektite Impact Specimen ( 55 Crt) Very Dark Gem,23,2023-07-20,,,WorthPoint
libyan-desert-glass,152 Carats 8x5 Down To 7x4mm Beads Libyan Desert Glass Necklace Meteorite Impact,359.99,2023-07-19,,,WorthPoint
libyan-desert-glass,Long! 100% Natural Libyan Desert Glass Pendant! Egypt 7.62,29.99,2023-07-18,,,WorthPoint
libyan-desert-glass,Libyan Desert Glass Meteorite Tektite Impact Specimen( 358 Crt)Dimples Gem AAAAA,149,2023-07-18,,,WorthPoint
libyan-desert-glass,Charm Very Rare Aaa Grade Darwinite Australian Tektite Heart Connection Crystal,39,2023-07-18,,,WorthPoint
libyan-desert-glass,Libyan Desert Glass RARE Pyramid Shaped!! (Stand Alone Display) 85cts,36,2023-07-17,17,2.12,WorthPoint
libyan-desert-glass,"(r365-110) 1-7/8"" Fulgurite Lightning Strike Beach Sand Glass Georgia Fulgurites",16.99,2023-07-17,,,WorthPoint
libyan-desert-glass,Libyan Desert Glass Meteorite Tektite Impact Specimen( 2125 Crt)Very Big Gem AAA,750,2023-07-17,,,WorthPoint
libyan-desert-glass,Libyan Desert Glass Meteorite Tektite Impact Specimen ( 270 Crt) Green Gem AAAAA,116.1,2023-07-16,,,WorthPoint
libyan-desert-glass,Libyan Desert Glass Meteorite Tektite Impact Specimen( 535 Crt)Quality Top AAAAA,210,2023-07-15,,,WorthPoint
libyan-desert-glass,22 Carats = 4.4 Grams Libyan Desert Glass Tektite From Meteorite Impact + COA,15.99,2023-07-10,4.4,3.63,WorthPoint
libyan-desert-glass,129 Carats = 25.8 Grams Chipped Libyan Desert Glass Meteorite Impact With COA,29.99,2023-07-10,25.8,1.16,WorthPoint
libyan-desert-glass,"Meteorite**Desert Libyan Glass**272.40 Gram, Beautiful Fragment, Impactite!!!",102.5,2023-07-10,272.4,0.38,WorthPoint
libyan-desert-glass,16.8 Carats Libyan Desert Glass Cristobalite Pendant In Solid .925 Silver + COA,36.99,2023-07-09,,,WorthPoint
libyan-desert-glass,Libyan Desert Glass Meteorite Tektite Impact Specimen(480 Crt)Big Natural Hole,199,2023-07-08,,,WorthPoint
libyan-desert-glass,Lot Of FOUR! 100% Natural Libyan Desert Glass Pieces! Egypt 25.1gr,20.99,2023-07-08,25.1,0.84,WorthPoint
libyan-desert-glass,Libyan Desert Glass Meteorite Tektite Impact Specimen( 120crt) Super Soft Gem A+,49.95,2023-07-07,,,WorthPoint
libyan-desert-glass,Libyan Desert Glass Pendant! From Egypt 8.80,24.99,2023-07-07,,,WorthPoint
libyan-desert-glass,BIG Lot Of FIVE 100% Natural Libyan Desert Glass Pieces! Egypt 73.3gr,79.99,2023-07-07,73.3,1.09,WorthPoint
libyan-desert-glass,"Libyan Desert Glass, 3.56g, Sculpted Piece From A Meteorite Event Nice Surface",5.5,2023-07-07,3.56,1.54,WorthPoint
libyan-desert-glass,"(r365-46) 1-3/4"" Fulgurite Lightning Strike Beach Sand Glass Georgia Fulgurites",16.49,2023-07-06,,,WorthPoint
libyan-desert-glass,"Nice Tektite, Libyan Desert Glass, Egypt, Lot Of 2 Good Pieces. 146 Grams",32,2023-07-02,2,16,WorthPoint
libyan-desert-glass,136 Carats 8x5 Down To 6x3mm Beads Libyan Desert Glass Necklace Meteorite Impact,369.99,2023-07-02,,,WorthPoint
libyan-desert-glass,48 Carats = 9.6 Grams Libyan Desert Glass Meteorite Impact In Egypt With A COA,18.99,2023-06-30,9.6,1.98,WorthPoint
libyan-desert-glass,31 Carats / 6.2 Grams Cristobalites Libyan Desert Glass Tektite Meteorite +COA,16.99,2023-06-30,6.2,2.74,WorthPoint
libyan-desert-glass,Libyan Desert Glass Meteorite Tektite Impact Specimen(600 Crt)Super Yellow AAAAA,368,2023-06-29,,,WorthPoint
libyan-desert-glass,Libyan Desert Glass Meteorite Tektite Impact Cintamani ( 45 Crt) Natural Hole,28,2023-06-28,,,WorthPoint
libyan-desert-glass,Libyan Desert Glass Meteorite Tektite Impact Specimen( 119 Crt) Super Gem AAAAA,59,2023-06-28,,,WorthPoint
libyan-desert-glass,Libyan Desert Glass Meteorite Tektite Pendant .925 Silver 13.4 Cts / 2.69 Grams,29.95,2023-06-28,2.69,11.13,WorthPoint
libyan-desert-glass,Mini Museum Limited 2nd Edition (Hans Flex),600,2023-06-27,,,WorthPoint
libyan-desert-glass,159 Carats = 31.8 Grams Libyan Desert Glass Meteorite Impact In Egypt With A COA,42.99,2023-06-27,31.8,1.35,WorthPoint
libyan-desert-glass,Libyan Desert Glass Meteorite Tektite Impact Specimen( 333 Crt)Super Gem AAAAA,180,2023-06-27,,,WorthPoint
libyan-desert-glass,Libyan Desert Glass Meteorite Tektite Impact Specimen(107 Crt)Angel Chime Super,55,2023-06-26,,,WorthPoint
libyan-desert-glass,Libyan Desert Glass 4.61g Translucent Impactite - Not A Meteorite,16,2023-06-25,4.61,3.47,WorthPoint
libyan-desert-glass,119 Carats 6x4mm Beads Libyan Desert Glass Necklace - Meteorite Impact With COA,279.99,2023-06-25,,,WorthPoint
libyan-desert-glass,Libyan Desert Glass Meteorite Tektite Impact Specimen( 76 Crt)Very Dark Green A,39.99,2023-06-24,,,WorthPoint
libyan-desert-glass,"R362-49) 4 Piece Set 1/2 1-1/8"" Fulgurites Lightning Strike Beach Sand Glass GA",22.99,2023-06-24,,,WorthPoint
libyan-desert-glass,Big! Libyan Desert Glass Light YELLOW! And 100% Natural Egypt 32.1gr,49.99,2023-06-22,32.1,1.56,WorthPoint
libyan-desert-glass,Libyan Desert Glass Meteorite Tektite Impact Specimen(115 Crt)Video Super Gem A+,69.99,2023-06-21,,,WorthPoint
libyan-desert-glass,85 Carats Libyan Desert Glass Meteorite Tektite Dimples Beautiful Energy,18.5,2023-06-18,,,WorthPoint
libyan-desert-glass,".7"" Tiny Rare Colombianite Tektite Crystal S5 Reiki Charged 2.2g *Read Below*",13.33,2023-06-18,2.2,6.06,WorthPoint
libyan-desert-glass,".6"" Tiny Rare Colombianite Tektite Crystal L6 Reiki Charged 3.9g *Read Below*",14.44,2023-06-18,3.9,3.7,WorthPoint
libyan-desert-glass,Libyan Desert Glass 15.30g Translucent Impactite - Not A Meteorite,8.5,2023-06-17,15.3,0.56,WorthPoint
libyan-desert-glass,".6"" Tiny Rare Colombianite Tektite Crystal B94 Reiki Charged 2g *Read Below*",6.99,2023-06-17,2,3.5,WorthPoint
libyan-desert-glass,Libyan Desert Glass Wholesale Lot From Egypt 51 Grams,89.99,2023-06-15,51,1.76,WorthPoint
libyan-desert-glass,Moldavite 4.1g Libyan Desert Glass Tektite Gem Stone Meteorite Synergy Crystal,31,2023-06-13,4.1,7.56,WorthPoint
libyan-desert-glass,Libyan Desert Glass Meteorite Tektite Impact Specimen(650 Crt) Soft Gems Top #10,325,2023-06-12,,,WorthPoint
libyan-desert-glass,"Meteorite**Desert Libyan Glass**72.00 Gram, Beautiful Fragment, Impactite!!!",71,2023-06-12,72,0.99,WorthPoint
libyan-desert-glass,Libyan Desert Glass Meteorite Tektite Impact Cintamani ( 66 Crt) Natural Hole,39.99,2023-06-12,,,WorthPoint
libyan-desert-glass,100% Natural Semi Translucent Libyan Desert Glass From Egypt 7.1gr,15.99,2023-06-12,7.1,2.25,WorthPoint
libyan-desert-glass,"Nice Tektite, Libyan Desert Glass, Egypt, Lot Of Nine Small Pieces. 157 Grams",8.5,2023-06-11,157,0.05,WorthPoint
libyan-desert-glass,Libyan Desert Glass 100% Natural From Egypt 13.1gr,19.99,2023-06-11,13.1,1.53,WorthPoint
libyan-desert-glass,".6"" Tiny Rare Colombianite Tektite Crystal Z2 Reiki Charged 2g *Read Below*",5.99,2023-06-11,2,3,WorthPoint
libyan-desert-glass,Libyan Desert Glass From Egypt 4.56 Grams,9.99,2023-06-11,4.56,2.19,WorthPoint
libyan-desert-glass,32 Carats = 6.4 Grams Libyan Desert Glass Tektite From Meteorite Impact + COA,20.99,2023-06-11,6.4,3.28,WorthPoint
libyan-desert-glass,Larger Libyan Desert Glass Light YELLOW! 100% Natural Egypt 22.2gr,29.99,2023-06-08,22.2,1.35,WorthPoint
libyan-desert-glass,BIG Lot Of EIGHT 100% Natural Libyan Desert Glass Pieces! Egypt 95.3gr,79.99,2023-06-07,95.3,0.84,WorthPoint
libyan-desert-glass,Libyan Desert Glass Meteorite Tektite Impact Specimen( 182 Crt) Super Gem AAAAA,139,2023-06-06,,,WorthPoint
libyan-desert-glass,"Highest Quality Libyan Desert Glass Tektite. Colorful, Translucent 20 Gm.",195,2023-06-06,20,9.75,WorthPoint
libyan-desert-glass,"Libyan Desert Glass, 4.2g, Sculpted Piece From A Meteorite Event Great Shape",15.5,2023-06-06,4.2,3.69,WorthPoint
libyan-desert-glass,AK Interactive #AKI-RCS020 Real Colors: Arab Armor Desert Paint Set,21.99,2023-06-05,,,WorthPoint
libyan-desert-glass,101 Carats 6x3mm Beads Libyan Desert Glass Necklace From Meteorite Impact + COA,269.99,2023-06-05,,,WorthPoint
libyan-desert-glass,Libyan Desert Glass From Egypt 10 Grams,19.99,2023-06-04,10,2,WorthPoint
libyan-desert-glass,"Nice Tektite, Libyan Desert Glass, Egypt, Good Piece. 163.9 Grams",43,2023-06-04,163.9,0.26,WorthPoint
libyan-desert-glass,Libyan Desert Glass From Egypt 4.24 Grams,9.99,2023-06-04,4.24,2.36,WorthPoint
libyan-desert-glass,Libyan Desert Glass From Egypt 6 Grams,12.99,2023-06-04,6,2.17,WorthPoint
libyan-desert-glass,Libyan Desert Glass From Egypt 6.8 Grams,14.99,2023-06-03,6.8,2.2,WorthPoint
libyan-desert-glass,18.1 Carats Libyan Desert Glass Cristobalite Pendant In Solid .925 Silver + COA,39.99,2023-06-03,,,WorthPoint
libyan-desert-glass,14.9 Carats Libyan Desert Glass Cristobalite Pendant In Solid .925 Silver + COA,34.99,2023-06-02,,,WorthPoint
libyan-desert-glass,15.8 Carats Libyan Desert Glass Cristobalite Pendant In Solid .925 Silver + COA,36.99,2023-06-01,,,WorthPoint
libyan-desert-glass,Larger Translucent 100% Natural Libyan Desert Glass From Egypt 13.3gr,22.99,2023-05-30,13.3,1.73,WorthPoint
libyan-desert-glass,"Libyan Desert Glass,Sahara Golden Tektite 100% Natural 45x38mm 4grams FR13",32.99,2023-05-30,4,8.25,WorthPoint
libyan-desert-glass,"9.3 Grams, 46.5 Cts Libyan Desert Glass Tektite Meteorite Impact Specimen",35,2023-05-29,9.3,3.76,WorthPoint
libyan-desert-glass,22.80ct Libyan Desert Glass Crystal Gem Mineral Egypt Golden Tektite Silica D147,24.98,2023-05-29,4.56,5.48,WorthPoint
libyan-desert-glass,Libyan Desert Glass From Egypt 7.32 Grams,14.99,2023-05-29,7.32,2.05,WorthPoint
libyan-desert-glass,"Libyan Desert Glass, 13.5g, Sculpted Piece From A Meteorite Event Nice Surface",7.5,2023-05-29,13.5,0.56,WorthPoint
libyan-desert-glass,96.5 Carats = 19.3 Grams Libyan Desert Glass A+ Tektite Meteorite Impact W/COA,47.99,2023-05-28,19.3,2.49,WorthPoint
libyan-desert-glass,46.4 Gr (232 Ct) LIBYAN DESERT GLASS Meteorite Tektite Great Color & Shape,90.35,2023-05-28,46.4,1.95,WorthPoint
libyan-desert-glass,27.1 Carats Libyan Desert Glass Cristobalite Pendant In Solid .925 Silver + COA,48.99,2023-05-28,,,WorthPoint
libyan-desert-glass,13.3 Carats Libyan Desert Glass Cristobalite Pendant In Solid .925 Silver + COA,38.99,2023-05-28,,,WorthPoint
libyan-desert-glass,Larger Translucent Libyan Desert Glass 100% Natural Egypt 23.4gr,24.99,2023-05-27,23.4,1.07,WorthPoint
libyan-desert-glass,127 Carats 8x4 Down To 6x3mm Beads Libyan Desert Glass Necklace Meteorite Impact,329.99,2023-05-24,,,WorthPoint
libyan-desert-glass,88.7 Carats 5x3mm Beads Libyan Desert Glass Necklace From Meteorite Impact + COA,259.99,2023-05-24,,,WorthPoint
libyan-desert-glass,Libyan Desert Glass Pendant! From Egypt 7.70,19.99,2023-05-24,,,WorthPoint
libyan-desert-glass,"Libyan Desert Glass, 5.4g, Sculpted Piece From A Meteorite Event Nice Surface",24.25,2023-05-23,5.4,4.49,WorthPoint
libyan-desert-glass,".6"" Tiny Rare Colombianite Tektite Crystal B4 Reiki Charged 2g *Read Below*",11.33,2023-05-22,2,5.67,WorthPoint
libyan-desert-glass,128 Carats = 25.6 Grams Libyan Desert Glass A+ Tektite Meteorite Impact W/COA,81.99,2023-05-22,25.6,3.2,WorthPoint
libyan-desert-glass,Libyan Desert Glass Tektite!,113.62,2023-05-21,,,WorthPoint
libyan-desert-glass,55 Carats 4x2mm Smooth Beads Libyan Desert Glass Necklace Meteorite Impact W/COA,239.99,2023-05-21,,,WorthPoint
libyan-desert-glass,154 Carats 8x5 Down To 7x4mm Beads Libyan Desert Glass Necklace Meteorite Impact,369.99,2023-05-21,,,WorthPoint
libyan-desert-glass,"Meteorite**Desert Libyan Glass**215.00 Gram Massive Individual, Impactite!!!",125.5,2023-05-21,215,0.58,WorthPoint
libyan-desert-glass,Libyan Desert Glass 5.68g Translucent Impactite - Not A Meteorite,5.5,2023-05-20,5.68,0.97,WorthPoint
libyan-desert-glass,Libyan Desert Glass Meteorite Tektite Impact Specimen(300 Crt) Dimples Gem AAAAA,170,2023-05-19,,,WorthPoint
libyan-desert-glass,BIG Lot Of ELEVEN 100% Natural Libyan Desert Glass Pieces! Egypt 151gr,89.99,2023-05-18,151,0.6,WorthPoint
libyan-desert-glass,93.7 Gr (468 Ct) LIBYAN DESERT GLASS Meteorite Tektite Great Color & Shape,185.25,2023-05-15,93.7,1.98,WorthPoint
libyan-desert-glass,"Nice Tektite, Libyan Desert Glass, Egypt, Lot Of Eight Small Pieces. 149 Grams",31,2023-05-14,149,0.21,WorthPoint
libyan-desert-glass,18.8 Carats Libyan Desert Glass Cristobalite Pendant In Solid .925 Silver + COA,44.99,2023-05-14,,,WorthPoint
libyan-desert-glass,"R362-39) 4 Piece Set 1/2 1-1/8"" Fulgurites Lightning Strike Beach Sand Glass GA",22.99,2023-05-13,,,WorthPoint
libyan-desert-glass,Cristobalite INCLUSIONS! Big 100% Natural Libyan Desert Glass Egypt 25.7gr,27.99,2023-05-13,25.7,1.09,WorthPoint
libyan-desert-glass,"Libyan Desert Glass, 8.27g, Sculpted Piece From A Meteorite Event Nice Surface",10.5,2023-05-13,8.27,1.27,WorthPoint
libyan-desert-glass,This Lot Is For Alvquin-89 Only -- Combined Shipping In One Package -- Overseas,73.89,2023-05-13,,,WorthPoint
libyan-desert-glass,Libyan Desert Glass Meteorite Tektite Impact Dimples (900 Crt)Very Rare Gem,555,2023-05-12,,,WorthPoint
libyan-desert-glass,Libyan Desert Glass Meteorite Tektite Impact Specimen( 13 Crt)Super Gem AAAAA,9.25,2023-05-12,,,WorthPoint
libyan-desert-glass,Libyan Desert Glass From Egypt 6.18 Grams,14.99,2023-05-08,6.18,2.43,WorthPoint
libyan-desert-glass,Mini Museum Second Edition By Hans Fex - MM2 - Large 26 Specimens- NEW,850,2023-05-07,,,WorthPoint
libyan-desert-glass,Libyan Desert Glass From Egypt 6.15 Grams,12.99,2023-05-06,6.15,2.11,WorthPoint
libyan-desert-glass,57.5 Carats = 11.5 Grams With A Chip Libyan Desert Glass Meteorite Impact + COA,19.99,2023-05-06,11.5,1.74,WorthPoint
libyan-desert-glass,8 Grams â€¢ Brilliant Libyan Desert Glass Genuine Tektite LDG Specimen,25,2023-05-05,8,3.13,WorthPoint
libyan-desert-glass,30.5 Carats Libyan Desert Glass Cristobalite Pendant In Solid .925 Silver + COA,53.99,2023-05-05,,,WorthPoint
libyan-desert-glass,Translucent! Libyan Desert Glass 100% Natural From Egypt 3.95gr,16.99,2023-05-05,3.95,4.3,WorthPoint
libyan-desert-glass,METEORITE IMPACT GLASS LECHATELIERITE TEKTITE Similar / Moldavite Glass,150,2023-05-05,,,WorthPoint
libyan-desert-glass,Semi Translucent Libyan Desert Glass 100% Natural From Egypt 2.96gr,13.99,2023-05-05,2.96,4.73,WorthPoint
libyan-desert-glass,19.33 Carats Libyan Desert Glass Cristobalite Pendant In Solid .925 Silver + COA,45.99,2023-05-04,,,WorthPoint
libyan-desert-glass,17.1 Carats Libyan Desert Glass Cristobalite Pendant Solid .925 Silver With COA,39.99,2023-05-04,,,WorthPoint
