material_slug,title,price_usd,sale_date,weight_grams,price_per_gram,source
muonionalusta-meteorite,22.55Ct Muonionalusta Meteorite Pendant Catarinite Meteorite Pendant Necklace,8.51,2026-01-23,4.51,1.89,WorthPoint
muonionalusta-meteorite,44.1Ct Muonionalusta Meteorite Pendant Catarinite Meteorite Pendant Necklace,16,2026-01-23,8.82,1.81,WorthPoint
muonionalusta-meteorite,76.1 G Swedish Muonionalusta Iron Meteorite,118,2026-01-23,76.1,1.55,WorthPoint
muonionalusta-meteorite,"Muonionalusta Meteorite Square, Etched&polished, Swedish M Iron Meteorite 13G",10.5,2026-01-23,13,0.81,WorthPoint
muonionalusta-meteorite,16Ct Muonionalusta Meteorite Pendant Catarinite Meteorite Pendant Necklace,9.87,2026-01-22,3.2,3.08,WorthPoint
muonionalusta-meteorite,51.6Ct Muonionalusta Meteorite Pendant Catarinite Meteorite Pendant Necklace,9.19,2026-01-22,10.32,0.89,WorthPoint
muonionalusta-meteorite,18.9Ct Muonionalusta Meteorite Pendant Catarinite Meteorite Pendant Necklace,8.51,2026-01-22,3.78,2.25,WorthPoint
muonionalusta-meteorite,20PCS Muonionalusta Iron Meteorite Pendant Diameter 22mm All In Photo LZ045,37,2026-01-22,,,WorthPoint
muonionalusta-meteorite,Large Muonionalusta Meteorite Slice Slab Etched 100 Gms Sweden Stand Rings,236.55,2026-01-21,100,2.37,WorthPoint
muonionalusta-meteorite,Large Muonionalusta Meteorite Slice Etched 141 Gms Sweden Stand Rings,331.55,2026-01-21,141,2.35,WorthPoint
muonionalusta-meteorite,790g Muonionalusta Iron Meteorite Slice Ironwork Forging Materials,276,2026-01-19,790,0.35,WorthPoint
muonionalusta-meteorite,770g Muonionalusta Iron Meteorite Slice Ironwork Forging Materials,269,2026-01-19,770,0.35,WorthPoint
muonionalusta-meteorite,980g Muonionalusta Iron Meteorite Slice Ironwork Forging Materials,398,2026-01-19,980,0.41,WorthPoint
muonionalusta-meteorite,"21G Muonionalusta Meteorite Square, Etched&polished, Swedish M Iron Meteorite",12.5,2026-01-19,21,0.6,WorthPoint
muonionalusta-meteorite,Large Muonionalusta Meteorite Triple Cut Etched 191 Gms Sweden Stand Rings,474.05,2026-01-18,191,2.48,WorthPoint
muonionalusta-meteorite,30PCS Muonionalusta Iron Meteorite Pendant All In Photo LZ054,22.5,2026-01-18,,,WorthPoint
muonionalusta-meteorite,50PCS Muonionalusta Iron Meteorite Pendant All In Photo LZ056,20.5,2026-01-17,,,WorthPoint
muonionalusta-meteorite,"35G Muonionalusta Meteorite Square, Etched&polished, Swedish M Iron Meteorite",15.5,2026-01-17,35,0.44,WorthPoint
muonionalusta-meteorite,"13G Muonionalusta Meteorite Square, Etched&polished, Swedish M Iron Meteorite",10.39,2026-01-17,13,0.8,WorthPoint
muonionalusta-meteorite,"29G Muonionalusta Meteorite Square, Etched&polished, Swedish M Iron Meteorite",16.5,2026-01-17,29,0.57,WorthPoint
muonionalusta-meteorite,"22G Muonionalusta Meteorite Square, Etched&polished, Swedish M Iron Meteorite",15.5,2026-01-17,22,0.7,WorthPoint
muonionalusta-meteorite,"40G Muonionalusta Meteorite Square, Etched&polished, Swedish M Iron Meteorite",18.5,2026-01-17,40,0.46,WorthPoint
muonionalusta-meteorite,"17G Muonionalusta Meteorite Square, Etched&polished, Swedish M Iron Meteorite",10.5,2026-01-17,17,0.62,WorthPoint
muonionalusta-meteorite,"20G Muonionalusta Meteorite Square, Etched&polished, Swedish M Iron Meteorite",16.01,2026-01-17,20,0.8,WorthPoint
muonionalusta-meteorite,"205G Muonionalusta Meteorite Square, Etched&polished, Swedish M Iron Meteorite",51,2026-01-17,205,0.25,WorthPoint
muonionalusta-meteorite,25PCS Muonionalusta Iron Meteorite Round Dia 15mm Pendant All In Photo LZ119,29,2026-01-17,,,WorthPoint
muonionalusta-meteorite,40PCS Muonionalusta Iron Meteorite Pendant All In Photo LZ026,70,2026-01-17,,,WorthPoint
muonionalusta-meteorite,98.3g Muonionalusta Iron Meteorite Material Slice Cuboid Cut--form Sweden,41,2026-01-16,98.3,0.42,WorthPoint
muonionalusta-meteorite,Large 2206 Gm Muonionalusta Iron Meteorite Aaa Grade 5 Lbs Jal Sweden,2969.1,2026-01-16,2206,1.35,WorthPoint
muonionalusta-meteorite,"1160 Gm Muonionalusta Meteorite Sweden, 2.55 Lb Iron Nickel BEAUTIFUL JAL",275,2026-01-14,1160,0.24,WorthPoint
muonionalusta-meteorite,"14G Muonionalusta Meteorite Square, Etched&polished, Swedish M Iron Meteorite",23.5,2026-01-14,14,1.68,WorthPoint
muonionalusta-meteorite,"18G Muonionalusta Meteorite Square, Etched&polished, Swedish M Iron Meteorite",13.5,2026-01-12,18,0.75,WorthPoint
muonionalusta-meteorite,"16G Muonionalusta Meteorite Square, Etched&polished, Swedish M Iron Meteorite",20.5,2026-01-12,16,1.28,WorthPoint
muonionalusta-meteorite,"15G Muonionalusta Meteorite Square, Etched&polished, Swedish M Iron Meteorite",16.5,2026-01-12,15,1.1,WorthPoint
muonionalusta-meteorite,Muonionalusta Meteorite Silver Proof Coin Cook Islands 2011,175,2026-01-11,,,WorthPoint
muonionalusta-meteorite,"452g MUONIONALUSTA III IRON METEORITE SLICE , SWEDEN",497,2026-01-11,452,1.1,WorthPoint
muonionalusta-meteorite,20PCS Muonionalusta Iron Meteorite Pendant All In Photo LZ055,14.5,2026-01-09,,,WorthPoint
muonionalusta-meteorite,"Muonionalusta Meteorite Pendant Amulet–Widmanstätten Pattern, 33×22×2.5mm. 14.1g",50,2026-01-09,14.1,3.55,WorthPoint
muonionalusta-meteorite,Muonionalusta Etched Meteorite Full Slice Weight 235.7 Grams 6 Inches,530,2026-01-09,235.7,2.25,WorthPoint
muonionalusta-meteorite,107.5gm Muonionalusta Iron Meteorite Specimen All In Photo LZ012,14.5,2026-01-09,107.5,0.13,WorthPoint
muonionalusta-meteorite,50gm Muonionalsuta Iron Meteorite Slab End Cut Fusion Crust LZ073,99,2026-01-07,50,1.98,WorthPoint
muonionalusta-meteorite,24.5g Swedish Muonionalusta Iron Meteorite,43,2026-01-06,24.5,1.76,WorthPoint
muonionalusta-meteorite,30PCS Muonionalusta Iron Meteorite Diameter 15mm All In Photo LZ112,20.5,2026-01-06,,,WorthPoint
muonionalusta-meteorite,Muonionalusta Iron Meteorite Specimen 105gm All In Photo LZ011,22.5,2026-01-06,105,0.21,WorthPoint
muonionalusta-meteorite,13 Muonionalusta Slices And End Pieces Etched Total Weight 1468 Gms,3145,2026-01-05,1468,2.14,WorthPoint
muonionalusta-meteorite,47gm Muonionalusta Iron Meteorite Slab End Cut SIZE:39*35*8mm LZ096,19.1,2026-01-05,47,0.41,WorthPoint
muonionalusta-meteorite,Muonionalusta Iron Meteorite 42.5gm Slab LZ003 SIZE:78*30*2.6mm,44,2026-01-05,42.5,1.04,WorthPoint
muonionalusta-meteorite,Muonionalusta Etched Meteorite Full Slice Weight 77 Grams 3.75 Inches,173,2026-01-04,77,2.25,WorthPoint
muonionalusta-meteorite,"124g Natural Muonionalusta,meteorite Piece ,Ring Material,collection,gift B4233",151.2,2026-01-04,124,1.22,WorthPoint
muonionalusta-meteorite,30.9gm NO CRACK Muonionalusta Iron Meteorite Slab LZ088 SIZE:64*40*2.3mm,26,2026-01-04,30.9,0.84,WorthPoint
muonionalusta-meteorite,Muonionalusta Meteorite Altay Natural Iron Meteorite Rectangular Slice GIFT 63g,29,2026-01-03,63,0.46,WorthPoint
muonionalusta-meteorite,53.9g Swedish Muonionalusta Iron Meteorite,90,2026-01-02,53.9,1.67,WorthPoint
muonionalusta-meteorite,30PCS Muonionalusta Iron Meteorite Round Pendant All In Photo LZ113,66,2026-01-02,,,WorthPoint
muonionalusta-meteorite,51PCS Muonionalusta Iron Meteorite Pendant All In Photo LZ052,36,2026-01-02,,,WorthPoint
muonionalusta-meteorite,129.2gm All In Photo Muonionalusta Iron Meteorite Specimen LZ010,129,2026-01-01,129.2,1,WorthPoint
muonionalusta-meteorite,83.8gm All In Photo Muonionalusta Iron Meteorite Specimen LZ013,59,2026-01-01,83.8,0.7,WorthPoint
muonionalusta-meteorite,64.9g Muonionalusta Iron Meteorite Specimen After Mixed Melting XW0392,33,2025-12-31,64.9,0.51,WorthPoint
muonionalusta-meteorite,"72G Muonionalusta Meteorite Square, Etched&polished, Swedish M Iron Meteorite",35.72,2025-12-31,72,0.5,WorthPoint
muonionalusta-meteorite,"39G Muonionalusta Meteorite Square, Etched&polished, Swedish M Iron Meteorite",40.99,2025-12-30,39,1.05,WorthPoint
muonionalusta-meteorite,"36G Muonionalusta Meteorite Square, Etched&polished, Swedish M Iron Meteorite",33.33,2025-12-29,36,0.93,WorthPoint
muonionalusta-meteorite,"16.7G Muonionalusta Meteorite Square, Etched&polished, Swedish M Iron Meteorite",16.66,2025-12-29,16.7,1,WorthPoint
muonionalusta-meteorite,"15.5G Muonionalusta Meteorite Square, Etched&polished, Swedish M Iron Meteorite",12.72,2025-12-29,15.5,0.82,WorthPoint
muonionalusta-meteorite,2025 Ghana Space Cube Muonionalusta Cube Coin 2 Oz Antique Finish Silver Coin,324.99,2025-12-27,2025,0.16,WorthPoint
muonionalusta-meteorite,"54G Muonionalusta Meteorite Square, Etched&polished, Swedish M Iron Meteorite",32,2025-12-27,54,0.59,WorthPoint
muonionalusta-meteorite,"49G Muonionalusta Meteorite Square, Etched&polished, Swedish M Iron Meteorite",31.44,2025-12-26,49,0.64,WorthPoint
muonionalusta-meteorite,"62G Muonionalusta Meteorite Square, Etched&polished, Swedish M Iron Meteorite",101.69,2025-12-26,62,1.64,WorthPoint
muonionalusta-meteorite,"143G Muonionalusta Meteorite Square, Etched&polished, Swedish M Iron Meteorite",53,2025-12-26,143,0.37,WorthPoint
muonionalusta-meteorite,26PCS Muonionalusta Iron Meteorite Pendant All In Photo LZ058,46,2025-12-26,,,WorthPoint
muonionalusta-meteorite,64.9g Muonionalusta Iron Meteorite Specimen XW0392,26,2025-12-24,64.9,0.4,WorthPoint
muonionalusta-meteorite,107.1gm All In Photo Muonionalusta！！！ Iron Meteorite Specimen LZ014,17.5,2025-12-24,107.1,0.16,WorthPoint
muonionalusta-meteorite,Canyon Diablo Stardust Shavings / Crystals - 100% Pure & Natural,7,2025-12-21,,,WorthPoint
muonionalusta-meteorite,Glorieta Meteorite Stardust Shavings / Crystals - 100% Pure & Natural,7,2025-12-21,,,WorthPoint
muonionalusta-meteorite,40PCS Muonionalusta Iron Meteorite Round Pendant All In Photo LZ020,15.5,2025-12-21,,,WorthPoint
muonionalusta-meteorite,"40g MUONIONALUSTA III IRON METEORITE SLICE, SWEDEN",45,2025-12-21,40,1.13,WorthPoint
muonionalusta-meteorite,"46g MUONIONALUSTA III IRON METEORITE SLICE, SWEDEN",19.9,2025-12-21,46,0.43,WorthPoint
muonionalusta-meteorite,"Rare 2011 Cook Is. Large Silver Color $5 Muonionalusta Meteorite ,gift Box",119.95,2025-12-20,,,WorthPoint
muonionalusta-meteorite,12.86 Gram - Muonionalusta Iron Meteorite - Etched Specimen - From Sweden,47.2,2025-12-19,12.86,3.67,WorthPoint
muonionalusta-meteorite,Low Price! Terrific Etched Slice! Muonionalusta Swedish Iron Meteorite 15.8 Gms,59.25,2025-12-19,15.8,3.75,WorthPoint
muonionalusta-meteorite,Mini Museum 5th Edition 1 Large 34 Rare Specimens Hans Fex + LED Stand $499 New,170.27,2025-12-19,,,WorthPoint
muonionalusta-meteorite,69.2gm Muonionalusta Iron Meteorite Slab End Cut SIZE:78*27*10mm LZ002,79,2025-12-18,69.2,1.14,WorthPoint
muonionalusta-meteorite,30PCS Muonionalusta Iron Meteorite Diameter 18mm All In Photo LX670,36,2025-12-18,,,WorthPoint
muonionalusta-meteorite,"155G Muonionalusta Meteorite Square, Etched&polished, Swedish M Iron Meteorite",81,2025-12-17,155,0.52,WorthPoint
muonionalusta-meteorite,6.96 Gram - Muonionalusta Iron Meteorite - 2 Etched Specimens - From Sweden,44,2025-12-17,6.96,6.32,WorthPoint
muonionalusta-meteorite,61PCS Muonionalusta Iron Meteorite Pendant All In Photo LZ025,71,2025-12-17,,,WorthPoint
muonionalusta-meteorite,28.86 Gram - Muonionalusta Iron Meteorite - Etched Specimen - From Sweden,80.8,2025-12-16,28.86,2.8,WorthPoint
muonionalusta-meteorite,76.81 Gram - Muonionalusta Iron Meteorite - Etched Specimen - From Sweden,159.2,2025-12-15,76.81,2.07,WorthPoint
muonionalusta-meteorite,63g Muonionalusta Meteorite Slice TC563,60,2025-12-15,63,0.95,WorthPoint
muonionalusta-meteorite,Muonionalusta Etched Meteorite Slice Weight 13.1 Grams 1.5 Inches,30,2025-12-15,13.1,2.29,WorthPoint
muonionalusta-meteorite,Muonionalusta Iron Meteorite Ring Inner Circle Diameter 19.1mm JZB0107,71,2025-12-14,,,WorthPoint
muonionalusta-meteorite,92g Muonionalusta Iron Meteorite Melted Specimen LX725,16.2,2025-12-14,92,0.18,WorthPoint
muonionalusta-meteorite,Meteorite Slice With Widmanstatten Pattern - Space Rock Found In Sweden,42.82,2025-12-14,,,WorthPoint
muonionalusta-meteorite,Muonionalusta Etched Meteorite Full Slice Weight 115.3 Grams 4 Inches,260,2025-12-13,115.3,2.25,WorthPoint
muonionalusta-meteorite,10.93 Gram - Muonionalusta Iron Meteorite - Etched Specimen - From Sweden,50.15,2025-12-11,10.93,4.59,WorthPoint
muonionalusta-meteorite,Muonionalusta Etched Meteorite Slice Weight 7.9 Grams .75 Inches,18,2025-12-11,7.9,2.28,WorthPoint
muonionalusta-meteorite,8.61 Grams Muonionalusta Meteorite Polished And Etched Slice With A COA,14.99,2025-12-10,8.61,1.74,WorthPoint
muonionalusta-meteorite,82.6gm All In Photo Muonionalusta Iron Meteorite Specimen Cylinder LX770,20.5,2025-12-10,82.6,0.25,WorthPoint
muonionalusta-meteorite,61.6g Muonionalusta Iron Meteorite Pendnat Traditional Chinese Amulets LX766,149,2025-12-10,61.6,2.42,WorthPoint
muonionalusta-meteorite,Muonionalusta Etched Meteorite Full Slice Weight 10.1 Grams 1.5 Inches,25,2025-12-09,10.1,2.48,WorthPoint
muonionalusta-meteorite,"2016 Muonionalusta Meteorite Coins, Gold Plated And Rhodium Plated Versions.",199,2025-12-09,,,WorthPoint
muonionalusta-meteorite,GENUINE Muonionalusta Meteorite Bead Stud Earrings #64,90,2025-12-09,,,WorthPoint
muonionalusta-meteorite,(Sale) Muonionalusta Meteorite Pendant With Silver Chain (Back In Stock!),75,2025-12-08,,,WorthPoint
muonionalusta-meteorite,59.71 Gram - Muonionalusta Iron Meteorite - Etched Specimen - From Sweden,143.65,2025-12-07,59.71,2.41,WorthPoint
muonionalusta-meteorite,Muonionalusta Meteorite Necklace I Sterling Silver - TOP METEORITE Jewelry,125,2025-12-07,,,WorthPoint
muonionalusta-meteorite,60.9gm All In Photo Muonionalusta Iron Meteorite Specimen Cylinder LX769,11.5,2025-12-07,60.9,0.19,WorthPoint
muonionalusta-meteorite,Muonionalusta Meteorite Watch,525,2025-12-04,,,WorthPoint
muonionalusta-meteorite,Muonionalusta Meteorite Pen & Letter Opener,2187.5,2025-12-02,,,WorthPoint
muonionalusta-meteorite,Muonionalusta Meteorite Section - 806 Grams,1750,2025-12-02,806,2.17,WorthPoint
muonionalusta-meteorite,"Muonionalusta Meteorite Wristwatch, Cufflinks & Guitar Pick",1375,2025-12-02,,,WorthPoint
muonionalusta-meteorite,Muonionalusta Etched Meteorite Full Slice Weight 53.2 Grams 3.75 Inches,120,2025-12-01,53.2,2.26,WorthPoint
muonionalusta-meteorite,107.51 Gram - Muonionalusta Iron Meteorite - Etched Specimen - From Sweden,212.5,2025-11-30,107.51,1.98,WorthPoint
muonionalusta-meteorite,MUONIONALUSTA Iron Meteorite Carved Rectangle WIDMANSTATTEN Carving Jewelry,159.99,2025-11-30,,,WorthPoint
muonionalusta-meteorite,2019 $1 The Legend Of The Nibelungs - Muonionalusta Meteorite Coin,473.18,2025-11-30,,,WorthPoint
muonionalusta-meteorite,36.49 Gram - Muonionalusta Iron Meteorite - Etched Specimen - From Sweden,107.95,2025-11-26,36.49,2.96,WorthPoint
muonionalusta-meteorite,Low Price! Super Etched Egg Shape Sphere! Muonionalusta Iron Meteorite 247 Gms,1109.25,2025-11-25,247,4.49,WorthPoint
muonionalusta-meteorite,8.37 Grams Muonionalusta Meteorite Polished And Etched Slice With A COA,14.99,2025-11-23,8.37,1.79,WorthPoint
muonionalusta-meteorite,6.51 Grams Muonionalusta Meteorite Polished And Etched Slice With A COA,14.5,2025-11-23,6.51,2.23,WorthPoint
muonionalusta-meteorite,Muonionalusta Meteorite Necklace Pendant Sterling Silver Encasement 1 1/8” Dia,24.99,2025-11-22,,,WorthPoint
muonionalusta-meteorite,Gibeon Etched Meteorite Part Slice Weight 191.7 Grams 4.75 Inches,651.95,2025-11-22,191.7,3.4,WorthPoint
muonionalusta-meteorite,32.64 Gram - Muonionalusta Iron Meteorite - Etched Specimen - From Sweden,97.75,2025-11-21,32.64,2.99,WorthPoint
muonionalusta-meteorite,Muonionalusta Meteorite Pendant,512.5,2025-11-20,,,WorthPoint
muonionalusta-meteorite,Muonionalusta Etched Meteorite Full Slice Weight 56.1 Grams 2.25 Inches,126,2025-11-20,56.1,2.25,WorthPoint
muonionalusta-meteorite,3.37 Grams Muonionalusta Meteorite Coated Polished And Etched Slice With A COA,11.5,2025-11-20,3.37,3.41,WorthPoint
muonionalusta-meteorite,3.64 Gram - Muonionalusta Iron Meteorite - Etched Specimen - From Sweden,23.8,2025-11-20,3.64,6.54,WorthPoint
muonionalusta-meteorite,54.05 Gram - Muonionalusta Iron Meteorite - Etched Specimen - From Sweden,148.75,2025-11-20,54.05,2.75,WorthPoint
muonionalusta-meteorite,20PCS Muonionalusta Iron Meteorite Pendant All In Photo KX671,150,2025-11-19,,,WorthPoint
muonionalusta-meteorite,450 Gm Lot Of Various Iron Meteorite Pieces Incl. Sericho Pallasite Pieces.,224.1,2025-11-18,450,0.5,WorthPoint
muonionalusta-meteorite,1.96 Grams Muonionalusta Meteorite Coated Polished And Etched Slice With A COA,5.99,2025-11-18,1.96,3.06,WorthPoint
muonionalusta-meteorite,75.25 Gram - Muonionalusta Iron Meteorite - Etched Specimen - From Sweden,170,2025-11-17,75.25,2.26,WorthPoint
muonionalusta-meteorite,4.56 Grams Muonionalusta Meteorite Polished And Etched Slice With A COA,9.99,2025-11-16,4.56,2.19,WorthPoint
muonionalusta-meteorite,3.63 Gram - Muonionalusta Iron Meteorite - Etched Specimen - From Sweden,29.75,2025-11-14,3.63,8.2,WorthPoint
muonionalusta-meteorite,161.83 Gram - Muonionalusta Iron Meteorite - Etched Specimen - From Sweden,359.1,2025-11-12,161.83,2.22,WorthPoint
muonionalusta-meteorite,118.46 Gram - Muonionalusta Iron Meteorite - Etched Specimen - From Sweden,269.1,2025-11-12,118.46,2.27,WorthPoint
muonionalusta-meteorite,24.46 Gram - Muonionalusta Iron Meteorite - Etched Specimen - From Sweden,77.4,2025-11-12,24.46,3.16,WorthPoint
muonionalusta-meteorite,Muonionalusta Iron Meteorite Slice — A 4.5 Billion-Year-Old Cosmic Relic,39,2025-11-04,,,WorthPoint
muonionalusta-meteorite,Muonionalusta Etched Meteorite Slice Weight 58.5 Grams,22.5,2025-10-31,58.5,0.38,WorthPoint
muonionalusta-meteorite,Sterling Silver Muonionalusta Meteorite Pendant,11.56,2025-10-28,,,WorthPoint
muonionalusta-meteorite,158.94 Gram - Muonionalusta Iron Meteorite - Etched Specimen - From Sweden,395,2025-10-28,158.94,2.49,WorthPoint
muonionalusta-meteorite,Muonionalusta Etched Meteorite Full Slice Weight 175.4 Grams 5 Inches,395,2025-10-27,175.4,2.25,WorthPoint
muonionalusta-meteorite,Muonionalusta Meteorite Etched Fragment 23.3 Grams,45.95,2025-10-23,23.3,1.97,WorthPoint
muonionalusta-meteorite,"Muonionalusta Meteorite Pendant Necklace, From Sweden",119.99,2025-10-21,,,WorthPoint
muonionalusta-meteorite,Muonionalusta Etched Meteorite Full Slice Weight 153.2 Grams 5 Inches,345,2025-10-21,153.2,2.25,WorthPoint
muonionalusta-meteorite,MUONIONALUSTA IRON METEORITE PENDANT $198 Sterling 925 Silver Jewelry STARBORN,198,2025-10-17,,,WorthPoint
muonionalusta-meteorite,7.17 Gram - Muonionalusta Iron Meteorite - Etched Specimen - From Sweden,50,2025-10-14,7.17,6.97,WorthPoint
muonionalusta-meteorite,162.74 Gram - Muonionalusta Iron Meteorite - Etched Specimen - From Sweden,410,2025-10-11,162.74,2.52,WorthPoint
muonionalusta-meteorite,165.20 Gram - Muonionalusta Iron Meteorite - Etched Specimen - From Sweden,415,2025-10-11,165.2,2.51,WorthPoint
muonionalusta-meteorite,5.88 Gram - Muonionalusta Iron Meteorite - Etched Specimen - From Sweden,45,2025-10-08,5.88,7.65,WorthPoint
muonionalusta-meteorite,"Muonionalusta Meteorite With Distinct Widmanstätten Pattern – Norrbotten, Sweden",350,2025-10-07,,,WorthPoint
muonionalusta-meteorite,Muonionalusta Etched Meteorite Full Slice Weight 170.9 Grams 5 Inches,385,2025-10-05,170.9,2.25,WorthPoint
muonionalusta-meteorite,"Muonionalusta Meteorite Square, Etched&polished, Altai Iron Meteorite 16g",69.99,2025-10-01,16,4.37,WorthPoint
muonionalusta-meteorite,Meteorites - Muonionalusta Fine Dust Specimen Vial,10.95,2025-09-29,,,WorthPoint
muonionalusta-meteorite,"Muonionalusta Meteorite, Iron Meteorite, Etched And Polished, Sweden, 2.79g",24.75,2025-09-18,2.79,8.87,WorthPoint
muonionalusta-meteorite,10.63 Gram - Muonionalusta Iron Meteorite - Etched Specimen - From Sweden,55,2025-09-17,10.63,5.17,WorthPoint
muonionalusta-meteorite,Rare Muonionalusta IVA Meteorite Full Slice With Euhedral Chromite Crystal 149 G,1175,2025-09-16,149,7.89,WorthPoint
muonionalusta-meteorite,Muonionalusta Iron Meteorite 95.6g Stunning Etch And Stabilized To Resist Rust,275,2025-09-15,95.6,2.88,WorthPoint
muonionalusta-meteorite,"43 Gm Muonionalusta Meteorite Piece Sweden, Iron Nickel AAA Gd JAL",71.95,2025-09-11,43,1.67,WorthPoint
muonionalusta-meteorite,Muonionalusta Etched Meteorite Slice Weight 119 Grams 7 Inches,65,2025-09-11,119,0.55,WorthPoint
muonionalusta-meteorite,Muonionalusta Etched Meteorite Full Slice Weight 159.9 Grams 5.25 Inches,360,2025-09-10,159.9,2.25,WorthPoint
muonionalusta-meteorite,232.50 Gram - Muonionalusta Iron Meteorite - Etched Full Slice - From Sweden,699,2025-09-09,232.5,3.01,WorthPoint
muonionalusta-meteorite,247.84 Gram - Muonionalusta Iron Meteorite - Etched Full Slice - From Sweden,745,2025-09-09,247.84,3.01,WorthPoint
muonionalusta-meteorite,3.94 Gram - Muonionalusta Iron Meteorite - Etched Specimen - From Sweden,39,2025-09-06,3.94,9.9,WorthPoint
muonionalusta-meteorite,5.0 Gram - Muonionalusta Iron Meteorite - Etched Specimen - From Sweden,19,2025-09-05,5,3.8,WorthPoint
muonionalusta-meteorite,11.07 Gram - Muonionalusta Iron Meteorite - Etched Specimen - From Sweden,55,2025-09-04,11.07,4.97,WorthPoint
muonionalusta-meteorite,52.62 G - Muonionalusta Iron Meteorite - Etched Round Specimens - From Sweden,159,2025-09-03,52.62,3.02,WorthPoint
muonionalusta-meteorite,2.70 Gram - Muonionalusta Iron Meteorite - Etched Specimen - From Sweden,27.5,2025-09-02,2.7,10.19,WorthPoint
muonionalusta-meteorite,"""1.6"""" Muonionalusta Meteorite Specimen Sweden Meteorites Display 10.36 Grams""",52.79,2025-08-31,10.36,5.1,WorthPoint
muonionalusta-meteorite,Muonionalusta Meteorite Bracelet,968.75,2025-08-29,,,WorthPoint
muonionalusta-meteorite,"Muonionalusta Meteorite ''Dagger'' - ""Erebos""",5250,2025-08-29,,,WorthPoint
muonionalusta-meteorite,Muonionalusta Meteorite Wristwatch,4250,2025-08-29,,,WorthPoint
muonionalusta-meteorite,"""Meteorite Necklace Laser Cut Muonionalusta Meteor And 20"""" Silver Chain With COA""",34.99,2025-08-29,,,WorthPoint
muonionalusta-meteorite,"236.55 G - Miscellaneous Iron Meteorite Slices - UGLY, NEED RE-POLISH/ETCH",236,2025-08-29,236.55,1,WorthPoint
muonionalusta-meteorite,"156.83 G - Miscellaneous Iron Meteorite Slices - UGLY, NEED RE-POLISH/ETCH",156.83,2025-08-29,156.83,1,WorthPoint
muonionalusta-meteorite,"10g Muonionalusta Meteorite Square, Etched&polished, Swedish M Iron Meteorite",25.49,2025-08-27,10,2.55,WorthPoint
muonionalusta-meteorite,"9.5g Muonionalusta Meteorite Square, Etched&polished, Swedish M Iron Meteorite",30.99,2025-08-27,9.5,3.26,WorthPoint
muonionalusta-meteorite,228.85 Gram - Muonionalusta Iron Meteorite - Etched Full Slice - From Sweden,686,2025-08-27,228.85,3,WorthPoint
muonionalusta-meteorite,"Muonionalusta Meteorite Triangle In A Display Box, From Sweden",69.99,2025-08-25,,,WorthPoint
muonionalusta-meteorite,"Muonionalusta Meteorite Square In A Display Box, From Sweden",49.99,2025-08-25,,,WorthPoint
muonionalusta-meteorite,10.90 Gram - Muonionalusta Iron Meteorite - Etched Specimen - From Sweden,35,2025-08-24,10.9,3.21,WorthPoint
muonionalusta-meteorite,1.93 Gram - Muonionalusta Iron Meteorite - Etched Specimen - From Sweden,9.99,2025-08-24,1.93,5.18,WorthPoint
muonionalusta-meteorite,Muonionalusta Etched Meteorite Full Slice Weight 56.5 Grams 2.75 Inches,104,2025-08-23,56.5,1.84,WorthPoint
muonionalusta-meteorite,8.26 Gram - Muonionalusta Iron Meteorite - Etched Specimen - From Sweden,40,2025-08-22,8.26,4.84,WorthPoint
muonionalusta-meteorite,"102 Gm Muonionalusta Meteorite Slice Slab Sweden, Iron Nickel Ring ETCHED STAND",269.95,2025-08-21,102,2.65,WorthPoint
muonionalusta-meteorite,"Muonionalusta Swedish M Iron Meteorite Bracelet 8mm, Etched And Polished 27.3g",96.99,2025-08-18,27.3,3.55,WorthPoint
muonionalusta-meteorite,"Liberia - 2022 Meteorites, Muonionalusta - 4 Stamp Sheet - LIB220302a",14.15,2025-08-18,,,WorthPoint
muonionalusta-meteorite,0.74 Gram - Muonionalusta Iron Meteorite - Etched Specimen - From Sweden,7.5,2025-08-16,0.74,10.14,WorthPoint
muonionalusta-meteorite,St Aubin Meteorite Stardust Shavings / Crystals - 100% Pure & Natural,7,2025-08-16,,,WorthPoint
muonionalusta-meteorite,236.52 Gram - Muonionalusta Iron Meteorite - Etched Full Slice - From Sweden,710,2025-08-14,236.52,3,WorthPoint
muonionalusta-meteorite,Muonionalusta Etched Meteorite Full Slice Weight 148.3 Grams 5 Inches,335,2025-08-11,148.3,2.26,WorthPoint
muonionalusta-meteorite,Muonionalusta Etched Meteorite Full Slice Weight 44.2 Grams 3 Inches,100,2025-08-10,44.2,2.26,WorthPoint
muonionalusta-meteorite,"34g Muonionalusta Meteorite Square, Etched&polished, Swedish M Iron Meteorite",15.75,2025-08-10,34,0.46,WorthPoint
muonionalusta-meteorite,132.20 Gram - Muonionalusta Iron Meteorite - Etched Full Slice - From Sweden,399,2025-08-10,132.2,3.02,WorthPoint
muonionalusta-meteorite,Muonionalusta Etched Meteorite Full Slice Weight 140.9 Grams 4.75 Inches,272,2025-08-06,140.9,1.93,WorthPoint
muonionalusta-meteorite,"""Etched Muonionalusta Meteorite World's Oldest 4.53 Billion 2.48"""" Sweden COA 7031""",64.95,2025-08-03,,,WorthPoint
muonionalusta-meteorite,2025 1 Oz .999 Silver & 1 Oz Actual Muonionalusta Meteorite Space Cube Cube Set!,375,2025-08-02,28.35,13.23,WorthPoint
muonionalusta-meteorite,"Munionalusta Meteorite ""Star"" Cut Bracelet",812.5,2025-07-31,,,WorthPoint
muonionalusta-meteorite,"""1.4"""" Muonionalusta Meteorite Specimen Sweden Meteorites Display 8.74 Grams""",53.99,2025-07-29,8.74,6.18,WorthPoint
muonionalusta-meteorite,Muonionalusta Etched Meteorite Full Slice Weight 53.7 Grams 2.75 Inches,125,2025-07-25,53.7,2.33,WorthPoint
muonionalusta-meteorite,Sweden Muonionalusta Iron Meteorite Single Bead Size 14mm +/- Random,119.99,2025-07-25,,,WorthPoint
muonionalusta-meteorite,Meteorite Necklace Iron Meteorite Muonionalusta Pendant Jewelry With Info Card,20.5,2025-07-21,,,WorthPoint
muonionalusta-meteorite,Muonionalusta Etched Meteorite Full Slice Weight 160.8 Grams 5 Inches,362,2025-07-18,160.8,2.25,WorthPoint
muonionalusta-meteorite,"3296 Gm Muonionalusta Meteorite Sweden, 7.2 Lb Iron Nickel BEAUTIFUL JAL",3999.95,2025-07-17,3296,1.21,WorthPoint
muonionalusta-meteorite,"60 Gm Muonionalusta Meteorite Slice Slab Sweden, Iron Nickel Ring ETCHED STAND",161.95,2025-07-16,60,2.7,WorthPoint
muonionalusta-meteorite,2019 Legend Of Nibelungs 1 Oz Proof Pure Muonionalusta Meteorite,499,2025-07-14,28.35,17.6,WorthPoint
muonionalusta-meteorite,41 Gram - Muonionalusta Iron Meteorite - Etched Specimen - 34mm X 20mm X 2.5mm,59,2025-07-14,41,1.44,WorthPoint
muonionalusta-meteorite,"77 Gm Muonionalusta Meteorite Slab Sweden, Iron Nickel Ring ETCHED STAND",206.95,2025-07-14,77,2.69,WorthPoint
muonionalusta-meteorite,"2310 Gm Muonionalusta Meteorite Sweden, 15+ Lbs Iron Nickel AAA Gd JAL",3149.95,2025-07-13,2310,1.36,WorthPoint
muonionalusta-meteorite,USA SALE 5.9g ETCHED MUONIONALUSTA IRON METEORITE (Sweden) Space Rock,34,2025-07-13,5.9,5.76,WorthPoint
muonionalusta-meteorite,Meteorites - 41.8g Muonionalusta Polished And Etched Slice,104.95,2025-07-13,41.8,2.51,WorthPoint
muonionalusta-meteorite,160.19 Gram - Muonionalusta Iron Meteorite - Etched Specimen - From Sweden,288,2025-07-12,160.19,1.8,WorthPoint
muonionalusta-meteorite,"1906, Muonionalusta Iron Meteorite, Norrbottens, Sweden 8.00 Grams",24,2025-07-11,8,3,WorthPoint
muonionalusta-meteorite,Meteorites - 13.1g Muonionalusta Polished And Etched Slice,34.95,2025-07-10,13.1,2.67,WorthPoint
muonionalusta-meteorite,"63 Gm Muonionalusta Meteorite Slice Slab Sweden, Iron Nickel Ring ETCHED STAND",170.95,2025-07-10,63,2.71,WorthPoint
muonionalusta-meteorite,184.5 Grams Muonionalusta Etched Meteorite Sliced With Widmanstätten Pattern,255,2025-07-06,184.5,1.38,WorthPoint
muonionalusta-meteorite,Meteorites - 100 Grams Of Muonionalusta Fine Dust Bulk Package,49.95,2025-07-06,100,0.5,WorthPoint
muonionalusta-meteorite,"45 Gm Muonionalusta Meteorite Slice Slab Sweden, Iron Nickel Ring ETCHED STAND",125.96,2025-07-05,45,2.8,WorthPoint
muonionalusta-meteorite,"65 Gm Muonionalusta Meteorite End Piece Sweden, Iron Nickel Ring ETCHED STAND",179.95,2025-07-04,65,2.77,WorthPoint
muonionalusta-meteorite,Muonionalusta Etched Meteorite Full Slice Weight 45.9 Grams 2.75 Inches,105,2025-07-04,45.9,2.29,WorthPoint
muonionalusta-meteorite,"94 Gm Muonionalusta Meteorite Slab Sweden, Iron Nickel Ring ETCHED STAND",260.95,2025-07-03,94,2.78,WorthPoint
muonionalusta-meteorite,Meteorites - 3.0g Muonionalusta Polished And Etched Slice,10.95,2025-07-03,3,3.65,WorthPoint
muonionalusta-meteorite,"Muonionalusta Iron IVA Meteorite Slice W/Case & COA Norrbotten, Sweden 7.68g",45,2025-07-02,7.68,5.86,WorthPoint
muonionalusta-meteorite,23.27 Gram - Muonionalusta Iron Meteorite - Etched Slice - From Sweden,139.8,2025-06-30,23.27,6.01,WorthPoint
muonionalusta-meteorite,Muonionalusta Meteorite Polished Slice 13.1 Gm Iron IVA Fine Octahedrite,32,2025-06-30,13.1,2.44,WorthPoint
muonionalusta-meteorite,"124 Gm Muonionalusta Meteorite End Piece Sweden, Iron Nickel Ring ETCHED STAND",341.96,2025-06-29,124,2.76,WorthPoint
muonionalusta-meteorite,"85 Gm Muonionalusta Meteorite End Piece Sweden, Iron Nickel Ring ETCHED STAND",233.95,2025-06-29,85,2.75,WorthPoint
muonionalusta-meteorite,Muonionalusta Etched Meteorite Full Slice Weight 44.5 Grams 2.75 Inches,100,2025-06-29,44.5,2.25,WorthPoint
muonionalusta-meteorite,Muonionalusta Etched Meteorite Full Slice Weight 40.7 Grams 3 Inches,95,2025-06-27,40.7,2.33,WorthPoint
muonionalusta-meteorite,Meteorites - 45.8g Muonionalusta Polished And Etched Slice,114.95,2025-06-27,45.8,2.51,WorthPoint
muonionalusta-meteorite,"Iron Meteorite Muonionalusta, Sweden, Lot Of 2 Nice Cubes With Holes, 16.3 Grams",65.99,2025-06-23,16.3,4.05,WorthPoint
muonionalusta-meteorite,"50 Gm Muonionalusta Meteorite Slice Slab Sweden, Iron Nickel Ring ETCHED STAND",134.96,2025-06-22,50,2.7,WorthPoint
muonionalusta-meteorite,Muonionalusta Etched Meteorite Full Slice Weight 56.9 Grams 2.5 Inches,128,2025-06-22,56.9,2.25,WorthPoint
muonionalusta-meteorite,Meteorites - 6.4g Muonionalusta Polished And Etched Slice,18.95,2025-06-21,6.4,2.96,WorthPoint
muonionalusta-meteorite,"35 Gm Muonionalusta Meteorite Slice Slab Sweden, Iron Nickel Ring ETCHED STAND",98.96,2025-06-21,35,2.83,WorthPoint
muonionalusta-meteorite,Muonionalusta Etched Meteorite Full Slice Weight 61.9 Grams 2.75 Inches,140,2025-06-21,61.9,2.26,WorthPoint
muonionalusta-meteorite,Muonionalusta Etched Meteorite End Cut Weight 70.2 Grams 2.5 Inches,140,2025-06-20,70.2,1.99,WorthPoint
muonionalusta-meteorite,"112 Gm Muonionalusta Meteorite Slice Slab Sweden, Iron Nickel Ring ETCHED STAND",305.96,2025-06-16,112,2.73,WorthPoint
muonionalusta-meteorite,Muonionalusta Etched Meteorite Full Slice Weight 13.7 Grams 1.5 Inches,26.35,2025-06-15,13.7,1.92,WorthPoint
muonionalusta-meteorite,Muonionalusta Etched Meteorite Slice Weight 25.3 Grams 2.5 Inches,48.45,2025-06-13,25.3,1.92,WorthPoint
muonionalusta-meteorite,Muonionalusta Meteorite Cufflinks,179,2025-06-12,,,WorthPoint
muonionalusta-meteorite,Meteorite Lot 1,24.99,2025-06-09,,,WorthPoint
muonionalusta-meteorite,"130 Gm Muonionalusta Meteorite Slice Slab Sweden, Iron Nickel Ring ETCHED STAND",269.95,2025-06-07,130,2.08,WorthPoint
muonionalusta-meteorite,Meteorites - 28.6g Muonionalusta Polished And Etched Slice,58.95,2025-06-07,28.6,2.06,WorthPoint
muonionalusta-meteorite,Muonionalusta Etched Meteorite Full Slice Weight 58.3 Grams 2.75 Inches,131,2025-06-05,58.3,2.25,WorthPoint
muonionalusta-meteorite,Muonionalusta Meteorite Pen,124,2025-06-05,,,WorthPoint
muonionalusta-meteorite,Muonionalusta Meteorite Flashdrive,104,2025-06-05,,,WorthPoint
muonionalusta-meteorite,"50 Gm Muonionalusta Meteorite Slab Sweden, Iron Nickel Ring ETCHED STAND",152.95,2025-05-28,50,3.06,WorthPoint
muonionalusta-meteorite,"41 Gm Muonionalusta Meteorite End Piece Sweden, Iron Nickel Ring ETCHED STAND",116.96,2025-05-27,41,2.85,WorthPoint
muonionalusta-meteorite,Muonionalusta Etched Meteorite Slice Weight 26.6 Grams 2 Inches,60,2025-05-25,26.6,2.26,WorthPoint
muonionalusta-meteorite,Meteorite Pendant Laser Cut Muonionalusta Meteorite & 20 Inch Silver Chain,34.99,2025-05-25,,,WorthPoint
muonionalusta-meteorite,Muonionalusta Etched Meteorite Full Slice Weight 66.8 Grams 2.5 Inches,150,2025-05-24,66.8,2.25,WorthPoint
muonionalusta-meteorite,Muonionalusta Etched Meteorite End Cut Weight 3.3 Grams .5 Inch,6,2025-05-23,3.3,1.82,WorthPoint
muonionalusta-meteorite,Muonionalusta Meteorite Money Clip,104,2025-05-22,,,WorthPoint
muonionalusta-meteorite,Muonionalusta Etched Meteorite Slice Weight 31.8 Grams 2.25 Inches,72,2025-05-22,31.8,2.26,WorthPoint
muonionalusta-meteorite,Muonionalusta Etched Meteorite End Cut Weight 12.7 Grams 1.5 Inches,25,2025-05-22,12.7,1.97,WorthPoint
muonionalusta-meteorite,Meteorites - 32.0g Muonionalusta Polished And Etched Slice,65.95,2025-05-20,32,2.06,WorthPoint
muonionalusta-meteorite,"100 Gm Muonionalusta Meteorite Slab Sweden, Iron Nickel Ring ETCHED STAND",269.95,2025-05-20,100,2.7,WorthPoint
muonionalusta-meteorite,Meteorites - 23.9g Muonionalusta Polished And Etched Slice,49.95,2025-05-19,23.9,2.09,WorthPoint
muonionalusta-meteorite,"158 Gm Muonionalusta Etched Meteorite Triple Cut Sweden, .3 Lb Iron Nickel",359.96,2025-05-19,158,2.28,WorthPoint
muonionalusta-meteorite,Muonionalusta Etched Meteorite Full Slice Weight 19.6 Grams 2 Inches,44,2025-05-17,19.6,2.24,WorthPoint
muonionalusta-meteorite,Muonionalusta Etched Meteorite Full Slice Weight 21.1 Grams 2 Inches,48,2025-05-16,21.1,2.27,WorthPoint
muonionalusta-meteorite,"216 Gm Muonionalusta Meteorite Slab Sweden, Iron Nickel Ring ETCHED",494.96,2025-05-15,216,2.29,WorthPoint
muonionalusta-meteorite,Muonionalusta Etched Meteorite Part Slice Weight 38.2 Grams 2 Inches,86,2025-05-14,38.2,2.25,WorthPoint
muonionalusta-meteorite,NOT DYED! Rare Blue Muonionalusta Etched Meteorite Slice ANCIENT ALIEN TREASURE!,119,2025-05-13,,,WorthPoint
muonionalusta-meteorite,Meteorite Lot #3 Plus Moon And Mars,66,2025-05-12,,,WorthPoint
muonionalusta-meteorite,Meteorite Lot #2,51,2025-05-11,,,WorthPoint
muonionalusta-meteorite,Meteorite Lot #1,41,2025-05-11,,,WorthPoint
muonionalusta-meteorite,Muonionalusta Etched Meteorite Full Slice Weight 18 Grams 2 Inches,40,2025-05-11,18,2.22,WorthPoint
muonionalusta-meteorite,Muonionalusta Etched Meteorite Full Slice Weight 9.4 Grams 1.25 Inches,21,2025-05-10,9.4,2.23,WorthPoint
muonionalusta-meteorite,Meteorites - 85.5g Muonionalusta Polished And Etched Slice,189.95,2025-05-09,85.5,2.22,WorthPoint
muonionalusta-meteorite,31.03 Gram - Muonionalusta Iron Meteorite - Etched Specimen - From Sweden,199,2025-05-09,31.03,6.41,WorthPoint
muonionalusta-meteorite,Genuine Muonionalusta Meteorite End Cut 224gr NOT Aletai,540,2025-05-07,224,2.41,WorthPoint
muonionalusta-meteorite,Muonionalusta Meteorite 18 Grams,7.5,2025-05-07,18,0.42,WorthPoint
muonionalusta-meteorite,Meteorites - 24.0g Muonionalusta Polished And Etched Slice,49.95,2025-05-04,24,2.08,WorthPoint
muonionalusta-meteorite,Muonionalusta Etched Meteorite Full Slice Weight 13.8 Grams 1.25 Inches,31,2025-05-03,13.8,2.25,WorthPoint
muonionalusta-meteorite,Muonionalusta Etched Meteorite Full Slice Weight 14.7 Grams 2 Inches,33,2025-05-01,14.7,2.24,WorthPoint
muonionalusta-meteorite,"""Meteorite Necklace Laser Cut Genuine Muonionalusta Meteor & 20"""" Sterling Chain""",29.99,2025-04-25,,,WorthPoint
muonionalusta-meteorite,Muonionalusta Meteorite Slice - 302.5 Grams,4250,2025-04-23,302.5,14.05,WorthPoint
muonionalusta-meteorite,"Muonionalusta Meteorite Cube - 1,677.2 Grams",6562.5,2025-04-23,677.2,9.69,WorthPoint
muonionalusta-meteorite,"Sword - ""Ekleipsis""",21250,2025-04-23,,,WorthPoint
muonionalusta-meteorite,Muonionalusta Meteorite Slice - 204.2 Grams,1187.5,2025-04-23,204.2,5.82,WorthPoint
muonionalusta-meteorite,"172 Gm Muonionalusta Meteorite Slab Sweden, Iron Nickel Ring ETCHED",386.96,2025-04-22,172,2.25,WorthPoint
muonionalusta-meteorite,149 Gram - Muonionalusta Iron Meteorite - Etched Slice - From Sweden,133,2025-04-22,149,0.89,WorthPoint
muonionalusta-meteorite,Seymchan Meteorite Stardust Shavings / Crystals - 100% Pure & Natural,7,2025-04-19,,,WorthPoint
muonionalusta-meteorite,2021 2 Oz Silver $2 Niue Impact Moments METEORITE MUONIONALUSTA Antiqued Coin.,539.95,2025-04-17,56.7,9.52,WorthPoint
muonionalusta-meteorite,Muonionalusta Meteorite REAL Specimen Coin Cosmic Gem In NGC PCGS Type Case BB,69.5,2025-04-17,,,WorthPoint
muonionalusta-meteorite,"""Meteorite Necklace Large Sliced Genuine Muonionalusta Meteor & 20"""" Silver Chain""",44.99,2025-04-16,,,WorthPoint
muonionalusta-meteorite,75.85 Gram - Muonionalusta Iron Meteorite - Etched Specimen - From Sweden,227,2025-04-14,75.85,2.99,WorthPoint
muonionalusta-meteorite,2019 $1 Niue Pure Muonionalusta Meteorite 1oz Proof Coin,559,2025-04-11,28.35,19.72,WorthPoint
muonionalusta-meteorite,40.75 Gram - Muonionalusta Iron Meteorite - Etched Specimen - From Sweden,160,2025-04-10,40.75,3.93,WorthPoint
muonionalusta-meteorite,Muonionaluta Etched Meteorite Full Slice Weight 10.4 Grams 1.75 Inches,24,2025-04-05,10.4,2.31,WorthPoint
muonionalusta-meteorite,Solid Muonionalusta Meteorite D6 Dice,75,2025-04-04,,,WorthPoint
muonionalusta-meteorite,Muonionaluta Etched Meteorite Full Slice Weight 20.8 Grams 2 Inches,47,2025-04-04,20.8,2.26,WorthPoint
muonionalusta-meteorite,Muonionaluta Etched Meteorite Full Slice Weight 11.2 Grams 1.25 Inches,25,2025-03-30,11.2,2.23,WorthPoint
muonionalusta-meteorite,Muonionalusta Marvelous Meteorite Specimen Coin Cosmic Gem In Display Case BB,67.75,2025-03-29,,,WorthPoint
muonionalusta-meteorite,Real Muonionaluta Etched Meteorite Full Slice Weight 27.1 Grams 2.5 Inches,61,2025-03-27,27.1,2.25,WorthPoint
muonionalusta-meteorite,Real Muonionaluta Etched Meteorite Full Slice Weight 21.8 Grams 2 Inches,49,2025-03-27,21.8,2.25,WorthPoint
muonionalusta-meteorite,"MUONIONALUSTA Meteorite Display Label, Aluminum",6,2025-03-24,,,WorthPoint
muonionalusta-meteorite,1135 Grams Muonionalusta Etched Meteorite With Widmanstätten Pattern,455.01,2025-03-23,1135,0.4,WorthPoint
muonionalusta-meteorite,Muonionalusta Meteorite 1 Kilo UNC Pure Meteorite Coin 50$ Niue 2021,3359,2025-03-23,,,WorthPoint
muonionalusta-meteorite,Iron Meteorite Lot Collection Campo Agoudal Nantan Muonionalusta Gibeon,199.99,2025-03-21,,,WorthPoint
muonionalusta-meteorite,Meteorites - 15.0g Muonionalusta Polished And Etched Slice,37.95,2025-03-13,15,2.53,WorthPoint
muonionalusta-meteorite,11.40 Gram - Muonionalusta Iron Meteorite - Etched Specimen - From Sweden,99,2025-03-10,11.4,8.68,WorthPoint
muonionalusta-meteorite,9.56 Gram - Muonionalusta Iron Meteorite - Etched Specimen - From Sweden,90,2025-03-10,9.56,9.41,WorthPoint
muonionalusta-meteorite,Muonionalusta Meteorite Piece,86.1,2025-03-07,,,WorthPoint
muonionalusta-meteorite,55.95 Gram - Muonionalusta Iron Meteorite - Etched Specimen - From Sweden,180,2025-03-07,55.95,3.22,WorthPoint
muonionalusta-meteorite,Muonionalusta Meteorite Etched Fragment 20.8 Grams,42.95,2025-03-07,20.8,2.06,WorthPoint
muonionalusta-meteorite,"Meteorite - Muonionalusta Etched Iron Slice W/ Unique Pattern, 112g + Stand",168.5,2025-03-03,112,1.5,WorthPoint
muonionalusta-meteorite,Meteorites - Muonionalusta Dust/Cuttings Specimen Vial,12.95,2025-02-28,,,WorthPoint
muonionalusta-meteorite,Muonionalusta Meteorite Triangle Small Slice 10mm,31,2025-02-28,,,WorthPoint
muonionalusta-meteorite,Muonionalusta Meteorite In Collector's Box,46.69,2025-02-28,,,WorthPoint
muonionalusta-meteorite,"International Year Of Astronomy, 2011 Cook Islands $5 Silver Coin",93.75,2025-02-27,,,WorthPoint
muonionalusta-meteorite,2 Oz Silver Coin 2021 Niue $2 Impact Moments Meteorite High Relief Germania,488.75,2025-02-27,56.7,8.62,WorthPoint
muonionalusta-meteorite,GIBEON IRON METEORITE SLICE NAMIBIA AFRICA 15.5 Grams,149,2025-02-23,15.5,9.61,WorthPoint
muonionalusta-meteorite,Muonionalusta Slice,412.5,2025-02-20,,,WorthPoint
muonionalusta-meteorite,Muonionalusta Meteorite Etched Fragment 26.3 Grams Custom Listing For Tomalley5,82.99,2025-02-17,26.3,3.16,WorthPoint
muonionalusta-meteorite,Muonionalusta Meteorite Etched Fragment 26.3 Grams,52.99,2025-02-16,26.3,2.01,WorthPoint
muonionalusta-meteorite,"Muonionalusta Meteorite Pendant, 13.07 Grams, COA, Astronomy Gift, Space Gift",52,2025-02-10,13.07,3.98,WorthPoint
muonionalusta-meteorite,2021 Niue Impact Moments Meteorite 2 Oz Silver High Relief Coin,433.5,2025-02-09,56.7,7.65,WorthPoint
muonionalusta-meteorite,Muonionalusta Meteorite Heart Pendant .925,184,2025-02-05,,,WorthPoint
muonionalusta-meteorite,Iron Meteorite Muonionalusta Slice 53.4 G Widmanstatten Pattern Etched Polished,100,2025-01-31,53.4,1.87,WorthPoint
muonionalusta-meteorite,Muonionalusta Meteorite Circle Small Slice 10mm,31,2025-01-31,,,WorthPoint
muonionalusta-meteorite,206 Grams Muonionalusta Etched Meteorite Cube Widmanstätten Pattern,650,2025-01-22,206,3.16,WorthPoint
muonionalusta-meteorite,Meteorites - 15.7g Muonionalusta Small Pieces Specimen Vial,18.95,2025-01-19,15.7,1.21,WorthPoint
muonionalusta-meteorite,Dinosaur Bone/Meteor Inlaid Redwood Dining Table,1736,2025-01-18,,,WorthPoint
muonionalusta-meteorite,"Muonionalusta, Stunning, Iron Meteorite! 295.8g, Great Etch, Stable!",327,2025-01-13,295.8,1.11,WorthPoint
muonionalusta-meteorite,Muonionalusta 161.49g Iron Meteorite Sphere W/ Stealth Etch,385,2025-01-11,161.49,2.38,WorthPoint
muonionalusta-meteorite,Muonionalusta Meteorite 969 Grams Or 2lb 2oz. Crystal Pattern Partly Visible,300,2025-01-10,969,0.31,WorthPoint
muonionalusta-meteorite,Meteorites - 85.0g Muonionalusta Polished And Etched Slice,229.95,2025-01-06,85,2.71,WorthPoint
muonionalusta-meteorite,Novium Hoverpen 2.0 Muonionalusta Meteorite Interstellar Edition Starlight Black,250,2025-01-06,,,WorthPoint
muonionalusta-meteorite,"18.08 Gr Etched And Stabilized Slice Muonionalusta Iva Iron Meteorite, Authentic",90,2025-01-05,18.08,4.98,WorthPoint
muonionalusta-meteorite,Muonionalusta 137.58g Iron Meteorite Sphere W/ Stealth Etch,227.5,2025-01-04,137.58,1.65,WorthPoint
muonionalusta-meteorite,38.3 G ETCHED MUONIONALUSTA (Iron Octahedrite) METEORITE - 1906 Find In Sweden,62,2024-12-29,38.3,1.62,WorthPoint
muonionalusta-meteorite,R Stratton Knives: Muonionalusta Meteor Meteorite Fossil Bone Handled Knife,1250,2024-12-25,,,WorthPoint
muonionalusta-meteorite,36.8 G ETCHED MUONIONALUSTA (Iron Octahedrite) METEORITE - 1906 Find In Sweden,60,2024-12-24,36.8,1.63,WorthPoint
muonionalusta-meteorite,25.5 G ETCHED MUONIONALUSTA (Iron Octahedrite) METEORITE - 1906 Find In Sweden,46,2024-12-24,25.5,1.8,WorthPoint
muonionalusta-meteorite,Muonionalusta Meteorite 6.60g Stabilized Etched Gold Plated Pendant,75,2024-12-21,6.6,11.36,WorthPoint
muonionalusta-meteorite,"82 Gm Muonionalusta Meteorite TRIPLE CUT Sweden, Iron Nickel Ring ETCHED",179.95,2024-12-18,82,2.19,WorthPoint
muonionalusta-meteorite,22.6 G ETCHED MUONIONALUSTA (Iron Octahedrite) METEORITE - 1906 Find In Sweden,44.55,2024-12-18,22.6,1.97,WorthPoint
muonionalusta-meteorite,"Meteorite: Muonionalusta, Class: Octahedrite Iva - Kiruna, Sweden",26,2024-12-16,,,WorthPoint
muonionalusta-meteorite,3.23 Grams Muonionalusta Sweden Meteorite Cut Fragment With A COA,5.99,2024-12-14,3.23,1.85,WorthPoint
muonionalusta-meteorite,40.4 G ETCHED MUONIONALUSTA (Iron Octahedrite) METEORITE - 1906 Find In Sweden,77.55,2024-12-13,40.4,1.92,WorthPoint
muonionalusta-meteorite,Meteorites - 6.7g Muonionalusta Polished And Etched End Piece,12.95,2024-12-11,6.7,1.93,WorthPoint
muonionalusta-meteorite,33.6 G ETCHED MUONIONALUSTA (Iron Octahedrite) METEORITE - 1906 Find In Sweden,67.5,2024-12-11,33.6,2.01,WorthPoint
muonionalusta-meteorite,3.97 Grams Muonionalusta Sweden Meteorite Cut Fragment With A COA,7.49,2024-12-11,3.97,1.89,WorthPoint
muonionalusta-meteorite,"Muonionalusta Meteorite Pendant, 32.11 Grams, COA, Astronomy Gift, Space Gift",141.75,2024-12-09,32.11,4.41,WorthPoint
muonionalusta-meteorite,4.04 Grams Muonionalusta Sweden Meteorite Cut Fragment With A COA,8.99,2024-12-09,4.04,2.23,WorthPoint
muonionalusta-meteorite,Damascus And Meteorite Pendant - Sterling Silver - TOP METEORITE Jewelry,120,2024-12-09,,,WorthPoint
muonionalusta-meteorite,Muonionalusta Meteorite Slice Necklace,19.99,2024-12-08,,,WorthPoint
muonionalusta-meteorite,5.68 Grams Muonionalusta Sweden Meteorite Cut Fragment With A COA,9.99,2024-12-06,5.68,1.76,WorthPoint
muonionalusta-meteorite,Muonionalusta Meteorite,48,2024-12-05,,,WorthPoint
muonionalusta-meteorite,4.34 Grams Muonionalusta Sweden Meteorite Cut Fragment With A COA,7.99,2024-12-04,4.34,1.84,WorthPoint
muonionalusta-meteorite,18.7 G ETCHED MUONIONALUSTA (Iron Octahedrite) METEORITE - 1906 Find In Sweden,50,2024-12-02,18.7,2.67,WorthPoint
muonionalusta-meteorite,"Muonionalusta, Stunning, Iron Meteorite! 195.5g, Great Etch, Stable!",200,2024-12-02,195.5,1.02,WorthPoint
muonionalusta-meteorite,5.04 Grams Light Rust On Muonionalusta Sweden Meteorite Cut Fragment With A COA,6.99,2024-12-01,5.04,1.39,WorthPoint
muonionalusta-meteorite,Meteorites - 94.3g Muonionalusta Polished And Etched Corner Piece,279.95,2024-12-01,94.3,2.97,WorthPoint
muonionalusta-meteorite,Meteorites - 10.4g Muonionalusta Polished And Etched Slice,26.95,2024-11-30,10.4,2.59,WorthPoint
muonionalusta-meteorite,7.96 Grams Muonionalusta Sweden High Iron Meteorite OXIDE Fragment With A COA,7.99,2024-11-29,7.96,1,WorthPoint
muonionalusta-meteorite,"Muonionalusta, Stunning, Iron Meteorite! 148g, Great Etch, Stable!",475,2024-11-25,148,3.21,WorthPoint
muonionalusta-meteorite,6.65 Grams Muonionalusta Sweden Meteorite Cut Fragment With A COA,9.99,2024-11-24,6.65,1.5,WorthPoint
muonionalusta-meteorite,Meteorites - 15.6g Muonionalusta Polished And Etched Slice,37.95,2024-11-23,15.6,2.43,WorthPoint
muonionalusta-meteorite,29.4 Grams Muonionalusta Sweden High Iron Meteorite OXIDE Fragment With A COA,26.99,2024-11-18,29.4,0.92,WorthPoint
muonionalusta-meteorite,35.9 G ETCHED MUONIONALUSTA (Iron Octahedrite) METEORITE - 1906 Find In Sweden,74.5,2024-11-16,35.9,2.08,WorthPoint
muonionalusta-meteorite,5.16 Grams Muonionalusta Sweden Meteorite Cut Fragment With A COA,9.99,2024-11-15,5.16,1.94,WorthPoint
muonionalusta-meteorite,Muonionalusta Meteorite Cube,1500,2024-11-14,,,WorthPoint
muonionalusta-meteorite,4.17 Grams Muonionalusta Sweden Meteorite Cut Fragment With A COA,8.99,2024-11-12,4.17,2.16,WorthPoint
muonionalusta-meteorite,5.60 Grams Muonionalusta Sweden Meteorite Cut Fragment With A COA,15.5,2024-11-12,5.6,2.77,WorthPoint
muonionalusta-meteorite,7.70 Grams Muonionalusta Sweden Meteorite Cut Fragment With A COA,18.5,2024-11-12,7.7,2.4,WorthPoint
muonionalusta-meteorite,4.32 Grams Muonionalusta Sweden Meteorite Cut Fragment With A COA,8.99,2024-11-12,4.32,2.08,WorthPoint
muonionalusta-meteorite,3.28 Grams Muonionalusta Sweden Meteorite Cut Fragment With A COA,10.5,2024-11-12,3.28,3.2,WorthPoint
muonionalusta-meteorite,8.88 Grams Muonionalusta Sweden Meteorite Cut Fragment With A COA,13.99,2024-11-11,8.88,1.58,WorthPoint
muonionalusta-meteorite,3.49 Grams Muonionalusta Sweden Meteorite Cut Fragment With A COA,7.99,2024-11-10,3.49,2.29,WorthPoint
muonionalusta-meteorite,44.1 G ETCHED MUONIONALUSTA (Iron Octahedrite) METEORITE - 1906 Find In Sweden,96.25,2024-11-09,44.1,2.18,WorthPoint
muonionalusta-meteorite,Muonionalusta Meteorite Earrings,275,2024-11-07,,,WorthPoint
muonionalusta-meteorite,Meteorite Pendant & 20 Inch Silver Chain Necklace - Real Muonionalusta Meteorite,29.99,2024-11-06,,,WorthPoint
muonionalusta-meteorite,Meteorites - 38.2g Muonionalusta Polished And Etched Slice,109.95,2024-11-03,38.2,2.88,WorthPoint
muonionalusta-meteorite,9.25 Grams Muonionalusta Sweden Meteorite Cut Fragment With A COA,9.99,2024-10-30,9.25,1.08,WorthPoint
muonionalusta-meteorite,"Muonionalusta Meteorite Pendant, 5.59 Grams, COA, Astronomy Gift, Space Gift",46.4,2024-10-29,5.59,8.3,WorthPoint
muonionalusta-meteorite,"Iron Meteorite Muonionalusta. Sweden, Necklace, Pendant Hexagon Big",219.99,2024-10-27,,,WorthPoint
muonionalusta-meteorite,Novium Hoverpen Muonionalusta Meteorite Interstellar Edition- Starlight Black,270,2024-10-27,,,WorthPoint
muonionalusta-meteorite,Muonionalusta Meteorite Slice,189,2024-10-24,,,WorthPoint
muonionalusta-meteorite,"125 Gm Muonionalusta Meteorite Slab Sweden, Iron Nickel Ring ETCHED",287.95,2024-10-24,125,2.3,WorthPoint
muonionalusta-meteorite,9.94 Grams Muonionalusta Sweden Iron Meteorite OXIDE Fragment With A COA,7.99,2024-10-22,9.94,0.8,WorthPoint
muonionalusta-meteorite,"1906, Muonionalusta Iron Meteorite, Norrbottens, Sweden 6.1 Grams",23,2024-10-22,6.1,3.77,WorthPoint
muonionalusta-meteorite,"Muonionalusta, Stunning, Iron Meteorite! 432.7g, End Cut, Great Etch, Stable!",500,2024-10-21,432.7,1.16,WorthPoint
muonionalusta-meteorite,"338 Grams Of Various Iron Meteorite Pieces; Campo, Canyou Diablo Etc",224.1,2024-10-20,338,0.66,WorthPoint
muonionalusta-meteorite,3.20 Grams Muonionalusta Sweden Meteorite Cut Fragment With A COA,5.49,2024-10-19,3.2,1.72,WorthPoint
muonionalusta-meteorite,22.4 G ETCHED MUONIONALUSTA (Iron Octahedrite) METEORITE - 1906 Find In Sweden,69.3,2024-10-19,22.4,3.09,WorthPoint
muonionalusta-meteorite,"136 Gm Muonionalusta Meteorite WEDGE CUT Sweden, Iron Nickel Ring ETCHED",296.96,2024-10-17,136,2.18,WorthPoint
muonionalusta-meteorite,7 Grams Muonionalusta Sweden Meteorite Cut Fragment With A COA,10.99,2024-10-17,7,1.57,WorthPoint
muonionalusta-meteorite,25 Grams Muonionalusta Sweden Iron Meteorite OXIDE Fragment With A COA,17.99,2024-10-17,25,0.72,WorthPoint
muonionalusta-meteorite,"120 Gm Muonionalusta Meteorite Slab Sweden, Iron Nickel Ring ETCHED",269.95,2024-10-16,120,2.25,WorthPoint
muonionalusta-meteorite,5.99 Grams Muonionalusta Sweden Meteorite Cut Fragment With A COA,7.99,2024-10-14,5.99,1.33,WorthPoint
muonionalusta-meteorite,4.01 Grams Muonionalusta Sweden Meteorite Cut Fragment With A COA,5.49,2024-10-14,4.01,1.37,WorthPoint
muonionalusta-meteorite,8.04 Grams Muonionalusta Sweden Meteorite Cut Fragment With A COA,9.99,2024-10-12,8.04,1.24,WorthPoint
muonionalusta-meteorite,4.25 Grams Muonionalusta Sweden Meteorite Cut Fragment With A COA,13.25,2024-10-12,4.25,3.12,WorthPoint
muonionalusta-meteorite,GENUINE Muonionalusta Meteorite With Pendant With Moldavite #53,135,2024-10-04,,,WorthPoint
muonionalusta-meteorite,Muonionalusta Meteorite 3x2cm RECTANGLE Slice Authentic Specimen Widmanstatten,144,2024-10-01,,,WorthPoint
muonionalusta-meteorite,Muonionalusta Meteorite Part Slice A1369 Museum QUALITY! 170Gm,225,2024-09-26,170,1.32,WorthPoint
muonionalusta-meteorite,3.08 Grams Muonionalusta Sweden Meteorite Cut Fragment With A COA,5.99,2024-09-25,3.08,1.94,WorthPoint
muonionalusta-meteorite,"215.3g Muonionalusta Iron Meteorite Slice, Natural Meteorite",469.99,2024-09-23,215.3,2.18,WorthPoint
muonionalusta-meteorite,9.72 Grams Muonionalusta Sweden Meteorite Cut Fragment With A COA,14.99,2024-09-23,9.72,1.54,WorthPoint
muonionalusta-meteorite,"84 Gm Muonionalusta Meteorite End Cut Sweden, Iron Nickel Ring ETCHED",188.95,2024-09-22,84,2.25,WorthPoint
muonionalusta-meteorite,Muonionalusta Meteorite Slice Authentic,57,2024-09-21,,,WorthPoint
muonionalusta-meteorite,"111 Gm Muonionalusta Meteorite Slab Sweden, Iron Nickel Ring ETCHED",251.95,2024-09-20,111,2.27,WorthPoint
muonionalusta-meteorite,10.6 Grams Muonionalusta Sweden Meteorite Cut Fragment With A COA,19.99,2024-09-19,10.6,1.89,WorthPoint
muonionalusta-meteorite,8.18 Grams Muonionalusta Sweden Meteorite Cut Fragment With A COA,13.99,2024-09-18,8.18,1.71,WorthPoint
muonionalusta-meteorite,9.12 Grams Muonionalusta Sweden Meteorite Cut Fragment With A COA,18.99,2024-09-13,9.12,2.08,WorthPoint
muonionalusta-meteorite,"Muonionalusta, Stunning, Iron Meteorite! 147.5g, Great Etch, Stable!",600,2024-09-09,147.5,4.07,WorthPoint
muonionalusta-meteorite,"165 Gm Muonionalusta Meteorite Slab Sweden, Iron Nickel Ring ETCHED",359.96,2024-09-03,165,2.18,WorthPoint
muonionalusta-meteorite,"115 Gm Muonionalusta Meteorite Slab Sweden, Iron Nickel Ring ETCHED",269.95,2024-08-31,115,2.35,WorthPoint
muonionalusta-meteorite,Muonionalusta Meteorite Stardust Shavings / Crystals - 100% Pure & Natural,7,2024-08-30,,,WorthPoint
muonionalusta-meteorite,7.78 Grams Muonionalusta Sweden Meteorite Cut Fragment With A COA,13.99,2024-08-29,7.78,1.8,WorthPoint
muonionalusta-meteorite,15.4 Grams Muonionalusta Sweden Meteorite Cut Fragment With A COA,20.99,2024-08-27,15.4,1.36,WorthPoint
muonionalusta-meteorite,4.09 Grams Muonionalusta Sweden Meteorite Cut Fragment With A COA,6.99,2024-08-27,4.09,1.71,WorthPoint
muonionalusta-meteorite,"Muonionalusta Meteorite Pendant, 14.22 Grams, COA, Astronomy Gift, Space Gift",87,2024-08-25,14.22,6.12,WorthPoint
muonionalusta-meteorite,9.50 Grams Muonionalusta Sweden Meteorite Cut Fragment With A COA,13.99,2024-08-23,9.5,1.47,WorthPoint
muonionalusta-meteorite,9.46 Grams Muonionalusta Sweden Meteorite Cut Fragment With A COA,14.99,2024-08-21,9.46,1.58,WorthPoint
muonionalusta-meteorite,"141 Gm Muonionalusta Meteorite Slab Sweden, Iron Nickel Ring ETCHED",323.96,2024-08-20,141,2.3,WorthPoint
muonionalusta-meteorite,17.6 Grams Muonionalusta Sweden Meteorite Cut Fragment With A COA,24.99,2024-08-18,17.6,1.42,WorthPoint
muonionalusta-meteorite,20.3 G ETCHED MUONIONALUSTA (Iron Octahedrite) METEORITE - 1906 Find In Sweden,74.25,2024-08-16,20.3,3.66,WorthPoint
muonionalusta-meteorite,4.55 Grams Muonionalusta Sweden Meteorite Cut Fragment With A COA,7.99,2024-08-14,4.55,1.76,WorthPoint
muonionalusta-meteorite,7.36 Grams Muonionalusta Sweden Meteorite Cut Fragment With A COA,10.99,2024-08-14,7.36,1.49,WorthPoint
muonionalusta-meteorite,5.09 Grams Muonionalusta Sweden Meteorite Cut Fragment With A COA,8.99,2024-08-14,5.09,1.77,WorthPoint
muonionalusta-meteorite,6.61 Grams Muonionalusta Sweden Meteorite Cut Fragment With A COA,10.49,2024-08-14,6.61,1.59,WorthPoint
muonionalusta-meteorite,3.48 Grams Muonionalusta Sweden Meteorite Cut Fragment With A COA,5.99,2024-08-14,3.48,1.72,WorthPoint
muonionalusta-meteorite,4.41 Grams Muonionalusta Sweden Meteorite Cut Fragment With A COA,6.99,2024-08-14,4.41,1.59,WorthPoint
muonionalusta-meteorite,6.53 Grams Muonionalusta Sweden Meteorite Cut Fragment With A COA,10.49,2024-08-14,6.53,1.61,WorthPoint
muonionalusta-meteorite,10.3 Grams Muonionalusta Sweden Meteorite Cut Fragment With A COA,14.99,2024-08-14,10.3,1.46,WorthPoint
muonionalusta-meteorite,6.40 Grams Muonionalusta Sweden Meteorite Cut Fragment With A COA,10.49,2024-08-09,6.4,1.64,WorthPoint
muonionalusta-meteorite,33.9 G ETCHED MUONIONALUSTA (Iron Octahedrite) METEORITE - 1906 Find In Sweden,108,2024-07-29,33.9,3.19,WorthPoint
muonionalusta-meteorite,"157 Gm Muonionalusta Meteorite Slab Sweden, Iron Nickel Ring ETCHED",220,2024-07-29,157,1.4,WorthPoint
muonionalusta-meteorite,19.3 Grams Muonionalusta Sweden Meteorite Cut Fragment With A COA,31.99,2024-07-27,19.3,1.66,WorthPoint
muonionalusta-meteorite,10.5 Grams Muonionalusta Sweden Meteorite Cut Fragment With A COA,17.5,2024-07-27,10.5,1.67,WorthPoint
muonionalusta-meteorite,2.93 Grams Muonionalusta Sweden Meteorite Cut Fragment With A COA,5.49,2024-07-26,2.93,1.87,WorthPoint
muonionalusta-meteorite,"Custom Buck 110 (Obsidian, Lapis, Meteorite) Inlay - One Of A Kind With Filework",162.5,2024-07-25,,,WorthPoint
muonionalusta-meteorite,9.55 Grams Muonionalusta Sweden Meteorite Cut Fragment With A COA,13.99,2024-07-23,9.55,1.46,WorthPoint
muonionalusta-meteorite,20.5 Grams Muonionalusta Sweden Meteorite Cut Fragment With A COA,28.99,2024-07-23,20.5,1.41,WorthPoint
muonionalusta-meteorite,13.6 Grams Muonionalusta Sweden Meteorite Cut Fragment With A COA,18.99,2024-07-23,13.6,1.4,WorthPoint
muonionalusta-meteorite,Meteorite Muonionalusta Ring 925 Sterling Silver Handmade Rough Ring Size 10,55.99,2024-07-23,,,WorthPoint
muonionalusta-meteorite,"Iron Meteorite Muonionalusta, Sweden, Nice Sphere With Hole, 31.6 Grams",157.99,2024-07-23,31.6,5,WorthPoint
muonionalusta-meteorite,8.40 Grams Muonionalusta Sweden Meteorite Cut Fragment With A COA,15.99,2024-07-20,8.4,1.9,WorthPoint
muonionalusta-meteorite,12.9 Grams Muonionalusta Sweden Meteorite Cut Fragment With A COA,20.99,2024-07-18,12.9,1.63,WorthPoint
muonionalusta-meteorite,10.7 Grams Muonionalusta Sweden Meteorite Cut Fragment With A COA,19.99,2024-07-18,10.7,1.87,WorthPoint
muonionalusta-meteorite,8.39 Grams Muonionalusta Sweden Meteorite Cut Fragment With A COA,15.99,2024-07-18,8.39,1.91,WorthPoint
muonionalusta-meteorite,5.41 Grams Muonionalusta Sweden Meteorite Cut Fragment With A COA,10.99,2024-07-18,5.41,2.03,WorthPoint
muonionalusta-meteorite,"92 Gm Muonionalusta Meteorite Slab Sweden, Iron Nickel Ring ETCHED",206.95,2024-07-14,92,2.25,WorthPoint
muonionalusta-meteorite,"Muonionalusta Meteorite Pendant, 13.06 Grams, COA, Astronomy Gift, Space Gift",68,2024-07-11,13.06,5.21,WorthPoint
muonionalusta-meteorite,Meteorites - 8.0g Muonionalusta Small Pieces Specimen Vial,17.95,2024-07-10,8,2.24,WorthPoint
muonionalusta-meteorite,Hand Forged Meteorite Knife,200,2024-07-08,,,WorthPoint
muonionalusta-meteorite,Muonionalusta Meteorite Pendant With Stainless Steel Chain,15,2024-07-06,,,WorthPoint
muonionalusta-meteorite,"Muonionalusta Meteorite Specimen Galaxy Pendant Rosetone Stainless 20"" Chain",10,2024-07-04,,,WorthPoint
muonionalusta-meteorite,7.19 Grams Muonionalusta Sweden Meteorite Cut Fragment With A COA,20.5,2024-07-03,7.19,2.85,WorthPoint
muonionalusta-meteorite,"62 Gm Muonionalusta Meteorite End Cut Sweden, Iron Nickel Ring ETCHED",143.96,2024-06-29,62,2.32,WorthPoint
muonionalusta-meteorite,"114 Gm Muonionalusta Etched Meteorite Triple Cut Sweden, .3 Lb Iron Nickel",269.95,2024-06-18,114,2.37,WorthPoint
muonionalusta-meteorite,GIBEON IRON METEORITE SLICE NAMIBIA AFRICA 35.2 Grams,149,2024-06-13,35.2,4.23,WorthPoint
muonionalusta-meteorite,"2142 Gm Muonionalusta Meteorite Sweden, 4.7 Lb Iron Nickel Patina",2249.95,2024-06-12,2142,1.05,WorthPoint
muonionalusta-meteorite,58g Muonionalusta Meteorite Cube A43 Museum Quality!,100,2024-06-11,58,1.72,WorthPoint
muonionalusta-meteorite,"171 Gm Muonionalusta Meteorite Slab Sweden, Iron Nickel Ring ETCHED",404.96,2024-06-09,171,2.37,WorthPoint
muonionalusta-meteorite,Meteorite - 57.0g Muonionalusta Polished And Etched Slice,129.95,2024-06-04,57,2.28,WorthPoint
muonionalusta-meteorite,4g Muonionalusta Meteorite Fine Octahedrite Northern Scandinavia,75,2024-06-02,4,18.75,WorthPoint
muonionalusta-meteorite,Mini Buddha Made With Aletai Iron Meteorite,10.5,2024-06-02,,,WorthPoint
muonionalusta-meteorite,"Meteorite Pendant Genuine Muonionalusta Space Gem & 20"" Silver Chain Necklace",34.99,2024-06-01,,,WorthPoint
muonionalusta-meteorite,"97 Gm Muonionalusta Meteorite Slab Sweden, Iron Nickel Ring ETCHED",224.95,2024-05-24,97,2.32,WorthPoint
muonionalusta-meteorite,"306 Gm Muonionalusta Meteorite Slab Sweden, .7 Lb Iron Nickel Ring ETCHED",674.95,2024-05-24,306,2.21,WorthPoint
muonionalusta-meteorite,"78 Gm Muonionalusta Meteorite Slab Sweden, Iron Nickel Ring ETCHED",179.95,2024-05-24,78,2.31,WorthPoint
muonionalusta-meteorite,"69 Gm Muonionalusta Meteorite Slab Sweden, Iron Nickel Ring ETCHED",170.95,2024-05-24,69,2.48,WorthPoint
muonionalusta-meteorite,238g Muonionalusta Meteorite Part Slice A1265,199,2024-05-15,238,0.84,WorthPoint
muonionalusta-meteorite,Niue. 2021 2 Oz Silver Impact Moments Coin,216,2024-05-15,56.7,3.81,WorthPoint
muonionalusta-meteorite,Meteorite Blade Knife,1875,2024-05-14,,,WorthPoint
muonionalusta-meteorite,"71 Gm Muonionalusta Meteorite Slab Sweden, Iron Nickel Ring ETCHED",153.85,2024-05-14,71,2.17,WorthPoint
muonionalusta-meteorite,"Estate 18k Yellow Gold Muonionalusta Meteorite Cuff Links. 1/2""H X 1/2""W X 3/4""D (one)",625,2024-05-13,,,WorthPoint
muonionalusta-meteorite,Mike Tyre (J.S.) Cholla Folder With Meteorite And Mammoth,1495,2024-05-13,,,WorthPoint
muonionalusta-meteorite,"51 Gm Muonionalusta Etched Meteorite MULTI Cut Sweden, Iron Nickel",111.11,2024-05-08,51,2.18,WorthPoint
muonionalusta-meteorite,Muonionalusta Meteorite. Iron IVA 8.4 Grams. Etched Part End Cut.,20,2024-05-03,8.4,2.38,WorthPoint
muonionalusta-meteorite,"53 Gm Muonionalusta Meteorite Slab Sweden, Iron Nickel Ring ETCHED",119.66,2024-05-02,53,2.26,WorthPoint
muonionalusta-meteorite,Muonionalusta Meteorite Coin In Collector Case,21.2,2024-05-02,,,WorthPoint
muonionalusta-meteorite,Muonionalusta Iron Meteorite From Sweden: 5.5g,13,2024-05-02,5.5,2.36,WorthPoint
muonionalusta-meteorite,Muonionalusta Iron Meteorite From Sweden: 3.8g,12,2024-05-02,3.8,3.16,WorthPoint
muonionalusta-meteorite,Muonionalusta Meteorite. Iron IVA 10.1 Grams. Etched Part Slice.,22.1,2024-04-30,10.1,2.19,WorthPoint
muonionalusta-meteorite,Light Rusting 10 Grams Muonionalusta Meteorite Slice Can Be Cleaned Or Melted,6.99,2024-04-29,10,0.7,WorthPoint
muonionalusta-meteorite,Light Rusting 31.5 Grams Muonionalusta Meteorite Slice Can Be Sanded And Etched,17.99,2024-04-29,31.5,0.57,WorthPoint
muonionalusta-meteorite,Light Rusting 26.9 Grams Muonionalusta Meteorite Slice Can Be Sanded And Etched,14.99,2024-04-27,26.9,0.56,WorthPoint
muonionalusta-meteorite,"Muonionalusta Meteorite Pendant, 7.45 Grams, COA, Astronomy Gift, Space Gift",55,2024-04-25,7.45,7.38,WorthPoint
muonionalusta-meteorite,Light Rusting 32 Grams Muonionalusta Meteorite Slice Can Be Sanded And Etched,26,2024-04-25,32,0.81,WorthPoint
muonionalusta-meteorite,Light Rusting 24.2 Grams Muonionalusta Meteorite Slice Can Be Sanded And Etched,17,2024-04-25,24.2,0.7,WorthPoint
muonionalusta-meteorite,9.27 Grams Muonionalusta Sweden Meteorite Fragments With A COA,13.5,2024-04-25,9.27,1.46,WorthPoint
muonionalusta-meteorite,Light Rusting 37.2 Grams Muonionalusta Meteorite Slice Can Be Sanded And Etched,19.99,2024-04-22,37.2,0.54,WorthPoint
muonionalusta-meteorite,Light Rusting 31.4 Grams Muonionalusta Meteorite Slice Can Be Sanded And Etched,14.99,2024-04-22,31.4,0.48,WorthPoint
muonionalusta-meteorite,5.82 Grams Muonionalusta Sweden Meteorite Fragments With A COA,20,2024-04-22,5.82,3.44,WorthPoint
muonionalusta-meteorite,57 Gm Muonionalusta Meteorite Slice Sweden Iron Nickel Ring,112.46,2024-04-21,57,1.97,WorthPoint
muonionalusta-meteorite,Muonionalusta Etched Meteorite Pendant - 8.94 Grams + COA,29.95,2024-04-11,8.94,3.35,WorthPoint
muonionalusta-meteorite,"1906, Muonionalusta Iron Meteorite, Norrbottens, Sweden 8.0 Grams",14.25,2024-04-10,8,1.78,WorthPoint
muonionalusta-meteorite,Muonionalusta Meteorite 1 Oz Proof Pure Meteorite Coin 1$ Niue 2016. Box COA,300,2024-04-05,28.35,10.58,WorthPoint
muonionalusta-meteorite,"79 Gm Muonionalusta Meteorite Slab Sweden, Iron Nickel Ring ETCHED",179.95,2024-04-04,79,2.28,WorthPoint
muonionalusta-meteorite,Muonionalusta Meteorite Etched Fragment 10.1 Grams,20.99,2024-03-29,10.1,2.08,WorthPoint
muonionalusta-meteorite,47 Gm Muonionalusta Meteorite Slice Sweden Iron Nickel Ring,89.96,2024-03-28,47,1.91,WorthPoint
muonionalusta-meteorite,2 Muonionalusta Meteorite Cut End Pieces 150 Gms Total,225,2024-03-27,150,1.5,WorthPoint
muonionalusta-meteorite,"91 Gm Muonionalusta Meteorite Slab Sweden, Iron Nickel Ring ETCHED",224.95,2024-03-26,91,2.47,WorthPoint
muonionalusta-meteorite,2 Muonionalusta Meteorite Cut End Pieces 178 Gms Total,267,2024-03-21,178,1.5,WorthPoint
muonionalusta-meteorite,"208 Gm Muonionalusta Meteorite END PIECE Sweden, ETCHED .5LBS",449.96,2024-03-21,208,2.16,WorthPoint
muonionalusta-meteorite,"72 Gm Muonionalusta Meteorite Slab Sweden, .15 Lb Iron Nickel Ring ETCHED",179.95,2024-03-21,72,2.5,WorthPoint
muonionalusta-meteorite,"102 Gm Muonionalusta Meteorite END PIECE Sweden, ETCHED",233.95,2024-03-21,102,2.29,WorthPoint
muonionalusta-meteorite,"65 Gm Muonionalusta Meteorite END PIECE Sweden, ETCHED",134.96,2024-03-21,65,2.08,WorthPoint
muonionalusta-meteorite,"66 Gm Muonionalusta Meteorite Slab Sweden, .14 Lb Iron Nickel Ring ETCHED",161.95,2024-03-21,66,2.45,WorthPoint
muonionalusta-meteorite,"77 Gm Muonionalusta Meteorite Slab Sweden, .14 Lb Iron Nickel Ring ETCHED",188.95,2024-03-21,77,2.45,WorthPoint
muonionalusta-meteorite,"84 Gm Muonionalusta Meteorite Slab Sweden, .17 Lb Iron Nickel Ring ETCHED",197.95,2024-03-21,84,2.36,WorthPoint
muonionalusta-meteorite,"60 Gm Muonionalusta Meteorite Slab Sweden, .13 Lb Iron Nickel Ring ETCHED",161.95,2024-03-21,60,2.7,WorthPoint
muonionalusta-meteorite,"81 Gm Muonionalusta Meteorite Slab Sweden, .17 Lb Iron Nickel Ring ETCHED",197.95,2024-03-21,81,2.44,WorthPoint
muonionalusta-meteorite,"92 Gm Muonionalusta Meteorite END PIECE Sweden, .7 Lb ETCHED",224.95,2024-03-19,92,2.45,WorthPoint
muonionalusta-meteorite,MUONIONALUSTA IRON METEORITE Specimen Etched WIDMANSTATTEN Sphere SWEDEN,439.98,2024-03-17,,,WorthPoint
muonionalusta-meteorite,38.55 Gram - MUONIONALUSTA IRON METEORITE - Part Slice- ETCHED SPECIMEN,63,2024-03-09,38.55,1.63,WorthPoint
muonionalusta-meteorite,"232 Gm Muonionalusta Meteorite Sweden ETCHED SLICE, Iron Nickel AAA Gd .5 LB",539.96,2024-03-09,232,2.33,WorthPoint
muonionalusta-meteorite,Low Price! Etched Double Cut! Muonionalusta Swedish Iron Meteorite 33 Gms,74.25,2024-03-04,33,2.25,WorthPoint
muonionalusta-meteorite,Muonionalusta Iron Meteorite From Sweden: 7.9g,24,2024-03-03,7.9,3.04,WorthPoint
muonionalusta-meteorite,97.74 Gram - MUONIONALUSTA IRON METEORITE - Full Slice- ETCHED SPECIMEN,180,2024-03-01,97.74,1.84,WorthPoint
muonionalusta-meteorite,"128 Gm Muonionalusta Meteorite Sweden ETCHED SLICE, Iron Nickel AAA Gd",301.46,2024-02-29,128,2.36,WorthPoint
muonionalusta-meteorite,"134 Gm Muonionalusta Meteorite Sweden ETCHED SLICE, Iron Nickel AAA Gd",301.46,2024-02-21,134,2.25,WorthPoint
muonionalusta-meteorite,Low Price! Fantastic Full Slice! Muonionalusta Iron Meteorite 708 Gms,1199.25,2024-02-19,708,1.69,WorthPoint
muonionalusta-meteorite,"256 Gm Muonionalusta Meteorite Sweden ETCHED PAIR, Iron Nickel AAA Gd",449.96,2024-02-17,256,1.76,WorthPoint
muonionalusta-meteorite,"2016 Palau, 100% Pure MUONIONALUSTA Meteorite, Rhodium - ONLY 200! $1, NOT Niue",425,2024-02-16,,,WorthPoint
muonionalusta-meteorite,Genuine Muonionalusta Meteorite Coin (Bronze),59,2024-02-16,,,WorthPoint
muonionalusta-meteorite,Muonionalusta Iron Meteorite From Sweden: 3.9g,18,2024-02-15,3.9,4.62,WorthPoint
muonionalusta-meteorite,"438 Gm Muonionalusta Meteorite Sweden, 1 Lb Iron Nickel",476.96,2024-02-14,438,1.09,WorthPoint
muonionalusta-meteorite,Muonionalusta Meteorite Pendant + Free Bonus! #123-muon-pd,25.01,2024-02-11,,,WorthPoint
muonionalusta-meteorite,Etched World's Oldest Muonionalusta Meteorite Polished 30mm. Sweden COA 6016,84.95,2024-02-11,,,WorthPoint
muonionalusta-meteorite,Muonionalusta Meteorite Pendant (Authentic) With Silver Chain (Back In Stock!),105,2024-02-10,,,WorthPoint
muonionalusta-meteorite,"Muonionalusta Meteorite, Crescent Shaped, Etched And Polished, Sweden, 13.36g",33,2024-02-06,13.36,2.47,WorthPoint
muonionalusta-meteorite,"Meteorite Heart Necklace Laser Cut Muonionalusta Meteor & 20"" Sterling Chain",34.99,2024-02-06,,,WorthPoint
muonionalusta-meteorite,Muonionalusta Iron Meteorite From Sweden: 9.0g,27,2024-02-05,9,3,WorthPoint
muonionalusta-meteorite,"Meteorite Heart Necklace Give Her The Stars - Genuine Pendant & 20"" Silver Chain",34.99,2024-02-02,,,WorthPoint
muonionalusta-meteorite,Muonionlusta Meteorite Earrings,109,2024-02-01,,,WorthPoint
muonionalusta-meteorite,Meteorite Necklace Genuine Sliced Muonionalusta Meteor & 20 Inch Silver Chain,37.99,2024-01-31,,,WorthPoint
muonionalusta-meteorite,Meteorite - 10.9g Muonionalusta Polished And Etched Slice,26.95,2024-01-30,10.9,2.47,WorthPoint
muonionalusta-meteorite,Meteorite Jewelry Pair Of Muonionalusta Meteorite Earrings 925 Silver Bead Star,101.2,2024-01-24,,,WorthPoint
muonionalusta-meteorite,"1906, Muonionalusta Iron Meteorite, Norrbottens, Sweden 8.3 Grams",19,2024-01-19,8.3,2.29,WorthPoint
muonionalusta-meteorite,Meteorite - 6.8g Muonionalusta Polished And Etched End Piece,18.95,2024-01-12,6.8,2.79,WorthPoint
muonionalusta-meteorite,Muonionalusta Meteorite Etched Full Slice 76.6 Grams Iron Meteorite,142,2024-01-07,76.6,1.85,WorthPoint
muonionalusta-meteorite,MUONIONALUSTA METEORITE Niue Island Year Of Issue 2016,550,2024-01-02,,,WorthPoint
muonionalusta-meteorite,"ORIGINAL Muonionalusta, Iron IVA Meteorite From Sweden, Etched 95g Slice, COA",260,2023-12-28,95,2.74,WorthPoint
muonionalusta-meteorite,Muonionalusta Etched Meteorite Pendant - 11.88 Grams + COA,39.95,2023-12-25,11.88,3.36,WorthPoint
muonionalusta-meteorite,Meteorite Jewelry Sericho Meteorite Pendant 925 Silver Flower Of Life,188.1,2023-12-21,,,WorthPoint
muonionalusta-meteorite,Muonionalusta Meteorite Etched Full Slice 81.9 Grams Iron Meteorite,163,2023-12-20,81.9,1.99,WorthPoint
muonionalusta-meteorite,Muonionalusta Meteorite Etched Full Slice 89.2 Grams Iron Meteorite,175,2023-12-20,89.2,1.96,WorthPoint
muonionalusta-meteorite,Muonionalusta Meteorite Etched Part Slice 36.9 Grams Iron Meteorite,70,2023-12-20,36.9,1.9,WorthPoint
muonionalusta-meteorite,Muonionalusta Meteorite Slice Collectible Box Framed Iron IVA Fine Octahedrite,40,2023-12-19,,,WorthPoint
muonionalusta-meteorite,Meteorite Jewelry Sericho Meteorite Pendant 925 Silver Small Star,75.9,2023-12-17,,,WorthPoint
muonionalusta-meteorite,"Meteorite Heart Necklace Laser Cut Muonionalusta Space Rock & 20"" Sterling Chain",34.99,2023-12-16,,,WorthPoint
muonionalusta-meteorite,Muonionalusta Meteorite Etched Full Slice 54.4 Grams Iron Meteorite,125,2023-12-15,54.4,2.3,WorthPoint
muonionalusta-meteorite,Muonionalusta Meteorite CUBE 4.3g 1413,36,2023-12-14,4.3,8.37,WorthPoint
muonionalusta-meteorite,Meteorite - 18.3g Muonionalusta Polished And Etched Slice,41.95,2023-12-14,18.3,2.29,WorthPoint
muonionalusta-meteorite,Meteorite - 6.7g Muonionalusta Polished And Etched Slice,17.95,2023-12-14,6.7,2.68,WorthPoint
muonionalusta-meteorite,BEAUTIFUL 5.1g ETCHED GIBEON IRON METEORITE THIN SLICE W/ SUPERB ETCH!!!,95,2023-12-08,5.1,18.63,WorthPoint
muonionalusta-meteorite,Muonionalusta Meteorite Pendant Necklace & Free Bonus! #1201-muon-pd,24.95,2023-12-08,,,WorthPoint
muonionalusta-meteorite,Meteorite Jewelry Muonionalusta Meteorite Pendant Stainless Steel 0099,75.9,2023-12-07,,,WorthPoint
muonionalusta-meteorite,Muonionalusta Iron Meteorite From Space 8.2g,26,2023-12-04,8.2,3.17,WorthPoint
muonionalusta-meteorite,Meteorite - 17.2g Muonionalusta Polished And Etched Slice,39.95,2023-12-03,17.2,2.32,WorthPoint
muonionalusta-meteorite,Amazing 230 Gm. Muonionalusta Etched Meteorite Slab Perfect For Rings,413.1,2023-11-27,230,1.8,WorthPoint
muonionalusta-meteorite,Muonionalusta Meteorite Money Clip Meteorite Stainless Steel 0135,119.9,2023-11-24,,,WorthPoint
muonionalusta-meteorite,Muonionalusta Meteorite Etched Full Slice 58 Grams Iron Meteorite,116,2023-11-21,58,2,WorthPoint
muonionalusta-meteorite,Meteorite - 12.7g Muonionalusta Polished And Etched Slice,29.95,2023-11-17,12.7,2.36,WorthPoint
muonionalusta-meteorite,Muonionalusta Meteorite Etched Full Slice 627 Grams Iron Meteorite,1000,2023-11-13,627,1.59,WorthPoint
muonionalusta-meteorite,Muonionalusta Meteorite End Cut,2500,2023-11-10,,,WorthPoint
muonionalusta-meteorite,GENUINE Muonionalusta Meteorite Slice 4 Cm 1397,89,2023-11-10,,,WorthPoint
muonionalusta-meteorite,Meteorite - 167.6g Muonionalusta Polished And Etched Full Slice,342.95,2023-11-05,167.6,2.05,WorthPoint
muonionalusta-meteorite,Solid Muonionalusta Meteorite Ring,75,2023-11-04,,,WorthPoint
muonionalusta-meteorite,"Large, Stable, Muonionalusta Iron Meteorite 488g, Stunning Etch STABLE",647,2023-10-30,488,1.33,WorthPoint
muonionalusta-meteorite,"Meteorite Heart Necklace Genuine Sliced Muonionalusta Meteor & 20"" Silver Chain",29.99,2023-10-28,,,WorthPoint
muonionalusta-meteorite,Muonionlusta Meteorite Pendant,325,2023-10-19,,,WorthPoint
muonionalusta-meteorite,"MUONIONALUSTA Meteorite, 35 X 35 Mm, 14g, With Capsule, Widmanstatten, Etched",199,2023-10-16,14,14.21,WorthPoint
muonionalusta-meteorite,Muonionalusta Meteorite Etched Part Slice 16 Grams Iron Meteorite,32,2023-10-15,16,2,WorthPoint
muonionalusta-meteorite,Muonionalusta Meteorite Etched Part Slice 24 Grams Iron Meteorite,48,2023-10-15,24,2,WorthPoint
muonionalusta-meteorite,Muonionalusta Meteorite Etched Part Slice 26 Grams Iron Meteorite,50,2023-10-15,26,1.92,WorthPoint
muonionalusta-meteorite,Meteorite Heart Necklace Laser Cut Muonionalusta Pendant & 20 Inch Silver Chain,29.99,2023-10-13,,,WorthPoint
muonionalusta-meteorite,Muonionalusta Meteorite Etched Part Slice 13 Grams Iron Meteorite,30,2023-10-11,13,2.31,WorthPoint
muonionalusta-meteorite,Etched World's Oldest Muonionalusta Meteorite Polished Slice Sweden COA 5929,69.95,2023-10-11,,,WorthPoint
muonionalusta-meteorite,Muonionalusta Meteorite Etched End Cut 14 Grams Iron Meteorite Iron Meteorite,28,2023-10-11,14,2,WorthPoint
muonionalusta-meteorite,Muonionalusta Etched Meteorite Pendant - 12.02 Grams + COA,39.95,2023-10-08,12.02,3.32,WorthPoint
muonionalusta-meteorite,Muonionalusta Meteorite Etched Part Slice 13.9 Grams,27,2023-10-07,13.9,1.94,WorthPoint
muonionalusta-meteorite,Muonionalusta Meteorite Etched Part Slice 37.6 Grams,75,2023-10-05,37.6,1.99,WorthPoint
muonionalusta-meteorite,Muonionalusta Meteorite Etched Part Slice 25 Grams,70,2023-10-03,25,2.8,WorthPoint
muonionalusta-meteorite,"Rare! Iron Meteorite Muonionalusta, Sweden, Etched Slice, LARGE TROILITE 13.2 Gr",79.99,2023-09-28,13.2,6.06,WorthPoint
muonionalusta-meteorite,"Muonionalusta Iron IVA Meteorite Slice From Sweden 1906, 11.0 Gram Slice",30,2023-09-27,11,2.73,WorthPoint
muonionalusta-meteorite,Muonionalusta Meteorite Etched Part Slice 26.4 Grams,50,2023-09-26,26.4,1.89,WorthPoint
muonionalusta-meteorite,Meteorite - 88.4g Muonionalusta Polished And Etched Full Slice,269.95,2023-09-18,88.4,3.05,WorthPoint
muonionalusta-meteorite,"Natural Muonionalusta Meteorite Sweden Sterling Silver 925 Pendant Necklace 20""",45,2023-09-16,,,WorthPoint
muonionalusta-meteorite,Amazing 169 Gm. Muonionalusta Etched Meteorite Slab Perfect For Rings,332.1,2023-09-09,169,1.97,WorthPoint
muonionalusta-meteorite,Muonionalusta Meteorite Etched Gold Plated Stabilized Pendant 5.82g,49,2023-09-02,5.82,8.42,WorthPoint
muonionalusta-meteorite,Amazing 184 Gm. Muonionalusta Etched Meteorite Slab Perfect For Rings,359.1,2023-09-02,184,1.95,WorthPoint
muonionalusta-meteorite,"Genuine Meteorite Necklace Laser Cut Muonionalusta Meteor & 20"" Sterling Chain",29.99,2023-08-31,,,WorthPoint
muonionalusta-meteorite,"Meteorite: Muonionalusta, Class: Octahedrite Iva, Kiruna, Sweden",47,2023-08-28,,,WorthPoint
muonionalusta-meteorite,Amazing 7155 Gm. Muonionalusta Meteorite Sweden 15.7 Lbs,5395.5,2023-08-27,7155,0.75,WorthPoint
muonionalusta-meteorite,"Muonionalusta Meteorite Bracelet, 10mm Beads",285,2023-08-25,,,WorthPoint
muonionalusta-meteorite,Genuine Muonionalusta Meteorite Slice (385 Grams),7800,2023-08-24,385,20.26,WorthPoint
muonionalusta-meteorite,Amazing 149 Gm. Muonionalusta Etched Meteorite Slab Perfect For Rings,224.1,2023-08-23,149,1.5,WorthPoint
muonionalusta-meteorite,Meteorite Slice Lot,322.5,2023-08-20,,,WorthPoint
muonionalusta-meteorite,2011 Cook Islands $5 - Muonionalusta Iron Meteorite - 1 Oz Silver Coin,79.25,2023-08-16,28.35,2.8,WorthPoint
muonionalusta-meteorite,Muonionalusta Ice Age Iron Meteorite: 9.4 Grams,11,2023-08-08,9.4,1.17,WorthPoint
muonionalusta-meteorite,"1906, Muonionalusta Iron Meteorite, Norrbottens, Sweden 7.3 Grams",22,2023-08-05,7.3,3.01,WorthPoint
muonionalusta-meteorite,Muononalusta Meteorite Slice,174,2023-07-27,,,WorthPoint
muonionalusta-meteorite,Muonionalusta Earrings,104,2023-07-27,,,WorthPoint
muonionalusta-meteorite,"Genuine Meteorite Necklace Sliced Muonionalusta Meteor & 20"" Silver Chain",29.99,2023-07-26,,,WorthPoint
muonionalusta-meteorite,MOLDAVITE Charm .925 Silver Muonionalusta Meteorite Cube. Gibeon Ring,204.06,2023-07-26,,,WorthPoint
muonionalusta-meteorite,"Muonionalusta From Sweden, Iron Meteorite Slice",20,2023-07-17,,,WorthPoint
muonionalusta-meteorite,SUPERB 103g ETCHED GIBEON METEORITE THUMBPRINTED END CUT W/ UNIQUE SHAPE!!!,401.84,2023-07-14,103,3.9,WorthPoint
muonionalusta-meteorite,Amazing 294 Gm. Muonionalusta Etched Meteorite Slab Perfect For Rings,449.1,2023-07-12,294,1.53,WorthPoint
muonionalusta-meteorite,Muonionalusta Meteorite 8.03g Etched & Plated Stabilized 1cm Scalecube,15,2023-07-08,8.03,1.87,WorthPoint
muonionalusta-meteorite,Meteorite Jewelry Bead Pair Of Muonionalusta Meteorite Earrings 925 Silver,114.4,2023-07-08,,,WorthPoint
muonionalusta-meteorite,Large 1912 Gm. Muonionalusta Meteorite Slab Piece; 4.2 Lb,2429.19,2023-07-05,1912,1.27,WorthPoint
muonionalusta-meteorite,BEAUTIFUL 44g ETCHED GIBEON IRON METEORITE PART SLICE SLAB W/ BRILLIANT ETCH!,206.17,2023-07-04,44,4.69,WorthPoint
muonionalusta-meteorite,Amazing 266 Gm. Muonionalusta Etched Meteorite Slab; .5 Lbs Perfect For Rings,404.19,2023-07-04,266,1.52,WorthPoint
muonionalusta-meteorite,393 Grams - MUONIONALUSTA ETCHED IRON METEORITE - These Need Re-etching,305.5,2023-06-25,393,0.78,WorthPoint
muonionalusta-meteorite,132 Grams - MUONIONALUSTA ECTHED IRON METEORITE - Wedge Cut,169,2023-06-19,132,1.28,WorthPoint
muonionalusta-meteorite,2021 Niue Impact Moments MS69 2 Oz Silver Triceratops Coin W/ Meteorite Fragment,375,2023-06-19,56.7,6.61,WorthPoint
muonionalusta-meteorite,Muonionalusta IVA Iron Meteorite 425.8g Meteorite Stunning Etch. Stable End Cut,449,2023-06-19,425.8,1.05,WorthPoint
muonionalusta-meteorite,14.7 Gram MUONIONALUSTA ECTHED IRON METEORITE - Slice - Found In Sweden,45.5,2023-06-18,14.7,3.1,WorthPoint
muonionalusta-meteorite,"Genuine Meteorite Necklace! Sliced Muonionalusta Meteor & 20"" Silver Chain",29.99,2023-06-17,,,WorthPoint
muonionalusta-meteorite,"Muonionalusta Iron (IVA) Meteorite From Sweden 1906, 61.7 Gram Endcut",110,2023-06-16,61.7,1.78,WorthPoint
muonionalusta-meteorite,"Muonionalusta, The Ice Age Meteorite: 8.2g",20,2023-06-15,8.2,2.44,WorthPoint
muonionalusta-meteorite,Meteorite Jewelry 925 Silver Meteorite Bracelet Charm Shield,50.6,2023-06-14,,,WorthPoint
muonionalusta-meteorite,Meteorite Jewelry Muonionalusta Meteorite Bracelet 925 Silver 8 Inches 702,193.6,2023-06-14,,,WorthPoint
muonionalusta-meteorite,25.9 Gram MUONIONALUSTA ECTHED IRON METEORITE - Slice - Found In Sweden,64.35,2023-06-12,25.9,2.48,WorthPoint
muonionalusta-meteorite,18.2 Gram MUONIONALUSTA ECTHED IRON METEORITE - Slice - Found In Sweden,51.35,2023-06-09,18.2,2.82,WorthPoint
muonionalusta-meteorite,MUONIONALUSTA IRON METEORITE PENDANT $219 Sterling 925 Silver Jewelry STARBORN,219,2023-06-09,,,WorthPoint
muonionalusta-meteorite,Muonionalusta Meteorite Etched Fragment 8.38 Grams,16.95,2023-06-07,8.38,2.02,WorthPoint
muonionalusta-meteorite,"Iron Meteorite Muonionalusta., Sweden, Necklace, Pendant Moon",372.99,2023-06-06,,,WorthPoint
muonionalusta-meteorite,11.86 Gram MUONIONALUSTA ECTHED IRON METEORITE Specimen - Found In SWEDEN,36.4,2023-06-06,11.86,3.07,WorthPoint
muonionalusta-meteorite,Collier Muonionalusta Meteorite Top Spinning Coin Worry Coin Pocket Top Spinner,249,2023-05-27,,,WorthPoint
muonionalusta-meteorite,Muonionalusta Meteorite Etched Fragment 11 Grams,20.99,2023-05-26,11,1.91,WorthPoint
muonionalusta-meteorite,Muonionalusta Meteorite Etched Fragment 11.84 Grams,23.99,2023-05-24,11.84,2.03,WorthPoint
muonionalusta-meteorite,2021 Niue Island Impact Moments: Meteorite 2 Oz 999.9 Silver High Relief Coin,399,2023-05-24,56.7,7.04,WorthPoint
muonionalusta-meteorite,"Natural Meteorite Slice, 15.3 Grams Muonionalusta Norrbotten Kiruna Sweden",49.99,2023-05-18,15.3,3.27,WorthPoint
muonionalusta-meteorite,Amazing 238 Gm. Muonionalusta Etched Meteorite Slab Perfect For Rings,431.1,2023-05-16,238,1.81,WorthPoint
muonionalusta-meteorite,11.8 Gram MUONIONALUSTA ECTHED IRON METEORITE - Slice - Found In Sweden,31.2,2023-05-14,11.8,2.64,WorthPoint
muonionalusta-meteorite,2021 Niue Impact Moments Meteorite 2 Oz .999 Silver Coin Germania Dinosaur,356,2023-05-12,56.7,6.28,WorthPoint
muonionalusta-meteorite,Muonionalusta Etched Meteorite Pendant - 7.60 Grams + COA,29.95,2023-05-06,7.6,3.94,WorthPoint
muonionalusta-meteorite,Muonionalusta Meteorite 51.46G TOP GRADE Exquisite Quality,150,2023-04-24,51.46,2.91,WorthPoint
muonionalusta-meteorite,17.3 Gram MUONIONALUSTA ECTHED IRON METEORITE - Slice - Found In Sweden,53.6,2023-04-23,17.3,3.1,WorthPoint
muonionalusta-meteorite,Muonionalusta Meteorite Etched Rhodium Plated Pendant 13.37 Grams,39.95,2023-04-21,13.37,2.99,WorthPoint
muonionalusta-meteorite,Muonionalusta Etched Meteorite Pendant - 4.21 Grams + COA,12.95,2023-04-21,4.21,3.08,WorthPoint
muonionalusta-meteorite,"MUONIONALUSTA Iron IVA Meteorite Etched 98g Slice, Fine Octahedrite, Sweden, COA",299,2023-04-21,98,3.05,WorthPoint
muonionalusta-meteorite,Muonionalusta Meteorite Etched Cut Fragment Rhodium Plated 11.4 Grams,22.99,2023-04-17,11.4,2.02,WorthPoint
muonionalusta-meteorite,29.0 Gram MUONIONALUSTA ECTHED IRON METEORITE - SLICE - Found In Sweden,69.3,2023-04-14,29,2.39,WorthPoint
muonionalusta-meteorite,Muonionalusta Meteorite 2 X 1.5 Cm RECTANGLE Slice,44,2023-04-14,,,WorthPoint
muonionalusta-meteorite,2019 THE LEGEND OF THE NIBELUNGS 1oz Niue Proof Pure METEORITE $1 Coin,320,2023-04-10,28.35,11.29,WorthPoint
muonionalusta-meteorite,27.2 Gram MUONIONALUSTA ECTHED IRON METEORITE - Slice - Found In Sweden,66.5,2023-04-03,27.2,2.44,WorthPoint
muonionalusta-meteorite,Muonionalusta Meteorite And Woolly Mammoth Knife,9375,2023-03-31,,,WorthPoint
muonionalusta-meteorite,"Iron Meteorite Muonionalusta, Sweden, Lot Of Two Nice Cubes, Excellent Pattern",99.99,2023-03-28,,,WorthPoint
muonionalusta-meteorite,Muonionalusta Meteorite Etched Fragment 6.21 Grams,18.99,2023-03-28,6.21,3.06,WorthPoint
muonionalusta-meteorite,500 Grams - MUONIONALUSTA ETCHED IRON METEORITE Lot C - Rusted & Need Re-etching,455,2023-03-28,500,0.91,WorthPoint
muonionalusta-meteorite,Genuine Meteorite Necklace! Large Sliced Muonionalusta Meteor Pendant W/Chain!,37.99,2023-03-25,,,WorthPoint
muonionalusta-meteorite,Muonionalusta Meteorite Etched Fragment 9.26 Grams,18.99,2023-03-23,9.26,2.05,WorthPoint
muonionalusta-meteorite,500 Grams - MUONIONALUSTA ETCHED IRON METEORITE Lot B - Rusted & Need Re-etching,455,2023-03-21,500,0.91,WorthPoint
muonionalusta-meteorite,18.7 Gram MUONIONALUSTA ECTHED IRON METEORITE - SLICE - Found In Sweden,41.3,2023-03-21,18.7,2.21,WorthPoint
muonionalusta-meteorite,345 G - Mostly MUONIONALUSTA & CAMPO ECTHED METEORITE Lot - Rusted/odd Specimens,152.5,2023-03-18,345,0.44,WorthPoint
muonionalusta-meteorite,Muonionalusta Meteorite Etched Fragment 20.80 Grams,42.99,2023-03-16,20.8,2.07,WorthPoint
muonionalusta-meteorite,Muonionalusta Meteorite TOP GRADE Unique Pattern 65.38G,180,2023-03-12,65.38,2.75,WorthPoint
muonionalusta-meteorite,Muonionalusta Meteorite Etched Fragment 5.86 Grams,12.95,2023-03-12,5.86,2.21,WorthPoint
muonionalusta-meteorite,2011 Cook Islands $5 Silver The Muonionalusta Meteorite Colorized Mint 2500 Pcs,79,2023-03-12,,,WorthPoint
muonionalusta-meteorite,12.8 Gram MUONIONALUSTA ECTHED IRON METEORITE - Odd Shape - Found In SWEDEN,44.25,2023-03-11,12.8,3.46,WorthPoint
muonionalusta-meteorite,535 G - Mostly MUONIONALUSTA ECTHED IRON METEORITE Lot - Rusted/odd Specimens,87,2023-03-11,535,0.16,WorthPoint
muonionalusta-meteorite,555 Grams - Dealer Lot - MUONIONALUSTA ECTHED IRON METEORITE - Off Cuts,517.5,2023-03-10,555,0.93,WorthPoint
muonionalusta-meteorite,760 Gram MUONIONALUSTA ECTHED/CLEANED IRON METEORITE - INDIVIDUAL,855,2023-03-09,760,1.13,WorthPoint
muonionalusta-meteorite,Muonionalusta Meteorite; 2380 Grams!! Unbelievable Etching!! Museum Grade!!,2222,2023-03-06,2380,0.93,WorthPoint
muonionalusta-meteorite,"Rare! Iron Meteorite Muonionalusta, Sweden, Etched Half Sphere 5.6 Cm, 384 Grams",2499.99,2023-03-03,384,6.51,WorthPoint
muonionalusta-meteorite,Muonionalusta Meteorite Etched Fragment 16.8 Grams,33.99,2023-02-18,16.8,2.02,WorthPoint
muonionalusta-meteorite,Tektite Bracelet Jewelry,83.6,2023-02-17,,,WorthPoint
muonionalusta-meteorite,Meteorite - 109.7g Muonionalusta Polished And Etched Full Slice,327.95,2023-02-15,109.7,2.99,WorthPoint
muonionalusta-meteorite,22.5 Gram MUONIONALUSTA ECTHED IRON METEORITE - Slice - Found In Sweden,65.8,2023-02-14,22.5,2.92,WorthPoint
muonionalusta-meteorite,Cook Islands Silver 2011 $5 Muonionalusta Meteorite Sterling Silver W/ Meteorite Fragment,113.29,2023-02-12,,,WorthPoint
muonionalusta-meteorite,Low Price! Terrific Thin Slice! Muonionalusta Swedish Iron Meteorite 29.2 Gms,86.25,2023-02-11,29.2,2.95,WorthPoint
muonionalusta-meteorite,Genuine Muonionalusta Meteorite (183.3 Grams) Octahedrite IVA Sweden 1906 W/ COA,299.99,2023-02-05,183.3,1.64,WorthPoint
muonionalusta-meteorite,22.2 Gram MUONIONALUSTA ECTHED IRON METEORITE - SLICE - Found In Sweden,55.3,2023-02-01,22.2,2.49,WorthPoint
muonionalusta-meteorite,"Rare! Iron Meteorite Muonionalusta, Sweden, Etched Block, LARGE TROILITE 239.5 G",1317.99,2023-01-30,239.5,5.5,WorthPoint
muonionalusta-meteorite,6.90 Gram MUONIONALUSTA ECTHED IRON METEORITE Specimen - Found In SWEDEN,31.5,2023-01-24,6.9,4.57,WorthPoint
muonionalusta-meteorite,20.4 Gram MUONIONALUSTA ECTHED IRON METEORITE - Slice - Found In Sweden,60,2023-01-12,20.4,2.94,WorthPoint
muonionalusta-meteorite,Muonionalusta Meteorite Etched Fragment 10.28 Grams,20.99,2023-01-10,10.28,2.04,WorthPoint
muonionalusta-meteorite,Muonionalusta Meteorite Etched Fragment 4.09 Grams,8.99,2023-01-09,4.09,2.2,WorthPoint
muonionalusta-meteorite,14.0 Gram MUONIONALUSTA ECTHED IRON METEORITE - Slice - Found In Sweden,39.2,2023-01-05,14,2.8,WorthPoint
muonionalusta-meteorite,13.1 Gram MUONIONALUSTA ECTHED IRON METEORITE - Slice - Found In Sweden,42,2023-01-02,13.1,3.21,WorthPoint
muonionalusta-meteorite,Genuine Muonionalusta Meteorite Slice (34.6 Grams),969.5,2022-12-29,34.6,28.02,WorthPoint
muonionalusta-meteorite,10PCS Muonionalusta Ecthed Iron Meteorite Pendant,17.5,2022-12-29,,,WorthPoint
muonionalusta-meteorite,19.0 Gram MUONIONALUSTA ECTHED IRON METEORITE - Slice - Found In Sweden,42,2022-12-29,19,2.21,WorthPoint
muonionalusta-meteorite,4.52 Gram MUONIONALUSTA ECTHED IRON METEORITE -slice - Found In Sweden,21,2022-12-26,4.52,4.65,WorthPoint
muonionalusta-meteorite,20.1 Gram MUONIONALUSTA ECTHED IRON METEORITE - Slice - Found In Sweden,56,2022-12-21,20.1,2.79,WorthPoint
muonionalusta-meteorite,Muonionalusta Meteorite Etched Fragment 27.75 Grams,55.95,2022-12-20,27.75,2.02,WorthPoint
muonionalusta-meteorite,10.32 Gram MUONIONALUSTA ECTHED IRON METEORITE - Slice - Found In Sweden,28,2022-12-19,10.32,2.71,WorthPoint
muonionalusta-meteorite,Muonionalusta Meteorite Etched Fragment 28.9 Grams,57.99,2022-12-18,28.9,2.01,WorthPoint
muonionalusta-meteorite,Amazing 136 Gm. Muonionalusta Etched Meteorite Slab,251.1,2022-12-17,136,1.85,WorthPoint
muonionalusta-meteorite,Muonionalusta Meteorite Jewelry Stainless Steel Meteorite Cufflink Pair 0110,94.6,2022-12-17,,,WorthPoint
muonionalusta-meteorite,15.7 Gram MUONIONALUSTA ECTHED IRON METEORITE - Slice - Found In Sweden,82,2022-12-17,15.7,5.22,WorthPoint
muonionalusta-meteorite,"Iron Meteorite Muonionalusta, Sweden, Nice Cut Piece 109 Grams Excellent Pattern",217.99,2022-12-15,109,2,WorthPoint
muonionalusta-meteorite,Amazing 202 Gm. Muonionalusta Etched Meteorite Slab Perfect For Rings,368.1,2022-12-13,202,1.82,WorthPoint
muonionalusta-meteorite,"Iron Meteorite Muonionalusta, Sweden, Necklace, Pendant Star Small",109.99,2022-12-13,,,WorthPoint
muonionalusta-meteorite,Large 1088 Gm. Muonionalusta Meteorite Slab Piece; 2.4 Lb,1100,2022-12-12,1088,1.01,WorthPoint
muonionalusta-meteorite,102g Muonionalusta Meteorite Slice,56,2022-12-11,102,0.55,WorthPoint
muonionalusta-meteorite,32.9 Gram MUONIONALUSTA ECTHED IRON METEORITE - Slice - Found In Sweden,70,2022-12-11,32.9,2.13,WorthPoint
muonionalusta-meteorite,2011 Cook Islands Muonionalusta Meteorite 20 Gm .999 Silver Coin In Tin/Cert,99.99,2022-12-08,20,5,WorthPoint
muonionalusta-meteorite,Meteorite - 40.2g Muonionalusta Polished And Etched Slice,117.95,2022-12-05,40.2,2.93,WorthPoint
muonionalusta-meteorite,35.2 Gram MUONIONALUSTA ECTHED IRON METEORITE - End Cut - Found In Sweden,88,2022-12-05,35.2,2.5,WorthPoint
muonionalusta-meteorite,Beautiful Etched MUONIONALUSTA Meteorite Ring I Size 7.75 - TOP METEORITE,110,2022-12-03,,,WorthPoint
muonionalusta-meteorite,32.0 Gram MUONIONALUSTA ECTHED IRON METEORITE - Slice - Found In Sweden,99,2022-12-03,32,3.09,WorthPoint
muonionalusta-meteorite,9.32 Gram MUONIONALUSTA ECTHED IRON METEORITE - Slice - Found In Sweden,28,2022-12-02,9.32,3,WorthPoint
muonionalusta-meteorite,14.5 Gram MUONIONALUSTA ECTHED IRON METEORITE - Slice - Found In Sweden,46.4,2022-12-01,14.5,3.2,WorthPoint
muonionalusta-meteorite,11.75 Gram MUONIONALUSTA ECTHED IRON METEORITE - Nugget - Found In Sweden,24,2022-12-01,11.75,2.04,WorthPoint
muonionalusta-meteorite,18.9 Gram MUONIONALUSTA ECTHED IRON METEORITE - Slice - Found In Sweden,64,2022-11-30,18.9,3.39,WorthPoint
muonionalusta-meteorite,Amazing 151 Gm. Muonionalusta Etched Meteorite Slab Perfect For Rings,305.1,2022-11-29,151,2.02,WorthPoint
muonionalusta-meteorite,Amazing 154 Gm. Muonionalusta Etched Meteorite Slab Perfect For Rings,305.1,2022-11-29,154,1.98,WorthPoint
muonionalusta-meteorite,Muonionalusta Meteorite Etched Fragment 15.6 Grams,31.95,2022-11-28,15.6,2.05,WorthPoint
muonionalusta-meteorite,"Iron Meteorite Muonionalusta, Sweden, Nice Cut Piece 103 Grams Excellent Pattern",205.99,2022-11-26,103,2,WorthPoint
muonionalusta-meteorite,17.0 Gram MUONIONALUSTA ECTHED IRON METEORITE - Slice - Found In Sweden,68,2022-11-26,17,4,WorthPoint
muonionalusta-meteorite,Large 450 Gm. Muonionalusta Meteorite End Piece; 1 Lb,629.1,2022-11-24,450,1.4,WorthPoint
muonionalusta-meteorite,IMPACT MOMENTS METEORITE Muonionalusta 2 Oz. Silver Coin Niue 2021,269,2022-11-23,56.7,4.74,WorthPoint
muonionalusta-meteorite,"1906, Muonionalusta Iron Meteorite, Norrbottens, Sweden 5.0 Grams",27,2022-11-22,5,5.4,WorthPoint
muonionalusta-meteorite,Muonionalusta Meteorite Etched Fragment 14.65 Grams,29.95,2022-11-18,14.65,2.04,WorthPoint
muonionalusta-meteorite,Meteorite - 8.6g Muonionalusta Polished And Etched Slice,27.95,2022-11-14,8.6,3.25,WorthPoint
muonionalusta-meteorite,22.0 Gram MUONIONALUSTA ECTHED IRON METEORITE - Slice - Found In Sweden,60,2022-11-13,22,2.73,WorthPoint
muonionalusta-meteorite,Amazing 226 Gm. Muonionalusta Etched Meteorite Slab Perfect For Rings,404.19,2022-11-09,226,1.79,WorthPoint
muonionalusta-meteorite,MUONIONALUSTA IRON METEORITE PENDANT $108 Sterling 925 Silver Jewelry STARBORN,108,2022-11-06,,,WorthPoint
muonionalusta-meteorite,Muonionalusta Meteorite Partial Cube,1562.5,2022-11-04,,,WorthPoint
muonionalusta-meteorite,Muonionalusta Meteorite Knife,9375,2022-11-04,,,WorthPoint
muonionalusta-meteorite,Sericho Meteorite Cube,1875,2022-11-04,,,WorthPoint
muonionalusta-meteorite,Meteorite Bracelet I Beautiful Etched MUONIONALUSTA Meteorite Jewelry - TOP,180,2022-11-03,,,WorthPoint
muonionalusta-meteorite,19.1 Gram MUONIONALUSTA ECTHED IRON METEORITE - SLICE - Found In Sweden,63.2,2022-11-01,19.1,3.31,WorthPoint
muonionalusta-meteorite,"Iron Meteorite Muonionalusta, Sweden, Small Sphere, 32.9 Gr, Excellent Pattern",149.99,2022-10-23,32.9,4.56,WorthPoint
muonionalusta-meteorite,12.3 Gram MUONIONALUSTA ECTHED IRON METEORITE - Slice - Found In Sweden,48,2022-10-18,12.3,3.9,WorthPoint
muonionalusta-meteorite,28.5 Gram MUONIONALUSTA ECTHED IRON METEORITE - Slice - Found In Sweden,76,2022-10-18,28.5,2.67,WorthPoint
muonionalusta-meteorite,Meteorite - 107.2g Muonionalusta Polished And Etched Full Slice,297.95,2022-10-11,107.2,2.78,WorthPoint
muonionalusta-meteorite,13.9 Gram MUONIONALUSTA ECTHED IRON METEORITE - Slice - Found In Sweden,44.8,2022-10-11,13.9,3.22,WorthPoint
muonionalusta-meteorite,476 Gram MUONIONALUSTA ECTHED/CLEANED IRON METEORITE - INDIVIDUAL,608,2022-10-11,476,1.28,WorthPoint
muonionalusta-meteorite,"Muonionalusta 254.79g Meteorite Slice, Full Slice, High Quality Etch & Protected",599,2022-10-07,254.79,2.35,WorthPoint
muonionalusta-meteorite,Amazing 268gm. Muonionalusta Etched Meteorite Slab Perfect For Rings,404.1,2022-10-03,268,1.51,WorthPoint
muonionalusta-meteorite,Muonionalusta Meteorite Sweden 18.0 Grams,55,2022-09-29,18,3.06,WorthPoint
muonionalusta-meteorite,Muonionalusta Meteorite Etched Slice 20.92 Grams 70x54x2mm,41.99,2022-09-28,20.92,2.01,WorthPoint
muonionalusta-meteorite,12.8 Gram MUONIONALUSTA ECTHED IRON METEORITE - SLICE - Found In Sweden,39.2,2022-09-26,12.8,3.06,WorthPoint
muonionalusta-meteorite,13.1 Grams MUONIONALUSTA OXIDE Low Iron Meteorite Fragment Fell In SWEDEN + COA,5.49,2022-09-23,13.1,0.42,WorthPoint
muonionalusta-meteorite,Meteorite Pendant I Beautiful Etched MUONIONALUSTA - TOP Meteorite Jewelry,65,2022-09-21,,,WorthPoint
muonionalusta-meteorite,"Meteorite Pendant, Genuine Etched Muonionalusta Slice With Graphite Inclusions",32,2022-09-20,,,WorthPoint
muonionalusta-meteorite,15.8 Gram MUONIONALUSTA ECTHED IRON METEORITE - Slice - Found In Sweden,52,2022-09-17,15.8,3.29,WorthPoint
muonionalusta-meteorite,"Muonionalusta Meteorite 0.8""x0.5"" RECTANGLE Slice",42,2022-09-15,,,WorthPoint
muonionalusta-meteorite,Amazing 118 Gm. Muonionalusta Meteorite Slab; .26 Lbs Perfect For Rings,179.1,2022-09-13,118,1.52,WorthPoint
muonionalusta-meteorite,Genuine Muonionalusta Meteorite Slice (39.3 Grams),1575,2022-09-12,39.3,40.08,WorthPoint
muonionalusta-meteorite,20.00 Gram MUONIONALUSTA ECTHED IRON METEORITE - Slice - Found In Sweden,68,2022-09-11,20,3.4,WorthPoint
muonionalusta-meteorite,Meteorite Tablet Muonionalusta Etched W/Widmanstätten Pattern - 40mm - 33g,179,2022-09-10,33,5.42,WorthPoint
muonionalusta-meteorite,Meteorite Jewelry 925 Silver Blue Plated Meteorite Bracelet Charm Turtle,50.6,2022-09-10,,,WorthPoint
muonionalusta-meteorite,Amazing 162 Gm. Muonionalusta Etched Meteorite Slab Perfect For Rings,323.1,2022-09-10,162,1.99,WorthPoint
muonionalusta-meteorite,Muonionalusta Meteorite Necklace Pendant Master Carving,196,2022-09-08,,,WorthPoint
muonionalusta-meteorite,Muonionalusta Meteorite Etched Fragment 20.6 Grams,41.95,2022-09-05,20.6,2.04,WorthPoint
muonionalusta-meteorite,"Meteorite Pendant, Genuine Etched Muonionalusta Slice",31,2022-09-05,,,WorthPoint
muonionalusta-meteorite,Pendant Displays A Muonionalusta Meteorite Slice Set In Sterling Silver,365,2022-08-29,,,WorthPoint
muonionalusta-meteorite,2019 Muonionalusta Meteorite Coin Niue $1 Mintage 818 Nibelungs Legend,310,2022-08-29,,,WorthPoint
muonionalusta-meteorite,3.84 Grams 20x13x2mm MUONIONALUSTA Iron Meteorite Cut Fragment - Fell In SWEDEN,11.99,2022-08-28,3.84,3.12,WorthPoint
muonionalusta-meteorite,Muonionalusta Meteorite Etched Fragment 13.23 Grams,30.01,2022-08-28,13.23,2.27,WorthPoint
muonionalusta-meteorite,Low Price! Incredible Internal Crystal! Muonionalusta Iron Meteorite 369 Gms,674.25,2022-08-26,369,1.83,WorthPoint
muonionalusta-meteorite,3.30 Grams 20x15x2mm MUONIONALUSTA Iron Meteorite Cut Fragment - Fell In SWEDEN,11.49,2022-08-26,3.3,3.48,WorthPoint
muonionalusta-meteorite,24.1 Gram MUONIONALUSTA ECTHED IRON METEORITE - Slice - Found In Sweden,68,2022-08-25,24.1,2.82,WorthPoint
muonionalusta-meteorite,Muonionalusta Meteorite Etched Slice 23.53 Grams 77x40x2mm,49.95,2022-08-24,23.53,2.12,WorthPoint
muonionalusta-meteorite,17.9 Gram MUONIONALUSTA ECTHED IRON METEORITE - Slice - Found In Sweden,56.16,2022-08-18,17.9,3.14,WorthPoint
muonionalusta-meteorite,24.2 Gram MUONIONALUSTA ECTHED IRON METEORITE - Slice - Found In Sweden,56.94,2022-08-17,24.2,2.35,WorthPoint
muonionalusta-meteorite,13.22 Grams MUONIONALUSTA Iron Meteorite Cut Slice Fragment - Fell In SWEDEN,12.99,2022-08-17,13.22,0.98,WorthPoint
muonionalusta-meteorite,65.7 Gram MUONIONALUSTA ECTHED IRON METEORITE - Slice - Found In Sweden,153.66,2022-08-16,65.7,2.34,WorthPoint
muonionalusta-meteorite,Muonionalusta Meteorite Etched Fragment 7.93 Grams,23.99,2022-08-16,7.93,3.03,WorthPoint
muonionalusta-meteorite,Amazing 216 Gm. Muonionalusta Etched Meteorite Slab; .5 Lbs Perfect For Rings,404.1,2022-08-14,216,1.87,WorthPoint
muonionalusta-meteorite,"1906, Muonionalusta Iron Meteorite, Norrbottens, Sweden 3.88 Grams",32,2022-08-14,3.88,8.25,WorthPoint
muonionalusta-meteorite,18.6 Gram MUONIONALUSTA ECTHED IRON METEORITE - Slice - Found In Sweden,75,2022-08-14,18.6,4.03,WorthPoint
muonionalusta-meteorite,31.4 Gram MUONIONALUSTA ECTHED IRON METEORITE - Slice - Found In Sweden,94,2022-08-14,31.4,2.99,WorthPoint
muonionalusta-meteorite,2.92 Grams 15x15x2mm MUONIONALUSTA Iron Meteorite Cut Fragment - Fell In SWEDEN,9.99,2022-08-14,2.92,3.42,WorthPoint
muonionalusta-meteorite,4.06 Grams 20x14x2mm MUONIONALUSTA Iron Meteorite Cut Fragment - Fell In SWEDEN,11.49,2022-08-12,4.06,2.83,WorthPoint
muonionalusta-meteorite,3.24 Grams 25x10x3mm MUONIONALUSTA Iron Meteorite Cut Fragment - Fell In SWEDEN,5.99,2022-08-12,3.24,1.85,WorthPoint
muonionalusta-meteorite,3.50 Grams 20x11x2mm MUONIONALUSTA Iron Meteorite Cut Fragment - Fell In SWEDEN,10.99,2022-08-12,3.5,3.14,WorthPoint
muonionalusta-meteorite,13.2 Grams MUONIONALUSTA OXIDE Low Iron Meteorite Fragment Fell In SWEDEN + COA,5.49,2022-08-12,13.2,0.42,WorthPoint
muonionalusta-meteorite,Low Price! Terrific Slice! Muonionalusta Swedish Iron Meteorite 18.7 Gms,51.75,2022-08-11,18.7,2.77,WorthPoint
muonionalusta-meteorite,Amazing 236 Gm. Muonionalusta Etched Meteorite End Piece,359.1,2022-08-10,236,1.52,WorthPoint
muonionalusta-meteorite,2.37 Grams 15x7x4mm MUONIONALUSTA Iron Meteorite Cut Fragment - Fell In SWEDEN,5.99,2022-08-09,2.37,2.53,WorthPoint
muonionalusta-meteorite,Amazing 264 Gm. Muonionalusta Etched Meteorite Slab Perfect For Rings,404.1,2022-08-09,264,1.53,WorthPoint
muonionalusta-meteorite,Muonionalusta Meteorite Etched Fragment 6.28 Grams,18.99,2022-08-07,6.28,3.02,WorthPoint
muonionalusta-meteorite,3.81 Grams 20x15x2mm MUONIONALUSTA Iron Meteorite Cut Fragment - Fell In SWEDEN,11.49,2022-08-07,3.81,3.02,WorthPoint
muonionalusta-meteorite,Amazing 390 Gm. Muonionalusta Etched Meteorite Slab Perfect For Rings,593.1,2022-08-06,390,1.52,WorthPoint
muonionalusta-meteorite,Amazing 155 Gm. Muonionalusta Etched Meteorite Slab Perfect For Rings,233.1,2022-08-06,155,1.5,WorthPoint
muonionalusta-meteorite,"48g Slice Meteorites, Muonionalusta Meteorite Part Slice E2824",99,2022-08-06,48,2.06,WorthPoint
muonionalusta-meteorite,3.19 Grams 20x11x2mm MUONIONALUSTA Iron Meteorite Cut Fragment - Fell In SWEDEN,10.99,2022-08-04,3.19,3.45,WorthPoint
muonionalusta-meteorite,58.9 Gram MUONIONALUSTA ECTHED IRON METEORITE - Slice - Found In Sweden,144,2022-08-02,58.9,2.44,WorthPoint
muonionalusta-meteorite,"Meteorite Lot Chondrite, Breja, Uruacu, Sikote, NWA, Koltsovo, Muonionalusta",174.5,2022-08-02,,,WorthPoint
muonionalusta-meteorite,23.4 Gram MUONIONALUSTA ECTHED IRON METEORITE - Slice - Found In Sweden,75.2,2022-08-02,23.4,3.21,WorthPoint
muonionalusta-meteorite,"Muonionalusta Iron Meteorite Etched Slice With Inclusion 80.7g Sweden, COA",265,2022-08-01,80.7,3.28,WorthPoint
muonionalusta-meteorite,5.8 Gram Muonionalusta Ecthed Iron Meteorite Thin Slice Found In Sweden,12.95,2022-08-01,5.8,2.23,WorthPoint
muonionalusta-meteorite,4.30 Grams 20x14x2mm MUONIONALUSTA Iron Meteorite Cut Fragment - Fell In SWEDEN,11.49,2022-08-01,4.3,2.67,WorthPoint
muonionalusta-meteorite,4.36 Grams 26x15x2mm MUONIONALUSTA Iron Meteorite Cut Fragment - Fell In SWEDEN,12.99,2022-08-01,4.36,2.98,WorthPoint
muonionalusta-meteorite,3.52 Grams 14x12x3mm MUONIONALUSTA Iron Meteorite Cut Fragment - Fell In SWEDEN,11.49,2022-08-01,3.52,3.26,WorthPoint
muonionalusta-meteorite,1.94 Grams 13x12x6mm MUONIONALUSTA Iron Meteorite Cut Fragment - Fell In SWEDEN,5.99,2022-07-29,1.94,3.09,WorthPoint
muonionalusta-meteorite,16.0 Gram MUONIONALUSTA ECTHED IRON METEORITE - Slice - Found In Sweden,52,2022-07-29,16,3.25,WorthPoint
muonionalusta-meteorite,"Iron Meteorite Muonionalusta, Sweden, Earrings Polar Star",304.99,2022-07-27,,,WorthPoint
muonionalusta-meteorite,Muonionalusta Meteorite Bead Tektite Impactite Sweden Jewelry Widmanstatten,28,2022-07-25,,,WorthPoint
muonionalusta-meteorite,2.91 Grams 15x14x2mm MUONIONALUSTA Iron Meteorite Cut Fragment - Fell In SWEDEN,9.99,2022-07-22,2.91,3.43,WorthPoint
muonionalusta-meteorite,"Genuine Meteorite Dog Tag Necklace! Large Muonionalusta Pendant With 20"" Chain!",49.99,2022-07-15,,,WorthPoint
muonionalusta-meteorite,Muonionalusta Meteorite Specimen Riker Display Sweden Meteorites 14.2 Grams,30.99,2022-07-13,14.2,2.18,WorthPoint
muonionalusta-meteorite,12.7 Gram MUONIONALUSTA ECTHED IRON METEORITE - Slice - Found In Sweden,41.6,2022-07-13,12.7,3.28,WorthPoint
muonionalusta-meteorite,Amazing 153 Gm. Muonionalusta Etched Meteorite Slab Perfect For Rings,233.1,2022-07-11,153,1.52,WorthPoint
muonionalusta-meteorite,Rare Authentic Meteorite Iron MUONIONALUSTA Etched Slice Slab Piece 202 Grams,325,2022-07-10,202,1.61,WorthPoint
muonionalusta-meteorite,10.01 Gram MUONIONALUSTA ECTHED IRON METEORITE Specimen - Found In SWEDEN,36,2022-07-03,10.01,3.6,WorthPoint
muonionalusta-meteorite,Meteorite Ring，Muonionalusta Meteorite Ring，Customizable Size,99.99,2022-07-01,,,WorthPoint
muonionalusta-meteorite,2011 Cook Islands Silver Proof Muonionalusta Meteorite Genuine Embedded Fragment,185,2022-06-30,,,WorthPoint
muonionalusta-meteorite,Muonionalusta Meteorite I Love You Pocket Watch Meteorite Jewelry,75.9,2022-06-28,,,WorthPoint
muonionalusta-meteorite,2019 Muonionalusta Meteorite Coin Niue $1 Mintage 818,275,2022-06-27,,,WorthPoint
muonionalusta-meteorite,48.5 Gram MUONIONALUSTA ECTHED IRON METEORITE - Slice - Found In Sweden,116.8,2022-06-23,48.5,2.41,WorthPoint
muonionalusta-meteorite,Geoff Notkin''s Field Used Topography Maps (Group Of 17),350,2022-06-22,,,WorthPoint
muonionalusta-meteorite,1084 Gram MUONIONALUSTA ETCHED IRON METEORITE - Slice - Found In Sweden,157,2022-06-22,1084,0.14,WorthPoint
muonionalusta-meteorite,Meteorite 1oz Uncirculated Coin 1$ Niue 2021,100,2022-06-22,28.35,3.53,WorthPoint
muonionalusta-meteorite,Muonionalusta Meteorite Etched Fragment 18.36 Grams,50.95,2022-06-21,18.36,2.78,WorthPoint
muonionalusta-meteorite,Muonionalusta Meteorite Etched Fragment 20.02 Grams,49.95,2022-06-21,20.02,2.5,WorthPoint
muonionalusta-meteorite,Muonionalusta Meteorite Etched Fragment 16.61 Grams,44.95,2022-06-20,16.61,2.71,WorthPoint
muonionalusta-meteorite,Amazing 186 Gm. Muonionalusta Etched Meteorite Slab Perfect For Rings,233.1,2022-06-19,186,1.25,WorthPoint
muonionalusta-meteorite,22.4 Gram MUONIONALUSTA ECTHED IRON METEORITE - Slice - Found In Sweden,54.4,2022-06-18,22.4,2.43,WorthPoint
muonionalusta-meteorite,Muonionalusta Meteorite 3x2cm RECTANGLE Slice,100,2022-06-18,,,WorthPoint
muonionalusta-meteorite,Muonionalusta Meteorite 2.8cm SQUARE Slice,125,2022-06-18,,,WorthPoint
muonionalusta-meteorite,"Authentic Muonionalusta Meteorite - Sweden - 110,000 Years Old",17,2022-06-11,,,WorthPoint
muonionalusta-meteorite,11 Grams Slice Meteorites，Muonionalusta Meteorite Part Slice Q490,19,2022-06-07,11,1.73,WorthPoint
muonionalusta-meteorite,Meteorite Pendant， Muonionalusta Meteorite Necklace Pendant Part Slice Q378,49,2022-05-28,,,WorthPoint
muonionalusta-meteorite,Muonionalusta Meteorite Etched Fragment 10.22 Grams,30.99,2022-05-28,10.22,3.03,WorthPoint
muonionalusta-meteorite,165.0 Gram MUONIONALUSTA ECTHED IRON METEORITE LOT - Found In Sweden,280,2022-05-27,165,1.7,WorthPoint
muonionalusta-meteorite,Amazing 134 Gm. Muonionalusta Etched Meteorite End Piece,206.1,2022-05-26,134,1.54,WorthPoint
muonionalusta-meteorite,16.8 Gram MUONIONALUSTA ECTHED IRON METEORITE - Slice - Found In Sweden,64,2022-05-25,16.8,3.81,WorthPoint
muonionalusta-meteorite,14.7 Grams 15mm MUONIONALUSTA Iron Meteorite Sphere Ball Shape - Fell In SWEDEN,44.99,2022-05-25,14.7,3.06,WorthPoint
muonionalusta-meteorite,100 Grams Slice Meteorites，Muonionalusta Meteorite Part Slice Q406,199,2022-05-24,100,1.99,WorthPoint
muonionalusta-meteorite,40.7 Gram MUONIONALUSTA ECTHED IRON METEORITE - Slice - Found In Sweden,97.6,2022-05-23,40.7,2.4,WorthPoint
muonionalusta-meteorite,15.1 Grams 15mm MUONIONALUSTA Iron Meteorite Sphere Ball Shape - Fell In SWEDEN,49.99,2022-05-22,15.1,3.31,WorthPoint
muonionalusta-meteorite,12 Grams Slice Meteorites，Muonionalusta Meteorite Part Slice Q321,21.62,2022-05-22,12,1.8,WorthPoint
muonionalusta-meteorite,Meteorite Ring，Muonionalusta Meteorite Ring （Inside Diameter: 2.0cm）,20.5,2022-05-22,,,WorthPoint
muonionalusta-meteorite,Muonionalusta Meteorite Etched Fragment 5.02 Grams,14.99,2022-05-20,5.02,2.99,WorthPoint
muonionalusta-meteorite,477 Gram MUONIONALUSTA ECTHED/CLEANED IRON METEORITE - INDIVIDUAL,760,2022-05-20,477,1.59,WorthPoint
muonionalusta-meteorite,11.7 Gram MUONIONALUSTA ECTHED IRON METEORITE - Slice - Found In Sweden,36,2022-05-19,11.7,3.08,WorthPoint
muonionalusta-meteorite,3.23 Gram MUONIONALUSTA ECTHED IRON METEORITE - Slice - Found In Sweden,15.2,2022-05-19,3.23,4.71,WorthPoint
muonionalusta-meteorite,Amazing 236 Gm. Muonionalusta Etched Meteorite Slab Perfect For Rings,431.1,2022-05-17,236,1.83,WorthPoint
muonionalusta-meteorite,15.2 Grams MUONIONALUSTA OXIDE Low Iron Meteorite Fragment Fell In SWEDEN + COA,6.49,2022-05-17,15.2,0.43,WorthPoint
muonionalusta-meteorite,Amazing 255 Gm. Muonionalusta Etched Meteorite End Cut Perfect For Rings,350,2022-05-15,255,1.37,WorthPoint
muonionalusta-meteorite,Sikhote Alin Meteorites And Other Neat Rocks Lot !!,36.01,2022-05-15,,,WorthPoint
muonionalusta-meteorite,71 Grams Slice Meteorites，Muonionalusta Meteorite Part Slice Q339,149,2022-05-15,71,2.1,WorthPoint
muonionalusta-meteorite,Whitecourt Iron Meteorite Individual 4.7 Grams Wow!,59.4,2022-05-13,4.7,12.64,WorthPoint
muonionalusta-meteorite,Amazing 161 Gm. Muonionalusta Etched Meteorite Slab Perfect For Rings,323.1,2022-05-12,161,2.01,WorthPoint
muonionalusta-meteorite,STABILIZED Muonionalusta Iron Meteorite Etched Slice With Troilite 154g Sweden,490,2022-05-07,154,3.18,WorthPoint
muonionalusta-meteorite,Muonionalusta Meteorite Etched Fragment 6.60 Grams,19.99,2022-05-05,6.6,3.03,WorthPoint
muonionalusta-meteorite,AMAZING 150 GM. MUONIONALUSTA ETCHED METEORITE SLAB; 2 Separate Pieces,179.1,2022-05-05,150,1.19,WorthPoint
muonionalusta-meteorite,17 Grams Slice Meteorites，Muonionalusta Meteorite Part Slice Q323,28,2022-05-03,17,1.65,WorthPoint
muonionalusta-meteorite,Cook Islands 2011 Silver $5 Proof Coin - Muonionalusta Meteorite,195,2022-05-02,,,WorthPoint
muonionalusta-meteorite,Muonionalusta Fine Octahedrite Meteorite Pendant Necklace Widmanstatten Sweden 9,24.75,2022-05-01,,,WorthPoint
muonionalusta-meteorite,9.09 Grams 13mm MUONIONALUSTA Iron Meteorite Sphere Ball Shape - Fell In SWEDEN,29.99,2022-05-01,9.09,3.3,WorthPoint
muonionalusta-meteorite,"Muonionalusta Meteorite Square Piece In A Square Display Box, From Sweden",44.99,2022-05-01,,,WorthPoint
muonionalusta-meteorite,"Meteorite Pendant Slice, Muonionalusta Meteorite Gold Wire Wrapped Oval Slice.",85,2022-04-30,,,WorthPoint
muonionalusta-meteorite,Low Price! Sensational Large Slice! Muonionalusta Swedish Iron Meteorite 268 Gms,411.75,2022-04-30,268,1.54,WorthPoint
muonionalusta-meteorite,Amazing 24 Gm. Muonionalusta Troilite Inclusion From Meteorite,40.46,2022-04-29,24,1.69,WorthPoint
muonionalusta-meteorite,Amazing 214 Gm. Muonionalusta Etched Meteorite Slab Perfect For Rings,363.69,2022-04-29,214,1.7,WorthPoint
muonionalusta-meteorite,"Muonionalusta Meteorite - Fell To Earth Approx. 110,000 Years Ago.",30,2022-04-29,,,WorthPoint
muonionalusta-meteorite,11.1 Gram MUONIONALUSTA ECTHED IRON METEORITE - Slice - Found In Sweden,31.5,2022-04-28,11.1,2.84,WorthPoint
muonionalusta-meteorite,Amazing 138 Gm. Muonionalusta Etched Meteorite Slab Perfect For Rings,225.99,2022-04-27,138,1.64,WorthPoint
muonionalusta-meteorite,39.1 Gram MUONIONALUSTA ECTHED IRON METEORITE - Slice - Found In Sweden,117,2022-04-25,39.1,2.99,WorthPoint
muonionalusta-meteorite,Muonionalusta Meteorite Etched Fragment 28.68 Grams,72.95,2022-04-25,28.68,2.54,WorthPoint
muonionalusta-meteorite,78 Grams Slice Meteorites，Muonionalusta Meteorite Part Slice Q267,145,2022-04-25,78,1.86,WorthPoint
muonionalusta-meteorite,13.5 Gram MUONIONALUSTA ECTHED IRON METEORITE - Slice - Found In Sweden,41.6,2022-04-22,13.5,3.08,WorthPoint
muonionalusta-meteorite,"Genuine Meteorite Pendant, Real Etched Muonionalusta Slice!",28.95,2022-04-21,,,WorthPoint
muonionalusta-meteorite,Amazing 92 Gm. Muonionalusta Etched Meteorite Slab,161.1,2022-04-20,92,1.75,WorthPoint
muonionalusta-meteorite,9.72 Gram MUONIONALUSTA ECTHED IRON METEORITE - Slice - Found In Sweden,32,2022-04-20,9.72,3.29,WorthPoint
muonionalusta-meteorite,6.64 Gram MUONIONALUSTA ECTHED IRON METEORITE Specimen - Found In SWEDEN,31.2,2022-04-20,6.64,4.7,WorthPoint
muonionalusta-meteorite,9.58 Gram MUONIONALUSTA ECTHED IRON METEORITE - Slice - Found In Sweden,32,2022-04-18,9.58,3.34,WorthPoint
muonionalusta-meteorite,STABILIZED Muonionalusta Iron Meteorite Etched Slice Fine Octahedrite 52g Sweden,169,2022-04-18,52,3.25,WorthPoint
muonionalusta-meteorite,43.1 Gram MUONIONALUSTA ECTHED IRON METEORITE - Slice - Found In Sweden,129,2022-04-18,43.1,2.99,WorthPoint
muonionalusta-meteorite,12.5 Grams 14mm MUONIONALUSTA Iron Meteorite Sphere Ball Shape - Fell In SWEDEN,39.99,2022-04-18,12.5,3.2,WorthPoint
muonionalusta-meteorite,Meteorite Ring，Muonionalusta Meteorite Ring (Inside Diameter: 1.9cm),16.5,2022-04-17,,,WorthPoint
muonionalusta-meteorite,3.75 Gram MUONIONALUSTA ECTHED IRON METEORITE - Slice - Found In Sweden,19,2022-04-16,3.75,5.07,WorthPoint
muonionalusta-meteorite,26.0 Gram MUONIONALUSTA ECTHED IRON METEORITE - Slice - Found In Sweden,56,2022-04-15,26,2.15,WorthPoint
muonionalusta-meteorite,49 Grams Slice Meteorites，Muonionalusta Meteorite Part Slice Q219,99,2022-04-15,49,2.02,WorthPoint
muonionalusta-meteorite,Amazing 122 Gm. Muonionalusta Etched Meteorite Slab Perfect For Rings,224.1,2022-04-15,122,1.84,WorthPoint
muonionalusta-meteorite,BEAUTIFUL 47g ETCHED GIBEON IRON METEORITE PART SLICE SLAB W/ BRILLIANT ETCH!,234,2022-04-15,47,4.98,WorthPoint
muonionalusta-meteorite,Muonionalusta Etched Iron Meteorite 81 Gm,80,2022-04-14,81,0.99,WorthPoint
muonionalusta-meteorite,Amazing 222 Gm. Muonionalusta Etched Meteorite Slab Perfect For Rings; 13 Mm Tk,422.1,2022-04-14,222,1.9,WorthPoint
muonionalusta-meteorite,63.9 Grams 24mm MUONIONALUSTA Iron Meteorite Sphere Ball Shape - Fell In SWEDEN,138.51,2022-04-13,63.9,2.17,WorthPoint
muonionalusta-meteorite,9.6 Gram MUONIONALUSTA ECTHED IRON METEORITE - Slice - Found In Sweden,28,2022-04-11,9.6,2.92,WorthPoint
muonionalusta-meteorite,8.32 Gram MUONIONALUSTA ECTHED IRON METEORITE - Slice - Found In Sweden,19.6,2022-04-11,8.32,2.36,WorthPoint
muonionalusta-meteorite,Meteorite - 127.573g Muonionalusta Polished And Etched Full Slice W/INCLUSION,142.49,2022-04-11,127.573,1.12,WorthPoint
muonionalusta-meteorite,22 Grams Slice Meteorites，Muonionalusta Meteorite Part Slice Q214,46,2022-04-10,22,2.09,WorthPoint
muonionalusta-meteorite,Muonionalusta Meteorite Etched Fragment 23.03 Grams,59.95,2022-04-08,23.03,2.6,WorthPoint
muonionalusta-meteorite,Amazing 130 Gm. Muonionalusta Etched Meteorite Slab Perfect For Rings,269.1,2022-04-04,130,2.07,WorthPoint
muonionalusta-meteorite,10.18 Gram MUONIONALUSTA ECTHED IRON METEORITE - Slice - Found In Sweden,33.75,2022-04-03,10.18,3.32,WorthPoint
muonionalusta-meteorite,1.63 Grams 8mm MUONIONALUSTA Iron Meteorite Sphere Ball Shape - Fell In SWEDEN,6.99,2022-04-03,1.63,4.29,WorthPoint
muonionalusta-meteorite,10.5 Gram MUONIONALUSTA ECTHED IRON METEORITE - Slice - Found In Sweden,43,2022-04-02,10.5,4.1,WorthPoint
muonionalusta-meteorite,9.71 Gram MUONIONALUSTA ECTHED IRON METEORITE - Slice - Found In Sweden,40,2022-04-02,9.71,4.12,WorthPoint
muonionalusta-meteorite,Muonionalusta Meteorite Etched Fragment 4.92 Grams,14.99,2022-04-02,4.92,3.05,WorthPoint
muonionalusta-meteorite,Meteorite Ring，Muonionalusta Meteorite Ring,51,2022-03-29,,,WorthPoint
muonionalusta-meteorite,38 Grams 20mm MUONIONALUSTA Iron Meteorite Sphere Ball Shape - Fell In SWEDEN,99.99,2022-03-27,38,2.63,WorthPoint
muonionalusta-meteorite,"300 Gms Of Meteorite Saw Dust; Muonionalusta, ; The Lowest Price",40.45,2022-03-26,300,0.13,WorthPoint
muonionalusta-meteorite,Muonionalusta Meteorite 2.36g Etched Gold Plated Pendant,49,2022-03-26,2.36,20.76,WorthPoint
muonionalusta-meteorite,"Muonionalusta Meteorite - : Fell To Earth Approx. 110,000 Years Ago.",35,2022-03-25,,,WorthPoint
muonionalusta-meteorite,Lot Of Three Muonionalusta Meteorite Sphere's. 28mm 27mm & 26mm.,193,2022-03-25,,,WorthPoint
muonionalusta-meteorite,Amazing 240 Gm. Muonionalusta Etched Meteorite Slab Perfect For Rings,467.1,2022-03-25,240,1.95,WorthPoint
muonionalusta-meteorite,9.65 Grams 13mm MUONIONALUSTA Iron Meteorite Sphere Ball Shape - Fell In SWEDEN,29.99,2022-03-24,9.65,3.11,WorthPoint
muonionalusta-meteorite,2011 Cook Islands Muonionalusta Meteorite Coin,100,2022-03-23,,,WorthPoint
muonionalusta-meteorite,Amazing 628 Gm. Muonionalusta Etched End Cut Meteorite; 1.4 Lbs,1079.1,2022-03-22,628,1.72,WorthPoint
muonionalusta-meteorite,1.19 Grams 6mm MUONIONALUSTA Iron BEAD Meteorite Sphere Ball Shape Bead With COA,5.5,2022-03-20,1.19,4.62,WorthPoint
muonionalusta-meteorite,BEAUTIFUL 84g ETCHED GIBEON IRON METEORITE PART SLICE SLAB W/ BRILLIANT ETCH!,395,2022-03-20,84,4.7,WorthPoint
muonionalusta-meteorite,.712 Grams 5mm MUONIONALUSTA Iron Meteorite Sphere Ball Shape - Fell In SWEDEN,5.99,2022-03-15,712,0.01,WorthPoint
muonionalusta-meteorite,Muonionalusta Meteorite Etched Fragment 8.51 Grams,25.95,2022-03-14,8.51,3.05,WorthPoint
muonionalusta-meteorite,Muonionalusta Meteorite Etched Fragment 4.39 Grams,13.99,2022-03-13,4.39,3.19,WorthPoint
muonionalusta-meteorite,Original Large Muonionalusta Meteorite Sphere 14.6 Oz Rare!!,899,2022-03-12,413.91,2.17,WorthPoint
muonionalusta-meteorite,59.8 Grams 23mm MUONIONALUSTA Iron Meteorite Sphere Ball Shape - Fell In SWEDEN,137,2022-03-11,59.8,2.29,WorthPoint
muonionalusta-meteorite,10.6 Gram MUONIONALUSTA ECTHED IRON METEORITE Specimen - Found In SWEDEN,52.8,2022-03-10,10.6,4.98,WorthPoint
muonionalusta-meteorite,17.2 Gram MUONIONALUSTA ECTHED IRON METEORITE - Slice - Found In Sweden,40,2022-03-09,17.2,2.33,WorthPoint
muonionalusta-meteorite,6.72 Gram MUONIONALUSTA ECTHED IRON METEORITE Specimen - Found In SWEDEN,31.2,2022-03-09,6.72,4.64,WorthPoint
muonionalusta-meteorite,98 Grams 28mm MUONIONALUSTA Iron Meteorite Sphere Ball Shape - Fell In SWEDEN,165.5,2022-03-08,98,1.69,WorthPoint
muonionalusta-meteorite,37.8 Grams 20mm MUONIONALUSTA Iron Meteorite Sphere Ball Shape - Fell In SWEDEN,105.5,2022-03-08,37.8,2.79,WorthPoint
muonionalusta-meteorite,Amazing 212 Gm. Muonionalusta Etched Meteorite Slab; .5 Lbs Perfect For Rings,404.1,2022-03-07,212,1.91,WorthPoint
muonionalusta-meteorite,13.4 Grams 15mm MUONIONALUSTA Iron Meteorite Sphere Ball Shape - Fell In SWEDEN,86,2022-03-06,13.4,6.42,WorthPoint
muonionalusta-meteorite,Genuine Muonionalusta Meteorite In Glass Display Box,69,2022-03-05,,,WorthPoint
muonionalusta-meteorite,Amazing 196 Gm. Muonionalusta Etched Meteorite Slab; .42 Lbs Perfect For Rings,377.1,2022-03-01,196,1.92,WorthPoint
muonionalusta-meteorite,"Genuine Meteorite Necklace! Sliced Muonionalusta Meteor On A 20"" Silver Chain!",29.99,2022-02-25,,,WorthPoint
muonionalusta-meteorite,21.0 Gram MUONIONALUSTA ETCHED IRON METEORITE - Slice - Found In Sweden,32,2022-02-25,21,1.52,WorthPoint
muonionalusta-meteorite,Swedish Muonionalusta Iron Meteorite Slice With Troilite Inclusion 776 Grams,730,2022-02-25,776,0.94,WorthPoint
muonionalusta-meteorite,Amazing 116 Gm. Muonionalusta Etched End Cut Meteorite; 1.4 Lbs,224.1,2022-02-25,116,1.93,WorthPoint
muonionalusta-meteorite,"Meteorites - 2 Muonionalusta,1 CD And 2 Campo Del Cielo Fine Dust Specimen Vials",54.75,2022-02-23,,,WorthPoint
muonionalusta-meteorite,GORGEOUS 91g ETCHED GIBEON IRON METEORITE PART SLICE SLAB W/ BRILLIANT ETCH!,539,2022-02-22,91,5.92,WorthPoint
muonionalusta-meteorite,BEAUTIFUL 90g ETCHED GIBEON IRON METEORITE PART SLICE SLAB W/ BRILLIANT ETCH!,399.95,2022-02-21,90,4.44,WorthPoint
muonionalusta-meteorite,2019 Legend Of Nibelungs Meteorite Coin $1 Mintage Of Only 818,399,2022-02-20,,,WorthPoint
muonionalusta-meteorite,33.9 Gram MUONIONALUSTA ETCHED IRON METEORITE - Slice - Found In Sweden,52,2022-02-16,33.9,1.53,WorthPoint
muonionalusta-meteorite,56.5 Gram MUONIONALUSTA ETCHED IRON METEORITE - Slice - Found In Sweden,99,2022-02-15,56.5,1.75,WorthPoint
muonionalusta-meteorite,Adjustable Meteorite Jewelry 925 Silver Meteorite Ring (fits Any Size),63.8,2022-02-14,,,WorthPoint
muonionalusta-meteorite,Blue Meteorite Jewelry 925 Silver Rose Gold Plated Meteorite Bracelet Charm,50.6,2022-02-14,,,WorthPoint
muonionalusta-meteorite,Black Meteorite Jewelry 925 Silver Meteorite Bracelet Charm Star,50.6,2022-02-14,,,WorthPoint
muonionalusta-meteorite,2019 Niue $1 Legend Of Nibelungs Pure Muonionalusta Meteorite Coin Box COA OGP,399.95,2022-02-11,,,WorthPoint
muonionalusta-meteorite,Amazing 116 Gm. Muonionalusta Raw Cut Meteorite Slab; .2 Lbs Perfect For Rings,179.1,2022-02-11,116,1.54,WorthPoint
muonionalusta-meteorite,14.2 Gram MUONIONALUSTA ETCHED IRON METEORITE - Slice - Found In Sweden,35,2022-02-10,14.2,2.46,WorthPoint
muonionalusta-meteorite,8.59 Gram MUONIONALUSTA ECTHED IRON METEORITE Specimen - Found In SWEDEN,39,2022-02-07,8.59,4.54,WorthPoint
muonionalusta-meteorite,Muonionalusta Meteorite 1cm SQUARE Slice,33,2022-02-05,,,WorthPoint
muonionalusta-meteorite,Meteorite Muonionalusta Etched Dog Tag Pendant Stainless Frame & Acrylic Coating,16.5,2022-02-03,,,WorthPoint
muonionalusta-meteorite,"56.1 Gram Muonionalusta Etched Meteorite Slice - Iron, IVA - Found 1906 Sweden",194.99,2022-02-02,56.1,3.48,WorthPoint
muonionalusta-meteorite,3.02 Grams 13x11x5mm MUONIONALUSTA Iron Meteorite Cut Fragment - Fell In SWEDEN,15.5,2022-01-31,3.02,5.13,WorthPoint
muonionalusta-meteorite,Amazing 972 Gm. Muonionalusta Etched Meteorite Slab,1889.1,2022-01-31,972,1.94,WorthPoint
muonionalusta-meteorite,Meteorites - 16.2g Muonionalusta Small Pieces Specimen Vial,21.95,2022-01-28,16.2,1.35,WorthPoint
muonionalusta-meteorite,"1 Kg. Meteorite Saw Dust; Muonionalusta, Campo And Gibeon Dust; The Lowest Price",89.96,2022-01-27,1000,0.09,WorthPoint
muonionalusta-meteorite,2.67 Grams 19mm MUONIONALUSTA Iron Meteorite Small Cut Fragment - Fell In SWEDEN,8,2022-01-26,2.67,3,WorthPoint
muonionalusta-meteorite,"1906, Muonionalusta Iron Meteorite, Norrbottens, Sweden 4.34 Grams",24.7,2022-01-25,4.34,5.69,WorthPoint
muonionalusta-meteorite,2.68 Grams 19mm MUONIONALUSTA Iron Meteorite Small Cut Fragment - Fell In SWEDEN,6.99,2022-01-25,2.68,2.61,WorthPoint
muonionalusta-meteorite,Canyon Diablo Meteorite Individual 13 Grams*,26,2022-01-24,13,2,WorthPoint
muonionalusta-meteorite,1.84 Grams 24mm MUONIONALUSTA Iron Meteorite Cut Fragment - Fell In SWEDEN W/COA,6.8,2022-01-23,1.84,3.7,WorthPoint
muonionalusta-meteorite,Saint Aubin Meteorite Etched Part Slice 8.1 Grams!,26.4,2022-01-23,8.1,3.26,WorthPoint
muonionalusta-meteorite,"Master Swordsmith Rick Barrett (Tosho), Custom Damascus Japanese Styled Knife.",700,2022-01-23,,,WorthPoint
muonionalusta-meteorite,Dronino Meteorite Part Slice 40.8 Grams,83.6,2022-01-22,40.8,2.05,WorthPoint
muonionalusta-meteorite,Sericho Meteorite From Kenya Part Slice 30.8 Grams,72.6,2022-01-21,30.8,2.36,WorthPoint
muonionalusta-meteorite,Nantan Etched Meteorite Part Slice 7.7 Grams!,20.9,2022-01-21,7.7,2.71,WorthPoint
muonionalusta-meteorite,2.65 Grams 15mm MUONIONALUSTA Iron Meteorite Small Cut Fragment - Fell In SWEDEN,6.99,2022-01-20,2.65,2.64,WorthPoint
muonionalusta-meteorite,3.56 Grams 20mm MUONIONALUSTA Iron Meteorite Small Cut Fragment - Fell In SWEDEN,10,2022-01-20,3.56,2.81,WorthPoint
muonionalusta-meteorite,2.86 Grams 19mm MUONIONALUSTA Iron Meteorite Small Cut Fragment - Fell In SWEDEN,8,2022-01-20,2.86,2.8,WorthPoint
muonionalusta-meteorite,Meteorite Ring Muonionalusta Windmanstätten Size 9,117,2022-01-19,,,WorthPoint
muonionalusta-meteorite,Genuine Meteorite Necklace! Sliced Muonionalusta Meteor In A Stainless Pendant!,27.99,2022-01-19,,,WorthPoint
muonionalusta-meteorite,1.45 Grams 13mm MUONIONALUSTA Iron Meteorite Small Cut Fragment - Fell In SWEDEN,5,2022-01-19,1.45,3.45,WorthPoint
muonionalusta-meteorite,Sericho Meteorite Pallasite From Kenya Full Slice 16 Grams!,101.2,2022-01-18,16,6.33,WorthPoint
muonionalusta-meteorite,2.72 Grams 19mm MUONIONALUSTA Iron Meteorite Small Cut Fragment - Fell In SWEDEN,9,2022-01-17,2.72,3.31,WorthPoint
muonionalusta-meteorite,Meteorite - 11.1g Muonionalusta Polished And Etched Slice,29.95,2022-01-17,11.1,2.7,WorthPoint
muonionalusta-meteorite,19.2 Gram MUONIONALUSTA ECTHED IRON METEORITE - SLICE - Found In Sweden,63.2,2022-01-15,19.2,3.29,WorthPoint
muonionalusta-meteorite,Saint Aubin Meteorite Etched Part Slice 16 Grams!,39.6,2022-01-15,16,2.48,WorthPoint
muonionalusta-meteorite,3.13 Grams 20mm MUONIONALUSTA Iron Meteorite Small Cut Fragment - Fell In SWEDEN,10,2022-01-12,3.13,3.19,WorthPoint
muonionalusta-meteorite,Saint Aubin Meteorite Etched Part Slice 5 Grams!!,18.7,2022-01-12,5,3.74,WorthPoint
muonionalusta-meteorite,Saint Aubin Meteorite Etched Part Slice 10.5 Grams*,27.5,2022-01-12,10.5,2.62,WorthPoint
muonionalusta-meteorite,Museum Quality! Fabulous Full Slice! Muonionalusta Swedish Iron Meteorite 242 Gm,543.75,2022-01-11,242,2.25,WorthPoint
muonionalusta-meteorite,Seymchan Meteorite Part Slice 33.3 Grams,66,2022-01-10,33.3,1.98,WorthPoint
muonionalusta-meteorite,Seymchan Meteorite Part Slice 28.9 Grams,57.2,2022-01-09,28.9,1.98,WorthPoint
muonionalusta-meteorite,Meteorite Bead Bracelet - With Black & White Interchangeable Silicone Bands,95,2022-01-08,,,WorthPoint
muonionalusta-meteorite,Saint Aubin Meteorite Etched Part Slice 7.1 Grams*,23.1,2022-01-08,7.1,3.25,WorthPoint
muonionalusta-meteorite,Saint Aubin Meteorite Etched Part Slice 5.2 Grams,18.7,2022-01-08,5.2,3.6,WorthPoint
muonionalusta-meteorite,Soledade Meteorite Etched Part Slice 41.3 Grams Great Etch,140.8,2022-01-07,41.3,3.41,WorthPoint
muonionalusta-meteorite,Soledade Meteorite Etched Part Slice 65.5 Grams Great Etch,221.1,2022-01-06,65.5,3.38,WorthPoint
muonionalusta-meteorite,Soledade Meteorite Etched Part Slice 73.4 Grams Great Etch,247.5,2022-01-06,73.4,3.37,WorthPoint
muonionalusta-meteorite,Saffordite Volcanic Glass Individual 6.2 Grams,20.9,2022-01-05,6.2,3.37,WorthPoint
muonionalusta-meteorite,Jag Buck Knife 501 Squire Bos Cpm-154 Blade Muonionalusta Meteorite Scales Coa,294.95,2022-01-05,,,WorthPoint
muonionalusta-meteorite,53.7gram 6mm Thick MUONIONALUSTA IRON METEORITE Found In Sweden,79.95,2022-01-04,53.7,1.49,WorthPoint
muonionalusta-meteorite,Saint Aubin Meteorite Etched Part Slice 12.1 Grams!,31.9,2022-01-04,12.1,2.64,WorthPoint
muonionalusta-meteorite,18.81 Gram MUONIONALUSTA ECTHED IRON METEORITE - THIN SLICE - Found In SWEDEN,99,2022-01-01,18.81,5.26,WorthPoint
muonionalusta-meteorite,11.7 Gram MUONIONALUSTA ECTHED/CLEANED IRON METEORITE - INDIVIDUAL,40,2022-01-01,11.7,3.42,WorthPoint
muonionalusta-meteorite,Saint Aubin Meteorite Etched Part Slice 9.9 Grams,29.7,2022-01-01,9.9,3,WorthPoint
muonionalusta-meteorite,Seymchan Meteorite Part Slice 8.9 Grams,25.3,2022-01-01,8.9,2.84,WorthPoint
muonionalusta-meteorite,Saint Aubin Meteorite Etched Part Slice 5.6 Grams!,20.9,2022-01-01,5.6,3.73,WorthPoint
muonionalusta-meteorite,Etched Gibeon Iron Meteorites,8545.5,2021-12-31,,,WorthPoint
muonionalusta-meteorite,Saint Aubin Meteorite Etched Part Slice 4.4 Grams*,16.5,2021-12-31,4.4,3.75,WorthPoint
muonionalusta-meteorite,Saint Aubin Meteorite Etched Part Slice 4.5 Grams*,16.5,2021-12-31,4.5,3.67,WorthPoint
muonionalusta-meteorite,"Meteorite Muonionalusta Rectangle Shape Sterling Silver Pendant Necklace 18""",45,2021-12-30,,,WorthPoint
muonionalusta-meteorite,Meteorites - 21 Muonionalusta And 1 Campo Del Cielo Dust/Cuttings Specimen Vials,249.5,2021-12-30,,,WorthPoint
muonionalusta-meteorite,Meteorite Jewelry Meteorite Pendant Ying Yang Pendant 1060,151.8,2021-12-29,,,WorthPoint
muonionalusta-meteorite,Saint Aubin Meteorite Etched Part Slice 8.4 Grams!,26.4,2021-12-29,8.4,3.14,WorthPoint
muonionalusta-meteorite,34.1 Gram MUONIONALUSTA ECTHED IRON METEORITE - Slice - Found In Sweden,95,2021-12-26,34.1,2.79,WorthPoint
muonionalusta-meteorite,Niue - 2016 Muonionalusta Meteorite - Pure Meteorite Proof Coin,601.69,2021-12-26,,,WorthPoint
muonionalusta-meteorite,2.53 Grams 19mm MUONIONALUSTA Iron Meteorite Small Cut Fragment - Fell In SWEDEN,8,2021-12-24,2.53,3.16,WorthPoint
muonionalusta-meteorite,Sericho Meteorite From Kenya Part Slice 16.6 Grams,41.8,2021-12-23,16.6,2.52,WorthPoint
muonionalusta-meteorite,Brahin Meteorite Pallasite Part Slice 16.6 Grams!,144.1,2021-12-23,16.6,8.68,WorthPoint
muonionalusta-meteorite,4.63 Grams MUONIONALUSTA Iron Meteorite Small Weird Cut Pendant - SWEDEN W/ COA,26,2021-12-23,4.63,5.62,WorthPoint
muonionalusta-meteorite,UNIQUE 63g ETCHED GIBEON IRON METEORITE SLICE SLAB W/ BRILLIANT ETCH!,304,2021-12-22,63,4.83,WorthPoint
muonionalusta-meteorite,23.02 Gram MUONIONALUSTA ECTHED IRON METEORITE - THIN SLICE - Found In SWEDEN,128.8,2021-12-21,23.02,5.6,WorthPoint
muonionalusta-meteorite,2.08 Grams 20mm MUONIONALUSTA Iron Meteorite Small Cut Fragment - Fell In SWEDEN,6.99,2021-12-21,2.08,3.36,WorthPoint
muonionalusta-meteorite,27.1 Gram MUONIONALUSTA ECTHED IRON METEORITE - Slice - Found In Sweden,88,2021-12-21,27.1,3.25,WorthPoint
muonionalusta-meteorite,49.1 Gram MUONIONALUSTA ECTHED IRON METEORITE - Slice - Found In Sweden,120,2021-12-21,49.1,2.44,WorthPoint
muonionalusta-meteorite,3.10 Grams 17mm MUONIONALUSTA Iron Meteorite Small Cut Fragment - Fell In SWEDEN,9.99,2021-12-21,3.1,3.22,WorthPoint
muonionalusta-meteorite,5.02 Grams MUONIONALUSTA Iron Meteorite Small Weird Cut Pendant - SWEDEN W/ COA,22.5,2021-12-20,5.02,4.48,WorthPoint
muonionalusta-meteorite,3.25 Grams MUONIONALUSTA Iron Meteorite Small Weird Cut Pendant - SWEDEN W/ COA,32.07,2021-12-20,3.25,9.87,WorthPoint
muonionalusta-meteorite,A Sphere Cut Pendant Out Of The Muonionalusta Meteorite,151.53,2021-12-20,,,WorthPoint
muonionalusta-meteorite,2.90 Grams 20mm MUONIONALUSTA Iron Meteorite Cut Fragment - Fell In SWEDEN W/COA,9,2021-12-19,2.9,3.1,WorthPoint
muonionalusta-meteorite,2.76 Grams MUONIONALUSTA Iron Meteorite Small Weird Cut Pendant - SWEDEN W/ COA,20.5,2021-12-18,2.76,7.43,WorthPoint
muonionalusta-meteorite,3.57 Grams 20mm MUONIONALUSTA Iron Meteorite Small Cut Fragment - Fell In SWEDEN,10,2021-12-18,3.57,2.8,WorthPoint
muonionalusta-meteorite,Beautiful Etched MUONIONALUSTA Meteorite Ring I Size 8 - TOP METEORITE,90,2021-12-18,,,WorthPoint
muonionalusta-meteorite,3.10 Grams 22mm MUONIONALUSTA Iron Meteorite Cut Fragment - Fell In SWEDEN W/COA,11,2021-12-17,3.1,3.55,WorthPoint
muonionalusta-meteorite,Seymchan Meteorite Part Slice 45 Grams,86.9,2021-12-17,45,1.93,WorthPoint
muonionalusta-meteorite,Seymchan Meteorite Part Slice 44.6 Grams,86.9,2021-12-17,44.6,1.95,WorthPoint
muonionalusta-meteorite,"Sterling Silver, Moldavite And Muonionalusta Meteorite Star Pendant",138,2021-12-16,,,WorthPoint
muonionalusta-meteorite,3.67 Grams 20mm MUONIONALUSTA Iron Meteorite Small Cut Fragment - Fell In SWEDEN,11,2021-12-15,3.67,3,WorthPoint
muonionalusta-meteorite,2.92 Grams 19mm MUONIONALUSTA Iron Meteorite Small Cut Fragment - Fell In SWEDEN,9,2021-12-15,2.92,3.08,WorthPoint
muonionalusta-meteorite,2.22 Grams 19mm MUONIONALUSTA Iron Meteorite Small Cut Fragment - Fell In SWEDEN,7,2021-12-15,2.22,3.15,WorthPoint
muonionalusta-meteorite,Adjustable Meteorite Jewelry 925 Silver Sericho Meteorite Ring (fits Any Size),145.2,2021-12-14,,,WorthPoint
muonionalusta-meteorite,11.2 Gram MUONIONALUSTA ECTHED IRON METEORITE Specimen - Found In SWEDEN,52.8,2021-12-13,11.2,4.71,WorthPoint
muonionalusta-meteorite,Meteorite - 22.3g Muonionalusta Polished And Etched Slice,67.95,2021-12-13,22.3,3.05,WorthPoint
muonionalusta-meteorite,Sericho Meteorite Pallasite From Kenya Part Slice 32.2 Grams,182.6,2021-12-12,32.2,5.67,WorthPoint
muonionalusta-meteorite,Saint Aubin Meteorite Etched Part Slice 3.2 Grams!!,14.3,2021-12-12,3.2,4.47,WorthPoint
muonionalusta-meteorite,Saint Aubin Meteorite Etched Part Slice 4.2 Grams*,16.5,2021-12-12,4.2,3.93,WorthPoint
muonionalusta-meteorite,Saint Aubin Meteorite Etched Part Slice 4.1 Grams!!,16.5,2021-12-12,4.1,4.02,WorthPoint
muonionalusta-meteorite,BEAUTIFUL 69g ETCHED GIBEON IRON METEORITE THICK SLICE SLAB W/ BRILLIANT ETCH!,388,2021-12-11,69,5.62,WorthPoint
muonionalusta-meteorite,Saint Aubin Meteorite Etched Part Slice 4 Grams*,16.5,2021-12-10,4,4.13,WorthPoint
muonionalusta-meteorite,3.58 Grams 15mm MUONIONALUSTA Iron Meteorite Cut Fragment - Fell In SWEDEN W/COA,12,2021-12-10,3.58,3.35,WorthPoint
muonionalusta-meteorite,3.40 Grams 15mm MUONIONALUSTA Iron Meteorite Cut Fragment - Fell In SWEDEN W/COA,11,2021-12-08,3.4,3.24,WorthPoint
muonionalusta-meteorite,"Muonionalusta 30.06g Meteorite, Partial Slice With Great Etch, Sealed, IMCA#6236",77,2021-12-08,30.06,2.56,WorthPoint
muonionalusta-meteorite,Muonionalusta Meteorite Slice. Shows Widmanststten Lines.,36,2021-12-07,,,WorthPoint
muonionalusta-meteorite,3.98 Grams 21mm MUONIONALUSTA Iron Meteorite Cut Fragment - Fell In SWEDEN W/COA,12,2021-12-07,3.98,3.02,WorthPoint
muonionalusta-meteorite,3.11 Grams 20mm MUONIONALUSTA Iron Meteorite Cut Fragment - Fell In SWEDEN W/COA,10,2021-12-07,3.11,3.22,WorthPoint
muonionalusta-meteorite,Amazing 374 Gm. Muonionalusta Etched Meteorite End Cut,674.1,2021-12-07,374,1.8,WorthPoint
muonionalusta-meteorite,71.6 Gram MUONIONALUSTA ECTHED IRON METEORITE - Endcut - Found In Sweden,144,2021-12-06,71.6,2.01,WorthPoint
muonionalusta-meteorite,Meteorite - 69.4g Muonionalusta Polished And Etched End Piece,209.95,2021-12-05,69.4,3.03,WorthPoint
muonionalusta-meteorite,Amazing 164 Gm. Muonionalusta Etched Meteorite End Cut,296.1,2021-12-05,164,1.81,WorthPoint
muonionalusta-meteorite,5.4 Gram MUONIONALUSTA ECTHED IRON METEORITE - Slice - Found In Sweden,28,2021-12-04,5.4,5.19,WorthPoint
muonionalusta-meteorite,Meteorite - 6.6g Muonionalusta Polished And Etched Slice,24.95,2021-12-04,6.6,3.78,WorthPoint
muonionalusta-meteorite,2.60 Grams 23mm MUONIONALUSTA Iron Meteorite Small Cut Fragment - Fell In SWEDEN,8,2021-12-04,2.6,3.08,WorthPoint
muonionalusta-meteorite,15.3 Gram MUONIONALUSTA ECTHED IRON METEORITE - Slice - Found In Sweden,44,2021-12-04,15.3,2.88,WorthPoint
muonionalusta-meteorite,Seymchan Meteorite Part Slice 13.2 Grams,28.6,2021-12-03,13.2,2.17,WorthPoint
muonionalusta-meteorite,3.14 Grams 21mm MUONIONALUSTA Iron Meteorite Cut Fragment - Fell In SWEDEN W/COA,11,2021-12-03,3.14,3.5,WorthPoint
muonionalusta-meteorite,Soledade Meteorite Etched Part Slice 55.3 Grams Great Etch,187,2021-12-03,55.3,3.38,WorthPoint
muonionalusta-meteorite,3 Grams 20mm MUONIONALUSTA Iron Meteorite Cut Fragment - Fell In SWEDEN W/COA,11,2021-12-02,3,3.67,WorthPoint
muonionalusta-meteorite,3.63 Grams 15mm MUONIONALUSTA Iron Meteorite Cut Fragment - Fell In SWEDEN W/COA,12,2021-12-02,3.63,3.31,WorthPoint
muonionalusta-meteorite,Muonionalusta Meteorite Necklace Pendant VS009,39,2021-12-01,,,WorthPoint
muonionalusta-meteorite,3.88 Gram MUONIONALUSTA ECTHED/CLEANED IRON METEORITE - INDIVIDUAL,15.2,2021-11-29,3.88,3.92,WorthPoint
muonionalusta-meteorite,40.1 Gram MUONIONALUSTA ECTHED IRON METEORITE - Slice - Found In Sweden,96,2021-11-29,40.1,2.39,WorthPoint
muonionalusta-meteorite,5 Grams 20mm MUONIONALUSTA Iron Meteorite Cut Fragment - Fell In SWEDEN W/COA,16,2021-11-27,5,3.2,WorthPoint
muonionalusta-meteorite,Gold Basin Individual Meteorite 28.2 Grams,46.2,2021-11-27,28.2,1.64,WorthPoint
muonionalusta-meteorite,4.44 Grams 18mm MUONIONALUSTA Iron Meteorite Small Cut Fragment - Fell In SWEDEN,13,2021-11-26,4.44,2.93,WorthPoint
muonionalusta-meteorite,"1400 Gm. Pkg OF METEORITE SAW DUST; MUONIONALUSTA, DUST; THE LOWEST PRICE",134.96,2021-11-25,1400,0.1,WorthPoint
muonionalusta-meteorite,Saint Aubin Meteorite Etched Part Slice 5 Grams*,18.7,2021-11-24,5,3.74,WorthPoint
muonionalusta-meteorite,2.65 Grams 20mm MUONIONALUSTA Iron Meteorite Cut Fragment - Fell In SWEDEN W/COA,8,2021-11-18,2.65,3.02,WorthPoint
muonionalusta-meteorite,18.8 Gram MUONIONALUSTA ECTHED IRON METEORITE - Slice - Found In Sweden,84.15,2021-11-17,18.8,4.48,WorthPoint
muonionalusta-meteorite,Saint Aubin Meteorite Etched Part Slice 8.4 Grams,23.1,2021-11-16,8.4,2.75,WorthPoint
muonionalusta-meteorite,14.68 Gram MUONIONALUSTA ECTHED IRON METEORITE Specimen - Found In SWEDEN,51,2021-11-15,14.68,3.47,WorthPoint
muonionalusta-meteorite,2.87 Grams 20mm MUONIONALUSTA Iron Meteorite Cut Fragment - Fell In SWEDEN W/COA,10,2021-11-13,2.87,3.48,WorthPoint
muonionalusta-meteorite,1061g Muonionalusta Etched Meteorite For Sale,979,2021-11-13,1061,0.92,WorthPoint
muonionalusta-meteorite,Saint Aubin Meteorite Etched Part Slice 4.6 Grams,17.6,2021-11-13,4.6,3.83,WorthPoint
muonionalusta-meteorite,Saint Aubin Meteorite Etched Part Slice 4.6 Grams*,17.6,2021-11-13,4.6,3.83,WorthPoint
muonionalusta-meteorite,North East Africa 007 Full Slice 26.8 Grams,365.42,2021-11-12,26.8,13.64,WorthPoint
muonionalusta-meteorite,2021 2 Oz Silver $2 Niue Impact Moments METEORITE High Relief Antiqued Coin.,479.95,2021-11-10,56.7,8.46,WorthPoint
muonionalusta-meteorite,Amazing 130 Gm. Muonionalusta Etched Meteorite End Cut,242.1,2021-11-10,130,1.86,WorthPoint
muonionalusta-meteorite,Amazing 136 Gm. Muonionalusta Etched Meteorite End Cut,251.1,2021-11-09,136,1.85,WorthPoint
muonionalusta-meteorite,12.16 Gram MUONIONALUSTA ECTHED IRON METEORITE Specimen - Found In SWEDEN,75,2021-11-08,12.16,6.17,WorthPoint
muonionalusta-meteorite,Meteorite - 13.6g Muonionalusta Polished And Etched Slice,39.95,2021-11-08,13.6,2.94,WorthPoint
muonionalusta-meteorite,Seymchan Meteorite Part Slice 11.7 Grams,26.4,2021-11-07,11.7,2.26,WorthPoint
muonionalusta-meteorite,Saint Aubin Meteorite Etched Part Slice 10 Grams,26.4,2021-11-07,10,2.64,WorthPoint
muonionalusta-meteorite,Seymchan Meteorite Part Slice 16.2 Grams,34.1,2021-11-07,16.2,2.1,WorthPoint
muonionalusta-meteorite,Saint Aubin Meteorite Etched Part Slice 9.6 Grams!,29.7,2021-11-07,9.6,3.09,WorthPoint
muonionalusta-meteorite,"Muonionalista Iron Meteorite, Large Full Slice, 488g, Stable! Won't Rust!",730,2021-11-03,488,1.5,WorthPoint
muonionalusta-meteorite,Meteorite Muonionalusta Pendant Collectibles Amulet Jewlry,14.99,2021-11-03,,,WorthPoint
muonionalusta-meteorite,"16.9 Gram MUONIONALUSTA ECTHED IRON METEORITE - Small Lot, Needs Re-etched",21.25,2021-11-02,16.9,1.26,WorthPoint
muonionalusta-meteorite,2.89 Grams 20mm MUONIONALUSTA Iron Meteorite Small Cut Fragment - Fell In SWEDEN,7,2021-11-01,2.89,2.42,WorthPoint
muonionalusta-meteorite,Brahin Meteorite Pallasite Part Slice 22.9 Grams!,136.4,2021-11-01,22.9,5.96,WorthPoint
muonionalusta-meteorite,Low Price! Five Fabulous Specimens! Muonionalusta Swedish Iron Meteorite 8.84 Gm,33.75,2021-10-31,8.84,3.82,WorthPoint
muonionalusta-meteorite,117.1 Gram MUONIONALUSTA ECTHED IRON METEORITE - Endcut - Found In Sweden,204,2021-10-31,117.1,1.74,WorthPoint
muonionalusta-meteorite,3.94 Grams 17mm MUONIONALUSTA Iron Meteorite Small Cut Fragment - Fell In SWEDEN,11,2021-10-29,3.94,2.79,WorthPoint
muonionalusta-meteorite,3.58 Grams 19mm MUONIONALUSTA Iron Meteorite Small Cut Fragment - Fell In SWEDEN,10,2021-10-29,3.58,2.79,WorthPoint
muonionalusta-meteorite,Meteorite - 38.5g Muonionalusta Polished And Etched Full Slice,114.95,2021-10-28,38.5,2.99,WorthPoint
muonionalusta-meteorite,"2019 MUONIONALUSTA Meteorite, 1 Dollar Niue - Legend Of The Nibelungs",549,2021-10-28,,,WorthPoint
muonionalusta-meteorite,Saint Aubin Meteorite Etched End Cut 10 Grams*,26.4,2021-10-28,10,2.64,WorthPoint
muonionalusta-meteorite,3.23 Grams 20mm MUONIONALUSTA Iron Meteorite Small Cut Fragment - Fell In SWEDEN,28,2021-10-27,3.23,8.67,WorthPoint
muonionalusta-meteorite,2.79 Grams 20mm MUONIONALUSTA Iron Meteorite Small Cut Fragment - Fell In SWEDEN,6.99,2021-10-27,2.79,2.51,WorthPoint
muonionalusta-meteorite,26.9 Gram MUONIONALUSTA ECTHED IRON METEORITE - Slice - Found In Sweden,63.75,2021-10-24,26.9,2.37,WorthPoint
muonionalusta-meteorite,Nantan Etched Meteorite Part Slice 2.5 Grams!,11,2021-10-24,2.5,4.4,WorthPoint
muonionalusta-meteorite,Dronino Meteorite Part Slice 37 Grams,75.9,2021-10-24,37,2.05,WorthPoint
muonionalusta-meteorite,"Muonionalusta Meteorite Square Piece In A Round Display Box, From Sweden",34.99,2021-10-23,,,WorthPoint
muonionalusta-meteorite,Aletai Meteorite Part Slice 54.9 Grams,125.4,2021-10-23,54.9,2.28,WorthPoint
muonionalusta-meteorite,3.12 Grams 20mm MUONIONALUSTA Iron Meteorite Small Cut Fragment - Fell In SWEDEN,10,2021-10-23,3.12,3.21,WorthPoint
muonionalusta-meteorite,2.43 Grams 20mm MUONIONALUSTA Iron Meteorite Small Cut Fragment - Fell In SWEDEN,6.99,2021-10-22,2.43,2.88,WorthPoint
muonionalusta-meteorite,Seymchan Meteorite Part Slice 10 Grams,23.1,2021-10-22,10,2.31,WorthPoint
muonionalusta-meteorite,Canyon Diablo Meteorite Individual 11.9 Grams!,24,2021-10-20,11.9,2.02,WorthPoint
muonionalusta-meteorite,Saint Aubin Meteorite Etched Part Slice 2.5 Grams*,11,2021-10-19,2.5,4.4,WorthPoint
muonionalusta-meteorite,Saint Aubin Meteorite Etched Part Slice 23.5 Grams,56.1,2021-10-19,23.5,2.39,WorthPoint
muonionalusta-meteorite,94.6g Muonionalusta Ecthed Iron Meteorite Leftover Material Thin Slice,20.5,2021-10-19,94.6,0.22,WorthPoint
muonionalusta-meteorite,Muonionalusta Meteorite Necklace Pendant VS010,39,2021-10-18,,,WorthPoint
muonionalusta-meteorite,Meteorite - 91.3g Muonionalusta Polished And Etched Full Slice,249.95,2021-10-17,91.3,2.74,WorthPoint
muonionalusta-meteorite,MUONIONALUSTA Meteorite Earrings - TOP METEORITE Jewelry,120,2021-10-15,,,WorthPoint
muonionalusta-meteorite,21.3 Gram MUONIONALUSTA ECTHED IRON METEORITE - Slice - Found In Sweden,63.75,2021-10-14,21.3,2.99,WorthPoint
muonionalusta-meteorite,Saint Aubin Meteorite Etched Part Slice 13.8 Grams!,35.2,2021-10-14,13.8,2.55,WorthPoint
muonionalusta-meteorite,"Muonionalusta 48.05g Iron Meteorite From Sweden, THIN END CUT, IMCA #6236",127,2021-10-11,48.05,2.64,WorthPoint
muonionalusta-meteorite,"Muonionalusta Meteorite Pendant, From Sweden",54.99,2021-10-11,,,WorthPoint
muonionalusta-meteorite,Canyon Diablo Meteorite Individual 14.7 Grams,29,2021-10-11,14.7,1.97,WorthPoint
muonionalusta-meteorite,Gold Basin Individual Meteorite 712.2 Grams,847,2021-10-04,712.2,1.19,WorthPoint
muonionalusta-meteorite,NEW! Muonionalusta Meteorite Display Stand Black Wooden Label --FREE SHIPPING!,16,2021-10-03,,,WorthPoint
muonionalusta-meteorite,Muonionalusta Meteorite Etched Part Slice 60 Grams!,107.8,2021-10-03,60,1.8,WorthPoint
muonionalusta-meteorite,Soledade Meteorite Etched Part Slice 8.3 Grams Great Etch,35.2,2021-10-03,8.3,4.24,WorthPoint
muonionalusta-meteorite,BEAUTIFUL 132g ETCHED GIBEON IRON METEORITE SLICE SLAB W/ BRILLIANT ETCH!,752,2021-10-02,132,5.7,WorthPoint
muonionalusta-meteorite,Muonionalusta Meteorite Pendant Z010,39.99,2021-09-28,,,WorthPoint
muonionalusta-meteorite,Amazing 250 Gm. Muonionalusta Etched Meteorite Slab,476.1,2021-09-28,250,1.9,WorthPoint
muonionalusta-meteorite,Muonionalusta Meteorite Necklace Pendant Part Slice V362,39.99,2021-09-28,,,WorthPoint
muonionalusta-meteorite,182.00 Gram MUONIONALUSTA ECTHED IRON - THICK METEORITE SLICE - WILD INCLUSION!,550,2021-09-27,182,3.02,WorthPoint
muonionalusta-meteorite,Sericho Meteorite Pallasite From Kenya Full Slice 163.5 Grams,440,2021-09-27,163.5,2.69,WorthPoint
muonionalusta-meteorite,Dronino Meteorite Part Slice 34.5 Grams,71.5,2021-09-25,34.5,2.07,WorthPoint
muonionalusta-meteorite,"Meteorite Mix Of Canyon Diablos, Campos Muonionalusta. Total 5 Pc",575,2021-09-23,,,WorthPoint
muonionalusta-meteorite,Saint Aubin Meteorite Etched Part Slice 2.1 Grams*,12.1,2021-09-22,2.1,5.76,WorthPoint
muonionalusta-meteorite,17.4 Gram MUONIONALUSTA ECTHED IRON METEORITE - Thick SLICE - Found In SWEDEN,79,2021-09-21,17.4,4.54,WorthPoint
muonionalusta-meteorite,Meteorite Muonionalusta Slice,179,2021-09-21,,,WorthPoint
muonionalusta-meteorite,35.96 Gram MUONIONALUSTA ECTHED IRON METEORITE - Slice - Found In Sweden,115,2021-09-19,35.96,3.2,WorthPoint
muonionalusta-meteorite,24.7 Gram MUONIONALUSTA ECTHED IRON METEORITE - Slice - Found In Sweden,99,2021-09-18,24.7,4.01,WorthPoint
muonionalusta-meteorite,"Iron Meteorite Muonionalusta, Sweden, Necklace, Pendant Small Sphere",101.99,2021-09-17,,,WorthPoint
muonionalusta-meteorite,BEAUTIFUL 41g ETCHED GIBEON IRON METEORITE SLICE SLAB BRILLIANT ETCH AAAA+++,229.6,2021-09-16,41,5.6,WorthPoint
muonionalusta-meteorite,6.96 Grams 30x13x3mm MUONIONALUSTA Iron Meteorite Cut Fragment - Fell In SWEDEN,20,2021-09-16,6.96,2.87,WorthPoint
muonionalusta-meteorite,"Muonionalista Iron Meteorite, Large Full Slice, 317.6g, Stable! Won't Rust!",550,2021-09-15,317.6,1.73,WorthPoint
muonionalusta-meteorite,GENUINE Meteorite MUONIONALUSTA Sterling Silver Ring Size 7 Adjustable,68,2021-09-14,,,WorthPoint
muonionalusta-meteorite,2 Pcs Meteorite Pendant Muonionalusta Collectibles Amulet Fashion,34.99,2021-09-14,,,WorthPoint
muonionalusta-meteorite,Saint Aubin Meteorite Etched Part Slice 23.2 Grams,56.1,2021-09-11,23.2,2.42,WorthPoint
muonionalusta-meteorite,Seymchan Meteorite Part Slice 29.1 Grams,58.3,2021-09-11,29.1,2,WorthPoint
muonionalusta-meteorite,2.34 Grams 15mm MUONIONALUSTA Iron Meteorite Small Cut Fragment - Fell In SWEDEN,6.99,2021-09-10,2.34,2.99,WorthPoint
muonionalusta-meteorite,Sericho Meteorite From Kenya Part Slice 4.7 Grams,17.6,2021-09-10,4.7,3.74,WorthPoint
muonionalusta-meteorite,Sericho Meteorite Pallasite From Kenya Individual 3 Grams!,22,2021-09-10,3,7.33,WorthPoint
muonionalusta-meteorite,Seymchan Meteorite Part Slice 30 Grams,59.4,2021-09-10,30,1.98,WorthPoint
muonionalusta-meteorite,Aletai Meteorite Part Slice 39.7 Grams,92.4,2021-09-10,39.7,2.33,WorthPoint
muonionalusta-meteorite,Soledade Meteorite Etched Part Slice 25.7 Grams Great Etch,90.2,2021-09-10,25.7,3.51,WorthPoint
muonionalusta-meteorite,Saint Aubin Meteorite Etched Part Slice 10.1 Grams,27.5,2021-09-10,10.1,2.72,WorthPoint
muonionalusta-meteorite,Moldavite Meteorite Jewelry Meteorite Pendant 045,166.1,2021-09-10,,,WorthPoint
muonionalusta-meteorite,Saint Aubin Meteorite Etched Part Slice 8.2 Grams!,25.3,2021-09-10,8.2,3.09,WorthPoint
muonionalusta-meteorite,Amazing 260 Gm. Muonionalusta Etched Meteorite Slab,566.1,2021-09-09,260,2.18,WorthPoint
muonionalusta-meteorite,Amazing 326 Gm. Muonionalusta Etched Meteorite Slab,665.1,2021-09-07,326,2.04,WorthPoint
muonionalusta-meteorite,Seymchan Meteorite Part Slice 36.5 Grams,71.5,2021-09-06,36.5,1.96,WorthPoint
muonionalusta-meteorite,MUONIONALUSTA Meteorite Part Slice-Sweden,68.95,2021-09-06,,,WorthPoint
muonionalusta-meteorite,1.69 Grams 15mm MUONIONALUSTA Iron Meteorite Small Cut Fragment - Fell In SWEDEN,7.5,2021-09-02,1.69,4.44,WorthPoint
muonionalusta-meteorite,Seymchan Meteorite Part Slice 51.6 Grams,99,2021-09-01,51.6,1.92,WorthPoint
muonionalusta-meteorite,Saint Aubin Meteorite Etched Part Slice 27 Grams,63.8,2021-08-30,27,2.36,WorthPoint
muonionalusta-meteorite,Sikhote Alin Meteorite Individual 10.7 Grams!!,48.4,2021-08-30,10.7,4.52,WorthPoint
muonionalusta-meteorite,Canyon Diablo Meteorite Individual 11 Grams!,23,2021-08-26,11,2.09,WorthPoint
muonionalusta-meteorite,"Muonionalusta 21.45g Iron Meteorite, Partial Slice ** GREAT ETCH ** Sealed",10.5,2021-08-22,21.45,0.49,WorthPoint
muonionalusta-meteorite,"Iron Meteorite Muonionalusta, Sweden, Necklace, Pendant Circle Small #2",84.99,2021-08-22,,,WorthPoint
muonionalusta-meteorite,Seymchan Meteorite Part Slice 14.2 Grams,30.8,2021-08-21,14.2,2.17,WorthPoint
muonionalusta-meteorite,Saint Aubin Meteorite Etched Part Slice 12.2 Grams,31.9,2021-08-20,12.2,2.61,WorthPoint
muonionalusta-meteorite,Meteorite Jewelry Sericho Meteorite Pendant 925 Silver Seed Of Life,188.1,2021-08-20,,,WorthPoint
muonionalusta-meteorite,15g Muonionalusta Meteorite Part Slice V508,29.99,2021-08-19,15,2,WorthPoint
muonionalusta-meteorite,3.310 Grams 20mm MUONIONALUSTA Cut Iron SWEDEN Meteorite Slice Fragment With COA,20.5,2021-08-18,3.31,6.19,WorthPoint
muonionalusta-meteorite,2.793 Grams 20mm MUONIONALUSTA Cut Iron SWEDEN Meteorite Slice Fragment With COA,14.94,2021-08-16,2.793,5.35,WorthPoint
muonionalusta-meteorite,1.14 Grams 17mm MUONIONALUSTA Iron Meteorite Small Cut Fragment - Fell In SWEDEN,11.5,2021-08-16,1.14,10.09,WorthPoint
muonionalusta-meteorite,Muonionalusta Meteorite Necklace Pendant Part Slice V415,59.99,2021-08-16,,,WorthPoint
muonionalusta-meteorite,99g MUONIONALUSTA Iron Meteorite Cut Fragment G6165,150,2021-08-16,99,1.52,WorthPoint
muonionalusta-meteorite,8.68 Grams 33mm MUONIONALUSTA Cut Iron SWEDEN Meteorite Slice Fragment With COA,25.49,2021-08-15,8.68,2.94,WorthPoint
muonionalusta-meteorite,Saint Aubin Meteorite Etched Part Slice 4 Grams,16.5,2021-08-15,4,4.13,WorthPoint
muonionalusta-meteorite,87g Muonionalusta Meteorite Part Slice V404,109.99,2021-08-15,87,1.26,WorthPoint
muonionalusta-meteorite,52g Muonionalusta Meteorite Part Slice V457,89.99,2021-08-14,52,1.73,WorthPoint
muonionalusta-meteorite,Muonionalusta Meteorite Necklace Pendant Part Slice V407,39.99,2021-08-13,,,WorthPoint
muonionalusta-meteorite,3.171 Grams 21mm MUONIONALUSTA Cut Iron SWEDEN Meteorite Slice Fragment With COA,9.5,2021-08-13,3.171,3,WorthPoint
muonionalusta-meteorite,Muonionalusta Meteorite Solid Sterling Silver Handmade Pendant,75,2021-08-13,,,WorthPoint
muonionalusta-meteorite,143g MUONIONALUSTA Iron Meteorite Cut Fragment G6013,215,2021-08-12,143,1.5,WorthPoint
muonionalusta-meteorite,2.91 Grams 29mm MUONIONALUSTA Cut Iron SWEDEN Meteorite Slice Fragment With COA,9.5,2021-08-12,2.91,3.26,WorthPoint
muonionalusta-meteorite,Dronino Meteorite Part Slice 21.5 Grams!,46.2,2021-08-12,21.5,2.15,WorthPoint
muonionalusta-meteorite,Dronino Meteorite Part Slice 18.7 Grams,40.7,2021-08-12,18.7,2.18,WorthPoint
muonionalusta-meteorite,Dronino Meteorite Part Slice 22 Grams,47.3,2021-08-12,22,2.15,WorthPoint
muonionalusta-meteorite,35g Muonionalusta Meteorite Part Slice V388,69.99,2021-08-12,35,2,WorthPoint
muonionalusta-meteorite,4.9 G Muonionalusta Iron IVA W/COA - RARE Crusted FRAGMENT Meteorite,35,2021-08-12,4.9,7.14,WorthPoint
muonionalusta-meteorite,46g MUONIONALUSTA Iron Meteorite Cut Fragment G5015,69,2021-08-11,46,1.5,WorthPoint
muonionalusta-meteorite,47g MUONIONALUSTA Iron Meteorite Cut Fragment G5019,70,2021-08-11,47,1.49,WorthPoint
muonionalusta-meteorite,47g MUONIONALUSTA Iron Meteorite Cut Fragment G5016,70,2021-08-11,47,1.49,WorthPoint
muonionalusta-meteorite,Sericho Meteorite Pallasite From Kenya Individual 8.3 Grams,38.72,2021-08-10,8.3,4.67,WorthPoint
muonionalusta-meteorite,Meteorite Watch Muonionalusta. Worn Once. Owned Since 2017. Needs A New Battery,205,2021-08-09,,,WorthPoint
muonionalusta-meteorite,9.32 Gram MUONIONALUSTA ECTHED IRON METEORITE Specimen - Found In SWEDEN,60,2021-08-09,9.32,6.44,WorthPoint
muonionalusta-meteorite,1.38 Grams 14mm MUONIONALUSTA Iron Meteorite Small Cut Fragment - Fell In SWEDEN,10.5,2021-08-08,1.38,7.61,WorthPoint
muonionalusta-meteorite,38g Muonionalusta Meteorite Part Slice V389,69.99,2021-08-08,38,1.84,WorthPoint
muonionalusta-meteorite,Muonionalusta Meteorite Necklace Pendant Part Slice V353,39.99,2021-08-08,,,WorthPoint
muonionalusta-meteorite,Saint Aubin Meteorite Etched Part Slice 4.5 Grams!,13.2,2021-08-07,4.5,2.93,WorthPoint
muonionalusta-meteorite,20g MUONIONALUSTA Iron Meteorite Cut Fragment G5116,39.99,2021-08-07,20,2,WorthPoint
muonionalusta-meteorite,3.337 Grams 17mm MUONIONALUSTA Cut Iron SWEDEN Meteorite Slice Fragment With COA,9.5,2021-08-07,3.337,2.85,WorthPoint
muonionalusta-meteorite,3.147 Grams 20mm MUONIONALUSTA Cut Iron SWEDEN Meteorite Slice Fragment With COA,9.5,2021-08-07,3.147,3.02,WorthPoint
muonionalusta-meteorite,Saint Aubin Meteorite Etched Part Slice 8.8 Grams,22,2021-08-06,8.8,2.5,WorthPoint
muonionalusta-meteorite,"REAL Muonionalusta Meteorite Iron Etched Slice Fine Octahedrite 54g, Sweden",135,2021-08-06,54,2.5,WorthPoint
muonionalusta-meteorite,85g MUONIONALUSTA Iron Meteorite Cut Fragment G3183,129,2021-08-06,85,1.52,WorthPoint
muonionalusta-meteorite,110g MUONIONALUSTA Iron Meteorite Cut Fragment G3343,169,2021-08-03,110,1.54,WorthPoint
muonionalusta-meteorite,3.254 Grams 20mm MUONIONALUSTA Cut Iron SWEDEN Meteorite Slice Fragment With COA,8.99,2021-08-03,3.254,2.76,WorthPoint
muonionalusta-meteorite,3.161 Grams 20mm MUONIONALUSTA Cut Iron SWEDEN Meteorite Slice Fragment With COA,8.99,2021-08-03,3.161,2.84,WorthPoint
muonionalusta-meteorite,Saint Aubin Meteorite Etched Part Slice 4.9 Grams,15.89,2021-07-31,4.9,3.24,WorthPoint
muonionalusta-meteorite,2.099 Grams 19mm MUONIONALUSTA Cut Iron SWEDEN Meteorite Slice Fragment With COA,6.99,2021-07-31,2.099,3.33,WorthPoint
muonionalusta-meteorite,80g MUONIONALUSTA Iron Meteorite Cut Fragment G5364,119,2021-07-31,80,1.49,WorthPoint
muonionalusta-meteorite,Aletai Meteorite Part Slice 43.6 Grams,86.02,2021-07-30,43.6,1.97,WorthPoint
muonionalusta-meteorite,Dronino Meteorite Part Slice 23.9 Grams!,43.01,2021-07-30,23.9,1.8,WorthPoint
muonionalusta-meteorite,Soledade Meteorite Etched Part Slice 27.9 Grams Great Etch,82.28,2021-07-30,27.9,2.95,WorthPoint
muonionalusta-meteorite,Lunar Meteorite NWA 11474 Meteorite Individual 1.5 Grams!!,127.5,2021-07-30,1.5,85,WorthPoint
muonionalusta-meteorite,3.861 Grams 20mm MUONIONALUSTA Cut Iron SWEDEN Meteorite Slice Fragment With COA,11.5,2021-07-29,3.861,2.98,WorthPoint
muonionalusta-meteorite,3.444 Grams 20mm MUONIONALUSTA Cut Iron SWEDEN Meteorite Slice Fragment With COA,8.99,2021-07-29,3.444,2.61,WorthPoint
muonionalusta-meteorite,3.122 Grams 20mm MUONIONALUSTA Cut Iron SWEDEN Meteorite Slice Fragment With COA,8.99,2021-07-29,3.122,2.88,WorthPoint
muonionalusta-meteorite,3.113 Grams 22mm MUONIONALUSTA Cut Iron SWEDEN Meteorite Slice Fragment With COA,11.5,2021-07-29,3.113,3.69,WorthPoint
muonionalusta-meteorite,2.880 Grams 20mm MUONIONALUSTA Cut Iron SWEDEN Meteorite Slice Fragment With COA,7.5,2021-07-29,2.88,2.6,WorthPoint
muonionalusta-meteorite,1.319 Grams 23mm MUONIONALUSTA Cut Iron SWEDEN Meteorite Slice Fragment With COA,8.5,2021-07-29,1.319,6.44,WorthPoint
muonionalusta-meteorite,Meteorite - 17.8g Muonionalusta Polished And Etched Full Slice,49.95,2021-07-28,17.8,2.81,WorthPoint
muonionalusta-meteorite,Seymchan Meteorite Part Slice 13.8 Grams,25.24,2021-07-26,13.8,1.83,WorthPoint
muonionalusta-meteorite,744g MUONIONALUSTA Iron Meteorite Cut Fragment G3351,1116,2021-07-25,744,1.5,WorthPoint
muonionalusta-meteorite,Meteorite Muonionalusta Square Shape Pendant Necklace G46,35,2021-07-25,,,WorthPoint
muonionalusta-meteorite,Muonionalusta Meteorite Necklace Pendant Part Slice V355,10,2021-07-25,,,WorthPoint
muonionalusta-meteorite,93g MUONIONALUSTA Iron Meteorite Cut Fragment G3185,139,2021-07-23,93,1.49,WorthPoint
muonionalusta-meteorite,93g MUONIONALUSTA Iron Meteorite Cut Fragment G5031,139,2021-07-23,93,1.49,WorthPoint
muonionalusta-meteorite,89g MUONIONALUSTA Iron Meteorite Cut Fragment G3155,133,2021-07-23,89,1.49,WorthPoint
muonionalusta-meteorite,Brahin Meteorite Pallasite Full Slice 132.4 Grams!,991.1,2021-07-23,132.4,7.49,WorthPoint
muonionalusta-meteorite,Uruacu Iron Meteorite Individual 202.6 Grams!,153.34,2021-07-23,202.6,0.76,WorthPoint
muonionalusta-meteorite,"Muonionalusta Etched Meteorite Tablet W/Widmanstätten Pattern, 39x39x3mm, 28.3 G",500,2021-07-23,28.3,17.67,WorthPoint
muonionalusta-meteorite,Muonionalusta Meteorite Etched Part Slice 49.3 Grams!,90.2,2021-07-22,49.3,1.83,WorthPoint
muonionalusta-meteorite,Brahin Meteorite Pallasite Part Slice 15.5 Grams!,113.14,2021-07-22,15.5,7.3,WorthPoint
muonionalusta-meteorite,Muonionalusta Meteorite Part Slice Pendant Necklace G405,39,2021-07-22,,,WorthPoint
muonionalusta-meteorite,Meteorite Muonionalusta Water Droplets Shape Pendant Necklace G241,49,2021-07-21,,,WorthPoint
muonionalusta-meteorite,20.6 Gram MUONIONALUSTA ECTHED IRON METEORITE - Slice - Found In Sweden,99,2021-07-21,20.6,4.81,WorthPoint
muonionalusta-meteorite,Seymchan Meteorite Part Slice 12.2 Grams,27.5,2021-07-21,12.2,2.25,WorthPoint
muonionalusta-meteorite,75g MUONIONALUSTA Iron Meteorite Cut Fragment G3345,112,2021-07-21,75,1.49,WorthPoint
muonionalusta-meteorite,Muonionalusta Meteorite Necklace Pendant Part Slice V305,10.5,2021-07-20,,,WorthPoint
muonionalusta-meteorite,Muonionalusta Meteorite Part Slice Pendant Necklace G403,39,2021-07-18,,,WorthPoint
muonionalusta-meteorite,Muonionalusta Meteorite Ring Part Slice Adjustable Ring G3335,49.99,2021-07-18,,,WorthPoint
muonionalusta-meteorite,Saint Aubin Meteorite Etched Part Slice 4.8 Grams*,17.6,2021-07-18,4.8,3.67,WorthPoint
muonionalusta-meteorite,"Muonionalusta Meteorite, 990g Half Stone. Fully Stabilized, Guaranteed Rust Free",990,2021-07-17,990,1,WorthPoint
muonionalusta-meteorite,BEAUTIFUL 119g ETCHED GIBEON IRON METEORITE SLICE SLAB BRILLIANT ETCH BOLSTERS,637.5,2021-07-17,119,5.36,WorthPoint
muonionalusta-meteorite,Amazing 49 Gm. Muonionalusta Etched Meteorite End Piece,111.6,2021-07-17,49,2.28,WorthPoint
muonionalusta-meteorite,3.30 Grams 21mm MUONIONALUSTA Iron Meteorite Small Cut Fragment - Fell In SWEDEN,8.99,2021-07-16,3.3,2.72,WorthPoint
muonionalusta-meteorite,109g MUONIONALUSTA Iron Meteorite Cut Fragment G3160,169,2021-07-16,109,1.55,WorthPoint
muonionalusta-meteorite,Saint Aubin Meteorite Etched Part Slice 2.8 Grams!!,13.2,2021-07-16,2.8,4.71,WorthPoint
muonionalusta-meteorite,Saint Aubin Meteorite Etched Part Slice 2 Grams*,11,2021-07-15,2,5.5,WorthPoint
muonionalusta-meteorite,118g MUONIONALUSTA Iron Meteorite Cut Fragment G3161,177,2021-07-15,118,1.5,WorthPoint
muonionalusta-meteorite,76g MUONIONALUSTA Iron Meteorite Cut Fragment G3151,114,2021-07-14,76,1.5,WorthPoint
muonionalusta-meteorite,THE LEGEND OF THE NIBELUNGS - 2019 1 Oz Pure Muonionalusta Meteorite Coin - NIUE,549.95,2021-07-14,28.35,19.4,WorthPoint
muonionalusta-meteorite,Sericho Meteorite Pallasite From Kenya Individual 222.9 Grams,289.3,2021-07-14,222.9,1.3,WorthPoint
muonionalusta-meteorite,Meteorite Muonionalusta Pendant Necklace G3131,49.99,2021-07-14,,,WorthPoint
muonionalusta-meteorite,78g MUONIONALUSTA Iron Meteorite Cut Fragment G3153,117,2021-07-13,78,1.5,WorthPoint
muonionalusta-meteorite,2.61 Grams 18mm MUONIONALUSTA Iron Meteorite Small Cut Fragment - Fell In SWEDEN,6.99,2021-07-13,2.61,2.68,WorthPoint
muonionalusta-meteorite,Muonionalusta Meteorite Necklace Pendant Part Slice V286,23.5,2021-07-13,,,WorthPoint
muonionalusta-meteorite,Muonionalusta Meteorite Part Slice Pendant Necklace G404,39,2021-07-11,,,WorthPoint
muonionalusta-meteorite,Amazing 204 Gm. Muonionalusta Etched Meteorite Slab,431.1,2021-07-11,204,2.11,WorthPoint
muonionalusta-meteorite,Saint Aubin Meteorite Etched Part Slice 5.2 Grams!,19.8,2021-07-10,5.2,3.81,WorthPoint
muonionalusta-meteorite,2.40 Grams 15mm MUONIONALUSTA Iron Meteorite Small Cut Fragment - Fell In SWEDEN,6.99,2021-07-09,2.4,2.91,WorthPoint
muonionalusta-meteorite,Sericho Meteorite From Kenya Part Slice 46 Grams,105.6,2021-07-07,46,2.3,WorthPoint
muonionalusta-meteorite,41.7 Gram MUONIONALUSTA ECTHED IRON METEORITE - Slice - Found In Sweden,129,2021-07-07,41.7,3.09,WorthPoint
muonionalusta-meteorite,Saint Aubin Meteorite Etched Part Slice 17.2 Grams,42.9,2021-07-07,17.2,2.49,WorthPoint
muonionalusta-meteorite,4.14 Grams 19mm MUONIONALUSTA Iron Meteorite Small Cut Fragment - Fell In SWEDEN,13.5,2021-07-06,4.14,3.26,WorthPoint
muonionalusta-meteorite,4.60 Grams 30mm MUONIONALUSTA Iron Meteorite Small Cut Fragment - Fell In SWEDEN,11.99,2021-07-06,4.6,2.61,WorthPoint
muonionalusta-meteorite,Muonionalusta Meteorite Necklace Pendant Part Slice,6.5,2021-07-05,,,WorthPoint
muonionalusta-meteorite,4.28 Grams 30mm MUONIONALUSTA Iron Meteorite Small Cut Fragment - Fell In SWEDEN,11.99,2021-07-03,4.28,2.8,WorthPoint
muonionalusta-meteorite,2.89 Grams 19mm MUONIONALUSTA Iron Meteorite Small Cut Fragment - Fell In SWEDEN,6.99,2021-07-03,2.89,2.42,WorthPoint
muonionalusta-meteorite,Lunar Meteorite NWA 11474 Meteorite End Cut 2.4 Grams!,282.7,2021-07-03,2.4,117.79,WorthPoint
muonionalusta-meteorite,Tassedet 004 Meteorite NWA Full Slice 77.1 Grams,301.4,2021-07-03,77.1,3.91,WorthPoint
muonionalusta-meteorite,Sikhote Alin Meteorite Individual 14.5 Grams,62.7,2021-07-03,14.5,4.32,WorthPoint
muonionalusta-meteorite,Soledade Meteorite Etched Full Slice 303.6 Grams Great Etch,1013.1,2021-07-03,303.6,3.34,WorthPoint
muonionalusta-meteorite,"Muonionalusta Meteorite Etched End Cut 1,043 Grams!",1320,2021-07-03,43,30.7,WorthPoint
muonionalusta-meteorite,21.5 Gram MUONIONALUSTA ECTHED IRON METEORITE - Slice - Found In Sweden,55,2021-07-03,21.5,2.56,WorthPoint
muonionalusta-meteorite,Amazing 216 Gm. Muonionalusta Etched Meteorite Slab,449.1,2021-07-03,216,2.08,WorthPoint
muonionalusta-meteorite,Meteorite Bead Bracelet - With Black Silicone Band,95,2021-07-03,,,WorthPoint
muonionalusta-meteorite,17.6 Gram MUONIONALUSTA ECTHED IRON METEORITE - Slice - Found In Sweden,80,2021-07-02,17.6,4.55,WorthPoint
muonionalusta-meteorite,Muonionalusta Meteorite Etched Unique Shape 8.5 Grams,19,2021-07-01,8.5,2.24,WorthPoint
muonionalusta-meteorite,2.20 Grams 27mm MUONIONALUSTA Iron Meteorite Small Cut Fragment - Fell In SWEDEN,6.99,2021-06-30,2.2,3.18,WorthPoint
muonionalusta-meteorite,Muonionalusta Meteorite Pendant Z014,12.5,2021-06-30,,,WorthPoint
muonionalusta-meteorite,Canyon Diablo Meteorite Individual 324.3 Grams,335,2021-06-29,324.3,1.03,WorthPoint
muonionalusta-meteorite,5.34 Grams 20mm MUONIONALUSTA Iron Meteorite Small Cut Fragment - Fell In SWEDEN,13.99,2021-06-28,5.34,2.62,WorthPoint
muonionalusta-meteorite,4.39 Grams 19mm MUONIONALUSTA Iron Meteorite Small Cut Fragment - Fell In SWEDEN,10.99,2021-06-28,4.39,2.5,WorthPoint
muonionalusta-meteorite,2.91 Grams 29mm MUONIONALUSTA Iron Meteorite Small Cut Fragment - Fell In SWEDEN,6.99,2021-06-28,2.91,2.4,WorthPoint
muonionalusta-meteorite,Meteorite - 4.9g Muonionalusta,14.95,2021-06-28,4.9,3.05,WorthPoint
muonionalusta-meteorite,Dronino Meteorite Part Slice 22.8 Grams,44,2021-06-27,22.8,1.93,WorthPoint
muonionalusta-meteorite,Sericho Meteorite Pallasite From Kenya Individual 3.6 Grams,23,2021-06-27,3.6,6.39,WorthPoint
muonionalusta-meteorite,Canyon Diablo Meteorite Individual 8.3 Grams!,20,2021-06-27,8.3,2.41,WorthPoint
muonionalusta-meteorite,Amazing 73 Gm. Muonionalusta Etched Meteorite End Piece,143.1,2021-06-27,73,1.96,WorthPoint
muonionalusta-meteorite,Meteorite Jewelry Meteorite Bracelet Stainless Steel 0127 9 Inches,92,2021-06-26,,,WorthPoint
muonionalusta-meteorite,Sericho Meteorite From Kenya Part Slice 10.1 Grams,25,2021-06-25,10.1,2.48,WorthPoint
muonionalusta-meteorite,"Muonionalusta Meteorite Triangular Piece In A Square Display Box, From Sweden",34.99,2021-06-25,,,WorthPoint
muonionalusta-meteorite,Muonionalusta Meteorite Part Slice Pendant Necklace G408,39,2021-06-25,,,WorthPoint
muonionalusta-meteorite,Saint Aubin Meteorite Etched End Cut 11.7 Grams*,28,2021-06-24,11.7,2.39,WorthPoint
muonionalusta-meteorite,Saint Aubin Meteorite Etched End Cut 10.4 Grams*,25,2021-06-24,10.4,2.4,WorthPoint
muonionalusta-meteorite,Seymchan Meteorite Part Slice 20.9 Grams,39,2021-06-23,20.9,1.87,WorthPoint
muonionalusta-meteorite,Seymchan Meteorite Part Slice 16.1 Grams,31,2021-06-23,16.1,1.93,WorthPoint
muonionalusta-meteorite,Soledade Meteorite Etched Part Slice 12 Grams Great Etch,40,2021-06-22,12,3.33,WorthPoint
muonionalusta-meteorite,Nantan Etched Meteorite Part Slice 6.9 Grams!,18,2021-06-22,6.9,2.61,WorthPoint
muonionalusta-meteorite,Seymchan Meteorite Part Slice 11.3 Grams,23,2021-06-22,11.3,2.04,WorthPoint
muonionalusta-meteorite,Agoudal Meteorite Etched Full Slice 26.5 Grams,70,2021-06-22,26.5,2.64,WorthPoint
muonionalusta-meteorite,Sericho Meteorite From Kenya Part Slice 17.7 Grams,40,2021-06-22,17.7,2.26,WorthPoint
muonionalusta-meteorite,Meteorite - 2.9g Muonionalusta Polished And Etched End Piece,11.95,2021-06-21,2.9,4.12,WorthPoint
muonionalusta-meteorite,Saint Aubin Meteorite Etched Part Slice 7.1 Grams!,22,2021-06-21,7.1,3.1,WorthPoint
muonionalusta-meteorite,Saint Aubin Meteorite Etched Part Slice 46 Grams!,16,2021-06-21,46,0.35,WorthPoint
muonionalusta-meteorite,Meteorite Jewelry Canyon Diablo Meteorite Pendant 26.4 Grams!,153,2021-06-21,26.4,5.8,WorthPoint
muonionalusta-meteorite,Sericho Meteorite Pallasite From Kenya Part Slice 14.5 Grams,78,2021-06-19,14.5,5.38,WorthPoint
muonionalusta-meteorite,Seymchan Meteorite Part Slice 47.4 Grams,83,2021-06-19,47.4,1.75,WorthPoint
muonionalusta-meteorite,Canyon Diablo Meteorite Individual 8 Grams!,19,2021-06-18,8,2.38,WorthPoint
muonionalusta-meteorite,Amazing 92 Gm. Muonionalusta Etched Meteorite End Piece,179.1,2021-06-17,92,1.95,WorthPoint
muonionalusta-meteorite,Brahin Meteorite Pallasite Part Slice 17.6 Grams!,110,2021-06-17,17.6,6.25,WorthPoint
muonionalusta-meteorite,Seymchan Meteorite End Cut 5.8 Grams,14,2021-06-16,5.8,2.41,WorthPoint
muonionalusta-meteorite,Brenham Meteorite Pallasite Part Slice 36.4 Grams!,218,2021-06-16,36.4,5.99,WorthPoint
muonionalusta-meteorite,Nantan Etched Meteorite Part Slice 3.7 Grams!,12,2021-06-14,3.7,3.24,WorthPoint
muonionalusta-meteorite,Sikhote Alin Meteorite Individual 1.2 Grams,15,2021-06-14,1.2,12.5,WorthPoint
muonionalusta-meteorite,Meteorites - 10 Muonionalusta Dust/Cuttings Specimen Vials,99.5,2021-06-14,,,WorthPoint
muonionalusta-meteorite,"Iron Meteorite Muonionalusta, Sweden, Earrings Moon",329.99,2021-06-13,,,WorthPoint
muonionalusta-meteorite,Meteorite - 40.6g Muonionalusta Polished And Etched End Piece,119.95,2021-06-13,40.6,2.95,WorthPoint
muonionalusta-meteorite,Gold Basin Individual Meteorite 51.5 Grams,66,2021-06-13,51.5,1.28,WorthPoint
muonionalusta-meteorite,Meteorite Jewelry Muonionalusta Meteorite Thin 15mm Square Slice,20,2021-06-12,,,WorthPoint
muonionalusta-meteorite,Seymchan Meteorite Pallasite Part Slice 54.4 Grams!,286,2021-06-11,54.4,5.26,WorthPoint
muonionalusta-meteorite,Amazing 348 Gm. Muonionalusta Etched Meteorite Slab,674.1,2021-06-11,348,1.94,WorthPoint
muonionalusta-meteorite,Saint Aubin Meteorite Etched Part Slice 35.3 Grams,65,2021-06-09,35.3,1.84,WorthPoint
muonionalusta-meteorite,22.7 Gram MUONIONALUSTA ECTHED IRON METEORITE - Slice - Found In Sweden,99,2021-06-08,22.7,4.36,WorthPoint
muonionalusta-meteorite,Nantan Etched Meteorite Part Slice 13 Grams,20.4,2021-06-08,13,1.57,WorthPoint
muonionalusta-meteorite,Soledade Meteorite Etched Part Slice 5.7 Grams Great Etch,25,2021-06-06,5.7,4.39,WorthPoint
muonionalusta-meteorite,Campo Meteorite Etched Full Slice 233.2 Grams Great Etch,207.4,2021-06-05,233.2,0.89,WorthPoint
muonionalusta-meteorite,Soledade Meteorite Etched Part Slice 55.4 Grams Great Etch,145.35,2021-06-05,55.4,2.62,WorthPoint
muonionalusta-meteorite,Aletai Meteorite Part Slice 48.2 Grams,85.85,2021-06-05,48.2,1.78,WorthPoint
muonionalusta-meteorite,30.8 Gram MUONIONALUSTA ECTHED IRON METEORITE - Slice - Found In Sweden,120,2021-06-04,30.8,3.9,WorthPoint
muonionalusta-meteorite,Amazing 372 Gm. Muonionalusta Etched Meteorite Slab,719.1,2021-06-02,372,1.93,WorthPoint
muonionalusta-meteorite,Soledade Meteorite Etched Part Slice 1.4 Grams Great Etch,11,2021-06-02,1.4,7.86,WorthPoint
muonionalusta-meteorite,Muonionalusta Meteorite 2x1cm RECTANGLE Slice,44,2021-06-02,,,WorthPoint
muonionalusta-meteorite,52.3 Gram MUONIONALUSTA ECTHED IRON METEORITE - Slice - Found In Sweden,155,2021-06-01,52.3,2.96,WorthPoint
muonionalusta-meteorite,Meteorite Jewelry Muonionalusta Meteorite Thin 20mm Triangle Slice,27,2021-06-01,,,WorthPoint
muonionalusta-meteorite,35.2 Gram MUONIONALUSTA ECTHED IRON METEORITE - Endcut - Found In Sweden,105,2021-06-01,35.2,2.98,WorthPoint
muonionalusta-meteorite,Moldavite Meteorite Jewelry Meteorite Pendant Ying Yang Pendant,138,2021-06-01,,,WorthPoint
muonionalusta-meteorite,Muonionalusta Meteorite Pocket Watch Meteorite Jewelry,69,2021-06-01,,,WorthPoint
muonionalusta-meteorite,Sericho Meteorite Pallasite From Kenya Part Slice 14.2 Grams,76,2021-05-31,14.2,5.35,WorthPoint
muonionalusta-meteorite,Muonionalusta Meteorite Part Slice Pendant Necklace G407,39,2021-05-30,,,WorthPoint
muonionalusta-meteorite,Amazing 60 Gm. Muonionalusta Etched Meteorite End Piece,134.1,2021-05-30,60,2.24,WorthPoint
muonionalusta-meteorite,Muonionalusta Meteorite Etched Part Slice 45.9 Grams,73,2021-05-30,45.9,1.59,WorthPoint
muonionalusta-meteorite,Aletai Meteorite End Cut 50 Grams,104,2021-05-29,50,2.08,WorthPoint
muonionalusta-meteorite,Meteorite Jewelry Sericho Meteorite Pendant 925 Silver Big Star,171,2021-05-28,,,WorthPoint
muonionalusta-meteorite,Aletai Meteorite Part Slice 63.8 Grams,132,2021-05-27,63.8,2.07,WorthPoint
muonionalusta-meteorite,Sericho Meteorite Pallasite From Kenya Individual 261.6 Grams,306,2021-05-27,261.6,1.17,WorthPoint
muonionalusta-meteorite,Amazing 70 Gm. Muonionalusta Etched Meteorite End Piece,156.6,2021-05-26,70,2.24,WorthPoint
muonionalusta-meteorite,Amazing 158 Gm. Muonionalusta Etched Meteorite Slab,291.6,2021-05-26,158,1.85,WorthPoint
muonionalusta-meteorite,Amazing 338 Gm. Muonionalusta Etched Meteorite End Cut,566.1,2021-05-24,338,1.67,WorthPoint
muonionalusta-meteorite,Meteorites - 3 Campo Del Cielo And 1 Muonionalusta Dust/Cuttings Specimen Vials,39.8,2021-05-24,,,WorthPoint
muonionalusta-meteorite,Amazing 424 Gm. Muonionalusta Etched Meteorite End Cut,674.1,2021-05-23,424,1.59,WorthPoint
muonionalusta-meteorite,Dronino Meteorite Part Slice 17.2 Grams,35,2021-05-22,17.2,2.03,WorthPoint
muonionalusta-meteorite,Canyon Diablo Meteorite Individual 6.2 Grams,17,2021-05-20,6.2,2.74,WorthPoint
muonionalusta-meteorite,4.2 Gram MUONIONALUSTA ECTHED IRON METEORITE - Slice - Found In Sweden,19,2021-05-20,4.2,4.52,WorthPoint
muonionalusta-meteorite,Sericho Meteorite From Kenya Part Slice 6.1 Grams,17,2021-05-20,6.1,2.79,WorthPoint
muonionalusta-meteorite,Brahin Meteorite Pallasite Part Slice 15.6 Grams!,116,2021-05-19,15.6,7.44,WorthPoint
muonionalusta-meteorite,Electroplated Meteorite Jewelry Muonionalusta Meteorite Thin 33X30mm Guitar Pick,99,2021-05-19,,,WorthPoint
muonionalusta-meteorite,"66g Slice Meteorites, Muonionalusta Meteorite Part Slice K5244",31,2021-05-19,66,0.47,WorthPoint
muonionalusta-meteorite,"78g Slice Meteorites, Muonionalusta Meteorite Part Slice K4316",38,2021-05-18,78,0.49,WorthPoint
muonionalusta-meteorite,2011 Stardust Of The Universe Silver Proof Coin MUONIONALUSTA IRON Meteorite,100,2021-05-18,,,WorthPoint
muonionalusta-meteorite,Large 610 Gm. Muonionalusta Meteorite Slab W/ Stand Sweden; Ring; Jewelry,809.19,2021-05-17,610,1.33,WorthPoint
muonionalusta-meteorite,Aletai Meteorite Part Slice 39.6 Grams,71.4,2021-05-17,39.6,1.8,WorthPoint
muonionalusta-meteorite,Sericho Meteorite From Kenya Part Slice 10 Grams,20.4,2021-05-17,10,2.04,WorthPoint
muonionalusta-meteorite,Sericho Meteorite From Kenya Part Slice 8.2 Grams,17.85,2021-05-17,8.2,2.18,WorthPoint
muonionalusta-meteorite,Dronino Meteorite Part Slice 19.9 Grams,33.15,2021-05-17,19.9,1.67,WorthPoint
muonionalusta-meteorite,Saint Aubin Meteorite Etched Part Slice 8.7 Grams,17.85,2021-05-17,8.7,2.05,WorthPoint
muonionalusta-meteorite,15.680g Muonionalusta Etched Iron IVA Meteorite From Sweden,29,2021-05-17,15.68,1.85,WorthPoint
muonionalusta-meteorite,"110g Slice Meteorites, Muonionalusta Meteorite Part Slice K5299",36,2021-05-17,110,0.33,WorthPoint
muonionalusta-meteorite,"184g Slice Meteorites, Muonionalusta Meteorite Part Slice K5677",185.5,2021-05-17,184,1.01,WorthPoint
muonionalusta-meteorite,Canyon Diablo Meteorite Individual 5.9 Grams!,13.6,2021-05-17,5.9,2.31,WorthPoint
muonionalusta-meteorite,Canyon Diablo Meteorite Individual 5.8 Grams!,13.6,2021-05-17,5.8,2.34,WorthPoint
muonionalusta-meteorite,Aletai Meteorite Part Slice 56 Grams,98.6,2021-05-16,56,1.76,WorthPoint
muonionalusta-meteorite,"43g Slice Meteorites, Muonionalusta Meteorite Part Slice K5246",43,2021-05-16,43,1,WorthPoint
muonionalusta-meteorite,Amazing 570 Gm. Muonionalusta Etched Meteorite Pair,899.1,2021-05-15,570,1.58,WorthPoint
muonionalusta-meteorite,Sericho Meteorite Pallasite From Kenya Individual 4.4 Grams!,22.95,2021-05-15,4.4,5.22,WorthPoint
muonionalusta-meteorite,31.1 Gram MUONIONALUSTA ECTHED IRON METEORITE - SLICE - Found In Sweden,109,2021-05-15,31.1,3.5,WorthPoint
muonionalusta-meteorite,22.3 Gram MUONIONALUSTA ECTHED IRON METEORITE - Slice - Found In Sweden,99,2021-05-15,22.3,4.44,WorthPoint
muonionalusta-meteorite,Seymchan Meteorite Pallasite Part Slice 46.1 Grams!,254.15,2021-05-15,46.1,5.51,WorthPoint
muonionalusta-meteorite,Amazing 198 Gm. Muonionalusta Etched Meteorite End Cut,323.1,2021-05-14,198,1.63,WorthPoint
muonionalusta-meteorite,Sericho Meteorite Pallasite From Kenya Full Slice 7.7 Grams,46.75,2021-05-14,7.7,6.07,WorthPoint
muonionalusta-meteorite,Bondoc Meteorite Etched Full Slice 4.1 Grams!,37,2021-05-13,4.1,9.02,WorthPoint
muonionalusta-meteorite,Agoudal Meteorite Sliced Part Slice 30.1 Grams New Find!,83,2021-05-13,30.1,2.76,WorthPoint
muonionalusta-meteorite,Amazing 150 Gm. Muonionalusta Etched Meteorite End Cut,251.1,2021-05-12,150,1.67,WorthPoint
muonionalusta-meteorite,1.74 Grams 22mm MUONIONALUSTA Iron Meteorite Small Cut Fragment - Fell In SWEDEN,10.5,2021-05-10,1.74,6.03,WorthPoint
muonionalusta-meteorite,Amazing 302 Gm. Muonionalusta Etched Meteorite End Cut,494.1,2021-05-10,302,1.64,WorthPoint
muonionalusta-meteorite,Amazing 348 Gm. Muonionalusta Etched Meteorite End Cut,566.1,2021-05-10,348,1.63,WorthPoint
muonionalusta-meteorite,Sericho Meteorite From Kenya Part Slice 9 Grams,22,2021-05-09,9,2.44,WorthPoint
muonionalusta-meteorite,Sericho Meteorite From Kenya Part Slice 8.9 Grams,22,2021-05-09,8.9,2.47,WorthPoint
muonionalusta-meteorite,"55g Slice Meteorites, Muonionalusta Meteorite Part Slice J961",59,2021-05-09,55,1.07,WorthPoint
muonionalusta-meteorite,Meteorite Jewelry Muonionalusta Meteorite Pendant 8mm Gold Plated Bead Pendant,46,2021-05-08,,,WorthPoint
muonionalusta-meteorite,Sericho Meteorite From Kenya Part Slice 9.5 Grams,23,2021-05-08,9.5,2.42,WorthPoint
muonionalusta-meteorite,Sericho Meteorite From Kenya Part Slice 9.4 Grams,23,2021-05-08,9.4,2.45,WorthPoint
muonionalusta-meteorite,Amazing 252 Gm. Muonionalusta Etched Meteorite End Cut,413.1,2021-05-08,252,1.64,WorthPoint
muonionalusta-meteorite,Aletai Meteorite Part Slice 42.8 Grams,90,2021-05-07,42.8,2.1,WorthPoint
muonionalusta-meteorite,Dronino Meteorite Part Slice 21.3 Grams,42,2021-05-06,21.3,1.97,WorthPoint
muonionalusta-meteorite,Aletai Meteorite Part Slice 10.5 Grams,25,2021-05-06,10.5,2.38,WorthPoint
muonionalusta-meteorite,Aletai Meteorite Part Slice 24.2 Grams,53,2021-05-06,24.2,2.19,WorthPoint
muonionalusta-meteorite,Seymchan Meteorite Pallasite Part Slice 44.5 Grams!,237,2021-05-05,44.5,5.33,WorthPoint
muonionalusta-meteorite,Sericho Meteorite Pallasite From Kenya Part Slice 14 Grams,75,2021-05-05,14,5.36,WorthPoint
muonionalusta-meteorite,Meteorite Jewelry Muonionalusta Meteorite Thin 15mm Triangle Slice,20,2021-05-04,,,WorthPoint
muonionalusta-meteorite,Dronino Meteorite Part Slice 24.6 Grams,48,2021-05-04,24.6,1.95,WorthPoint
muonionalusta-meteorite,Sikhote Alin Meteorite Individual 1.1 Grams,15,2021-05-03,1.1,13.64,WorthPoint
muonionalusta-meteorite,Saint Aubin Meteorite Etched Part Slice 14.5 Grams,26,2021-05-03,14.5,1.79,WorthPoint
muonionalusta-meteorite,Gold Basin Meteorite Individual (tumbled) 5 Grams,16,2021-05-03,5,3.2,WorthPoint
muonionalusta-meteorite,Muonionalusta Meteorite Ring Part Slice Adjustable Ring G47,29,2021-05-01,,,WorthPoint
muonionalusta-meteorite,"46g Slice Meteorites, Muonionalusta Meteorite Part Slice J942",59,2021-05-01,46,1.28,WorthPoint
muonionalusta-meteorite,Conception Junction Meteorite Part Slice 5.3 Grams!,189.55,2021-04-30,5.3,35.76,WorthPoint
muonionalusta-meteorite,Vinales Meteorite Individual 6.1 Grams,54.4,2021-04-30,6.1,8.92,WorthPoint
muonionalusta-meteorite,Canyon Diablo Meteorite Individual 6.6 Grams!,14.45,2021-04-28,6.6,2.19,WorthPoint
muonionalusta-meteorite,Give Her The Stars! Heart Shaped Muonionalusta Meteor In A Stainless Pendant!,24.99,2021-04-28,,,WorthPoint
muonionalusta-meteorite,5.40 Grams 22mm MUONIONALUSTA Iron Meteorite Small Cut Fragment - Fell In SWEDEN,15.99,2021-04-28,5.4,2.96,WorthPoint
muonionalusta-meteorite,Seymchan Meteorite Pallasite Full Slice 87.4 Grams!,236.3,2021-04-28,87.4,2.7,WorthPoint
muonionalusta-meteorite,Soledade Meteorite Etched Part Slice 19.9 Grams Great Etch,54.4,2021-04-27,19.9,2.73,WorthPoint
muonionalusta-meteorite,Gold Basin Meteorite Individual (tumbled) 6.4 Grams,12.75,2021-04-26,6.4,1.99,WorthPoint
muonionalusta-meteorite,Sericho Meteorite Pallasite From Kenya Part Slice 11.6 Grams,53.55,2021-04-26,11.6,4.62,WorthPoint
muonionalusta-meteorite,NWA 7831 Diogenite Meteorite 6.6 Gram Full Slice!,162.35,2021-04-25,6.6,24.6,WorthPoint
muonionalusta-meteorite,Mandaly Spring Meteorite End Cut 43.5 Grams,88.4,2021-04-25,43.5,2.03,WorthPoint
muonionalusta-meteorite,9.26 Gram MUONIONALUSTA ECTHED IRON METEORITE - Slice - Found In Sweden,45,2021-04-25,9.26,4.86,WorthPoint
muonionalusta-meteorite,Aletai Meteorite Part Slice 33.4 Grams,60.35,2021-04-24,33.4,1.81,WorthPoint
muonionalusta-meteorite,21.8 Gram MUONIONALUSTA ECTHED IRON METEORITE - SLICE - Found In Sweden,79,2021-04-24,21.8,3.62,WorthPoint
muonionalusta-meteorite,31.0 Gram MUONIONALUSTA ECTHED IRON METEORITE - Slice - Found In Sweden,109,2021-04-24,31,3.52,WorthPoint
muonionalusta-meteorite,Aletai Meteorite Part Slice 29.4 Grams,53.55,2021-04-23,29.4,1.82,WorthPoint
muonionalusta-meteorite,Dronino Meteorite Part Slice 37.3 Grams,59.5,2021-04-23,37.3,1.6,WorthPoint
muonionalusta-meteorite,Nantan Etched Meteorite Part Slice 3 Grams!,9.35,2021-04-23,3,3.12,WorthPoint
muonionalusta-meteorite,Amazing 352 Gm. Muonionalusta Etched Meteorite End Cut,539.1,2021-04-23,352,1.53,WorthPoint
muonionalusta-meteorite,Amazing 406 Gm. Muonionalusta Etched Meteorite End Cut,665.1,2021-04-23,406,1.64,WorthPoint
muonionalusta-meteorite,Amazing 196 Gm. Muonionalusta Etched Meteorite End Cut,323.1,2021-04-23,196,1.65,WorthPoint
muonionalusta-meteorite,"134g Slice Meteorites, Muonionalusta Meteorite Part Slice J1128",149.99,2021-04-23,134,1.12,WorthPoint
muonionalusta-meteorite,Sikhote Alin Meteorite Individual 12.7 Grams!!,51,2021-04-22,12.7,4.02,WorthPoint
muonionalusta-meteorite,Soledade Meteorite Etched Part Slice 21.9 Grams Great Etch,70,2021-04-22,21.9,3.2,WorthPoint
muonionalusta-meteorite,Amazing168 Gm. Muonionalusta Polished Meteorite End Piece; No Etch; .4 Lbs.,199,2021-04-21,168,1.18,WorthPoint
muonionalusta-meteorite,Dronino Meteorite Part Slice 17.4 Grams,35,2021-04-21,17.4,2.01,WorthPoint
muonionalusta-meteorite,"70g Slice Meteorites, Muonionalusta Meteorite Part Slice J1123",86.99,2021-04-21,70,1.24,WorthPoint
muonionalusta-meteorite,Amazing 128 Gm. Muonionalusta Etched Meteorite End Cut,206.1,2021-04-20,128,1.61,WorthPoint
muonionalusta-meteorite,Gold Basin Individual Meteorite 34.9 Grams,49,2021-04-20,34.9,1.4,WorthPoint
muonionalusta-meteorite,Meteorite Jewelry Muonionalusta Meteorite Pendant 10mm Gold Plated Bead Pendant,81,2021-04-20,,,WorthPoint
muonionalusta-meteorite,"90g Slice Meteorites, Muonionalusta Meteorite Part Slice K5676",47,2021-04-20,90,0.52,WorthPoint
muonionalusta-meteorite,"39g Slice Meteorites, Muonionalusta Meteorite Part Slice K5683",22.38,2021-04-19,39,0.57,WorthPoint
muonionalusta-meteorite,Meteorite Ring， Muonionalusta Meteorite，925 Sterling Silver ， Adjustable Ring,49.99,2021-04-19,,,WorthPoint
muonionalusta-meteorite,"164g Slice Meteorites, Muonionalusta Meteorite Part Slice K5681",89,2021-04-18,164,0.54,WorthPoint
muonionalusta-meteorite,"70g Slice Meteorites, Muonionalusta Meteorite Part Slice K5680",52,2021-04-18,70,0.74,WorthPoint
muonionalusta-meteorite,"135g Slice Meteorites, Muonionalusta Meteorite Part Slice K5741",43,2021-04-17,135,0.32,WorthPoint
muonionalusta-meteorite,"74g Slice Meteorites, Muonionalusta Meteorite Part Slice K5740",29.99,2021-04-17,74,0.41,WorthPoint
muonionalusta-meteorite,Saint Aubin Meteorite Etched Part Slice 12.4 Grams,23,2021-04-16,12.4,1.85,WorthPoint
muonionalusta-meteorite,Nantan Etched Meteorite Part Slice 10 Grams!,22,2021-04-16,10,2.2,WorthPoint
muonionalusta-meteorite,12.0 Gram MUONIONALUSTA ECTHED IRON METEORITE - SLICE - Found In SWEDEN,45,2021-04-16,12,3.75,WorthPoint
muonionalusta-meteorite,"64g Slice Meteorites, Muonionalusta Meteorite Part Slice K5104",32.51,2021-04-16,64,0.51,WorthPoint
muonionalusta-meteorite,"84g Slice Meteorites, Muonionalusta Meteorite Part Slice K5602",51,2021-04-16,84,0.61,WorthPoint
muonionalusta-meteorite,25.0 Gram MUONIONALUSTA ECTHED IRON METEORITE - Slice - Found In Sweden,75,2021-04-16,25,3,WorthPoint
muonionalusta-meteorite,Dronino Meteorite Part Slice 20 Grams,39,2021-04-15,20,1.95,WorthPoint
muonionalusta-meteorite,Sericho Meteorite Pallasite From Kenya Part Slice 11.4 Grams,62,2021-04-15,11.4,5.44,WorthPoint
muonionalusta-meteorite,"103g Slice Meteorites, Muonionalusta Meteorite Part Slice K4419",100,2021-04-15,103,0.97,WorthPoint
muonionalusta-meteorite,Saint Aubin Meteorite Etched Part Slice 17.1 Grams,30,2021-04-14,17.1,1.75,WorthPoint
muonionalusta-meteorite,52g Slice Of Meteorite Part Slice Meteorite Muonionalusta 1A56,69,2021-04-14,52,1.33,WorthPoint
muonionalusta-meteorite,"65g Slice Meteorites, Muonionalusta Meteorite Part Slice K5606",61,2021-04-14,65,0.94,WorthPoint
muonionalusta-meteorite,"106g Slice Meteorites, Muonionalusta Meteorite Part Slice K5604",100,2021-04-14,106,0.94,WorthPoint
muonionalusta-meteorite,Saint Aubin Meteorite Etched Part Slice 6.7 Grams,18,2021-04-14,6.7,2.69,WorthPoint
muonionalusta-meteorite,Meteorite Muonionalusta Square Shape Pendant Necklace G44,39,2021-04-13,,,WorthPoint
muonionalusta-meteorite,Muonionalusta Meteorite Ring Part Slice Adjustable Ring G48,29,2021-04-13,,,WorthPoint
muonionalusta-meteorite,Dronino Meteorite Part Slice 23.9 Grams,39.1,2021-04-13,23.9,1.64,WorthPoint
muonionalusta-meteorite,Muonionalusta Meteorite Necklace Pendant Part Slice A21,39.99,2021-04-13,,,WorthPoint
muonionalusta-meteorite,Sikhote Alin Meteorite Individual 2.3 Grams,11.9,2021-04-13,2.3,5.17,WorthPoint
muonionalusta-meteorite,"141g Slice Meteorites, Muonionalusta Meteorite Part Slice R5802",131.5,2021-04-13,141,0.93,WorthPoint
muonionalusta-meteorite,Canyon Diablo Meteorite Individual 12 Grams!,18.7,2021-04-12,12,1.56,WorthPoint
muonionalusta-meteorite,Tassedet 004 Meteorite NWA Individual 40.7 Grams,64.6,2021-04-12,40.7,1.59,WorthPoint
muonionalusta-meteorite,Lunar Meteorite NWA 11474 Meteorite Individual 1.6 Grams!!!,144.5,2021-04-12,1.6,90.31,WorthPoint
muonionalusta-meteorite,9.5 Gram MUONIONALUSTA ECTHED IRON METEORITE - Odd Shape - Found In SWEDEN,49,2021-04-12,9.5,5.16,WorthPoint
muonionalusta-meteorite,"123g Slice Meteorites, Muonionalusta Meteorite Part Slice K4421",81.99,2021-04-12,123,0.67,WorthPoint
muonionalusta-meteorite,Low Price! Terrific Super Slice! Muonionalusta Swedish Iron Meteorite 51.3 Gms,101.25,2021-04-11,51.3,1.97,WorthPoint
muonionalusta-meteorite,925 Sterling Silver Muonionalusta Meteorite Ring Part Slice Adjustable Ring A122,15.5,2021-04-11,,,WorthPoint
muonionalusta-meteorite,"46g Slice Meteorites, Muonionalusta Meteorite Part Slice J491",52,2021-04-11,46,1.13,WorthPoint
muonionalusta-meteorite,19.5 Gram MUONIONALUSTA ECTHED IRON METEORITE - Odd Shape - Found In SWEDEN,99,2021-04-10,19.5,5.08,WorthPoint
muonionalusta-meteorite,15.4 Gram MUONIONALUSTA ECTHED IRON METEORITE - Slice - Found In Sweden,55,2021-04-10,15.4,3.57,WorthPoint
muonionalusta-meteorite,Saffordite Volcanic Glass Individual 6.5 Grams*,16.15,2021-04-10,6.5,2.48,WorthPoint
muonionalusta-meteorite,"Muonionalusta Meteorite Square Piece In A Display Box, From Sweden",29.99,2021-04-10,,,WorthPoint
muonionalusta-meteorite,Saint Aubin Meteorite Etched Part Slice 7.4 Grams,16.15,2021-04-10,7.4,2.18,WorthPoint
muonionalusta-meteorite,Dronino Meteorite Part Slice 25.8 Grams,42.5,2021-04-10,25.8,1.65,WorthPoint
muonionalusta-meteorite,"15g Slice Meteorites, Muonionalusta Meteorite Part Slice A58",22,2021-04-10,15,1.47,WorthPoint
muonionalusta-meteorite,"25g Slice Meteorites, Muonionalusta Meteorite Part Slice A55",30,2021-04-10,25,1.2,WorthPoint
muonionalusta-meteorite,Muonionalusta Iron Meteorite Sweden Ring Band Pendant,73,2021-04-10,,,WorthPoint
muonionalusta-meteorite,"37g Slice Meteorites, Muonionalusta Meteorite Part Slice A57",39,2021-04-10,37,1.05,WorthPoint
muonionalusta-meteorite,"1.5 Kg. Meteorite Saw Dust; Muonionalusta, Campo Dust; The Lowest Price; Packey",125,2021-04-09,1500,0.08,WorthPoint
muonionalusta-meteorite,Muonionalusta Meteorite Etched Part Slice THICK 255.3 Grams! Perfect For Jewelry,334.05,2021-04-09,255.3,1.31,WorthPoint
muonionalusta-meteorite,Gold Basin Individual Meteorite 107.2 Grams,106.25,2021-04-09,107.2,0.99,WorthPoint
muonionalusta-meteorite,Saint Aubin Meteorite Etched Part Slice 8.6 Grams,17,2021-04-09,8.6,1.98,WorthPoint
muonionalusta-meteorite,Saint Aubin Meteorite Etched Part Slice 7.2 Grams,15.3,2021-04-09,7.2,2.13,WorthPoint
muonionalusta-meteorite,Nantan Etched Meteorite Part Slice 5.1 Grams!,12.75,2021-04-09,5.1,2.5,WorthPoint
muonionalusta-meteorite,Saint Aubin Meteorite Etched Part Slice 9.8 Grams,18.7,2021-04-09,9.8,1.91,WorthPoint
muonionalusta-meteorite,Saint Aubin Meteorite Etched Part Slice 15.5 Grams,23.8,2021-04-08,15.5,1.54,WorthPoint
muonionalusta-meteorite,Canyon Diablo Meteorite Individual 7.8 Grams!,16.15,2021-04-08,7.8,2.07,WorthPoint
muonionalusta-meteorite,Mandaly Spring Meteorite End Cut .8 Grams,10,2021-04-07,8,1.25,WorthPoint
muonionalusta-meteorite,Mandaly Spring Meteorite Full Slice .8 Grams,17,2021-04-07,8,2.13,WorthPoint
muonionalusta-meteorite,Mandaly Spring Meteorite Full Slice .9 Grams,17,2021-04-07,9,1.89,WorthPoint
muonionalusta-meteorite,Saint Aubin Meteorite Etched Part Slice 11.4 Grams,22,2021-04-07,11.4,1.93,WorthPoint
muonionalusta-meteorite,Muonionalusta Meteorite Ring Part Slice Adjustable Ring A89,11.94,2021-04-07,,,WorthPoint
muonionalusta-meteorite,25.1 Gram MUONIONALUSTA ECTHED IRON METEORITE - Slice - Found In Sweden,95,2021-04-06,25.1,3.78,WorthPoint
muonionalusta-meteorite,"1/2 Kg. Meteorite Saw Dust; Muonionalusta, Campo Dust; The Lowest Price; Packey",44.95,2021-04-06,2000,0.02,WorthPoint
muonionalusta-meteorite,"58g Slice Meteorites, Muonionalusta Meteorite Part Slice J963",69.99,2021-04-05,58,1.21,WorthPoint
muonionalusta-meteorite,"45g Slice Meteorites, Muonionalusta Meteorite Part Slice J1036",59.99,2021-04-05,45,1.33,WorthPoint
muonionalusta-meteorite,"70g Slice Meteorites, Muonionalusta Meteorite Part Slice J1034",79.99,2021-04-05,70,1.14,WorthPoint
muonionalusta-meteorite,"66g Slice Meteorites, Muonionalusta Meteorite Part Slice J943",79.99,2021-04-04,66,1.21,WorthPoint
muonionalusta-meteorite,Meteorite Jewelry 925 Silver Gold Plated Meteorite Bracelet Charm Crown,46,2021-04-04,,,WorthPoint
muonionalusta-meteorite,"31g Slice Meteorites, Muonionalusta Meteorite Part Slice A54",50,2021-04-03,31,1.61,WorthPoint
muonionalusta-meteorite,Muonionalusta Meteorite Etched Part Slice THICK 246.9 Grams! Perfect For Jewelry,381,2021-04-02,246.9,1.54,WorthPoint
muonionalusta-meteorite,Muonionalusta Meteorite Ring Part Slice Adjustable Ring A49,13.5,2021-04-02,,,WorthPoint
muonionalusta-meteorite,Sericho Meteorite Pallasite From Kenya Part Slice 20.6 Grams,108,2021-04-01,20.6,5.24,WorthPoint
muonionalusta-meteorite,"50g Slice Meteorites, Muonionalusta Meteorite Part Slice A53",55,2021-03-31,50,1.1,WorthPoint
muonionalusta-meteorite,Sericho Meteorite Pallasite From Kenya Part Slice 10.9 Grams,60,2021-03-30,10.9,5.5,WorthPoint
muonionalusta-meteorite,"24g Slice Meteorites, Muonionalusta Meteorite Part Slice J1058",29.99,2021-03-29,24,1.25,WorthPoint
muonionalusta-meteorite,Muonionalusta Meteorite Etched Part Slice 9.9 Grams!,20,2021-03-28,9.9,2.02,WorthPoint
muonionalusta-meteorite,37.1 Gram MUONIONALUSTA ECTHED IRON METEORITE - Slice - Found In Sweden,129,2021-03-28,37.1,3.48,WorthPoint
muonionalusta-meteorite,29.6 Gram MUONIONALUSTA IRON METEORITE - CLEANED FRAGMENT!,49,2021-03-28,29.6,1.66,WorthPoint
muonionalusta-meteorite,54.5 Gram MUONIONALUSTA IRON METEORITE - CLEANED FRAGMENT!,79,2021-03-28,54.5,1.45,WorthPoint
muonionalusta-meteorite,"73g Slice Meteorites, Muonionalusta Meteorite Part Slice J1097",79.99,2021-03-28,73,1.1,WorthPoint
muonionalusta-meteorite,"71g Slice Meteorites, Muonionalusta Meteorite Part Slice J940",86.99,2021-03-27,71,1.23,WorthPoint
muonionalusta-meteorite,Low Price! Sensational Slice! Muonionalusta Swedish Iron Meteorite 12.8 Gms,36.75,2021-03-27,12.8,2.87,WorthPoint
muonionalusta-meteorite,"93g Slice Meteorites, Muonionalusta Meteorite Part Slice J1126",109.99,2021-03-27,93,1.18,WorthPoint
muonionalusta-meteorite,Meteorite Jewelry Pair Of Moldavite Earrings 925 Silver 008,129,2021-03-27,,,WorthPoint
muonionalusta-meteorite,17.4 Gram MUONIONALUSTA ECTHED IRON METEORITE - Slice - Found In Sweden,50,2021-03-26,17.4,2.87,WorthPoint
muonionalusta-meteorite,Saint Aubin Meteorite Etched Part Slice 15.7 Grams,28,2021-03-26,15.7,1.78,WorthPoint
muonionalusta-meteorite,Saint Aubin Meteorite Etched Part Slice 13.6 Grams,25,2021-03-26,13.6,1.84,WorthPoint
muonionalusta-meteorite,Meteorite Jewelry Sericho Meteorite Pendant 925 Silver 18 X 25mm,145,2021-03-24,,,WorthPoint
muonionalusta-meteorite,Tassedet 004 Meteorite NWA Individual 29 Grams,58,2021-03-23,29,2,WorthPoint
muonionalusta-meteorite,"46g Slice Meteorites, Muonionalusta Meteorite Part Slice J1192",59.99,2021-03-23,46,1.3,WorthPoint
muonionalusta-meteorite,"64g Slice Meteorites, Muonionalusta Meteorite Part Slice J983",78.99,2021-03-23,64,1.23,WorthPoint
muonionalusta-meteorite,Muonionalusta Meteorite Etched Part Slice THICK 198.1 Grams! Perfect For Jewelry,308,2021-03-22,198.1,1.55,WorthPoint
muonionalusta-meteorite,21.6 Gram MUONIONALUSTA ECTHED IRON METEORITE - SLICE - Found In Sweden,69,2021-03-22,21.6,3.19,WorthPoint
muonionalusta-meteorite,Sericho Meteorite Pallasite From Kenya Individual 12.8 Grams,61,2021-03-22,12.8,4.77,WorthPoint
muonionalusta-meteorite,Soledade Meteorite Etched Part Slice 63.6 Grams Great Etch,195,2021-03-22,63.6,3.07,WorthPoint
muonionalusta-meteorite,Seymchan Meteorite Pallasite Part Slice 58.8 Grams!,347,2021-03-22,58.8,5.9,WorthPoint
muonionalusta-meteorite,Saint Aubin Meteorite Etched Part Slice 15.9 Grams,28,2021-03-22,15.9,1.76,WorthPoint
muonionalusta-meteorite,"64g Slice Meteorites, Muonionalusta Meteorite Part Slice J703",76,2021-03-21,64,1.19,WorthPoint
muonionalusta-meteorite,55.26 Gram MUONIONALUSTA IRON METEORITE - CLEANED FRAGMENT!,69,2021-03-20,55.26,1.25,WorthPoint
muonionalusta-meteorite,Campo Meteorite Etched Circle Part Slice 46.6 Grams Great Etch,50,2021-03-20,46.6,1.07,WorthPoint
muonionalusta-meteorite,10.8 Gram MUONIONALUSTA ECTHED IRON METEORITE Specimen - Found In SWEDEN,55,2021-03-20,10.8,5.09,WorthPoint
muonionalusta-meteorite,Meteorites And Tektites,30,2021-03-18,,,WorthPoint
muonionalusta-meteorite,Canyon Diablo Meteorite Individual 7.5 Grams!,19,2021-03-18,7.5,2.53,WorthPoint
muonionalusta-meteorite,Lunar Meteorite NWA 11474 Meteorite Individual 1.6 Grams,170,2021-03-18,1.6,106.25,WorthPoint
muonionalusta-meteorite,Cook Islands $5 Dollars Silver Crown 2011 Muonionalusta Meteorite Embedded Rare,85,2021-03-17,,,WorthPoint
muonionalusta-meteorite,"Muonionalusta Meteorite Triangular Piece In A Display Box, From Sweden",34.99,2021-03-16,,,WorthPoint
muonionalusta-meteorite,Whitecourt Iron Meteorite Individual Cleaned 9.3 Grams Wow!,79.9,2021-03-15,9.3,8.59,WorthPoint
muonionalusta-meteorite,3.59 Grams 19mm MUONIONALUSTA Iron Meteorite Small Cut Fragment - Fell In SWEDEN,12,2021-03-15,3.59,3.34,WorthPoint
muonionalusta-meteorite,"47g Slice Meteorites, Muonionalusta Meteorite Part Slice J1083",59.99,2021-03-15,47,1.28,WorthPoint
muonionalusta-meteorite,"135g Slice Meteorites, Muonionalusta Meteorite Part Slice J1129",149.99,2021-03-13,135,1.11,WorthPoint
muonionalusta-meteorite,Brahin Meteorite Pallasite Part Slice 17.2 Grams!,91.8,2021-03-13,17.2,5.34,WorthPoint
muonionalusta-meteorite,Saint Aubin Meteorite Etched Part Slice 14.6 Grams,22.1,2021-03-12,14.6,1.51,WorthPoint
muonionalusta-meteorite,Saint Aubin Meteorite Etched Part Slice 8.5 Grams,17,2021-03-12,8.5,2,WorthPoint
muonionalusta-meteorite,Saint Aubin Meteorite Etched Part Slice 18.5 Grams,27.2,2021-03-12,18.5,1.47,WorthPoint
muonionalusta-meteorite,Meteorite Jewelry Pair Of Moldavite Earrings 925 Silver 009,83,2021-03-11,,,WorthPoint
muonionalusta-meteorite,Meteorite Jewelry Pair Of Moldavite Earrings 925 Silver Round,56,2021-03-11,,,WorthPoint
muonionalusta-meteorite,NICELY ETCHED 45.2 Gram MUONIONALUSTA METEORITE - GREAT FOR JEWELRY!,130,2021-03-10,45.2,2.88,WorthPoint
muonionalusta-meteorite,16.9 Gram MUONIONALUSTA ECTHED IRON METEORITE - Slice - Found In Sweden,75,2021-03-10,16.9,4.44,WorthPoint
muonionalusta-meteorite,42.65 Gram MUONIONALUSTA ECTHED IRON METEORITE - Slice - Found In Sweden,125,2021-03-10,42.65,2.93,WorthPoint
muonionalusta-meteorite,"Meteorite Damascus San Mai Steel Knife Hand Made, Campo, Muonionalusta, Gibeon",900,2021-03-10,,,WorthPoint
muonionalusta-meteorite,MUONIONALUSTA IRON METEORITE PENDANT $179 Sterling 925 Silver Jewelry STARBORN,179,2021-03-10,,,WorthPoint
muonionalusta-meteorite,Brahin Meteorite Pallasite Part Slice 16.1 Grams!,85.85,2021-03-10,16.1,5.33,WorthPoint
muonionalusta-meteorite,"46g Slice Meteorites, Muonionalusta Meteorite Part Slice J1055",59.99,2021-03-10,46,1.3,WorthPoint
muonionalusta-meteorite,Saint Aubin Meteorite Etched Part Slice 7.5 Grams,16.15,2021-03-09,7.5,2.15,WorthPoint
muonionalusta-meteorite,Springwater Pallasite Meteorite Part Slice 6 Grams,234.6,2021-03-09,6,39.1,WorthPoint
muonionalusta-meteorite,Saint Aubin Meteorite Etched Part Slice 5.3 Grams,12.75,2021-03-09,5.3,2.41,WorthPoint
muonionalusta-meteorite,Saint Aubin Meteorite Etched Part Slice 15.3 Grams,22.95,2021-03-08,15.3,1.5,WorthPoint
muonionalusta-meteorite,"62g Slice Meteorites, Muonionalusta Meteorite Part Slice J1125",79.99,2021-03-07,62,1.29,WorthPoint
muonionalusta-meteorite,Low Price! Terrific Thick Slice! Muonionalusta Swedish Iron Meteorite 52.4 Gms,101.25,2021-03-07,52.4,1.93,WorthPoint
muonionalusta-meteorite,Seymchan Meteorite Pallasite Part Slice 41.4 Grams!,281.35,2021-03-07,41.4,6.8,WorthPoint
muonionalusta-meteorite,Seymchan Meteorite Pallasite Full Slice 110.6 Grams!,296.65,2021-03-06,110.6,2.68,WorthPoint
muonionalusta-meteorite,Springwater Pallasite Meteorite Part Slice 3.5 Grams!,139.4,2021-03-06,3.5,39.83,WorthPoint
muonionalusta-meteorite,13.0 Gram MUONIONALUSTA ECTHED IRON METEORITE - SLICE - Found In Sweden,45,2021-03-06,13,3.46,WorthPoint
muonionalusta-meteorite,Canyon Diablo Meteorite Individual 4.4 Grams,11.05,2021-03-05,4.4,2.51,WorthPoint
muonionalusta-meteorite,Muonionalusta Meteorite Triangular Piece In A Display Box,34.99,2021-03-05,,,WorthPoint
muonionalusta-meteorite,Moldavite Tektite 3.7 Grams*,39,2021-03-02,3.7,10.54,WorthPoint
muonionalusta-meteorite,Moldavite Tektite 3.7 Grams!!,39,2021-03-02,3.7,10.54,WorthPoint
muonionalusta-meteorite,Canyon Diablo Meteorite Individual 7.1 Grams,18,2021-03-02,7.1,2.54,WorthPoint
muonionalusta-meteorite,Sericho Meteorite Pallasite From Kenya Part Slice 14.7 Grams,79,2021-03-02,14.7,5.37,WorthPoint
muonionalusta-meteorite,Muonionalusta Meteorite Etched End Cut 9 Grams,21,2021-03-01,9,2.33,WorthPoint
muonionalusta-meteorite,Muonionalusta Meteorite Etched Part Slice 17.1 Grams,30,2021-03-01,17.1,1.75,WorthPoint
muonionalusta-meteorite,Saint Aubin Meteorite Etched Part Slice 11.8 Grams,22,2021-02-28,11.8,1.86,WorthPoint
muonionalusta-meteorite,Saint Aubin Meteorite Etched Part Slice 7.3 Grams,18,2021-02-28,7.3,2.47,WorthPoint
muonionalusta-meteorite,Sericho Meteorite Pallasite From Kenya Part Slice 12.3 Grams,67,2021-02-27,12.3,5.45,WorthPoint
muonionalusta-meteorite,Moldavite Tektite 3.4 Grams*,36,2021-02-27,3.4,10.59,WorthPoint
muonionalusta-meteorite,Saint Aubin Meteorite Etched Part Slice 7.1 Grams,18,2021-02-26,7.1,2.54,WorthPoint
muonionalusta-meteorite,Saint Aubin Meteorite Etched Part Slice 21.7 Grams,37,2021-02-26,21.7,1.71,WorthPoint
muonionalusta-meteorite,Dronino Meteorite Part Slice 41.5 Grams!,77,2021-02-26,41.5,1.86,WorthPoint
muonionalusta-meteorite,Agoudal Meteorite Sliced Part Slice 26.1 Grams New Find!,73,2021-02-25,26.1,2.8,WorthPoint
muonionalusta-meteorite,Moldavite Tektite 4.5 Grams,46,2021-02-25,4.5,10.22,WorthPoint
muonionalusta-meteorite,Saint Aubin Meteorite Etched Part Slice 11.9 Grams,22,2021-02-25,11.9,1.85,WorthPoint
muonionalusta-meteorite,Saint Aubin Meteorite Etched Part Slice 11.3 Grams,21,2021-02-25,11.3,1.86,WorthPoint
muonionalusta-meteorite,Saint Aubin Meteorite Etched Part Slice 26.3 Grams,44,2021-02-24,26.3,1.67,WorthPoint
muonionalusta-meteorite,Moldavite Tektite 2.8 Grams,31,2021-02-24,2.8,11.07,WorthPoint
muonionalusta-meteorite,Moldavite Tektite 2.9 Grams,32,2021-02-23,2.9,11.03,WorthPoint
muonionalusta-meteorite,Saint Aubin Meteorite Etched Part Slice 16.7 Grams,30,2021-02-23,16.7,1.8,WorthPoint
muonionalusta-meteorite,Saint Aubin Meteorite Etched Part Slice 15.8 Grams,28,2021-02-23,15.8,1.77,WorthPoint
muonionalusta-meteorite,32.7 Gram MUONIONALUSTA ECTHED IRON METEORITE - Slice - Found In Sweden,105,2021-02-22,32.7,3.21,WorthPoint
muonionalusta-meteorite,31.6 Gram MUONIONALUSTA ECTHED IRON METEORITE - Slice - Found In Sweden,120,2021-02-22,31.6,3.8,WorthPoint
muonionalusta-meteorite,Saint Aubin Meteorite Etched Part Slice 11.5 Grams,22,2021-02-22,11.5,1.91,WorthPoint
muonionalusta-meteorite,Nantan Etched Meteorite Part Slice 6.1 Grams!,14.45,2021-02-21,6.1,2.37,WorthPoint
muonionalusta-meteorite,Moldavite Tektite 2.8 Grams!,26.35,2021-02-21,2.8,9.41,WorthPoint
muonionalusta-meteorite,Moldavite Tektite 2.6 Grams,24.65,2021-02-21,2.6,9.48,WorthPoint
muonionalusta-meteorite,Saint Aubin Meteorite Etched Part Slice 5.8 Grams,16,2021-02-21,5.8,2.76,WorthPoint
muonionalusta-meteorite,Saint Aubin Meteorite Etched Part Slice 6.5 Grams,17,2021-02-21,6.5,2.62,WorthPoint
muonionalusta-meteorite,Indochinite Tektite Individual 71.3 Grams,60.35,2021-02-20,71.3,0.85,WorthPoint
muonionalusta-meteorite,Seymchan Pallasite Meteorite Part Slice 58 Grams,326.4,2021-02-20,58,5.63,WorthPoint
muonionalusta-meteorite,56.0 Gram MUONIONALUSTA ECTHED IRON METEORITE - SLICE - Found In SWEDEN,120,2021-02-20,56,2.14,WorthPoint
muonionalusta-meteorite,69.89 Gram MUONIONALUSTA ECTHED IRON METEORITE - Slice - Found In Sweden,155,2021-02-20,69.89,2.22,WorthPoint
muonionalusta-meteorite,Saint Aubin Meteorite Etched Part Slice 32.6 Grams,53,2021-02-20,32.6,1.63,WorthPoint
muonionalusta-meteorite,Saint Aubin Meteorite Etched Part Slice 15 Grams,27,2021-02-20,15,1.8,WorthPoint
muonionalusta-meteorite,Saint Aubin Meteorite Etched Part Slice 6.4 Grams,17,2021-02-20,6.4,2.66,WorthPoint
muonionalusta-meteorite,Canyon Diablo Meteorite Individual 4 Grams,10.2,2021-02-20,4,2.55,WorthPoint
muonionalusta-meteorite,Saint Aubin Meteorite Etched Part Slice 52.1 Grams,83,2021-02-19,52.1,1.59,WorthPoint
muonionalusta-meteorite,Saint Aubin Meteorite Etched Part Slice 31.9 Grams,52,2021-02-19,31.9,1.63,WorthPoint
muonionalusta-meteorite,Moldavite Tektite 2.5 Grams,23.8,2021-02-19,2.5,9.52,WorthPoint
muonionalusta-meteorite,Saint Aubin Meteorite Etched Part Slice 12.5 Grams,23,2021-02-18,12.5,1.84,WorthPoint
muonionalusta-meteorite,Seymchan Pallasite Meteorite End Cut 27.3 Grams!,139.4,2021-02-18,27.3,5.11,WorthPoint
muonionalusta-meteorite,Muonionalusta Meteorite Etched Part Slice 14.5 Grams,26,2021-02-17,14.5,1.79,WorthPoint
muonionalusta-meteorite,17.7 Gram MUONIONALUSTA ECTHED IRON METEORITE - Slice - Found In Sweden,50,2021-02-16,17.7,2.82,WorthPoint
muonionalusta-meteorite,Muonionalusta Meteorite Etched Slice 29.6 Gm,55,2021-02-14,29.6,1.86,WorthPoint
muonionalusta-meteorite,Dronino Meteorite Part Slice 17.7 Grams,35,2021-02-14,17.7,1.98,WorthPoint
muonionalusta-meteorite,5.85 Gram MUONIONALUSTA ECTHED IRON METEORITE - Slice - Found In Sweden,19,2021-02-14,5.85,3.25,WorthPoint
muonionalusta-meteorite,5.86 Gram MUONIONALUSTA ECTHED IRON METEORITE - Slice - Found In Sweden,19,2021-02-14,5.86,3.24,WorthPoint
muonionalusta-meteorite,6.9 Gram MUONIONALUSTA ECTHED IRON METEORITE - Slice - Found In Sweden,19,2021-02-14,6.9,2.75,WorthPoint
muonionalusta-meteorite,Dronino Meteorite Full Slice 150 Grams,310,2021-02-14,150,2.07,WorthPoint
muonionalusta-meteorite,North East Africa 007 Full Slice 21.1 Grams,260,2021-02-14,21.1,12.32,WorthPoint
muonionalusta-meteorite,Agoudal Meteorite Etched Full Slice 89 Grams,220,2021-02-14,89,2.47,WorthPoint
muonionalusta-meteorite,Amazing 326 Gm. Muonionalusta Etched Meteorite End Cut,512.1,2021-02-13,326,1.57,WorthPoint
muonionalusta-meteorite,Muonionalusta Meteorite Etched Part Slice 19.4 Grams,34,2021-02-13,19.4,1.75,WorthPoint
muonionalusta-meteorite,4.62 Grams 31mm MUONIONALUSTA Iron Meteorite Small Cut Fragment - Fell In SWEDEN,14.99,2021-02-12,4.62,3.24,WorthPoint
muonionalusta-meteorite,20.8 Gram MUONIONALUSTA ECTHED IRON METEORITE - Slice - Found In Sweden,89,2021-02-12,20.8,4.28,WorthPoint
muonionalusta-meteorite,Dronino Meteorite Part Slice 16.2 Grams!,33,2021-02-12,16.2,2.04,WorthPoint
muonionalusta-meteorite,Muonionalusta Meteorite Etched Part Slice THICK 162.6 Grams! Perfect For Jewelry,254,2021-02-12,162.6,1.56,WorthPoint
muonionalusta-meteorite,Nantan Etched Meteorite End Cut 3.5 Grams!,12,2021-02-11,3.5,3.43,WorthPoint
muonionalusta-meteorite,Soledade Meteorite Etched Part Slice 34.8 Grams Great Etch,90,2021-02-11,34.8,2.59,WorthPoint
muonionalusta-meteorite,Dronino Meteorite Part Slice 27.8 Grams!,53,2021-02-11,27.8,1.91,WorthPoint
muonionalusta-meteorite,Muonionalusta Meteorite Etched Part Slice 21.7 Grams,37,2021-02-10,21.7,1.71,WorthPoint
muonionalusta-meteorite,Soledade Meteorite Etched End Cut 9.3 Grams Great Etch,35,2021-02-09,9.3,3.76,WorthPoint
muonionalusta-meteorite,Brenham Meteorite Pallasite Part Slice 6.9 Grams!,74,2021-02-09,6.9,10.72,WorthPoint
muonionalusta-meteorite,.354 Grams 9mm MUONIONALUSTA Iron Meteorite Small Cut Fragment - Fell In SWEDEN,14.5,2021-02-09,354,0.04,WorthPoint
muonionalusta-meteorite,12.5 Gram MUONIONALUSTA ECTHED IRON METEORITE - Slice - Found In Sweden,50,2021-02-08,12.5,4,WorthPoint
muonionalusta-meteorite,Canyon Diablo Meteorite Part Slice 9.9 Grams!,18.7,2021-02-08,9.9,1.89,WorthPoint
muonionalusta-meteorite,Moldavite Tektite 2.4 Grams*,22.95,2021-02-07,2.4,9.56,WorthPoint
muonionalusta-meteorite,5.14 Grams 26mm MUONIONALUSTA Iron Meteorite Small Cut Fragment - Fell In SWEDEN,8.99,2021-02-07,5.14,1.75,WorthPoint
muonionalusta-meteorite,94.1 Gram MUONIONALUSTA IRON METEORITE - CLEANED FRAGMENT!,129,2021-02-06,94.1,1.37,WorthPoint
muonionalusta-meteorite,Amazing 218 Gm. Muonionalusta Etched Meteorite End Cut,332.1,2021-02-06,218,1.52,WorthPoint
muonionalusta-meteorite,Spectacular Oversized Microscope Slide Of Meteorite Section By Nathan Allen,241.5,2021-02-06,,,WorthPoint
muonionalusta-meteorite,Soledade Meteorite Etched Part Slice 36.4 Grams Great Etch,96.9,2021-02-06,36.4,2.66,WorthPoint
muonionalusta-meteorite,Brenham Meteorite Pallasite Part Slice 11.7 Grams,76.5,2021-02-06,11.7,6.54,WorthPoint
muonionalusta-meteorite,Seymchan Pallasite Meteorite Part Slice 20.4 Grams,99.45,2021-02-06,20.4,4.88,WorthPoint
muonionalusta-meteorite,Sericho Meteorite Pallasite From Kenya Part Slice 19.1 Grams,85.85,2021-02-06,19.1,4.49,WorthPoint
muonionalusta-meteorite,NWA 11106 Meteorite 106.6 Gram Full Slice! Brand New Iron Meteorite ! !,400,2021-02-05,106.6,3.75,WorthPoint
muonionalusta-meteorite,Muonionalusta Meteorite Etched Part Slice 16.7 Grams,25.5,2021-02-05,16.7,1.53,WorthPoint
muonionalusta-meteorite,Amazing 330 Gm. Muonionalusta Etched Meteorite End Cut,503.1,2021-02-05,330,1.52,WorthPoint
muonionalusta-meteorite,Muonionalusta Meteorite Etched Part Slice 13.8 Grams,21.25,2021-02-05,13.8,1.54,WorthPoint
muonionalusta-meteorite,Muonionalusta Meteorite Etched Part Slice 12.2 Grams,19.55,2021-02-05,12.2,1.6,WorthPoint
muonionalusta-meteorite,89.6 Gram MUONIONALUSTA IRON METEORITE - CLEANED FRAGMENT!,99,2021-02-04,89.6,1.1,WorthPoint
muonionalusta-meteorite,Brenham Meteorite Pallasite Part Slice 12 Grams!,83.3,2021-02-04,12,6.94,WorthPoint
muonionalusta-meteorite,Dronino Meteorite Part Slice 20.8 Grams,34.85,2021-02-04,20.8,1.68,WorthPoint
muonionalusta-meteorite,1.68 Grams 15mm MUONIONALUSTA Iron Meteorite Small Cut Fragment - Fell In SWEDEN,9.55,2021-02-04,1.68,5.68,WorthPoint
muonionalusta-meteorite,Sericho Meteorite Pallasite From Kenya Part Slice 14.6 Grams,107.1,2021-02-04,14.6,7.34,WorthPoint
muonionalusta-meteorite,Muonionalusta Meteorite Etched Part Slice 46.2 Grams!,62.9,2021-02-04,46.2,1.36,WorthPoint
muonionalusta-meteorite,14.3 Gram MUONIONALUSTA ECTHED IRON METEORITE - Thick SLICE - Found In SWEDEN,59,2021-02-04,14.3,4.13,WorthPoint
muonionalusta-meteorite,Dronino Meteorite Part Slice 36.2 Grams,57.8,2021-02-03,36.2,1.6,WorthPoint
muonionalusta-meteorite,Electroplated Meteorite Jewelry Gibeon Meteorite Thin 30mm Circle Slice,115,2021-02-03,,,WorthPoint
muonionalusta-meteorite,Saffordite Volcanic Glass Individual 14 Grams,38.25,2021-02-03,14,2.73,WorthPoint
muonionalusta-meteorite,Nantan Etched Meteorite Part Slice 1 Grams!,10,2021-02-03,1,10,WorthPoint
muonionalusta-meteorite,Soledade Meteorite Etched Part Slice 13.7 Grams Great Etch,46,2021-02-01,13.7,3.36,WorthPoint
muonionalusta-meteorite,30.7 Gram MUONIONALUSTA ECTHED IRON METEORITE - SLICE - Found In Sweden,99,2021-02-01,30.7,3.22,WorthPoint
muonionalusta-meteorite,9.39 Gram MUONIONALUSTA ECTHED IRON METEORITE - THIN SLICE - Found In SWEDEN,99,2021-02-01,9.39,10.54,WorthPoint
muonionalusta-meteorite,575 Gram (LOT C) MUONIONALUSTA ECTHED IRON METEORITE Specimens - Found In SWEDEN,560,2021-01-31,575,0.97,WorthPoint
muonionalusta-meteorite,Dronino Meteorite Part Slice 18.5 Grams,37,2021-01-31,18.5,2,WorthPoint
muonionalusta-meteorite,Vinales Meteorite Individual 5 Grams,53,2021-01-31,5,10.6,WorthPoint
muonionalusta-meteorite,Sericho Meteorite Pallasite From Kenya Part Slice 16.4 Grams,87,2021-01-31,16.4,5.3,WorthPoint
muonionalusta-meteorite,Soledade Meteorite Etched Part Slice 8.6 Grams Great Etch,33,2021-01-31,8.6,3.84,WorthPoint
muonionalusta-meteorite,Muonionalusta Meteorite Etched Part Slice 18.4 Grams!,32,2021-01-31,18.4,1.74,WorthPoint
muonionalusta-meteorite,"Meteorite MUONIONALUSTA Iron Fine Octahedrite Etched Slice 106g, Sweden",247,2021-01-31,106,2.33,WorthPoint
muonionalusta-meteorite,Muonionalusta Meteorite Etched Part Slice 24.6 Grams,41,2021-01-31,24.6,1.67,WorthPoint
muonionalusta-meteorite,Sericho Meteorite Pallasite From Kenya Individual 3.6 Grams!,23,2021-01-29,3.6,6.39,WorthPoint
muonionalusta-meteorite,28.6 Gram MUONIONALUSTA ECTHED IRON METEORITE - SLICE - Found In SWEDEN,60,2021-01-28,28.6,2.1,WorthPoint
muonionalusta-meteorite,Muonionalusta Meteorite Etched Part Slice 12.7 Grams,24,2021-01-27,12.7,1.89,WorthPoint
muonionalusta-meteorite,Nantan Etched Meteorite Part Slice 1.6 Grams!,10,2021-01-27,1.6,6.25,WorthPoint
muonionalusta-meteorite,MUONIONALUSTA IRON METEORITE PENDANT $89 Sterling 925 Silver Jewelry STARBORN,89,2021-01-26,,,WorthPoint
muonionalusta-meteorite,Dronino Meteorite Part Slice 23.5 Grams,46,2021-01-26,23.5,1.96,WorthPoint
muonionalusta-meteorite,"46g Slice Meteorites, Muonionalusta Meteorite Part Slice J701",59,2021-01-26,46,1.28,WorthPoint
muonionalusta-meteorite,"35g Slice Meteorites, Muonionalusta Meteorite Part Slice J906",29.99,2021-01-26,35,0.86,WorthPoint
muonionalusta-meteorite,Campo Meteorite Etched Part Slice 45.2 Grams Great Etch,49,2021-01-26,45.2,1.08,WorthPoint
muonionalusta-meteorite,Nantan Etched Meteorite End Cut 27.6 Grams!,46,2021-01-25,27.6,1.67,WorthPoint
muonionalusta-meteorite,Canyon Diablo Meteorite Slab 480 Grams!,735,2021-01-24,480,1.53,WorthPoint
muonionalusta-meteorite,Springwater Pallasite Meteorite Part Slice 2.3 Grams,114,2021-01-24,2.3,49.57,WorthPoint
muonionalusta-meteorite,Muonionalusta Meteorite Etched Part Slice THICK 108.8 Grams! Perfect For Jewelry,174,2021-01-24,108.8,1.6,WorthPoint
muonionalusta-meteorite,7.33 Gram MUONIONALUSTA ECTHED IRON METEORITE Specimen - Found In SWEDEN,33.6,2021-01-22,7.33,4.58,WorthPoint
muonionalusta-meteorite,Muonionalusta Meteorite Etched Part Slice 17.5 Grams,31,2021-01-22,17.5,1.77,WorthPoint
muonionalusta-meteorite,15.5 Gram MUONIONALUSTA ECTHED IRON METEORITE - SLICE - Found In Sweden,36,2021-01-21,15.5,2.32,WorthPoint
muonionalusta-meteorite,Brenham Meteorite Pallasite Part Slice 9.1 Grams,71,2021-01-20,9.1,7.8,WorthPoint
muonionalusta-meteorite,Campo Meteorite Etched End Cut 3.4 Grams Great Etch,10,2021-01-20,3.4,2.94,WorthPoint
muonionalusta-meteorite,Vinales Meteorite Individual 9.9 Grams,102,2021-01-19,9.9,10.3,WorthPoint
muonionalusta-meteorite,Meteorite Jewelry Muonionalusta Meteorite Thin 10mm Square Slice,12,2021-01-19,,,WorthPoint
muonionalusta-meteorite,Seymchan Meteorite Pallasite FULL Slice 269.1 Grams!,500,2021-01-18,269.1,1.86,WorthPoint
muonionalusta-meteorite,Dronino Meteorite Part Slice 19 Grams,38,2021-01-18,19,2,WorthPoint
muonionalusta-meteorite,Dronino Meteorite Part Slice 22.1 Grams,43,2021-01-18,22.1,1.95,WorthPoint
muonionalusta-meteorite,Canyon Diablo Meteorite Individual 1.4 Grams,10,2021-01-16,1.4,7.14,WorthPoint
muonionalusta-meteorite,5.9 Gram MUONIONALUSTA ECTHED IRON METEORITE - SLICE - Found In Sweden,23.2,2021-01-16,5.9,3.93,WorthPoint
muonionalusta-meteorite,Muonionalusta Meteorite Etched Part Slice 9.9 Grams,19,2021-01-15,9.9,1.92,WorthPoint
muonionalusta-meteorite,Muonionalusta Meteorite Etched Part Slice 3 Grams,11,2021-01-15,3,3.67,WorthPoint
muonionalusta-meteorite,1.61 Grams 31mm MUONIONALUSTA Iron Meteorite Small Cut Fragment - Fell In SWEDEN,5.99,2021-01-15,1.61,3.72,WorthPoint
muonionalusta-meteorite,2.28 Grams 15mm MUONIONALUSTA Iron Meteorite Small Cut Fragment - Fell In SWEDEN,8.5,2021-01-15,2.28,3.73,WorthPoint
muonionalusta-meteorite,43.3 Gram MUONIONALUSTA ECTHED IRON METEORITE - Slice - Found In Sweden,124,2021-01-14,43.3,2.86,WorthPoint
muonionalusta-meteorite,Muonionalusta Meteorite Etched Part Slice 10.7 Grams,21,2021-01-14,10.7,1.96,WorthPoint
muonionalusta-meteorite,Muonionalusta Meteorite Etched Part Slice 20 Grams,34,2021-01-14,20,1.7,WorthPoint
muonionalusta-meteorite,Muonionalusta Meteorite Etched Part Slice 19.9 Grams!,34,2021-01-14,19.9,1.71,WorthPoint
muonionalusta-meteorite,Muonionalusta Meteorite Etched Part Slice 9.1 Grams,21,2021-01-14,9.1,2.31,WorthPoint
muonionalusta-meteorite,Amazing 296 Gm. Muonionalusta Etched Meteorite End Cut,404.1,2021-01-13,296,1.37,WorthPoint
muonionalusta-meteorite,Soledade Meteorite Etched End Cut 3.3 Grams Great Etch,16,2021-01-13,3.3,4.85,WorthPoint
muonionalusta-meteorite,"METEORITE, MOLDAVITE, And SAPPHIRE PLANETS PENDANT",155,2021-01-11,,,WorthPoint
muonionalusta-meteorite,1354 Gm MUONIONALUSTA IRON METEORITE ;SWEDEN; ORIGINAL PATINA;GREAT PRICE; 3 LBS,809.95,2021-01-10,1354,0.6,WorthPoint
muonionalusta-meteorite,Campo Meteorite Etched End Cut 293.8 Grams Great Etch,304,2021-01-09,293.8,1.03,WorthPoint
muonionalusta-meteorite,Vinales Meteorite Individual 10 Grams,103,2021-01-09,10,10.3,WorthPoint
muonionalusta-meteorite,Dronino Meteorite Full Slice 129.3 Grams,269,2021-01-08,129.3,2.08,WorthPoint
muonionalusta-meteorite,Amazing 142 Gm. Muonionalusta Etched Meteorite End Cut,215.1,2021-01-08,142,1.51,WorthPoint
muonionalusta-meteorite,Muonionalusta Meteorite Etched Part Slice 39.9 Grams,64,2021-01-07,39.9,1.6,WorthPoint
muonionalusta-meteorite,Baja California Etched Full Slice Meteorite 81.3 Grams,412,2021-01-07,81.3,5.07,WorthPoint
muonionalusta-meteorite,NWA 11105 Meteorite 26.5 Gram Full Slice! Brand New Iron Meteorite ! !,209,2021-01-07,26.5,7.89,WorthPoint
muonionalusta-meteorite,Muonionalusta Meteorite Etched Part Slice 19.9 Grams,34,2021-01-06,19.9,1.71,WorthPoint
muonionalusta-meteorite,Amazing 148 Gm. Muonionalusta Etched Meteorite End Cut,224.1,2021-01-06,148,1.51,WorthPoint
muonionalusta-meteorite,Muonionalusta Meteorite Etched Part Slice 31.1 Grams,51,2021-01-06,31.1,1.64,WorthPoint
muonionalusta-meteorite,Amazing 532 Gm. Muonionalusta Etched Meteorite End Cut,764.1,2021-01-06,532,1.44,WorthPoint
muonionalusta-meteorite,11.77 Gram MUONIONALUSTA ECTHED IRON METEORITE Specimen - Found In SWEDEN,55,2021-01-05,11.77,4.67,WorthPoint
muonionalusta-meteorite,Dronino Meteorite Part Slice 16 Grams,32,2021-01-05,16,2,WorthPoint
muonionalusta-meteorite,Brenham Meteorite Pallasite Part Slice 4.8 Grams!,56,2021-01-04,4.8,11.67,WorthPoint
muonionalusta-meteorite,Low Price! Nice Thick End Slice! Muonionalusta Swedish Iron Meteorite 60.4 Gms,111.75,2021-01-04,60.4,1.85,WorthPoint
muonionalusta-meteorite,Muonionalusta Meteorite Etched Part Slice 16.3 Grams,29,2021-01-04,16.3,1.78,WorthPoint
muonionalusta-meteorite,Low Price! Exquisite End Cut! Muonionalusta Swedish Iron Meteorite 89.6 Gms,149.25,2021-01-04,89.6,1.67,WorthPoint
muonionalusta-meteorite,Muonionalusta Meteorite Slices 2 Pieces,22,2021-01-04,,,WorthPoint
muonionalusta-meteorite,Muonionalusta Meteorite Etched Part Slice 22 Grams!,37,2021-01-03,22,1.68,WorthPoint
muonionalusta-meteorite,Moldavite Tektite 3.7 Grams!,39,2021-01-03,3.7,10.54,WorthPoint
muonionalusta-meteorite,"Iron Meteorite Muonionalusta, Sweden, Piece As It Was Found, 3200 Grams",1199.99,2021-01-02,3200,0.37,WorthPoint
muonionalusta-meteorite,FINE Muonionalusta Meteorite CUBE 64g,195,2021-01-02,64,3.05,WorthPoint
muonionalusta-meteorite,Muonionalusta Meteorite Etched Part Slice 6.7 Grams,18,2021-01-02,6.7,2.69,WorthPoint
muonionalusta-meteorite,Saint Aubin Meteorite Etched Part Slice 24.2 Grams,46,2021-01-01,24.2,1.9,WorthPoint
muonionalusta-meteorite,Dronino Meteorite Part Slice 11.5 Grams,25,2021-01-01,11.5,2.17,WorthPoint
muonionalusta-meteorite,Dronino Meteorite Part Slice 46.3 Grams,86,2021-01-01,46.3,1.86,WorthPoint
muonionalusta-meteorite,Saint Aubin Meteorite Etched Part Slice 51.1 Grams,91,2020-12-31,51.1,1.78,WorthPoint
muonionalusta-meteorite,Campo Meteorite Etched End Cut 29.1 Grams Great Etch,33,2020-12-31,29.1,1.13,WorthPoint
muonionalusta-meteorite,Muonionalusta Meteorite Etched Part Slice 11 Grams,21,2020-12-31,11,1.91,WorthPoint
muonionalusta-meteorite,Muonionalusta Meteorite Sphere And Sterling Silver Ring By Starborn Creations,185,2020-12-31,,,WorthPoint
muonionalusta-meteorite,Nantan Etched Meteorite Part Slice 7.8 Grams,19,2020-12-31,7.8,2.44,WorthPoint
muonionalusta-meteorite,Muonionalusta Meteorite Etched Part Slice 18.8 Grams,33,2020-12-31,18.8,1.76,WorthPoint
muonionalusta-meteorite,Dronino Meteorite Part Slice 18.8 Grams!,37,2020-12-31,18.8,1.97,WorthPoint
muonionalusta-meteorite,Brenham Meteorite Pallasite Part Slice 7.2 Grams,67,2020-12-31,7.2,9.31,WorthPoint
muonionalusta-meteorite,Nantan Etched Meteorite Part Slice 11 Grams,21,2020-12-30,11,1.91,WorthPoint
muonionalusta-meteorite,Sericho Meteorite Pallasite From Kenya Part Slice 15.9 Grams,92,2020-12-30,15.9,5.79,WorthPoint
muonionalusta-meteorite,Campo Meteorite Etched Individual 2012 Grams Great Etch,1409,2020-12-30,2012,0.7,WorthPoint
muonionalusta-meteorite,"Iron Meteorite Muonionalusta, Sweden, Necklace, Pendant Polar Star",249.99,2020-12-29,,,WorthPoint
muonionalusta-meteorite,10.23 Gram MUONIONALUSTA ECTHED IRON METEORITE - THIN SLICE - Found In SWEDEN,89,2020-12-29,10.23,8.7,WorthPoint
muonionalusta-meteorite,17.37 Gram MUONIONALUSTA ECTHED IRON METEORITE - THIN SLICE - Found In SWEDEN,129,2020-12-29,17.37,7.43,WorthPoint
muonionalusta-meteorite,14.2 Gram MUONIONALUSTA ECTHED IRON METEORITE - SLICE - Found In SWEDEN,30,2020-12-29,14.2,2.11,WorthPoint
muonionalusta-meteorite,A Neat Shape! On This Etched MUONIONALUSTA Meteorite! Found In Sweden 8.6gr,29.99,2020-12-29,8.6,3.49,WorthPoint
muonionalusta-meteorite,1.47 Grams 40mm MUONIONALUSTA Iron Meteorite Small Cut Fragment - Fell In SWEDEN,8.27,2020-12-28,1.47,5.63,WorthPoint
muonionalusta-meteorite,Meteorite Jewelry Sericho Meteorite Pendant 925 Silver 12 X 16mm,95,2020-12-27,,,WorthPoint
muonionalusta-meteorite,Scarce!!! 2011 Cook Islands $5 Stardust Of The Universe Series - The Muonionalusta Iron Meteorite Fr,113.04,2020-12-26,,,WorthPoint
muonionalusta-meteorite,Amazing 184 Gm. Muonionalusta Etched Meteorite Slab,314.1,2020-12-25,184,1.71,WorthPoint
muonionalusta-meteorite,Seymchan Meteorite Pallasite Part Slice 43.1 Grams!,230,2020-12-25,43.1,5.34,WorthPoint
muonionalusta-meteorite,20.0 Gram MUONIONALUSTA ECTHED IRON METEORITE - Slice - Found In Sweden,38.5,2020-12-23,20,1.93,WorthPoint
muonionalusta-meteorite,Muonionalusta Meteorite Etched Part Slice 10 Grams!,22,2020-12-23,10,2.2,WorthPoint
muonionalusta-meteorite,Muonionalusta Meteorite Etched Full Slice 607.2 Grams!,830,2020-12-23,607.2,1.37,WorthPoint
muonionalusta-meteorite,68.9 Gram MUONIONALUSTA ECTHED IRON METEORITE - SLICE - Found In Sweden,118.3,2020-12-21,68.9,1.72,WorthPoint
muonionalusta-meteorite,Seymchan Meteorite Pallasite Part Slice 11.6 Grams!,77,2020-12-20,11.6,6.64,WorthPoint
muonionalusta-meteorite,MUONIONALUSTA IRON METEORITE PENDANT $159 Sterling 925 Silver Jewelry STARBORN,159,2020-12-20,,,WorthPoint
muonionalusta-meteorite,Dronino Meteorite Full Slice 119.6 Grams,251,2020-12-20,119.6,2.1,WorthPoint
muonionalusta-meteorite,Canyon Diablo Meteorite Individual 6.5 Grams!,17,2020-12-20,6.5,2.62,WorthPoint
muonionalusta-meteorite,Dronino Meteorite Part Slice 22.3 Grams,44,2020-12-19,22.3,1.97,WorthPoint
muonionalusta-meteorite,Dronino Meteorite Part Slice 22.5 Grams,44,2020-12-18,22.5,1.96,WorthPoint
muonionalusta-meteorite,Brenham Meteorite Pallasite Part Slice 7.5 Grams,65,2020-12-18,7.5,8.67,WorthPoint
muonionalusta-meteorite,Canyon Diablo Meteorite Individual 13.1 Grams,19,2020-12-18,13.1,1.45,WorthPoint
muonionalusta-meteorite,Canyon Diablo Meteorite Individual 6 Grams,16,2020-12-18,6,2.67,WorthPoint
muonionalusta-meteorite,"4 Kg. Meteorite Saw Dust; Muonionalusta, Campo Sericho Dust; The Lowest Price",319.8,2020-12-18,4000,0.08,WorthPoint
muonionalusta-meteorite,Canyon Diablo Meteorite Individual 3 Grams,10,2020-12-18,3,3.33,WorthPoint
muonionalusta-meteorite,Dronino Meteorite Part Slice 16.9 Grams!,34,2020-12-17,16.9,2.01,WorthPoint
muonionalusta-meteorite,Canyon Diablo Meteorite Individual 8.6 Grams!,20,2020-12-17,8.6,2.33,WorthPoint
muonionalusta-meteorite,Canyon Diablo Meteorite Individual 9.3 Grams!,21,2020-12-17,9.3,2.26,WorthPoint
muonionalusta-meteorite,Canyon Diablo Meteorite Individual 12.4 Grams,23,2020-12-17,12.4,1.85,WorthPoint
muonionalusta-meteorite,Canyon Diablo Meteorite Individual 7.8 Grams,19,2020-12-17,7.8,2.44,WorthPoint
muonionalusta-meteorite,Muonionalusta Meteorite Etched Part Slice 16.4 Grams!,29,2020-12-17,16.4,1.77,WorthPoint
muonionalusta-meteorite,Muonionalusta Meteorite Etched Part Slice 18.7 Grams!,33,2020-12-17,18.7,1.76,WorthPoint
muonionalusta-meteorite,Amazing 88 Gm. Muonionalusta Etched Meteorite End Cut,134.1,2020-12-16,88,1.52,WorthPoint
muonionalusta-meteorite,Muonionalusta Meteorite Etched Part Slice 22.7 Grams!,39,2020-12-16,22.7,1.72,WorthPoint
muonionalusta-meteorite,Soledade Meteorite Etched Part Slice 29.9 Grams Great Etch,94,2020-12-16,29.9,3.14,WorthPoint
muonionalusta-meteorite,Muonionalusta Iron Meteorite Slice Both Sides Polished & Etched 49.5 Grams,51,2020-12-16,49.5,1.03,WorthPoint
muonionalusta-meteorite,Muonionalusta Meteorite Etched Part Slice 20.1 Grams,35,2020-12-16,20.1,1.74,WorthPoint
muonionalusta-meteorite,"Electroplated Muonionalusta Meteorite, Suede Necklace W/Cert Auth. 10mm Tri",28,2020-12-16,,,WorthPoint
muonionalusta-meteorite,19.8 Gram MUONIONALUSTA ECTHED IRON METEORITE - Slice - Found In Sweden,38.5,2020-12-16,19.8,1.94,WorthPoint
muonionalusta-meteorite,69.9 Gram MUONIONALUSTA ECTHED IRON METEORITE - SLICE WITH INCLUSIONS!,245,2020-12-15,69.9,3.51,WorthPoint
muonionalusta-meteorite,Amazing 294 Gm. Muonionalusta Etched Meteorite Slice,539.1,2020-12-14,294,1.83,WorthPoint
muonionalusta-meteorite,Brahin Meteorite Pallasite Part Slice 16.5 Grams!,128,2020-12-14,16.5,7.76,WorthPoint
muonionalusta-meteorite,Muonionalusta Meteorite Etched Part Slice 11.8 Grams,22,2020-12-14,11.8,1.86,WorthPoint
muonionalusta-meteorite,32.6 Gram MUONIONALUSTA ECTHED IRON METEORITE - Slice - Found In Sweden,66.5,2020-12-14,32.6,2.04,WorthPoint
muonionalusta-meteorite,11.5 Gram MUONIONALUSTA ECTHED IRON METEORITE - SLICE - Found In Sweden,24.5,2020-12-14,11.5,2.13,WorthPoint
muonionalusta-meteorite,Moldavite Meteorite Jewelry Meteorite Pendant 069,51,2020-12-13,,,WorthPoint
muonionalusta-meteorite,Dronino Meteorite Part Slice 17.2 Grams!,35,2020-12-13,17.2,2.03,WorthPoint
muonionalusta-meteorite,"Iron Meteorite Muonionalusta, Sweden, Lot Of Two Spheres, 2 Cm Diam, 65.7 Grams",259.99,2020-12-13,65.7,3.96,WorthPoint
muonionalusta-meteorite,Uruacu Iron Meteorite Individual 137 Grams!,115,2020-12-13,137,0.84,WorthPoint
muonionalusta-meteorite,21.4 Gram MUONIONALUSTA ECTHED IRON METEORITE - Slice - Found In Sweden,56,2020-12-12,21.4,2.62,WorthPoint
muonionalusta-meteorite,Meteorite Jewelry Muonionalusta Meteorite Thin 10mm Circle Slice,14,2020-12-12,,,WorthPoint
muonionalusta-meteorite,Meteorite Jewelry Sericho Meteorite Pendant 925 Silver 12mm,69,2020-12-12,,,WorthPoint
muonionalusta-meteorite,45.6 Gram MUONIONALUSTA ECTHED IRON METEORITE - SLICE - Found In Sweden,69.3,2020-12-12,45.6,1.52,WorthPoint
muonionalusta-meteorite,Muonionalusta Meteorite Etched Part Slice 38.5 Grams!,65,2020-12-11,38.5,1.69,WorthPoint
muonionalusta-meteorite,47.7 Gram MUONIONALUSTA ECTHED IRON METEORITE - SLICE - Found In Sweden,109,2020-12-11,47.7,2.29,WorthPoint
muonionalusta-meteorite,Dronino Meteorite Part Slice 22.6 Grams,44,2020-12-11,22.6,1.95,WorthPoint
muonionalusta-meteorite,Low Price! Exqusite End Cut! Muonionalusta Swedish Iron Meteorite 26.3 Gms,44.25,2020-12-10,26.3,1.68,WorthPoint
muonionalusta-meteorite,Nantan Etched Meteorite Part Slice 7.3 Grams!,18,2020-12-10,7.3,2.47,WorthPoint
muonionalusta-meteorite,"2138 Gms Muonionalusta Iron Meteorite, Wire Brushed, With Stand",2138,2020-12-10,2138,1,WorthPoint
muonionalusta-meteorite,2013 Upper Deck Goodwin Champions Muonionalusta Meteorite Relic Sweden RARE,399.99,2020-12-10,,,WorthPoint
muonionalusta-meteorite,Seymchan Pallasite Meteorite Part Slice 22.8 Grams!,139,2020-12-09,22.8,6.1,WorthPoint
muonionalusta-meteorite,Canyon Diablo Meteorite Individual 4.2 Grams,13,2020-12-08,4.2,3.1,WorthPoint
muonionalusta-meteorite,Canyon Diablo Meteorite Individual 5.7 Grams!,16,2020-12-08,5.7,2.81,WorthPoint
muonionalusta-meteorite,Muonionalusta Meteorite Etched Part Slice 13.5 Grams,25,2020-12-08,13.5,1.85,WorthPoint
muonionalusta-meteorite,2019 Pure Muonionalusta Meteorite Proof Coin The Legend Of The Nibelungs Niue,295,2020-12-08,,,WorthPoint
muonionalusta-meteorite,Nantan Etched Meteorite Part Slice 8 Grams,19,2020-12-08,8,2.38,WorthPoint
muonionalusta-meteorite,MUONIONALUSTA IRON METEORITE PENDANT $138 Sterling 925 Silver Jewelry STARBORN,138,2020-12-08,,,WorthPoint
muonionalusta-meteorite,48.0 Gram MUONIONALUSTA ECTHED IRON METEORITE - SLICE - Found In SWEDEN,120,2020-12-07,48,2.5,WorthPoint
muonionalusta-meteorite,Low Price! Five Specimens! Muonionalusta Swedish Iron Meteorite 8.84 Gms,29.25,2020-12-06,8.84,3.31,WorthPoint
muonionalusta-meteorite,Meteorite Jewelry Sericho Meteorite Pendant 925 Silver 10 X 12mm,69,2020-12-06,,,WorthPoint
muonionalusta-meteorite,Amazing 190 Gm. Muonionalusta Etched Meteorite End Cut,296.1,2020-12-06,190,1.56,WorthPoint
muonionalusta-meteorite,Canyon Diablo Meteorite Individual 5.2 Grams!,15,2020-12-06,5.2,2.88,WorthPoint
muonionalusta-meteorite,Canyon Diablo Meteorite Individual 2.5 Grams!,10,2020-12-06,2.5,4,WorthPoint
muonionalusta-meteorite,Muonionalusta Meteorite Etched Part Slice 19.1 Grams!,33,2020-12-05,19.1,1.73,WorthPoint
muonionalusta-meteorite,Muonionalusta Meteorite Etched Part Slice 37.9 Grams,61,2020-12-05,37.9,1.61,WorthPoint
muonionalusta-meteorite,Meteorite Collection Lot Six Different Types Labeled With Display Box (1),85.75,2020-12-05,,,WorthPoint
muonionalusta-meteorite,"Meteorite Muonionalusta Teardrop Shape Sterling Silver Pendant Necklace 18""",45,2020-12-05,,,WorthPoint
muonionalusta-meteorite,Muonionalusta Meteorite Etched Part Slice 15.9 Grams!,28,2020-12-05,15.9,1.76,WorthPoint
muonionalusta-meteorite,"330 Gms Meteorite Saw Dust; Muonionalusta, Campo And Gibeon Dust;",35.95,2020-12-04,330,0.11,WorthPoint
muonionalusta-meteorite,34.1 Gram MUONIONALUSTA ECTHED IRON METEORITE - END CUT - Found In Sweden,74.25,2020-12-04,34.1,2.18,WorthPoint
muonionalusta-meteorite,Smokey Spring Meteorite Full Slice .7 Grams,20,2020-12-04,7,2.86,WorthPoint
muonionalusta-meteorite,Muonionalusta Meteorite Pendant Suede Necklace W/Cert Authenticity 10mm Triangle,26.99,2020-12-03,,,WorthPoint
muonionalusta-meteorite,Meteorite Jewelry Muonionalusta Meteorite Thin 20mm Circle Slice,29,2020-12-03,,,WorthPoint
muonionalusta-meteorite,435gram Muonionalusta Meteorite From Sweden! AMAZING Octahedrite Structure!,189.51,2020-12-02,435,0.44,WorthPoint
muonionalusta-meteorite,Etched And Polished Campo Del Cielo Meteorite Slice From Argentina! 980 Grams!,319.99,2020-12-02,980,0.33,WorthPoint
muonionalusta-meteorite,Awesome Looking Campo Del Cielo Etched Meteorite Slice From Argentina! 900 Grams,289.99,2020-12-02,900,0.32,WorthPoint
muonionalusta-meteorite,Nantan Etched Meteorite Part Slice 6.6 Grams,17,2020-12-02,6.6,2.58,WorthPoint
muonionalusta-meteorite,Sericho Meteorite Pallasite From Kenya Individual 4.9 Grams!,30,2020-12-02,4.9,6.12,WorthPoint
muonionalusta-meteorite,Sericho Meteorite Pallasite From Kenya Individual 4 Grams,25,2020-12-02,4,6.25,WorthPoint
muonionalusta-meteorite,Muonionalusta Meteorite Etched Part Slice 21.5 Grams,37,2020-12-02,21.5,1.72,WorthPoint
muonionalusta-meteorite,72.7 Gram MUONIONALUSTA ECTHED IRON METEORITE - SLICE - Found In Sweden,126.75,2020-12-01,72.7,1.74,WorthPoint
muonionalusta-meteorite,Soledade Meteorite Etched End Cut 7.2 Grams Great Etch,29,2020-11-29,7.2,4.03,WorthPoint
muonionalusta-meteorite,Baja California Etched End Cut Meteorite 132.2 Grams,676,2020-11-28,132.2,5.11,WorthPoint
muonionalusta-meteorite,Sikhote Alin Meteorite Individual 14.1 Grams!,56,2020-11-28,14.1,3.97,WorthPoint
muonionalusta-meteorite,Muonionalusta Meteorite Etched Part Slice 12.6 Grams,23,2020-11-28,12.6,1.83,WorthPoint
muonionalusta-meteorite,Saint Aubin Meteorite Etched Part Slice 22.1 Grams,42,2020-11-27,22.1,1.9,WorthPoint
muonionalusta-meteorite,Amazing 140 Gm. Muonionalusta Etched Meteorite End Cut,224.1,2020-11-27,140,1.6,WorthPoint
muonionalusta-meteorite,Muonionalusta Meteorite Etched Part Slice 18.6 Grams,32,2020-11-26,18.6,1.72,WorthPoint
muonionalusta-meteorite,Canyon Diablo Meteorite Full Slice 186.9 Grams!,286,2020-11-26,186.9,1.53,WorthPoint
muonionalusta-meteorite,Amazing 154 Gm. Muonionalusta Etched Meteorite End Cut,233.1,2020-11-23,154,1.51,WorthPoint
muonionalusta-meteorite,Soledade Meteorite Etched Part Slice 52.2 Grams Great Etch,161,2020-11-23,52.2,3.08,WorthPoint
muonionalusta-meteorite,Baja California Etched End Cut Meteorite 10.6 Grams,80,2020-11-23,10.6,7.55,WorthPoint
muonionalusta-meteorite,Nantan Etched Meteorite End Cut 20 Grams!,34,2020-11-23,20,1.7,WorthPoint
muonionalusta-meteorite,"Iron Meteorite Muonionalusta, Sweden, Necklace, Pendant Hexagon Small",104.99,2020-11-23,,,WorthPoint
muonionalusta-meteorite,Conception Junction Meteorite Part Slice 5.5 Grams!,230,2020-11-23,5.5,41.82,WorthPoint
muonionalusta-meteorite,Canyon Diablo Meteorite Individual 10.9 Grams,16,2020-11-21,10.9,1.47,WorthPoint
muonionalusta-meteorite,Iron Meteorite IVA Muonionalusta 640gm Rare Piece In This Size,324.99,2020-11-21,640,0.51,WorthPoint
muonionalusta-meteorite,5.64 Gram MUONIONALUSTA ECTHED IRON METEORITE Specimen - Found In SWEDEN,36,2020-11-21,5.64,6.38,WorthPoint
muonionalusta-meteorite,Meteorite And Tektite Assortment,25,2020-11-20,,,WorthPoint
muonionalusta-meteorite,Muonionalusta Meteorite Bracelet Meteorite Jewelry Leather & Stainless Steel,86,2020-11-20,,,WorthPoint
muonionalusta-meteorite,26.3 Gram MUONIONALUSTA ECTHED IRON METEORITE - SLICE - Found In Sweden,59.25,2020-11-19,26.3,2.25,WorthPoint
muonionalusta-meteorite,Soledade Meteorite Etched Part Slice 8.5 Grams Great Etch,33,2020-11-19,8.5,3.88,WorthPoint
muonionalusta-meteorite,Brahin Meteorite Pallasite Part Slice 2.6 Grams!,25,2020-11-19,2.6,9.62,WorthPoint
muonionalusta-meteorite,15.6 Gram MUONIONALUSTA ECTHED IRON METEORITE - SLICE - Found In SWEDEN,45,2020-11-18,15.6,2.88,WorthPoint
muonionalusta-meteorite,33.0 Gram MUONIONALUSTA ECTHED IRON METEORITE - SLICE - Found In Sweden,74.25,2020-11-18,33,2.25,WorthPoint
muonionalusta-meteorite,Meteorite Jewelry Meteorite Bracelet Stainless Steel 0107,92,2020-11-18,,,WorthPoint
muonionalusta-meteorite,Saint Aubin Meteorite Etched Part Slice 49.6 Grams,89,2020-11-18,49.6,1.79,WorthPoint
muonionalusta-meteorite,50.4 Gram MUONIONALUSTA ECTHED IRON METEORITE - END CUT - Found In SWEDEN,100,2020-11-17,50.4,1.98,WorthPoint
muonionalusta-meteorite,Dronino Meteorite Part Slice 14.6 Grams,30,2020-11-17,14.6,2.05,WorthPoint
muonionalusta-meteorite,Brenham Meteorite Pallasite Part Slice 5.3 Grams!,56,2020-11-16,5.3,10.57,WorthPoint
muonionalusta-meteorite,Seymchan Meteorite Pallasite Part Slice 16.8 Grams!,98,2020-11-16,16.8,5.83,WorthPoint
muonionalusta-meteorite,Muonionalusta Meteorite Etched Part Slice 22 Grams,37,2020-11-16,22,1.68,WorthPoint
muonionalusta-meteorite,Agoudal Meteorite Etched Full Slice 28.3 Grams,74,2020-11-15,28.3,2.61,WorthPoint
muonionalusta-meteorite,Slice Of Muonionalusta Meteorite End Piece 25 Gms Stand,26.95,2020-11-15,25,1.08,WorthPoint
muonionalusta-meteorite,29.2 Gram MUONIONALUSTA ECTHED IRON METEORITE - SLICE - Found In Sweden,74.25,2020-11-15,29.2,2.54,WorthPoint
muonionalusta-meteorite,Dronino Meteorite Part Slice 16.9 Grams,34,2020-11-15,16.9,2.01,WorthPoint
muonionalusta-meteorite,19.6 Gram MUONIONALUSTA ECTHED IRON METEORITE - SLICE - Found In Sweden,74.25,2020-11-15,19.6,3.79,WorthPoint
muonionalusta-meteorite,76.9 Gram MUONIONALUSTA ECTHED IRON METEORITE - SLICE - Found In SWEDEN,120,2020-11-14,76.9,1.56,WorthPoint
muonionalusta-meteorite,Genuine Meteorite Sphere Fossil Dinosaur Bone Earring Sterling Silver Artisan,74.69,2020-11-14,,,WorthPoint
muonionalusta-meteorite,Soledade Meteorite Etched Part Slice 38.1 Grams Great Etch,119,2020-11-14,38.1,3.12,WorthPoint
muonionalusta-meteorite,Nantan Etched Meteorite Part Slice 8.2 Grams,20,2020-11-13,8.2,2.44,WorthPoint
muonionalusta-meteorite,28.4 Gram MUONIONALUSTA ECTHED IRON METEORITE - SLICE - Found In SWEDEN,60,2020-11-13,28.4,2.11,WorthPoint
muonionalusta-meteorite,Dronino Meteorite Part Slice 21.2 Grams,42,2020-11-12,21.2,1.98,WorthPoint
muonionalusta-meteorite,Meteorite Jewelry Muonionalusta Meteorite Pair Of Earrings 925 Silver,92,2020-11-11,,,WorthPoint
muonionalusta-meteorite,NWA 7831 Diogenite Meteorite Etched Full Slice 2.2 Grams!,62.9,2020-11-11,2.2,28.59,WorthPoint
muonionalusta-meteorite,Meteorites - 51.0g Muonionalusta Polished And Etched Complete Slice,189.95,2020-11-11,51,3.72,WorthPoint
muonionalusta-meteorite,Gentleman''s Muonionalusta Meteorite Wristwatch,2000,2020-11-10,,,WorthPoint
muonionalusta-meteorite,Canyon Diablo Meteorite Full Slice 105.1 Grams!,138.55,2020-11-09,105.1,1.32,WorthPoint
muonionalusta-meteorite,24.8 Gram MUONIONALUSTA ECTHED IRON METEORITE - SLICE - Found In Sweden,79,2020-11-09,24.8,3.19,WorthPoint
muonionalusta-meteorite,Brahin Meteorite Pallasite End Cut 13.3 Grams!,60.35,2020-11-09,13.3,4.54,WorthPoint
muonionalusta-meteorite,Gold Basin Meteorite End Cut 51.3 Grams,56.1,2020-11-09,51.3,1.09,WorthPoint
muonionalusta-meteorite,Canyon Diablo Meteorite Full Slice 27.2 Grams!,39.1,2020-11-09,27.2,1.44,WorthPoint
muonionalusta-meteorite,Muonionalusta Meteorite Etched Part Slice 9.2 Grams,17.85,2020-11-09,9.2,1.94,WorthPoint
muonionalusta-meteorite,16.5 Gram MUONIONALUSTA ECTHED IRON METEORITE - SLICE - Found In Sweden,36.75,2020-11-08,16.5,2.23,WorthPoint
muonionalusta-meteorite,Bondoc Meteorite Polished Full Slice 23.6 Grams!,125.8,2020-11-08,23.6,5.33,WorthPoint
muonionalusta-meteorite,Muonionalusta Meteorite Etched Part Slice 24.6 Grams!,34.85,2020-11-07,24.6,1.42,WorthPoint
muonionalusta-meteorite,Saint Aubin Meteorite Etched Part Slice 23.9 Grams,45,2020-11-07,23.9,1.88,WorthPoint
muonionalusta-meteorite,Muonionalusta Meteorite Etched End Cut 12.8 Grams,24,2020-11-04,12.8,1.88,WorthPoint
muonionalusta-meteorite,Canyon Diablo Meteorite Full Slice 42.7 Grams!,70,2020-11-04,42.7,1.64,WorthPoint
muonionalusta-meteorite,.481 Grams 13mm MUONIONALUSTA Iron Meteorite Small Cut Fragment - Fell In SWEDEN,8.39,2020-11-02,481,0.02,WorthPoint
muonionalusta-meteorite,3.33 Grams 18mm MUONIONALUSTA Iron Meteorite Small Cut Fragment - Fell In SWEDEN,14.5,2020-11-02,3.33,4.35,WorthPoint
muonionalusta-meteorite,78.3 Gram MUONIONALUSTA ECTHED IRON METEORITE - SLICE - Found In SWEDEN,160,2020-11-01,78.3,2.04,WorthPoint
muonionalusta-meteorite,4.5 Gram MUONIONALUSTA ECTHED IRON METEORITE - SLICE - Found In Sweden,26.25,2020-11-01,4.5,5.83,WorthPoint
muonionalusta-meteorite,.827 Grams 13mm MUONIONALUSTA Iron Meteorite Small Cut Fragment - Fell In SWEDEN,5.5,2020-11-01,827,0.01,WorthPoint
muonionalusta-meteorite,Canyon Diablo Meteorite Full Slice 122.9 Grams!,190,2020-10-31,122.9,1.55,WorthPoint
muonionalusta-meteorite,GORGEOUS 22g ETCHED GIBEON IRON METEORITE ROUND BEAUTIFUL ETCH FOR JEWELRY!,143.2,2020-10-31,22,6.51,WorthPoint
muonionalusta-meteorite,Sericho Meteorite Pallasite From Kenya Part Slice 15.1 Grams,87,2020-10-30,15.1,5.76,WorthPoint
muonionalusta-meteorite,Sericho Meteorite Pallasite From Kenya Part Slice 11.7 Grams!,64,2020-10-30,11.7,5.47,WorthPoint
muonionalusta-meteorite,3.18 Grams 28mm MUONIONALUSTA Iron Meteorite Small Cut Fragment - Fell In SWEDEN,10.05,2020-10-29,3.18,3.16,WorthPoint
muonionalusta-meteorite,Meteorite Jewelry Meteorite Bracelet Stainless Steel 0125,86,2020-10-27,,,WorthPoint
muonionalusta-meteorite,Muonionalusta Meteorite Etched End Cut 21.6 Grams,37,2020-10-26,21.6,1.71,WorthPoint
muonionalusta-meteorite,Muonionalusta Meteorite Etched End Cut 16.4 Grams,29,2020-10-24,16.4,1.77,WorthPoint
muonionalusta-meteorite,Baja California Etched Part Slice Meteorite 11.4 Grams,85,2020-10-24,11.4,7.46,WorthPoint
muonionalusta-meteorite,Muonionalusta Meteorite Etched Part Slice 20.7 Grams,36,2020-10-24,20.7,1.74,WorthPoint
muonionalusta-meteorite,Moldavite Meteorite Jewelry Meteorite Pendant Cross Pendant 053,164,2020-10-23,,,WorthPoint
muonionalusta-meteorite,Saint Aubin Meteorite Etched Part Slice 51.4 Grams,92,2020-10-22,51.4,1.79,WorthPoint
muonionalusta-meteorite,Saint Aubin Meteorite Etched Part Slice 39.3 Grams,71,2020-10-22,39.3,1.81,WorthPoint
muonionalusta-meteorite,Saint Aubin Meteorite Etched Part Slice 42 Grams,76,2020-10-22,42,1.81,WorthPoint
muonionalusta-meteorite,Meteorite Jewelry Muonionalusta Meteorite Thin 10mm Triangle Slice,10,2020-10-22,,,WorthPoint
muonionalusta-meteorite,Brenham Meteorite Pallasite Part Slice 5.2 Grams,50,2020-10-22,5.2,9.62,WorthPoint
muonionalusta-meteorite,Meteorite Muonionalusta Watch,79.99,2020-10-21,,,WorthPoint
muonionalusta-meteorite,1906 MUONIONALUSTA METEORITE SPHERE 18mm 24.6 Grams OCTAHEDRITE WIDMANSTATTEN,148,2020-10-21,24.6,6.02,WorthPoint
muonionalusta-meteorite,"400 Gms Meteorite Saw Dust; Muonionalusta, Campo And Gibeon Dust;",35.95,2020-10-21,400,0.09,WorthPoint
muonionalusta-meteorite,Muonionalusta Meteorite Etched Part Slice 16.8 Grams,30,2020-10-20,16.8,1.79,WorthPoint
muonionalusta-meteorite,Canyon Diablo Meteorite Full Slice 71.6 Grams!,113,2020-10-20,71.6,1.58,WorthPoint
muonionalusta-meteorite,Baja California Etched End Cut Meteorite 14.3 Grams,106,2020-10-19,14.3,7.41,WorthPoint
muonionalusta-meteorite,Soledade Meteorite Etched Part Slice 39.1 Grams Great Etch,122,2020-10-19,39.1,3.12,WorthPoint
muonionalusta-meteorite,Muonionalusta Meteorite Etched Part Slice 12.4 Grams,23,2020-10-19,12.4,1.85,WorthPoint
muonionalusta-meteorite,Muonionalusta Meteorite Ring Part Slice Adjustable Ring 005,39.99,2020-10-19,,,WorthPoint
muonionalusta-meteorite,Meteorite Cufflinks I Beautifully Etched I 925 Silver - Meteorite Jewelry - TOP,125,2020-10-18,,,WorthPoint
muonionalusta-meteorite,Meteorite Assortment,30,2020-10-16,,,WorthPoint
muonionalusta-meteorite,Richland Meteorite (Fredericksburg) Part Slice 4.2 Grams,55,2020-10-15,4.2,13.1,WorthPoint
muonionalusta-meteorite,Richland Meteorite (Fredericksburg) Part Slice 8.2 Grams,103,2020-10-15,8.2,12.56,WorthPoint
muonionalusta-meteorite,Richland Meteorite (Fredericksburg) Part Slice 12.6 Grams,156,2020-10-15,12.6,12.38,WorthPoint
muonionalusta-meteorite,Muonionalusta Iron Meteorite,4626.25,2020-10-15,,,WorthPoint
muonionalusta-meteorite,Meteorite Jewelry Pair Of Moldavite Earrings 925 Silver 003,113,2020-10-11,,,WorthPoint
muonionalusta-meteorite,9.93 Gram MUONIONALUSTA ECTHED IRON METEORITE - THIN SLICE - Found In SWEDEN,55.3,2020-10-11,9.93,5.57,WorthPoint
muonionalusta-meteorite,Vinales Meteorite Individual 10.1 Grams,88.4,2020-10-11,10.1,8.75,WorthPoint
muonionalusta-meteorite,Sericho Meteorite Pallasite From Kenya Individual 7.6 Grams!,37.4,2020-10-11,7.6,4.92,WorthPoint
muonionalusta-meteorite,Brahin Meteorite Pallasite End Cut 7.6 Grams!,38.25,2020-10-10,7.6,5.03,WorthPoint
muonionalusta-meteorite,"Muonionalusta Meteorite Slice Lot, 348 Grams 195.00",195,2020-10-10,348,0.56,WorthPoint
muonionalusta-meteorite,Sericho Meteorite Pallasite From Kenya Individual 7.1 Grams,35.7,2020-10-10,7.1,5.03,WorthPoint
muonionalusta-meteorite,Sikhote Alin Meteorite Individual .8 Grams,13.6,2020-10-10,8,1.7,WorthPoint
muonionalusta-meteorite,Meteorite Jewelry Sericho Meteorite Pendant 925 Silver 20mm,127,2020-10-09,,,WorthPoint
muonionalusta-meteorite,Muonionalusta Meteorite Etched Part Slice 3.8 Grams,12,2020-10-09,3.8,3.16,WorthPoint
muonionalusta-meteorite,Muonionalusta Meteorite Etched Part Slice 8.3 Grams!,20,2020-10-09,8.3,2.41,WorthPoint
muonionalusta-meteorite,Saffordite Volcanic Glass Individual 5.4 Grams!,14.45,2020-10-08,5.4,2.68,WorthPoint
muonionalusta-meteorite,Meteorite Jewelry Muonionalusta Meteorite Thin 20mm Square Slice,29,2020-10-08,,,WorthPoint
muonionalusta-meteorite,Meteorite Jewelry Muonionalusta Meteorite Thin 15mm Circle Slice,23,2020-10-07,,,WorthPoint
muonionalusta-meteorite,Nantan Etched Meteorite Part Slice 5.6 Grams,16,2020-10-07,5.6,2.86,WorthPoint
muonionalusta-meteorite,Canyon Diablo Meteorite Individual 2.2 Grams,10,2020-10-07,2.2,4.55,WorthPoint
muonionalusta-meteorite,Canyon Diablo Meteorite End Cut 64 Grams!,101,2020-10-06,64,1.58,WorthPoint
muonionalusta-meteorite,Amazing 286 Gm. Muonionalusta Etched Meteorite End Cut,386.1,2020-10-05,286,1.35,WorthPoint
muonionalusta-meteorite,Saffordite Volcanic Glass Individual 7.8 Grams,22,2020-10-05,7.8,2.82,WorthPoint
muonionalusta-meteorite,Muonionalusta Meteorite Etched Part Slice 36.4 Grams,59,2020-10-04,36.4,1.62,WorthPoint
muonionalusta-meteorite,Canyon Diablo Meteorite Full Slice 34.7 Grams!,58,2020-10-04,34.7,1.67,WorthPoint
muonionalusta-meteorite,Soledade Meteorite Etched Part Slice 43.8 Grams Great Etch,136,2020-10-04,43.8,3.11,WorthPoint
muonionalusta-meteorite,Baja California Etched End Cut Meteorite 22.3 Grams,162,2020-10-04,22.3,7.26,WorthPoint
muonionalusta-meteorite,Nantan Etched Meteorite Part Slice 5.2 Grams,15,2020-10-04,5.2,2.88,WorthPoint
muonionalusta-meteorite,Saint Aubin Meteorite Etched Part Slice 18.8 Grams,36,2020-10-04,18.8,1.91,WorthPoint
muonionalusta-meteorite,Saint Aubin Meteorite Etched Part Slice 13.5 Grams,27,2020-10-04,13.5,2,WorthPoint
muonionalusta-meteorite,Gold Basin Meteorite End Cut 99.1 Grams,103,2020-10-04,99.1,1.04,WorthPoint
muonionalusta-meteorite,Moldavite Tektite 3.9 Grams!,41,2020-10-04,3.9,10.51,WorthPoint
muonionalusta-meteorite,Tassedet 004 Meteorite NWA Individual 42.9 Grams,79,2020-10-04,42.9,1.84,WorthPoint
muonionalusta-meteorite,Moldavite Tektite 4.4 Grams,45,2020-10-04,4.4,10.23,WorthPoint
muonionalusta-meteorite,2019 The Legend Of The Nibelungs Pure Muonionalusta Meteorite Proof Coin. Niue,218.3,2020-10-04,,,WorthPoint
muonionalusta-meteorite,Gold Basin Meteorite Individual (tumbled) 13 Grams,16,2020-10-04,13,1.23,WorthPoint
muonionalusta-meteorite,Muonionalusta Meteorite Etched End Cut 8.2 Grams,20,2020-10-03,8.2,2.44,WorthPoint
muonionalusta-meteorite,Soledade Meteorite Etched Part Slice 2.1 Grams Great Etch,13,2020-10-03,2.1,6.19,WorthPoint
muonionalusta-meteorite,Saffordite Volcanic Glass Individual 14.6 Grams,47,2020-10-02,14.6,3.22,WorthPoint
muonionalusta-meteorite,Nantan Etched Meteorite Part Slice 4.8 Grams!,14,2020-10-01,4.8,2.92,WorthPoint
muonionalusta-meteorite,Nantan Etched Meteorite Part Slice 4.7 Grams!,14,2020-10-01,4.7,2.98,WorthPoint
muonionalusta-meteorite,Muonionalusta Meteorite Letter Opener,487.5,2020-10-01,,,WorthPoint
muonionalusta-meteorite,Muonionalusta Meteorite Cubic Form,325,2020-10-01,,,WorthPoint
muonionalusta-meteorite,Canyon Diablo Meteorite Full Slice 40 Grams!,65,2020-10-01,40,1.63,WorthPoint
muonionalusta-meteorite,Muonionalusta Meteorite Etched Part Slice 11.2 Grams,21,2020-09-29,11.2,1.88,WorthPoint
muonionalusta-meteorite,Muonionalusta Meteorite Necklace Pendant Part Slice 002,39.99,2020-09-29,,,WorthPoint
muonionalusta-meteorite,"Muonionalusta Meteorite, Large End, Best Muonio Etch I've Seen! 835g",675,2020-09-28,835,0.81,WorthPoint
muonionalusta-meteorite,Muonionalusta Beautifully Etched Slice 90 Grams,69,2020-09-28,90,0.77,WorthPoint
muonionalusta-meteorite,Muonionalusta Meteorite Ring Part Slice Adjustable Ring 003,39.99,2020-09-28,,,WorthPoint
muonionalusta-meteorite,Nantan Etched Meteorite Part Slice 15.8 Grams,28,2020-09-27,15.8,1.77,WorthPoint
muonionalusta-meteorite,Canyon Diablo Meteorite Full Slice 56.4 Grams!,90,2020-09-26,56.4,1.6,WorthPoint
muonionalusta-meteorite,Muonionalusta Meteorite Etched Part Slice 18.2 Grams!,32,2020-09-26,18.2,1.76,WorthPoint
muonionalusta-meteorite,2011 Cook Island The MUONIONALUSTA Meteorite $5 Silver Proof Coin Rare,100,2020-09-26,,,WorthPoint
muonionalusta-meteorite,Seymchan Pallasite Meteorite Part Slice 31.2 Grams,188,2020-09-26,31.2,6.03,WorthPoint
muonionalusta-meteorite,Muonionalusta Meteorite Etched Part Slice 14.3 Grams,26,2020-09-25,14.3,1.82,WorthPoint
muonionalusta-meteorite,Beautiful Etched Muonionalusta Meteorite Slice. Fine Octahedrite 18.4 G,28,2020-09-25,18.4,1.52,WorthPoint
muonionalusta-meteorite,"Iron Meteorite Muonionalusta, Sweden, Necklace, Pendant Triangle Big",119.99,2020-09-25,,,WorthPoint
muonionalusta-meteorite,Canyon Diablo Meteorite Full Slice 47.3 Grams!,76,2020-09-25,47.3,1.61,WorthPoint
muonionalusta-meteorite,Baja California Etched Full Slice Meteorite 54.5 Grams,342,2020-09-25,54.5,6.28,WorthPoint
muonionalusta-meteorite,Baja California Etched Part Slice Meteorite 2.8 Grams,30,2020-09-24,2.8,10.71,WorthPoint
muonionalusta-meteorite,Baja California Etched Part Slice Meteorite 23.6 Grams,170,2020-09-24,23.6,7.2,WorthPoint
muonionalusta-meteorite,9.4 Gram MUONIONALUSTA ECTHED IRON METEORITE - Slice - Found In SWEDEN,39.2,2020-09-24,9.4,4.17,WorthPoint
muonionalusta-meteorite,Baja California Etched Part Slice Meteorite 19.9 Grams,145,2020-09-24,19.9,7.29,WorthPoint
muonionalusta-meteorite,Baja California Etched Part Slice Meteorite 6.1 Grams,48,2020-09-24,6.1,7.87,WorthPoint
muonionalusta-meteorite,RARE 9 Piece Meteorite / Meteor Display Collection - 9 Rare Pieces,143,2020-09-23,,,WorthPoint
muonionalusta-meteorite,Muonionalusta Meteorite Ring Part Slice Adjustable Ring 001,39.99,2020-09-23,,,WorthPoint
muonionalusta-meteorite,11.37 Gram MUONIONALUSTA ECTHED IRON METEORITE - THIN SLICE - Found In SWEDEN,99,2020-09-22,11.37,8.71,WorthPoint
muonionalusta-meteorite,"Iron Meteorite Muonionalusta, Sweden, With Volcanic Lava Bracelet Small Sphere",119.99,2020-09-22,,,WorthPoint
muonionalusta-meteorite,Sericho Meteorite Pallasite From Kenya Part Slice 17.8 Grams,51,2020-09-21,17.8,2.87,WorthPoint
muonionalusta-meteorite,Sericho Meteorite Pallasite From Kenya Part Slice 16.8 Grams,48.5,2020-09-21,16.8,2.89,WorthPoint
muonionalusta-meteorite,Sikhote Alin Meteorite Individual 5.3 Grams!!,28,2020-09-21,5.3,5.28,WorthPoint
muonionalusta-meteorite,"Muonionalusta Meteorite Slice, 10mm Triangle, Pendant Necklace",16.5,2020-09-21,,,WorthPoint
muonionalusta-meteorite,21.64 Gram MUONIONALUSTA ECTHED IRON METEORITE Specimen - Found In SWEDEN,85,2020-09-20,21.64,3.93,WorthPoint
muonionalusta-meteorite,Sericho Meteorite Pallasite From Kenya Full Slice 8.3 Grams,31,2020-09-20,8.3,3.73,WorthPoint
muonionalusta-meteorite,Sericho Meteorite Pallasite From Kenya Part Slice 15.4 Grams,62,2020-09-19,15.4,4.03,WorthPoint
muonionalusta-meteorite,Muonionalusta Meteorite Etched Part Slice 17.3 Grams,30,2020-09-17,17.3,1.73,WorthPoint
muonionalusta-meteorite,Canyon Diablo Meteorite Individual 4.7 Grams,10,2020-09-17,4.7,2.13,WorthPoint
muonionalusta-meteorite,Sericho Meteorite Pallasite From Kenya Part Slice 11 Grams,52,2020-09-17,11,4.73,WorthPoint
muonionalusta-meteorite,Sericho Meteorite Pallasite From Kenya Part Slice 9.4 Grams,31.5,2020-09-17,9.4,3.35,WorthPoint
muonionalusta-meteorite,Sericho Meteorite Pallasite From Kenya Part Slice 13.2 Grams,39.5,2020-09-17,13.2,2.99,WorthPoint
muonionalusta-meteorite,Nantan Etched Meteorite Part Slice 4.8 Grams,14,2020-09-17,4.8,2.92,WorthPoint
muonionalusta-meteorite,Muonionalusta Meteorite Etched Part Slice 11.9 Grams!,22,2020-09-16,11.9,1.85,WorthPoint
muonionalusta-meteorite,Canyon Diablo Meteorite Individual 12 Grams,18,2020-09-16,12,1.5,WorthPoint
muonionalusta-meteorite,SALE Was 15 Cents Now 7.5 Cents Per Gram 1 Kilo Dealer Lots Campo Del Cielo,75,2020-09-15,,,WorthPoint
muonionalusta-meteorite,Muonionalusta Meteorite Etched Part Slice 27.5 Grams,46,2020-09-15,27.5,1.67,WorthPoint
muonionalusta-meteorite,Canyon Diablo Meteorite Individual 1.6 Grams,8,2020-09-14,1.6,5,WorthPoint
muonionalusta-meteorite,Muonionalusta Meteorite Etched Part Slice 17 Grams,24,2020-09-14,17,1.41,WorthPoint
muonionalusta-meteorite,Muonionalusta Meteorite Etched Part Slice 24.7 Grams,33.6,2020-09-14,24.7,1.36,WorthPoint
muonionalusta-meteorite,Muonionalusta Meteorite Etched End Cut 23.9 Grams,32,2020-09-14,23.9,1.34,WorthPoint
muonionalusta-meteorite,Muonionalusta Meteorite Etched End Cut 41.9 Grams,53.6,2020-09-14,41.9,1.28,WorthPoint
muonionalusta-meteorite,Muonionalusta Meteorite Etched Part Slice 27.7 Grams,36.8,2020-09-14,27.7,1.33,WorthPoint
muonionalusta-meteorite,Lunar Meteorite NWA 11474 Meteorite End Cut 3.3 Grams!,272,2020-09-14,3.3,82.42,WorthPoint
muonionalusta-meteorite,Muonionalusta Meteorite Etched Part Slice 21.7 Grams!,29.6,2020-09-12,21.7,1.36,WorthPoint
muonionalusta-meteorite,Sikhote Alin Meteorite Individual 1.9 Grams!,12.8,2020-09-12,1.9,6.74,WorthPoint
muonionalusta-meteorite,Muonionalusta Meteorite Etched Part Slice 37.7 Grams,48.8,2020-09-12,37.7,1.29,WorthPoint
muonionalusta-meteorite,Canyon Diablo Meteorite Individual 6.7 Grams,8.8,2020-09-12,6.7,1.31,WorthPoint
muonionalusta-meteorite,Amazing 118 Gm. Muonionalusta Etched Meteorite End Cut,179.1,2020-09-11,118,1.52,WorthPoint
muonionalusta-meteorite,Muonionalusta Meteorite Teddy Pocket Watch Meteorite Jewelry,69,2020-09-11,,,WorthPoint
muonionalusta-meteorite,Vinales Meteorite Individual 16.7 Grams,136,2020-09-10,16.7,8.14,WorthPoint
muonionalusta-meteorite,Muonionalusta Meteorite Etched Part Slice 3.6 Grams,9.6,2020-09-10,3.6,2.67,WorthPoint
muonionalusta-meteorite,Saint Aubin Meteorite Etched Part Slice 12.6 Grams,20.8,2020-09-10,12.6,1.65,WorthPoint
muonionalusta-meteorite,Muonionalusta Meteorite Etched Part Slice 40 Grams!,51.2,2020-09-10,40,1.28,WorthPoint
muonionalusta-meteorite,Nantan Etched Meteorite Part Slice 8.3 Grams,16,2020-09-10,8.3,1.93,WorthPoint
muonionalusta-meteorite,"1906, Muonionalusta Iron Meteorite, Norrbottens, Sweden 7.68 Grams",26.5,2020-09-09,7.68,3.45,WorthPoint
muonionalusta-meteorite,HUGE MUSEUM SPECIMEN - 14 KILO (30.8 Lb) MUONIONALUSTA ETCHED METEORITE - ENDCUT,6825,2020-09-08,,,WorthPoint
muonionalusta-meteorite,25.5 Gram MUONIONALUSTA ECTHED IRON METEORITE - Odd Shape - Found In SWEDEN,74.25,2020-09-07,25.5,2.91,WorthPoint
muonionalusta-meteorite,Canyon Diablo Meteorite Individual 2.1 Grams!,10,2020-09-06,2.1,4.76,WorthPoint
muonionalusta-meteorite,Meteorite Jewelry Bead Muonionalusta Meteorite Pendant 925 Silver,51,2020-09-06,,,WorthPoint
muonionalusta-meteorite,Amazing 170 Gm. Muonionalusta Etched Meteorite End Cut,233.1,2020-09-06,170,1.37,WorthPoint
muonionalusta-meteorite,Muonionalusta Beautifully Etched Slice 26 Grams,19,2020-09-05,26,0.73,WorthPoint
muonionalusta-meteorite,Muonionalusta Meteorite Etched Part Slice 16.1 Grams,29,2020-09-05,16.1,1.8,WorthPoint
muonionalusta-meteorite,Brahin Meteorite Pallasite Part Slice 22.4 Grams!,139,2020-09-05,22.4,6.21,WorthPoint
muonionalusta-meteorite,Moldavite Tektite 4.2 Grams,43,2020-09-05,4.2,10.24,WorthPoint
muonionalusta-meteorite,Muonionalusta Meteorite Etched Part Slice 12.8 Grams!,24,2020-09-04,12.8,1.88,WorthPoint
muonionalusta-meteorite,Muonionalusta Meteorite Etched Part Slice 14 Grams,25,2020-09-04,14,1.79,WorthPoint
muonionalusta-meteorite,Muonionalusta Meteorite Etched Part Slice 25.6 Grams!,43,2020-09-04,25.6,1.68,WorthPoint
muonionalusta-meteorite,Canyon Diablo Meteorite Individual 10.7 Grams,16,2020-09-04,10.7,1.5,WorthPoint
muonionalusta-meteorite,Moldavite Meteorite Jewelry Meteorite Pendant 020,33,2020-09-03,,,WorthPoint
muonionalusta-meteorite,Saffordite Volcanic Glass Individual 6.5 Grams!,19,2020-09-03,6.5,2.92,WorthPoint
muonionalusta-meteorite,Canyon Diablo Meteorite Individual 9.4 Grams!,22,2020-09-03,9.4,2.34,WorthPoint
muonionalusta-meteorite,Canyon Diablo Meteorite Individual 3.2 Grams,11,2020-09-03,3.2,3.44,WorthPoint
muonionalusta-meteorite,"1,700 Gram Muonionalusta Meteorite From Sweden! AMAZING Octahedrite Structure!",450,2020-09-03,700,0.64,WorthPoint
muonionalusta-meteorite,Awesome Looking Campo Del Cielo Meteorite From Argentina! 1300 Grams!,199.99,2020-09-03,1300,0.15,WorthPoint
muonionalusta-meteorite,"Bargain 280 Gram Brenham Pallasite Meteorite, Thick Slice!",159.5,2020-09-03,280,0.57,WorthPoint
muonionalusta-meteorite,"Sale! Huge Campo Del Cielo Etched Meteorite Slice From Argentina! 2,000 Grams!",499.99,2020-09-03,,,WorthPoint
muonionalusta-meteorite,Muonionalusta Beautifully Etched Slice 50 Grams,39,2020-09-02,50,0.78,WorthPoint
muonionalusta-meteorite,Muonionalusta Meteorite Etched End Cut 16 Grams,28,2020-09-01,16,1.75,WorthPoint
muonionalusta-meteorite,Meteorite Jewelry Muonionalusta Meteorite Pendant 925 Silver 1042-1,95,2020-09-01,,,WorthPoint
muonionalusta-meteorite,7.24 Gram MUONIONALUSTA ECTHED IRON METEORITE Specimen - Found In SWEDEN,33.75,2020-09-01,7.24,4.66,WorthPoint
muonionalusta-meteorite,Muonionalusta Meteorite Etched Part Slice 12.9 Grams,24,2020-09-01,12.9,1.86,WorthPoint
muonionalusta-meteorite,Muonionalusta Beautifully Etched Pocket Piece 110 Grams,80,2020-09-01,110,0.73,WorthPoint
muonionalusta-meteorite,11.66 Gram MUONIONALUSTA ECTHED IRON METEORITE - THIN SLICE - Found In SWEDEN,59.25,2020-09-01,11.66,5.08,WorthPoint
muonionalusta-meteorite,Sericho Meteorite Pallasite From Kenya Part Slice 16.6 Grams,111,2020-08-31,16.6,6.69,WorthPoint
muonionalusta-meteorite,Muonionalusta Meteorite Etched Part Slice 37.4 Grams!,61,2020-08-31,37.4,1.63,WorthPoint
muonionalusta-meteorite,Saint Aubin Meteorite Etched Part Slice 62.8 Grams,111,2020-08-31,62.8,1.77,WorthPoint
muonionalusta-meteorite,Muonionalusta Beautifully Etched Slice 36 Grams,29,2020-08-31,36,0.81,WorthPoint
muonionalusta-meteorite,Muonionalusta Meteorite Etched Part Slice 22.1 Grams!,38,2020-08-31,22.1,1.72,WorthPoint
muonionalusta-meteorite,Muonionalusta Meteorite Etched Part Slice 11.7 Grams,22,2020-08-31,11.7,1.88,WorthPoint
muonionalusta-meteorite,Muonionalusta Meteorite Etched Part Slice 34.3 Grams!,59,2020-08-30,34.3,1.72,WorthPoint
muonionalusta-meteorite,Muonionalusta Beautifully Etched Triangle 32 Grams,29,2020-08-30,32,0.91,WorthPoint
muonionalusta-meteorite,Muonionalusta METEORITE Pendent Sterling Silver Chain,90,2020-08-29,,,WorthPoint
muonionalusta-meteorite,Muonionalusta Meteorite Etched Part Slice 25.7 Grams,43,2020-08-28,25.7,1.67,WorthPoint
muonionalusta-meteorite,Muonionalusta Meteorite Etched Part Slice 41.9 Grams!,67,2020-08-28,41.9,1.6,WorthPoint
muonionalusta-meteorite,Brahin Meteorite Pallasite Part Slice 3.7 Grams!,31,2020-08-28,3.7,8.38,WorthPoint
muonionalusta-meteorite,NWA Meteorite Bracelet Jewelry,46,2020-08-28,,,WorthPoint
muonionalusta-meteorite,Muonionalusta Meteorite Etched Part Slice 23.4 Grams!,40,2020-08-27,23.4,1.71,WorthPoint
muonionalusta-meteorite,Vinales Meteorite Individual 14.8 Grams,151,2020-08-26,14.8,10.2,WorthPoint
muonionalusta-meteorite,Muonionalusta Meteorite Etched Part Slice 19.2 Grams,33,2020-08-25,19.2,1.72,WorthPoint
muonionalusta-meteorite,Muonionalusta Meteorite Etched Part Slice 17.5 Grams!,31,2020-08-25,17.5,1.77,WorthPoint
muonionalusta-meteorite,Muonionalusta Meteorite Etched Part Slice 38.3 Grams!,62,2020-08-25,38.3,1.62,WorthPoint
muonionalusta-meteorite,Muonionalusta Meteorite Etched Part Slice 18.5 Grams,32,2020-08-25,18.5,1.73,WorthPoint
muonionalusta-meteorite,Muonionalusta Meteorite Etched Part Slice 17.7 Grams,31,2020-08-25,17.7,1.75,WorthPoint
muonionalusta-meteorite,Muonionalusta Meteorite Etched End Cut 1.9 Grams,10,2020-08-25,1.9,5.26,WorthPoint
muonionalusta-meteorite,Cut And Polished Muonionalusta Meteorite From Sweden! 520 Grams! Bargain Price!,119.99,2020-08-25,520,0.23,WorthPoint
muonionalusta-meteorite,Muonionalusta Meteorite Etched Part Slice 21.9 Grams,37,2020-08-24,21.9,1.69,WorthPoint
muonionalusta-meteorite,Muonionalusta Meteorite CUTTING Rough! Bargain Priced 1380 Grams! Read All!,249.99,2020-08-24,1380,0.18,WorthPoint
muonionalusta-meteorite,Muonionalusta Meteorite Etched Part Slice 13.9 Grams!,25,2020-08-24,13.9,1.8,WorthPoint
muonionalusta-meteorite,Muonionalusta Meteorite Etched Part Slice 18.9 Grams,33,2020-08-24,18.9,1.75,WorthPoint
muonionalusta-meteorite,Meteorite Jewelry Gibeon Meteorite Pendant 925 Silver,150,2020-08-23,,,WorthPoint
muonionalusta-meteorite,Saint Aubin Meteorite Etched Part Slice 14.1 Grams,28,2020-08-22,14.1,1.99,WorthPoint
muonionalusta-meteorite,Sericho Meteorite Pallasite From Kenya Part Slice 9 Grams!,66,2020-08-22,9,7.33,WorthPoint
muonionalusta-meteorite,Saint Aubin Meteorite Etched Part Slice 26.4 Grams,66,2020-08-22,26.4,2.5,WorthPoint
muonionalusta-meteorite,Sericho Meteorite Pallasite From Kenya Individual 3.3 Grams!,22,2020-08-22,3.3,6.67,WorthPoint
muonionalusta-meteorite,Campo Meteorite Etched Circle Part Slice 57 Grams Great Etch,60,2020-08-22,57,1.05,WorthPoint
muonionalusta-meteorite,Muonionalusta Meteorite Etched Part Slice 12.7 Grams!,24,2020-08-22,12.7,1.89,WorthPoint
muonionalusta-meteorite,Muonionalusta Meteorite Etched Part Slice 20.8 Grams,36,2020-08-22,20.8,1.73,WorthPoint
muonionalusta-meteorite,Muonionalusta Meteorite Etched Part Slice 20.6 Grams!,35,2020-08-21,20.6,1.7,WorthPoint
muonionalusta-meteorite,17.45 Gram MUONIONALUSTA ECTHED IRON METEORITE - THIN SLICE - Found In SWEDEN,149,2020-08-21,17.45,8.54,WorthPoint
muonionalusta-meteorite,Amazing 670 Gm. Muonionalusta Etched Meteorite Slice,989.1,2020-08-21,670,1.48,WorthPoint
muonionalusta-meteorite,Saffordite Volcanic Glass Individual 5.1 Grams!,17,2020-08-20,5.1,3.33,WorthPoint
muonionalusta-meteorite,Meteorite Jewelry 925 Silver Meteorite Bracelet Charm Star,46,2020-08-20,,,WorthPoint
muonionalusta-meteorite,Muonionalusta Meteorite Etched Part Slice 18.1 Grams,32,2020-08-20,18.1,1.77,WorthPoint
muonionalusta-meteorite,Muonionalusta Meteorite THICK Etched Part Slice 393.3 Grams! FOR JEWELRY MAKING!,605,2020-08-19,393.3,1.54,WorthPoint
muonionalusta-meteorite,Muonionalusta Meteorite Etched Part Slice 13.8 Grams!,21.25,2020-08-18,13.8,1.54,WorthPoint
muonionalusta-meteorite,Muonionalusta Meteorite Etched Part Slice 22.1 Grams,32.3,2020-08-18,22.1,1.46,WorthPoint
muonionalusta-meteorite,Canyon Diablo Meteorite Individual 5.5 Grams,8.5,2020-08-18,5.5,1.55,WorthPoint
muonionalusta-meteorite,Brahin Meteorite Pallasite Part Slice 12.2 Grams!,86.7,2020-08-18,12.2,7.11,WorthPoint
muonionalusta-meteorite,Nantan Etched Meteorite Part Slice 10.8 Grams,17.85,2020-08-17,10.8,1.65,WorthPoint
muonionalusta-meteorite,Muonionalusta Meteorite Etched Part Slice 23.8 Grams,34,2020-08-16,23.8,1.43,WorthPoint
muonionalusta-meteorite,8.09 Gram MUONIONALUSTA ECTHED IRON METEORITE Specimen - Found In SWEDEN,33.75,2020-08-15,8.09,4.17,WorthPoint
muonionalusta-meteorite,Muonionalusta Meteorite Etched Part Slice 23.7 Grams!,34,2020-08-14,23.7,1.43,WorthPoint
muonionalusta-meteorite,Muonionalusta Etched Part Slice 254 Grams WHOLESALE PRICING!!!,190,2020-08-13,254,0.75,WorthPoint
muonionalusta-meteorite,Muonionalusta Meteorite Etched End Cut 41.6 Grams,67,2020-08-12,41.6,1.61,WorthPoint
muonionalusta-meteorite,Saint Aubin Meteorite Etched Part Slice 21.5 Grams,41,2020-08-11,21.5,1.91,WorthPoint
muonionalusta-meteorite,Saint Aubin Meteorite Etched Part Slice 41.1 Grams,74,2020-08-11,41.1,1.8,WorthPoint
muonionalusta-meteorite,Soledade Meteorite Etched Part Slice 25.8 Grams Great Etch,70,2020-08-11,25.8,2.71,WorthPoint
muonionalusta-meteorite,Campo Meteorite Etched Circle Part Slice 55.5 Grams Great Etch,51,2020-08-11,55.5,0.92,WorthPoint
muonionalusta-meteorite,Canyon Diablo Meteorite Individual 5.4 Grams!,15,2020-08-11,5.4,2.78,WorthPoint
muonionalusta-meteorite,Nantan Etched Meteorite Part Slice 14.3 Grams,26,2020-08-11,14.3,1.82,WorthPoint
muonionalusta-meteorite,Canyon Diablo Meteorite Individual 6.8 Grams!,18,2020-08-10,6.8,2.65,WorthPoint
muonionalusta-meteorite,6.48 Gram MUONIONALUSTA ECTHED IRON METEORITE Specimen - Found In SWEDEN,33.75,2020-08-10,6.48,5.21,WorthPoint
muonionalusta-meteorite,Moldavite Meteorite Jewelry Meteorite Pendant 044,46,2020-08-08,,,WorthPoint
muonionalusta-meteorite,Saint Aubin Meteorite Etched Part Slice 27.9 Grams,52,2020-08-07,27.9,1.86,WorthPoint
muonionalusta-meteorite,Woolly Mammoth Tooth & Muonionalusta Meteorite Knife,5250,2020-08-07,,,WorthPoint
muonionalusta-meteorite,Muonionalusta Meteorite Push Dagger,8125,2020-08-07,,,WorthPoint
muonionalusta-meteorite,Nantan Etched Meteorite Part Slice 8.8 Grams,21,2020-08-07,8.8,2.39,WorthPoint
muonionalusta-meteorite,11.33 Gram MUONIONALUSTA ECTHED IRON METEORITE - THIN SLICE - Found In SWEDEN,66.75,2020-08-07,11.33,5.89,WorthPoint
muonionalusta-meteorite,Canyon Diablo Meteorite Individual 10 Grams,15,2020-08-06,10,1.5,WorthPoint
muonionalusta-meteorite,Canyon Diablo Meteorite Individual 6.4 Grams!,17,2020-08-06,6.4,2.66,WorthPoint
muonionalusta-meteorite,Nantan Etched Meteorite Part Slice 14.8 Grams,27,2020-08-06,14.8,1.82,WorthPoint
muonionalusta-meteorite,Meteorites - 48.7g Muonionalusta Polished And Etched End Piece,145.95,2020-08-05,48.7,3,WorthPoint
muonionalusta-meteorite,"Muonionalusta Meteorite Sphere, 49 Mms, It Weighs 492 Gr! ...",560,2020-08-04,492,1.14,WorthPoint
muonionalusta-meteorite,Muonionalusta Beautifully Etched Whole Slice 163 Grams SALE PRICED!!!,119,2020-08-03,163,0.73,WorthPoint
muonionalusta-meteorite,Moldavite Meteorite Jewelry Meteorite Pendant,28,2020-08-03,,,WorthPoint
muonionalusta-meteorite,Canyon Diablo Meteorite Individual 11.1 Grams!,21,2020-08-03,11.1,1.89,WorthPoint
muonionalusta-meteorite,Nantan Etched Meteorite End Cut 29.3 Grams!,48,2020-08-02,29.3,1.64,WorthPoint
muonionalusta-meteorite,Saint Aubin Meteorite Etched Part Slice 50 Grams,89,2020-08-02,50,1.78,WorthPoint
muonionalusta-meteorite,Muonionalusta Etched Part Slice 79 Grams,75,2020-08-02,79,0.95,WorthPoint
muonionalusta-meteorite,Meteorite Jewelry Muonionalusta Meteorite Pendant 10mm Bead Pendant,81,2020-08-01,,,WorthPoint
muonionalusta-meteorite,Gorgeous Etched Gibeon Iron Meteorite Thin Slice #110 Beautiful Etch 4 Jewelry!,169.95,2020-08-01,,,WorthPoint
muonionalusta-meteorite,Nice Large Size Muonionalusta Meteorite Pendant - Widmanstatten Patterns!,39.99,2020-08-01,,,WorthPoint
muonionalusta-meteorite,Mandaly Spring Meteorite Full Slice .6 Grams,20,2020-08-01,6,3.33,WorthPoint
muonionalusta-meteorite,MUONIONALUSTA METEORITE 212 Grams (7 1/2oz) FULL SLICE NICKEL IRON KIRUNA SWEDEN,125,2020-08-01,212,0.59,WorthPoint
muonionalusta-meteorite,Nantan Etched Meteorite Part Slice 9.6 Grams,22,2020-07-31,9.6,2.29,WorthPoint
muonionalusta-meteorite,Muonionalusta Meteorite Etched End Cut 17.8 Grams,31,2020-07-31,17.8,1.74,WorthPoint
muonionalusta-meteorite,55.53 Gram MUONIONALUSTA ECTHED IRON METEORITE - THIN SLICE - Found In SWEDEN,165,2020-07-30,55.53,2.97,WorthPoint
muonionalusta-meteorite,Muonionalusta Meteorite THICK Etched Part Slice 324.4 Grams! FOR JEWELRY MAKING!,500,2020-07-30,324.4,1.54,WorthPoint
muonionalusta-meteorite,Moldavite Meteorite Jewelry Meteorite Pendant 001-2,81,2020-07-29,,,WorthPoint
muonionalusta-meteorite,Saffordite Volcanic Glass Individual 9.3 Grams!,25,2020-07-28,9.3,2.69,WorthPoint
muonionalusta-meteorite,Saint Aubin Meteorite Etched Part Slice 12.8 Grams,26,2020-07-27,12.8,2.03,WorthPoint
muonionalusta-meteorite,Saint Aubin Meteorite Etched Part Slice 9.7 Grams,24,2020-07-27,9.7,2.47,WorthPoint
muonionalusta-meteorite,Saint Aubin Meteorite Etched Part Slice 10.4 Grams,22,2020-07-27,10.4,2.12,WorthPoint
muonionalusta-meteorite,Saint Aubin Meteorite Etched Part Slice 7.8 Grams,21,2020-07-27,7.8,2.69,WorthPoint
muonionalusta-meteorite,Muonionalusta Meteorite THICK Etched Part Slice 264 Grams! FOR JEWELRY MAKING!,408,2020-07-26,264,1.55,WorthPoint
muonionalusta-meteorite,Meteorites - 31.3g Muonionalusta Polished And Etched Complete Slice,119.95,2020-07-25,31.3,3.83,WorthPoint
muonionalusta-meteorite,Soledade Meteorite Etched Part Slice 54.7 Grams Great Etch,169,2020-07-25,54.7,3.09,WorthPoint
muonionalusta-meteorite,Muonionalusta Meteorite Etched End Cut 370 Grams 1906 Muonio River Sweden W/Sign,499,2020-07-25,370,1.35,WorthPoint
muonionalusta-meteorite,2011 Cook Island The MUONIONALUSTA Meteorite. $5 Silver Proof Coin,125,2020-07-25,,,WorthPoint
muonionalusta-meteorite,Authentic Muonionalusta Meteorite In Display Frame With Information Card,17,2020-07-24,,,WorthPoint
muonionalusta-meteorite,Saint Aubin Meteorite Etched Part Slice 25.3 Grams,48,2020-07-24,25.3,1.9,WorthPoint
muonionalusta-meteorite,Muonionalusta Etched Iron Meteorite,69.99,2020-07-24,,,WorthPoint
muonionalusta-meteorite,"Muonionalusta Meteorite, Rough And Rusty! Bargain Priced 2300 Grams!",459.99,2020-07-24,2300,0.2,WorthPoint
muonionalusta-meteorite,GORGEOUS ~768g ETCHED GIBEON IRON METEORITE THICK FULL SLICE SLAB BRILLIANT ETCH,3739.65,2020-07-23,768,4.87,WorthPoint
muonionalusta-meteorite,Agoudal Meteorite Sliced End Cut 140 Grams New Find!,288,2020-07-23,140,2.06,WorthPoint
muonionalusta-meteorite,Muonionalusta Meteorite Etched Part Slice 62.6 Grams!,102,2020-07-23,62.6,1.63,WorthPoint
muonionalusta-meteorite,500 Gram (LOT A) MUONIONALUSTA ECTHED IRON METEORITE Specimens - Found In SWEDEN,487.5,2020-07-23,500,0.98,WorthPoint
muonionalusta-meteorite,500 Gram (LOT B) MUONIONALUSTA ECTHED IRON METEORITE Specimens - Found In SWEDEN,487.5,2020-07-23,500,0.98,WorthPoint
muonionalusta-meteorite,Muonionalusta Beautifully Etched Part Slice 132 Grams,104,2020-07-22,132,0.79,WorthPoint
muonionalusta-meteorite,Muonionalusta Beautifully Etched Part Slice 15 Grams,14,2020-07-22,15,0.93,WorthPoint
muonionalusta-meteorite,Muonionalusta Beautifully Etched Part Slice 67 Grams,55,2020-07-21,67,0.82,WorthPoint
muonionalusta-meteorite,Dronino Meteorite Full Slice 105.9 Grams,210,2020-07-21,105.9,1.98,WorthPoint
muonionalusta-meteorite,Sericho Meteorite Pallasite From Kenya Full Slice 14.2 Grams,83,2020-07-20,14.2,5.85,WorthPoint
muonionalusta-meteorite,Canyon Diablo Meteorite Individual 5.8 Grams,10,2020-07-19,5.8,1.72,WorthPoint
muonionalusta-meteorite,Canyon Diablo Meteorite Individual 6.4 Grams,14,2020-07-19,6.4,2.19,WorthPoint
muonionalusta-meteorite,Canyon Diablo Meteorite Individual 8.9 Grams,17,2020-07-19,8.9,1.91,WorthPoint
muonionalusta-meteorite,Canyon Diablo Meteorite Individual 68.6 Grams,73,2020-07-19,68.6,1.06,WorthPoint
muonionalusta-meteorite,Canyon Diablo Meteorite Individual 5.2 Grams,13,2020-07-19,5.2,2.5,WorthPoint
muonionalusta-meteorite,Canyon Diablo Meteorite Individual 9.1 Grams,18,2020-07-19,9.1,1.98,WorthPoint
muonionalusta-meteorite,Canyon Diablo Meteorite Individual 11.3 Grams,17,2020-07-19,11.3,1.5,WorthPoint
muonionalusta-meteorite,Canyon Diablo Meteorite Individual 4.3 Grams,10,2020-07-19,4.3,2.33,WorthPoint
muonionalusta-meteorite,Canyon Diablo Meteorite Individual 5.3 Grams,10,2020-07-19,5.3,1.89,WorthPoint
muonionalusta-meteorite,Canyon Diablo Meteorite Individual 7.5 Grams,12,2020-07-19,7.5,1.6,WorthPoint
muonionalusta-meteorite,Canyon Diablo Meteorite Individual 13.4 Grams,19,2020-07-19,13.4,1.42,WorthPoint
muonionalusta-meteorite,Canyon Diablo Meteorite Individual 49.1 Grams,54,2020-07-19,49.1,1.1,WorthPoint
muonionalusta-meteorite,Canyon Diablo Meteorite Individual 10.1 Grams,15,2020-07-19,10.1,1.49,WorthPoint
muonionalusta-meteorite,Canyon Diablo Meteorite Individual 12.8 Grams,19,2020-07-19,12.8,1.48,WorthPoint
muonionalusta-meteorite,Canyon Diablo Meteorite Individual 46.9 Grams,51,2020-07-19,46.9,1.09,WorthPoint
muonionalusta-meteorite,Canyon Diablo Meteorite Individual 11.4 Grams,16,2020-07-19,11.4,1.4,WorthPoint
muonionalusta-meteorite,Canyon Diablo Meteorite Individual 6.8 Grams,11,2020-07-19,6.8,1.62,WorthPoint
muonionalusta-meteorite,Canyon Diablo Meteorite Individual 10.6 Grams,15,2020-07-19,10.6,1.42,WorthPoint
muonionalusta-meteorite,Canyon Diablo Meteorite Individual 10.8 Grams,16,2020-07-19,10.8,1.48,WorthPoint
muonionalusta-meteorite,Canyon Diablo Meteorite Individual 61.8 Grams,66,2020-07-19,61.8,1.07,WorthPoint
muonionalusta-meteorite,Canyon Diablo Meteorite Individual 13.3 Grams,19,2020-07-19,13.3,1.43,WorthPoint
muonionalusta-meteorite,Canyon Diablo Meteorite Individual 7.6 Grams,12,2020-07-19,7.6,1.58,WorthPoint
muonionalusta-meteorite,Muonionalusta Etched Part Slice 233 Grams WHOLESALE PRICING!!!,139,2020-07-18,233,0.6,WorthPoint
muonionalusta-meteorite,Muonionalusta Meteorite From Sweden! 420 Grams! Bargain Price!,78,2020-07-17,420,0.19,WorthPoint
muonionalusta-meteorite,Muonionalusta WHOLESALE PRICING!!! Etched Cube 387 Grams,290,2020-07-17,387,0.75,WorthPoint
muonionalusta-meteorite,"Triple Cut Del Cielo Meteorite From Argentina! Polished And Etched, 690 Grams!",153.7,2020-07-17,690,0.22,WorthPoint
muonionalusta-meteorite,Saint Aubin Meteorite Etched Part Slice 45.1 Grams,81,2020-07-17,45.1,1.8,WorthPoint
muonionalusta-meteorite,Nantan Etched Meteorite Part Slice 3.9 Grams!,10.2,2020-07-17,3.9,2.62,WorthPoint
muonionalusta-meteorite,Tassedet 004 Meteorite NWA Full Slice 65.4 Grams,235,2020-07-17,65.4,3.59,WorthPoint
muonionalusta-meteorite,Meteorite Jewelry Muonionalusta Meteorite Pendant 8mm Bead Pendant,46,2020-07-16,,,WorthPoint
muonionalusta-meteorite,Saint Aubin Meteorite Etched Part Slice 27.1 Grams,51,2020-07-16,27.1,1.88,WorthPoint
muonionalusta-meteorite,SIXTY POUND Or 27 KG Muonionalusta Meteorite From Sweden!!!,7500,2020-07-16,27000,0.28,WorthPoint
muonionalusta-meteorite,Muonionalusta Meteorite THICK Etched Part Slice 283 Grams! FOR JEWELRY MAKING!,437,2020-07-16,283,1.54,WorthPoint
muonionalusta-meteorite,Watch With Muonionalusta Meteorite,1058.75,2020-07-16,,,WorthPoint
muonionalusta-meteorite,Sericho Meteorite Pallasite From Kenya Part Slice 8.9 Grams!,51,2020-07-15,8.9,5.73,WorthPoint
muonionalusta-meteorite,Muonionalusta Beautifully Etched Slice 110 Grams,88,2020-07-15,110,0.8,WorthPoint
muonionalusta-meteorite,Vinales Meteorite Individual 5.8 Grams,51.85,2020-07-15,5.8,8.94,WorthPoint
muonionalusta-meteorite,Muonionalusta Beautifully Etched Slice 200 Grams WHOLESALE PRICING!!!,123,2020-07-15,200,0.62,WorthPoint
muonionalusta-meteorite,"Meteorite Collection - Sikhote Alin, Canyon Diablo, Campo, Nantan, And 6 More",350,2020-07-15,,,WorthPoint
muonionalusta-meteorite,Saint Aubin Meteorite Etched Part Slice 33.8 Grams,62,2020-07-14,33.8,1.83,WorthPoint
muonionalusta-meteorite,14.8 Gram MUONIONALUSTA ECTHED IRON METEORITE Specimen - Found In SWEDEN,85,2020-07-14,14.8,5.74,WorthPoint
muonionalusta-meteorite,Dronino Meteorite End Cut 240.8 Grams,408,2020-07-14,240.8,1.69,WorthPoint
muonionalusta-meteorite,"Muonionalusta Meteorite, Rough And Rusty! Bargain Priced HUGE 16 Pounds! Read!",1449.99,2020-07-13,,,WorthPoint
muonionalusta-meteorite,Saint Aubin Meteorite Etched Part Slice 30.8 Grams,57,2020-07-13,30.8,1.85,WorthPoint
muonionalusta-meteorite,Saint Aubin Meteorite Etched Part Slice 42.5 Grams,77,2020-07-13,42.5,1.81,WorthPoint
muonionalusta-meteorite,"Muonionalusta Meteorite From Sweden! Polished And Etched Halves! 2,000 Grams!",459.99,2020-07-13,,,WorthPoint
muonionalusta-meteorite,Muonionalusta Meteorite *ugly Cutting/slicing Rough Material** 12 Pounds! Read!,749.99,2020-07-13,,,WorthPoint
muonionalusta-meteorite,Saint Aubin Meteorite Etched End Cut 103.8 Grams,185,2020-07-12,103.8,1.78,WorthPoint
muonionalusta-meteorite,Saint Aubin Meteorite Etched Part Slice 19.1 Grams,37,2020-07-12,19.1,1.94,WorthPoint
muonionalusta-meteorite,"1,880 Gram Muonionalusta Meteorite From Sweden! I Call It The ""battle Axe"" :)",379.99,2020-07-12,880,0.43,WorthPoint
muonionalusta-meteorite,"Our Biggest! 10 KILOGRAM Muonionalusta Meteorite From Sweden! 10,000 Grams!",2199.99,2020-07-12,,,WorthPoint
muonionalusta-meteorite,Brahin Meteorite Pallasite Part Slice 17 Grams!,90.1,2020-07-12,17,5.3,WorthPoint
muonionalusta-meteorite,Saint Aubin Meteorite Etched Part Slice 5 Grams,16,2020-07-12,5,3.2,WorthPoint
muonionalusta-meteorite,86.02 Gram MUONIONALUSTA ECTHED IRON METEORITE - FULL SLICE - Found In SWEDEN,259,2020-07-12,86.02,3.01,WorthPoint
muonionalusta-meteorite,Brahin Meteorite Pallasite Part Slice 10 Grams!,50.15,2020-07-12,10,5.01,WorthPoint
muonionalusta-meteorite,Awesome Looking Campo Del Cielo Meteorite From Argentina! 800 Grams!,128.5,2020-07-11,800,0.16,WorthPoint
muonionalusta-meteorite,Muonionalusta Meteorite Etched Part Slice 7.6 Grams,16.15,2020-07-11,7.6,2.13,WorthPoint
muonionalusta-meteorite,Saint Aubin Meteorite Etched Part Slice 27.8 Grams,31,2020-07-11,27.8,1.12,WorthPoint
muonionalusta-meteorite,Super Cool Looking Campo Del Cielo Meteorite From Argentina! 1800 Grams!,269.99,2020-07-10,1800,0.15,WorthPoint
muonionalusta-meteorite,Saffordite Volcanic Glass Individual 6 Grams!,15.3,2020-07-10,6,2.55,WorthPoint
muonionalusta-meteorite,Canyon Diablo Meteorite Individual 8.7 Grams,11.05,2020-07-10,8.7,1.27,WorthPoint
muonionalusta-meteorite,"Wow! 6 KILOGRAM Muonionalusta Meteorite From Sweden! Polished Face! 6,000 Grams!",1699.99,2020-07-10,,,WorthPoint
muonionalusta-meteorite,"Huge And COOL! 8 KILOGRAM Muonionalusta Meteorite From Sweden! 8,000 Grams!",1899.99,2020-07-10,,,WorthPoint
muonionalusta-meteorite,Muonionalusta Meteorite End Piece,475,2020-07-09,,,WorthPoint
muonionalusta-meteorite,Muonionalusta Beautifully Etched End Cut 551 Grams #33,386,2020-07-08,551,0.7,WorthPoint
muonionalusta-meteorite,Muonionalusta Beautifully Etched End Cut 117 Grams #37 WHOLESALE PRICE,89,2020-07-08,117,0.76,WorthPoint
muonionalusta-meteorite,Thick! Campo Del Cielo Meteorite From Argentina! Polished And Etched 1100 Grams!,299.99,2020-07-07,1100,0.27,WorthPoint
muonionalusta-meteorite,Muonionalusta Meteorite From Sweden! 600 Grams! Shocked And Cracked!,149.99,2020-07-07,600,0.25,WorthPoint
muonionalusta-meteorite,Sericho Meteorite Pallasite From Kenya Part Slice 18.8 Grams,107,2020-07-07,18.8,5.69,WorthPoint
muonionalusta-meteorite,Awesome Campo Del Cielo Meteorite From Argentina! 2660 Grams!,399.99,2020-07-07,2660,0.15,WorthPoint
muonionalusta-meteorite,Great Looking Campo Del Cielo Meteorite From Argentina! 1280 Grams!,149.99,2020-07-06,1280,0.12,WorthPoint
muonionalusta-meteorite,Muonionalusta Meteorite From Sweden! 2500 Grams!,499.99,2020-07-06,2500,0.2,WorthPoint
muonionalusta-meteorite,"Large, Complete Campo Del Cielo Meteorite From Argentina! 1,700 Grams!",330,2020-07-06,700,0.47,WorthPoint
muonionalusta-meteorite,Tassedet 004 Meteorite NWA Part Slice 6.6 Grams,34,2020-07-06,6.6,5.15,WorthPoint
muonionalusta-meteorite,10.55 Gram MUONIONALUSTA ECTHED IRON METEORITE - THIN SLICE - Found In SWEDEN,62.3,2020-07-06,10.55,5.91,WorthPoint
muonionalusta-meteorite,Wow! Gorgeous Campo Del Cielo Meteorite From Argentina! 2200 Grams!,529.99,2020-07-06,2200,0.24,WorthPoint
muonionalusta-meteorite,BIG And HEAVY Canyon Diablo Meteorite From Arizona! 2560 Grams!,799.99,2020-07-06,2560,0.31,WorthPoint
muonionalusta-meteorite,"1,660 Gram Muonionalusta Meteorite From Sweden, Etched And Polished Octahedrite!",449.99,2020-07-04,660,0.68,WorthPoint
muonionalusta-meteorite,Canyon Diablo Meteorite From Arizona! 200 Grams!,132.5,2020-07-04,200,0.66,WorthPoint
muonionalusta-meteorite,Sweet Little Complete Campo Del Cielo Meteorite From Argentina! 310 Grams!,89.99,2020-07-04,310,0.29,WorthPoint
muonionalusta-meteorite,Muonionalusta Beautifully Etched Slice 107 Grams #35,64,2020-07-04,107,0.6,WorthPoint
muonionalusta-meteorite,"530 Gram Muonionalusta Meteorite From Sweden, Etched And Polished Octahedrite!",179.99,2020-07-03,530,0.34,WorthPoint
muonionalusta-meteorite,Canyon Diablo Meteorite Individual 4.8 Grams,12,2020-07-03,4.8,2.5,WorthPoint
muonionalusta-meteorite,Sale! Massive 4.95 KILOGRAM Muonionalusta Meteorite From Sweden! Polished Face!,1499.99,2020-07-03,,,WorthPoint
muonionalusta-meteorite,"1 Kg. Meteorite Saw Dust; Muonionalusta, Campo And Sericho; The Lowest Price",73,2020-07-02,1000,0.07,WorthPoint
muonionalusta-meteorite,12.15 Gram MUONIONALUSTA ECTHED IRON METEORITE - THIN SLICE - Found In SWEDEN,59.25,2020-07-02,12.15,4.88,WorthPoint
muonionalusta-meteorite,Muonionalusta Meteorite Bracelet Meteorite Jewelry Leather Stainless Steel 0128,115,2020-07-02,,,WorthPoint
muonionalusta-meteorite,Bondoc Meteorite Etched Full Slice 21.4 Grams!,121,2020-07-01,21.4,5.65,WorthPoint
muonionalusta-meteorite,Dar El Kahal Meteorite Full Slice 118.5 Grams,188,2020-07-01,118.5,1.59,WorthPoint
muonionalusta-meteorite,"Very Large Complete Campo Del Cielo Meteorite From Argentina! 2,680 Grams!",399.99,2020-07-01,680,0.59,WorthPoint
muonionalusta-meteorite,Muonionalusta Beautifully Etched End Cut 174 Grams,174,2020-06-30,174,1,WorthPoint
muonionalusta-meteorite,Nantan Etched Meteorite Part Slice 9.5 Grams,22,2020-06-30,9.5,2.32,WorthPoint
muonionalusta-meteorite,Nantan Etched Meteorite Part Slice 14.6 Grams,26,2020-06-28,14.6,1.78,WorthPoint
muonionalusta-meteorite,Canyon Diablo Meteorite Individual 7.4 Grams,12,2020-06-28,7.4,1.62,WorthPoint
muonionalusta-meteorite,Meteorites - 56.1g Muonionalusta Polished And Etched Complete Slice,167.95,2020-06-28,56.1,2.99,WorthPoint
muonionalusta-meteorite,20.54GM Muonionalusta Meteorite Slice Iron Nickel Etched Rough Jewelry Rough A04,39.98,2020-06-27,20.54,1.95,WorthPoint
muonionalusta-meteorite,Muonionalusta Etched Part Slice 67 Grams NICE ACID ETCH,60,2020-06-27,67,0.9,WorthPoint
muonionalusta-meteorite,11.01 Gram MUONIONALUSTA ECTHED IRON METEORITE Specimen - Found In SWEDEN,55,2020-06-27,11.01,5,WorthPoint
muonionalusta-meteorite,"Sterling Silver Moldavite, Muonionalusta & Campo DeCielo Meteorite-Starborn EP39",138,2020-06-26,,,WorthPoint
muonionalusta-meteorite,Meteorite 15 Cents Per Gram 1 Kilo Dealer Lots Campo Del Cielo,150,2020-06-26,,,WorthPoint
muonionalusta-meteorite,Muonionalusta Beautifully Etched Slice 75 Grams WHOLESALE PRICING!!!,52,2020-06-26,75,0.69,WorthPoint
muonionalusta-meteorite,Campo Meteorite Etched Part Slice 2 Grams Great Etch,10,2020-06-26,2,5,WorthPoint
muonionalusta-meteorite,Saffordite Volcanic Glass Individual 9.9 Grams,26,2020-06-25,9.9,2.63,WorthPoint
muonionalusta-meteorite,Muonionalusta Premium Etched Part Slice 117 Grams WHOLESALE PRICING!!!,87,2020-06-25,117,0.74,WorthPoint
muonionalusta-meteorite,16.8 Gram MUONIONALUSTA ECTHED IRON METEORITE - THIN SLICE - Found In SWEDEN,85,2020-06-25,16.8,5.06,WorthPoint
muonionalusta-meteorite,Nantan Etched Meteorite Part Slice 6.7 Grams!,18,2020-06-25,6.7,2.69,WorthPoint
muonionalusta-meteorite,Nantan Etched Meteorite Part Slice 5.8 Grams!,16,2020-06-25,5.8,2.76,WorthPoint
muonionalusta-meteorite,Meteorite Jewelry Canyon Diablo Meteorite Pendant 17.6 Grams!,105,2020-06-24,17.6,5.97,WorthPoint
muonionalusta-meteorite,Gorgeous Etched Gibeon Iron Meteorite Thin Slice #108 Beautiful Etch 4 Jewelry!,148.73,2020-06-24,,,WorthPoint
muonionalusta-meteorite,Nantan Etched Meteorite End Cut 7.8 Grams!,19,2020-06-24,7.8,2.44,WorthPoint
muonionalusta-meteorite,Meteorite Jewelry Sericho Meteorite Pendant 925 Silver Tree Of Life,88,2020-06-24,,,WorthPoint
muonionalusta-meteorite,Nantan Etched Meteorite Part Slice 10.4 Grams,20,2020-06-23,10.4,1.92,WorthPoint
muonionalusta-meteorite,Uruacu Iron Meteorite Individual 144.3 Grams!,121,2020-06-23,144.3,0.84,WorthPoint
muonionalusta-meteorite,Seymchan Etched Meteorite Part Slice 91.5 Grams,176,2020-06-23,91.5,1.92,WorthPoint
muonionalusta-meteorite,Muonionalusta Premium Etched Part Slice 78 Grams WHOLESALE PRICING!!!,58,2020-06-22,78,0.74,WorthPoint
muonionalusta-meteorite,Mandaly Spring Meteorite Part Slice .8 Grams,10,2020-06-22,8,1.25,WorthPoint
muonionalusta-meteorite,Tassedet 004 Meteorite 2 Part Slices 3.7 Grams,20,2020-06-22,3.7,5.41,WorthPoint
muonionalusta-meteorite,Dar El Kahal Meteorite Full Slice 1.2 Grams,10,2020-06-22,1.2,8.33,WorthPoint
muonionalusta-meteorite,Muonionalusta Beautifully Etched End Cut 554 Grams WHOLESALE PRICING!!!,260,2020-06-22,554,0.47,WorthPoint
muonionalusta-meteorite,Brahin Meteorite Pallasite Part Slice 2.3 Grams!,21,2020-06-21,2.3,9.13,WorthPoint
muonionalusta-meteorite,Moldavite Meteorite Jewelry Meteorite Pendant Bead Moon Pendant,65,2020-06-20,,,WorthPoint
muonionalusta-meteorite,Lunar Meteorite NWA 11474 Meteorite Individual 2.2 Grams!,230,2020-06-19,2.2,104.55,WorthPoint
muonionalusta-meteorite,Meteorites - 43.1g Muonionalusta Polished And Etched Complete Slice,128.95,2020-06-18,43.1,2.99,WorthPoint
muonionalusta-meteorite,110.45 Gram MUONIONALUSTA ECTHED IRON METEORITE - FULL SLICE - Found In SWEDEN,247.5,2020-06-18,110.45,2.24,WorthPoint
muonionalusta-meteorite,Sericho Meteorite Pallasite From Kenya Part Slice 10 Grams,63,2020-06-16,10,6.3,WorthPoint
muonionalusta-meteorite,Sericho Meteorite Pallasite From Kenya Part Slice 7.2 Grams,50,2020-06-16,7.2,6.94,WorthPoint
muonionalusta-meteorite,Sericho Meteorite Pallasite From Kenya Part Slice 7.7 Grams,53,2020-06-16,7.7,6.88,WorthPoint
muonionalusta-meteorite,Sericho Meteorite Pallasite From Kenya Part Slice 16 Grams,103,2020-06-15,16,6.44,WorthPoint
muonionalusta-meteorite,Sericho Meteorite Pallasite From Kenya Part Slice 10.3 Grams,63,2020-06-15,10.3,6.12,WorthPoint
muonionalusta-meteorite,Sericho Meteorite Pallasite From Kenya Part Slice 6.1 Grams,51,2020-06-15,6.1,8.36,WorthPoint
muonionalusta-meteorite,Sericho Meteorite Pallasite From Kenya Part Slice 7.4 Grams,52,2020-06-15,7.4,7.03,WorthPoint
muonionalusta-meteorite,Nantan Etched Meteorite Part Slice 13.3 Grams,24,2020-06-15,13.3,1.8,WorthPoint
muonionalusta-meteorite,Nantan Etched Meteorite Part Slice 14.2 Grams,26,2020-06-15,14.2,1.83,WorthPoint
muonionalusta-meteorite,Nantan Etched Meteorite Part Slice 22 Grams,37,2020-06-15,22,1.68,WorthPoint
muonionalusta-meteorite,Sericho Meteorite Pallasite From Kenya Part Slice 17.6 Grams,149,2020-06-14,17.6,8.47,WorthPoint
muonionalusta-meteorite,Saffordite Volcanic Glass Individual 6.4 Grams!,17,2020-06-14,6.4,2.66,WorthPoint
muonionalusta-meteorite,Saffordite Volcanic Glass Individual 5.4 Grams*,14,2020-06-14,5.4,2.59,WorthPoint
muonionalusta-meteorite,Saffordite Volcanic Glass Individual 5.3 Grams,14,2020-06-14,5.3,2.64,WorthPoint
muonionalusta-meteorite,Saffordite Volcanic Glass Individual 6.4 Grams,17,2020-06-14,6.4,2.66,WorthPoint
muonionalusta-meteorite,106.69 Gram MUONIONALUSTA ECTHED IRON METEORITE - FULL SLICE - Found In SWEDEN,247.5,2020-06-14,106.69,2.32,WorthPoint
muonionalusta-meteorite,Muonionalusta Etched Slice 49 Grams,18.5,2020-06-13,49,0.38,WorthPoint
muonionalusta-meteorite,Saffordite Volcanic Glass Individual 8.5 Grams,23,2020-06-13,8.5,2.71,WorthPoint
muonionalusta-meteorite,Dronino Meteorite Full Slice 112.9 Grams,237,2020-06-13,112.9,2.1,WorthPoint
muonionalusta-meteorite,Muonionalusta Meteorite Etched End Cut 7.4 Grams,19,2020-06-12,7.4,2.57,WorthPoint
muonionalusta-meteorite,Gold Basin Meteorite Individual (tumbled) 2 Grams,10,2020-06-09,2,5,WorthPoint
muonionalusta-meteorite,3.39 Gram MUONIONALUSTA ECTHED IRON METEORITE - THIN SLICE - Found In SWEDEN,39,2020-06-09,3.39,11.5,WorthPoint
muonionalusta-meteorite,Nantan Etched Meteorite End Cut 9.2 Grams!,21,2020-06-06,9.2,2.28,WorthPoint
muonionalusta-meteorite,6.77gram MUONIONALUSTA ECTHED IRON METEORITE Specimen - Found In SWEDEN,27,2020-06-06,6.77,3.99,WorthPoint
muonionalusta-meteorite,Indochinite Tektite Individual 73.1 Grams,72,2020-06-05,73.1,0.98,WorthPoint
muonionalusta-meteorite,Brahin Meteorite Pallasite Part Slice 1 Grams!,11,2020-06-05,1,11,WorthPoint
muonionalusta-meteorite,Nantan Etched Meteorite End Cut 11.5 Grams!,22,2020-06-04,11.5,1.91,WorthPoint
muonionalusta-meteorite,Nantan Etched Meteorite End Cut 10.5 Grams!,20,2020-06-04,10.5,1.9,WorthPoint
muonionalusta-meteorite,Nantan Etched Meteorite Part Slice 5 Grams!,15,2020-06-03,5,3,WorthPoint
muonionalusta-meteorite,104.58 Gram MUONIONALUSTA ECTHED IRON METEORITE - FULL SLICE - Found In SWEDEN,312,2020-06-03,104.58,2.98,WorthPoint
muonionalusta-meteorite,Nantan Etched Meteorite Part Slice 14.4 Grams,22,2020-06-01,14.4,1.53,WorthPoint
muonionalusta-meteorite,Morasko Meteorite Etched Part Slice 39.7 Grams,65,2020-06-01,39.7,1.64,WorthPoint
muonionalusta-meteorite,Nantan Etched Meteorite Part Slice 23.6 Grams,40,2020-06-01,23.6,1.69,WorthPoint
muonionalusta-meteorite,Campo Meteorite Etched End Cut 371.2 Grams Great Etch,382,2020-06-01,371.2,1.03,WorthPoint
muonionalusta-meteorite,Nantan Etched Meteorite Part Slice 35.7 Grams,58,2020-05-31,35.7,1.62,WorthPoint
muonionalusta-meteorite,Conception Junction Meteorite Part Slice 3.1 Grams!,114.75,2020-05-31,3.1,37.02,WorthPoint
muonionalusta-meteorite,Muonionalusta Meteorite Etched Part Slice 7.7 Grams!,15.3,2020-05-30,7.7,1.99,WorthPoint
muonionalusta-meteorite,Muonionalusta Meteorite Etched End Cut 5.8 Grams,13.6,2020-05-29,5.8,2.34,WorthPoint
muonionalusta-meteorite,Gold Basin Individual Meteorite 284.8 Grams,281.35,2020-05-29,284.8,0.99,WorthPoint
muonionalusta-meteorite,123.04 Gram MUONIONALUSTA ECTHED IRON METEORITE - FULL SLICE - Found In SWEDEN,370,2020-05-28,123.04,3.01,WorthPoint
muonionalusta-meteorite,Lunar Meteorite NWA 11474 Meteorite Individual 1.8 Grams!!!,161.5,2020-05-28,1.8,89.72,WorthPoint
muonionalusta-meteorite,Cook Islands Coin 2011 Silver $5 Muonionalusta Meteorite MIB 20g Proof,43,2020-05-27,20,2.15,WorthPoint
muonionalusta-meteorite,Muonionalusta Meteorite Etched End Cut 48.2 Grams,77,2020-05-27,48.2,1.6,WorthPoint
muonionalusta-meteorite,Muonionalusta Meteorite Etched Part Slice 16.9 Grams,30,2020-05-26,16.9,1.78,WorthPoint
muonionalusta-meteorite,"RARE! Iron Meteorite Muonionalusta Sweden, Slice With Large Troilite, 20.6 Grams",99.99,2020-05-25,20.6,4.85,WorthPoint
muonionalusta-meteorite,Meteorites - 41.8g Muonionalusta Polished And Etched Complete Slice,124.95,2020-05-22,41.8,2.99,WorthPoint
muonionalusta-meteorite,Sericho Meteorite Pallasite From Kenya Full Slice 15.7 Grams,89,2020-05-22,15.7,5.67,WorthPoint
muonionalusta-meteorite,Saffordite Volcanic Glass Individual 12 Grams!,27,2020-05-22,12,2.25,WorthPoint
muonionalusta-meteorite,Muonionalusta Meteorite Etched Part Slice 36.8 Grams,60,2020-05-22,36.8,1.63,WorthPoint
muonionalusta-meteorite,Muonionalusta Meteorite Etched Part Slice 28.1 Grams,47,2020-05-22,28.1,1.67,WorthPoint
muonionalusta-meteorite,Moldavite Meteorite Jewelry Meteorite Pendant Round,35,2020-05-21,,,WorthPoint
muonionalusta-meteorite,Muonionalusta Rhodium Plated Meteorite Leather Watch Meteorite Jewelry! MTW 0005,138,2020-05-18,,,WorthPoint
muonionalusta-meteorite,"Muonionalusta Meteorite Slices, Sweden, Witmanstatten Etch 3 Pcs, Over 3 Lb.",400,2020-05-18,,,WorthPoint
muonionalusta-meteorite,"Swedish Meteorite, Muonionalusta, Fine Octahedrite, Type IVA, 7598 Grams",3300,2020-05-18,7598,0.43,WorthPoint
muonionalusta-meteorite,Muonionalusta Meteorite Etched End Cut 10 Grams,19,2020-05-17,10,1.9,WorthPoint
muonionalusta-meteorite,2246 Gm MUONIONALUSTA IRON METEORITE ;SWEDEN; ORIGINAL PATINA;GREAT PRICE; 5 LBS,1439.95,2020-05-17,2246,0.64,WorthPoint
muonionalusta-meteorite,78.44 Gram MUONIONALUSTA ECTHED IRON METEORITE - FULL SLICE - Found In SWEDEN,176.25,2020-05-17,78.44,2.25,WorthPoint
muonionalusta-meteorite,Moldavite Meteorite Jewelry Meteorite Pendant 023,138,2020-05-16,,,WorthPoint
muonionalusta-meteorite,Saffordite Volcanic Glass Individual 4.8 Grams,15,2020-05-16,4.8,3.13,WorthPoint
muonionalusta-meteorite,Bondoc Meteorite Etched Full Slice 6.6 Grams!,50,2020-05-15,6.6,7.58,WorthPoint
muonionalusta-meteorite,3.15 Gram MUONIONALUSTA ECTHED IRON METEORITE - THIN SLICE - Found In SWEDEN,21.75,2020-05-14,3.15,6.9,WorthPoint
muonionalusta-meteorite,"Muonionalusta Meteorite Slice, Widmanstatten Etch Sweden 5x3"", 12 Oz.",60,2020-05-13,340.2,0.18,WorthPoint
muonionalusta-meteorite,Sericho Meteorite Pallasite From Kenya Individual 911.1 Grams,1180,2020-05-13,911.1,1.3,WorthPoint
muonionalusta-meteorite,Muonionalusta Meteorite Etched End Cut 6.6 Grams,17,2020-05-12,6.6,2.58,WorthPoint
muonionalusta-meteorite,Muonionalusta Meteorite Slab,204,2020-05-07,,,WorthPoint
muonionalusta-meteorite,Muonionalusta Meteorite Etched End Cut 6.9 Grams,18,2020-05-07,6.9,2.61,WorthPoint
muonionalusta-meteorite,Muonionalusta Blue Rhodium Plated Meteorite Leather Watch Meteorite Jewelry!,456,2020-05-06,,,WorthPoint
muonionalusta-meteorite,Muonionalusta Meteorite Etched Part Slice 7.5 Grams,19,2020-05-06,7.5,2.53,WorthPoint
muonionalusta-meteorite,"Muonionalusta Meteorite Pendant Piece, From Sweden.",49.99,2020-05-05,,,WorthPoint
muonionalusta-meteorite,Muonionalusta Meteorite Etched Part Slice 17.4 Grams,31,2020-05-04,17.4,1.78,WorthPoint
muonionalusta-meteorite,Brahin Meteorite Pallasite End Cut 15.2 Grams!,88,2020-05-04,15.2,5.79,WorthPoint
muonionalusta-meteorite,Saffordite Volcanic Glass Individual 6.1 Grams!,19,2020-05-03,6.1,3.11,WorthPoint
muonionalusta-meteorite,"Knife Made From Muonionalusta Meteorite, 3"" Blade With Widmanstatten Etch, Exc.",93,2020-05-03,,,WorthPoint
muonionalusta-meteorite,Muonionalusta Meteorite Etched End Cut 36.1 Grams,59,2020-05-03,36.1,1.63,WorthPoint
muonionalusta-meteorite,Gold Basin Meteorite Individual (tumbled) 6.2 Grams,12,2020-05-03,6.2,1.94,WorthPoint
muonionalusta-meteorite,Tassedet 004 Meteorite NWA Full Slice 101.8 Grams,355,2020-05-02,101.8,3.49,WorthPoint
muonionalusta-meteorite,"Muonionalusta Meteorite Pendant Piece Necklace, From Sweden.",49.99,2020-05-01,,,WorthPoint
muonionalusta-meteorite,20.52 Gram MUONIONALUSTA ECTHED IRON METEORITE Specimen - Found In SWEDEN,51.75,2020-05-01,20.52,2.52,WorthPoint
muonionalusta-meteorite,Tassedet 004 Meteorite NWA Individual 12.7 Grams,34,2020-05-01,12.7,2.68,WorthPoint
muonionalusta-meteorite,Soledade Meteorite Etched Part Slice 17.3 Grams Great Etch,42,2020-05-01,17.3,2.43,WorthPoint
muonionalusta-meteorite,Soledade Meteorite Etched Part Slice 14.5 Grams Great Etch,36,2020-05-01,14.5,2.48,WorthPoint
muonionalusta-meteorite,Mount Dooling Meteorite Etched Full Slice 196.9 Grams,392,2020-04-30,196.9,1.99,WorthPoint
muonionalusta-meteorite,"Dronino Meteorite 13,284 Grams",3600,2020-04-30,284,12.68,WorthPoint
muonionalusta-meteorite,Mount Dooling Meteorite Etched Full Slice 107.4 Grams,221,2020-04-30,107.4,2.06,WorthPoint
muonionalusta-meteorite,Mount Dooling Meteorite Etched Full Slice 150 Grams!,307,2020-04-30,150,2.05,WorthPoint
muonionalusta-meteorite,Mount Dooling Meteorite Etched Full Slice 117.2 Grams,238,2020-04-30,117.2,2.03,WorthPoint
muonionalusta-meteorite,Mount Dooling Meteorite Etched Full Slice 92.7 Grams,198,2020-04-30,92.7,2.14,WorthPoint
muonionalusta-meteorite,Mount Dooling Meteorite Etched Full Slice 105 Grams,221,2020-04-30,105,2.1,WorthPoint
muonionalusta-meteorite,Mount Dooling Meteorite Etched Full Slice 104.7 Grams,223,2020-04-30,104.7,2.13,WorthPoint
muonionalusta-meteorite,Gibeon Meteorite Full Slice 411.2 Grams,1150,2020-04-30,411.2,2.8,WorthPoint
muonionalusta-meteorite,Gold Basin Meteorite End Cut 67.3 Grams,82,2020-04-30,67.3,1.22,WorthPoint
muonionalusta-meteorite,"Iron Meteorite Muonionalusta, Sweden, Small Sphere, About 1 Cm Diam, 4.75 Grams",29.99,2020-04-30,4.75,6.31,WorthPoint
muonionalusta-meteorite,.936 Grams 14mm MUONIONALUSTA Iron Meteorite Small Cut Fragment - Fell In SWEDEN,12.5,2020-04-28,936,0.01,WorthPoint
muonionalusta-meteorite,Mandaly Spring Meteorite Full Slice 23.7 Grams,62,2020-04-27,23.7,2.62,WorthPoint
muonionalusta-meteorite,Saffordite Volcanic Glass Individual 15.2 Grams,34,2020-04-26,15.2,2.24,WorthPoint
muonionalusta-meteorite,Meteorite Jewelry Pair Of Moldavite Earrings 925 Silver 009a,56,2020-04-26,,,WorthPoint
muonionalusta-meteorite,587 Grams 15mm MUONIONALUSTA Oxide Meteorite Oxidite Fragment - Fell In SWEDEN,14.59,2020-04-25,587,0.02,WorthPoint
muonionalusta-meteorite,1.80 Grams 15mm MUONIONALUSTA Iron Meteorite Small Cut Fragment - Fell In SWEDEN,38,2020-04-25,1.8,21.11,WorthPoint
muonionalusta-meteorite,.290 Grams 16mm MUONIONALUSTA Iron Meteorite Small Cut Fragment - Fell In SWEDEN,12.5,2020-04-25,290,0.04,WorthPoint
muonionalusta-meteorite,5.52 Gram MUONIONALUSTA ECTHED IRON METEORITE Specimen - Found In SWEDEN,21.75,2020-04-24,5.52,3.94,WorthPoint
muonionalusta-meteorite,90.39 Gram MUONIONALUSTA ECTHED IRON METEORITE - FULL SLICE - Found In SWEDEN,202.5,2020-04-24,90.39,2.24,WorthPoint
muonionalusta-meteorite,Mandaly Spring Meteorite Full Slice 28.3 Grams,69,2020-04-22,28.3,2.44,WorthPoint
muonionalusta-meteorite,Soledade Meteorite Etched Part Slice 14.3 Grams Great Etch,47,2020-04-22,14.3,3.29,WorthPoint
muonionalusta-meteorite,6.88 Gram MUONIONALUSTA ECTHED IRON METEORITE Specimen - Found In SWEDEN,26.25,2020-04-22,6.88,3.82,WorthPoint
muonionalusta-meteorite,65.19 Gram MUONIONALUSTA ECTHED IRON METEORITE - FULL SLICE - Found In SWEDEN,199,2020-04-18,65.19,3.05,WorthPoint
muonionalusta-meteorite,Sericho Meteorite Pallasite From Kenya Part Slice 11.2 Grams,67,2020-04-17,11.2,5.98,WorthPoint
muonionalusta-meteorite,Red Meteorite Jewelry 925 Silver Meteorite Bracelet Charm Bible,46,2020-04-16,,,WorthPoint
muonionalusta-meteorite,Conception Junction Meteorite Part Slice 5.2 Grams!,219,2020-04-13,5.2,42.12,WorthPoint
muonionalusta-meteorite,Seymchan Meteorite Full Slice 87.9 Grams,158,2020-04-13,87.9,1.8,WorthPoint
muonionalusta-meteorite,Saffordite Volcanic Glass Individual 14.3 Grams,46,2020-04-12,14.3,3.22,WorthPoint
muonionalusta-meteorite,Canyon Diablo Meteorite Individual 21.9 Grams,26,2020-04-11,21.9,1.19,WorthPoint
muonionalusta-meteorite,Tassedet 004meteorite NWA Individual 20 Grams,35.2,2020-04-10,20,1.76,WorthPoint
muonionalusta-meteorite,11.34 Gram MUONIONALUSTA ECTHED IRON METEORITE - THIN SLICE - Found In SWEDEN,59,2020-04-10,11.34,5.2,WorthPoint
muonionalusta-meteorite,Meteorite Jewelry Muonionalusta Meteorite Pendant Cross Pendant,159,2020-04-09,,,WorthPoint
muonionalusta-meteorite,Tassedet 004 Meteorite NWA Part Slice 6.8 Grams,27.2,2020-04-09,6.8,4,WorthPoint
muonionalusta-meteorite,Saffordite Volcanic Glass Individual 5 Grams,12.8,2020-04-08,5,2.56,WorthPoint
muonionalusta-meteorite,Saffordite Volcanic Glass Individual 4.7 Grams,12,2020-04-07,4.7,2.55,WorthPoint
muonionalusta-meteorite,Saffordite Volcanic Glass Individual 5.1 Grams,12.8,2020-04-07,5.1,2.51,WorthPoint
muonionalusta-meteorite,Meteorite**Muonionalusta; Iron IVA**11.62 Gram Slice!! Widmanstatten Pattern!!,18.5,2020-04-06,11.62,1.59,WorthPoint
muonionalusta-meteorite,Saffordite Volcanic Glass Individual 4 Grams*,10.4,2020-04-05,4,2.6,WorthPoint
muonionalusta-meteorite,Moldavite Meteorite Jewelry Meteorite Pendant Cross 093,150,2020-04-04,,,WorthPoint
muonionalusta-meteorite,Saffordite Volcanic Glass Individual 13 Grams,23.2,2020-04-03,13,1.78,WorthPoint
muonionalusta-meteorite,Muonionalusta Meteorite Etched Part Slice 109.9 Grams!,172,2020-04-02,109.9,1.57,WorthPoint
muonionalusta-meteorite,5.77 Gram MUONIONALUSTA ECTHED IRON METEORITE - THIN SLICE - Found In SWEDEN,33.75,2020-04-02,5.77,5.85,WorthPoint
muonionalusta-meteorite,Campo Meteorite Etched Part Slice 41.7 Grams Great Etch,45,2020-04-02,41.7,1.08,WorthPoint
muonionalusta-meteorite,Smokey Spring Meteorite Full Slice .8 Grams,20,2020-04-01,8,2.5,WorthPoint
muonionalusta-meteorite,Mandaly Spring Meteorite Part Slice 1 Grams,10,2020-04-01,1,10,WorthPoint
muonionalusta-meteorite,SAINT AUBIN METEORITE Part Slice 3.5 Grams,14,2020-04-01,3.5,4,WorthPoint
muonionalusta-meteorite,Saffordite Volcanic Glass Individual 3.9 Grams,13,2020-03-31,3.9,3.33,WorthPoint
muonionalusta-meteorite,Saffordite Volcanic Glass Individual 5.8 Grams!,18,2020-03-31,5.8,3.1,WorthPoint
muonionalusta-meteorite,50.14 Gram MUONIONALUSTA ECTHED IRON METEORITE - THIN SLICE - Found In SWEDEN,149.25,2020-03-30,50.14,2.98,WorthPoint
muonionalusta-meteorite,Meteorite**Muonionalusta; Iron IVA**7.268 Gram Slice!! Widmanstatten Pattern!!,122.5,2020-03-30,7.268,16.85,WorthPoint
muonionalusta-meteorite,9.09 Gram MUONIONALUSTA ECTHED IRON METEORITE - THIN SLICE - Found In SWEDEN,55,2020-03-29,9.09,6.05,WorthPoint
muonionalusta-meteorite,Gold Basin Meteorite Individual (tumbled) 3.5 Grams,10,2020-03-28,3.5,2.86,WorthPoint
muonionalusta-meteorite,2011 Muonionalusta Meteorite Proof 0.925 Silver Coin With Real Meteorite Inset.,51,2020-03-28,,,WorthPoint
muonionalusta-meteorite,Mandaly Spring Meteorite Full Slice 25.5 Grams,63,2020-03-27,25.5,2.47,WorthPoint
muonionalusta-meteorite,SAINT AUBIN METEORITE Part Slice 6.1 Grams,16,2020-03-26,6.1,2.62,WorthPoint
muonionalusta-meteorite,Muonionalusta Iron IVA Meteorite 229 Gm Etched,80,2020-03-25,229,0.35,WorthPoint
muonionalusta-meteorite,Saffordite Volcanic Glass Individual 2.5 Grams,10,2020-03-23,2.5,4,WorthPoint
muonionalusta-meteorite,5.46 Gram MUONIONALUSTA ECTHED IRON METEORITE - THIN SLICE - Found In SWEDEN,47.2,2020-03-18,5.46,8.64,WorthPoint
muonionalusta-meteorite,Tassedet 004 Meteorite NWA Individual 22.8 Grams,39.2,2020-03-18,22.8,1.72,WorthPoint
muonionalusta-meteorite,Sericho Meteorite Pallasite From Kenya Part Slice 14.3 Grams,68,2020-03-18,14.3,4.76,WorthPoint
muonionalusta-meteorite,Sericho Meteorite Pallasite From Kenya Part Slice 8.4 Grams,46.4,2020-03-18,8.4,5.52,WorthPoint
muonionalusta-meteorite,SAINT AUBIN METEORITE Part Slice 39.1 Grams,52.8,2020-03-18,39.1,1.35,WorthPoint
muonionalusta-meteorite,Seymchan Pallasite Meteorite Part Slice 14.8 Grams!,76,2020-03-18,14.8,5.14,WorthPoint
muonionalusta-meteorite,SAINT AUBIN METEORITE Part Slice 30.5 Grams,42.4,2020-03-17,30.5,1.39,WorthPoint
muonionalusta-meteorite,SAINT AUBIN METEORITE Part Slice 25.9 Grams,33.6,2020-03-17,25.9,1.3,WorthPoint
muonionalusta-meteorite,Muonionalusta Iron Meteorite - 24.7 Gram Lot Of Fragments,10.5,2020-03-17,24.7,0.43,WorthPoint
muonionalusta-meteorite,Canyon Diablo Meteorite Individual 3.3 Grams,10,2020-03-16,3.3,3.03,WorthPoint
muonionalusta-meteorite,4.10 Gram MUONIONALUSTA ECTHED IRON METEORITE - THIN SLICE - Found In SWEDEN,49,2020-03-16,4.1,11.95,WorthPoint
muonionalusta-meteorite,Uruacu Iron Meteorite Individual 249.7 Grams!,200,2020-03-15,249.7,0.8,WorthPoint
muonionalusta-meteorite,Muonionalusta Iron Meteorite Polished & Etched Slice From Sweden 444.25 Grams,450,2020-03-14,444.25,1.01,WorthPoint
muonionalusta-meteorite,Sericho Meteorite Pallasite From Kenya Part Slice 7.3 Grams!,57,2020-03-13,7.3,7.81,WorthPoint
muonionalusta-meteorite,Muonionalusta Meteorite Etched Part Slice 71.7 Grams!,117,2020-03-12,71.7,1.63,WorthPoint
muonionalusta-meteorite,SAINT AUBIN METEORITE Part Slice 17.2 Grams,29,2020-03-12,17.2,1.69,WorthPoint
muonionalusta-meteorite,Campo Meteorite Etched Part Slice 30.1 Grams Great Etch,34,2020-03-12,30.1,1.13,WorthPoint
muonionalusta-meteorite,11.40 Gram MUONIONALUSTA ECTHED IRON METEORITE - THIN SLICE - Found In SWEDEN,44,2020-03-12,11.4,3.86,WorthPoint
muonionalusta-meteorite,6.88 Gram MUONIONALUSTA ECTHED IRON METEORITE - THIN SLICE - Found In SWEDEN,45,2020-03-12,6.88,6.54,WorthPoint
muonionalusta-meteorite,Meteorite Ring I Beautiful Etched MUONIONALUSTA Meteorite Jewelry - TOP,80,2020-03-11,,,WorthPoint
muonionalusta-meteorite,Muonionalusta Meteorite Etched Part Slice 18.1 Grams!,31,2020-03-11,18.1,1.71,WorthPoint
muonionalusta-meteorite,Canyon Diablo Meteorite Full Slice 21.9 Grams!,39,2020-03-10,21.9,1.78,WorthPoint
muonionalusta-meteorite,Muonionalusta Iron Meteorite - 11.3 Gram Lot Of Beads,57,2020-03-10,11.3,5.04,WorthPoint
muonionalusta-meteorite,Muonionalusta Meteorite Etched Part Slice 12.5 Grams!,22,2020-03-10,12.5,1.76,WorthPoint
muonionalusta-meteorite,Muonionalusta Meteorite Etched Part Slice 8.5 Grams!,19,2020-03-09,8.5,2.24,WorthPoint
muonionalusta-meteorite,Lunar Meteorite NWA 11474 Meteorite Individual 1.2 Grams!!!,130,2020-03-09,1.2,108.33,WorthPoint
muonionalusta-meteorite,122.01 Gram MUONIONALUSTA ECTHED IRON METEORITE - FULL SLICE - Found In SWEDEN,366,2020-03-09,122.01,3,WorthPoint
muonionalusta-meteorite,Brenham Meteorite Pallasite Part Slice 7.4 Grams!,62,2020-03-09,7.4,8.38,WorthPoint
muonionalusta-meteorite,Muonionalusta Meteorite Etched Part Slice 9.1 Grams!,20,2020-03-09,9.1,2.2,WorthPoint
muonionalusta-meteorite,Muonionalusta Meteorite Etched Part Slice 18 Grams!,30,2020-03-09,18,1.67,WorthPoint
muonionalusta-meteorite,Muonionalusta Meteorite Etched Part Slice 13.6 Grams!,24,2020-03-09,13.6,1.76,WorthPoint
muonionalusta-meteorite,Muonionalusta Meteorite Etched Part Slice 10.1 Grams!,19,2020-03-08,10.1,1.88,WorthPoint
muonionalusta-meteorite,Saffordite Volcanic Glass Individual 6 Grams,18,2020-03-08,6,3,WorthPoint
muonionalusta-meteorite,Saffordite Volcanic Glass Individual 5.2 Grams,17,2020-03-07,5.2,3.27,WorthPoint
muonionalusta-meteorite,Saffordite Volcanic Glass Individual 6.6 Grams,20,2020-03-06,6.6,3.03,WorthPoint
muonionalusta-meteorite,Canyon Diablo Meteorite Individual 11.5 Grams,21,2020-03-05,11.5,1.83,WorthPoint
muonionalusta-meteorite,Moldavite Tektite 19.9 Grams*,200,2020-03-05,19.9,10.05,WorthPoint
muonionalusta-meteorite,Bondoc Meteorite Etched Full Slice 14.5 Grams!,76,2020-03-04,14.5,5.24,WorthPoint
muonionalusta-meteorite,Muonionalusta Iron IVA Meteorite 333 Gm,99,2020-03-03,333,0.3,WorthPoint
muonionalusta-meteorite,09373-Iron Fine Octahedrite Muonionalusta Meteorite Polished Section 14.47g,51,2020-03-03,14.47,3.52,WorthPoint
muonionalusta-meteorite,Springwater Pallasite Meteorite Part Slice 2.7 Grams!,128,2020-03-02,2.7,47.41,WorthPoint
muonionalusta-meteorite,SAINT AUBIN METEORITE Part Slice 1.1 Grams,10,2020-03-02,1.1,9.09,WorthPoint
muonionalusta-meteorite,2.17 Gram MUONIONALUSTA ECTHED IRON METEORITE - THIN SLICE - Found In SWEDEN,25,2020-03-02,2.17,11.52,WorthPoint
muonionalusta-meteorite,Muonionalusta Meteorite Etched Part Slice 7.4 Grams!,18,2020-03-02,7.4,2.43,WorthPoint
muonionalusta-meteorite,Bondoc Meteorite Etched Full Slice 4 Grams!,36,2020-03-01,4,9,WorthPoint
muonionalusta-meteorite,Tassedet 004 Meteorite NWA Individual 12.9 Grams,34,2020-03-01,12.9,2.64,WorthPoint
muonionalusta-meteorite,Muonionalusta Meteorite Etched Part Slice 7.8 Grams!,18,2020-03-01,7.8,2.31,WorthPoint
muonionalusta-meteorite,25.5 Gram MUONIONALUSTA ECTHED IRON METEORITE - UGLY Specimen - Found In SWEDEN,52,2020-03-01,25.5,2.04,WorthPoint
muonionalusta-meteorite,Cook Islands Muonionalusta Meteorite $5 2011 Silver Proof Coin,85,2020-03-01,,,WorthPoint
muonionalusta-meteorite,Muonionalusta Meteorite Etched Part Slice 26 Grams,46,2020-03-01,26,1.77,WorthPoint
muonionalusta-meteorite,3.87 Gram MUONIONALUSTA ECTHED IRON METEORITE - THIN SLICE - Found In SWEDEN,39,2020-03-01,3.87,10.08,WorthPoint
muonionalusta-meteorite,Muonionalusta Iron Meteorite - 15.8 Gram Etched Block,56.01,2020-02-29,15.8,3.54,WorthPoint
muonionalusta-meteorite,Moldavite Meteorite Jewelry Meteorite Pendant 046,164,2020-02-29,,,WorthPoint
muonionalusta-meteorite,Muonionalusta Meteorite Etched Part Slice 44.9 Grams!,74,2020-02-29,44.9,1.65,WorthPoint
muonionalusta-meteorite,10.65 Gram MUONIONALUSTA ECTHED IRON METEORITE - THIN SLICE - Found In SWEDEN,79,2020-02-28,10.65,7.42,WorthPoint
muonionalusta-meteorite,SAINT AUBIN METEORITE Part Slice 31.6 Grams,55,2020-02-27,31.6,1.74,WorthPoint
muonionalusta-meteorite,Muonionalusta Meteorite Etched Part Slice 16.8 Grams!,33,2020-02-27,16.8,1.96,WorthPoint
muonionalusta-meteorite,Sericho Meteorite Pallasite From Kenya Part Slice 8.2 Grams,56,2020-02-25,8.2,6.83,WorthPoint
muonionalusta-meteorite,7.4g Muonionalusta Meteorite Necklace - Very Nice Widmanstatten Pattern,26.99,2020-02-25,7.4,3.65,WorthPoint
muonionalusta-meteorite,Muonionalusta Iron Meteorite - 10.6 Gram Lot Of Beads,27.78,2020-02-25,10.6,2.62,WorthPoint
muonionalusta-meteorite,14.77 Gram MUONIONALUSTA ECTHED IRON METEORITE - THIN SLICE - Found In SWEDEN,119,2020-02-24,14.77,8.06,WorthPoint
muonionalusta-meteorite,Sericho Meteorite Pallasite From Kenya Part Slice 7.6 Grams,52,2020-02-24,7.6,6.84,WorthPoint
muonionalusta-meteorite,Muonionalusta Iron Meteorite - 16.5 Gram Etched Block,32,2020-02-22,16.5,1.94,WorthPoint
muonionalusta-meteorite,Muonionalusta Meteorite Etched Part Slice 22.4 Grams!,41,2020-02-20,22.4,1.83,WorthPoint
muonionalusta-meteorite,Bondoc Meteorite Etched Full Slice 19.8 Grams!,121,2020-02-20,19.8,6.11,WorthPoint
muonionalusta-meteorite,12.55GM Muonionalusta Meteorite Slice Iron Nickel Etched Rough Jewelry Rough A10,39.98,2020-02-20,12.55,3.19,WorthPoint
muonionalusta-meteorite,Muonionalusta Iron Meteorite - 33.5 Gram Lot,44,2020-02-18,33.5,1.31,WorthPoint
muonionalusta-meteorite,Seymchan Meteorite Pallasite FULL Slice 294.1 Grams!,650,2020-02-18,294.1,2.21,WorthPoint
muonionalusta-meteorite,Sericho Meteorite Pallasite From Kenya Individual 204.8 Grams,236,2020-02-18,204.8,1.15,WorthPoint
muonionalusta-meteorite,SAINT AUBIN METEORITE Part Slice 57.2 Grams,94,2020-02-17,57.2,1.64,WorthPoint
muonionalusta-meteorite,Muonionalusta Meteorite Etched Part Slice 9.2 Grams!,20,2020-02-16,9.2,2.17,WorthPoint
muonionalusta-meteorite,Muonionalusta Meteorite Etched Part Slice 63.2 Grams,103,2020-02-16,63.2,1.63,WorthPoint
muonionalusta-meteorite,Muonionalusta Iron Meteorite - 63.3 Etched Block,81,2020-02-15,,,WorthPoint
muonionalusta-meteorite,SAINT AUBIN METEORITE Part Slice 5.5 Grams,18,2020-02-15,5.5,3.27,WorthPoint
muonionalusta-meteorite,Muonionalusta Iron Nickel Meteorite Part Slice Widmanstatten Pattern 64grams,74.99,2020-02-15,64,1.17,WorthPoint
muonionalusta-meteorite,SAINT AUBIN METEORITE Part Slice 33.7 Grams,58,2020-02-13,33.7,1.72,WorthPoint
muonionalusta-meteorite,Muonionalusta Meteorite Etched Part Slice 21.6 Grams!,36,2020-02-13,21.6,1.67,WorthPoint
muonionalusta-meteorite,Muonionalusta Meteorite Etched Part Slice 33 Grams,56,2020-02-12,33,1.7,WorthPoint
muonionalusta-meteorite,Muonionalusta Meteorite Etched Part Slice 22.3 Grams!,37,2020-02-12,22.3,1.66,WorthPoint
muonionalusta-meteorite,Muonionalusta Meteorite Etched Part Slice 29.1 Grams*,51,2020-02-12,29.1,1.75,WorthPoint
muonionalusta-meteorite,Muonionalusta Meteorite Etched Part Slice 110 Grams!,168,2020-02-12,110,1.53,WorthPoint
muonionalusta-meteorite,Muonionalusta Iron Meteorite - 12.2 Gram Lot Of Beads,12.5,2020-02-11,12.2,1.02,WorthPoint
muonionalusta-meteorite,Muonionalusta Iron Meteorite - 19.8 Gram Lot,11.5,2020-02-11,19.8,0.58,WorthPoint
muonionalusta-meteorite,Canyon Diablo Meteorite Individual 12.7 Grams,23,2020-02-10,12.7,1.81,WorthPoint
muonionalusta-meteorite,Muonionalusta Meteorite Etched Part Slice 48.8 Grams!,80,2020-02-10,48.8,1.64,WorthPoint
muonionalusta-meteorite,Mandaly Spring Meteorite End Cut .6 Grams,10,2020-02-10,6,1.67,WorthPoint
muonionalusta-meteorite,Canyon Diablo Meteorite Individual 9.9 Grams,21,2020-02-09,9.9,2.12,WorthPoint
muonionalusta-meteorite,Canyon Diablo Meteorite Individual 15.1 Grams,26,2020-02-09,15.1,1.72,WorthPoint
muonionalusta-meteorite,Canyon Diablo Meteorite Individual 18.5 Grams,31,2020-02-09,18.5,1.68,WorthPoint
muonionalusta-meteorite,Muonionalusta Iron Meteorite - 46.6 Etched Block,28,2020-02-08,,,WorthPoint
muonionalusta-meteorite,Seymchan Meteorite Pallasite Part Slice 16.1 Grams!,79,2020-02-08,16.1,4.91,WorthPoint
muonionalusta-meteorite,SAINT AUBIN METEORITE Part Slice 31.8 Grams,55,2020-02-08,31.8,1.73,WorthPoint
muonionalusta-meteorite,Mandaly Spring Meteorite Full Slice 31.8 Grams,66,2020-02-08,31.8,2.08,WorthPoint
muonionalusta-meteorite,Morasko Meteorite Etched Part Slice 41.9 Grams,80,2020-02-08,41.9,1.91,WorthPoint
muonionalusta-meteorite,28.50GM Muonionalusta Meteorite Slice Iron Nickel Etched Rough Jewelry Rough A02,59.98,2020-02-08,28.5,2.1,WorthPoint
muonionalusta-meteorite,Muonionalusta Meteorite Etched Part Slice 47.1 Grams!,79,2020-02-07,47.1,1.68,WorthPoint
muonionalusta-meteorite,Muonionalusta Meteorite Etched Part Slice 12 Grams!,21,2020-02-07,12,1.75,WorthPoint
muonionalusta-meteorite,Canyon Diablo Meteorite Full Slice 82 Grams!,132,2020-02-07,82,1.61,WorthPoint
muonionalusta-meteorite,Muonionalusta Meteorite Etched Part Slice 11.6 Grams!,21,2020-02-05,11.6,1.81,WorthPoint
muonionalusta-meteorite,Muonionalusta Iron Meteorite - 31.9 Etched Block,37,2020-02-04,,,WorthPoint
muonionalusta-meteorite,Seymchan Meteorite Pallasite Full Slice 73 Grams!,450,2020-02-04,73,6.16,WorthPoint
muonionalusta-meteorite,Muonionalusta Meteorite Etched Part Slice 13.7 Grams!,24,2020-02-03,13.7,1.75,WorthPoint
muonionalusta-meteorite,Muonionalusta Meteorite Etched Part Slice 61 Grams!,95,2020-02-02,61,1.56,WorthPoint
muonionalusta-meteorite,Agoudal Meteorite Etched Full Slice 12.7 Grams,34.1,2020-02-02,12.7,2.69,WorthPoint
muonionalusta-meteorite,Agoudal Meteorite Sliced Part Slice 53.7 Grams New Find!,142,2020-02-02,53.7,2.64,WorthPoint
muonionalusta-meteorite,"100g Meteorite Slice,Muonionalusta Meteorite Iron Etched Part Slice B1050",149,2020-02-01,100,1.49,WorthPoint
muonionalusta-meteorite,Muonionalusta Meteorite Etched Part Slice 12.4 Grams!,22,2020-02-01,12.4,1.77,WorthPoint
muonionalusta-meteorite,Muonionalusta Meteorite Etched Part Slice 14.1 Grams!,25,2020-01-31,14.1,1.77,WorthPoint
muonionalusta-meteorite,Muonionalusta Meteorite Etched Part Slice 7 Grams!,17,2020-01-29,7,2.43,WorthPoint
muonionalusta-meteorite,Moldavite Meteorite Jewelry Meteorite Pendant 925 Silver 096,69,2020-01-28,,,WorthPoint
muonionalusta-meteorite,Meteorite Jewelry Meteorite Ring Srmt 304-2,112,2020-01-28,,,WorthPoint
muonionalusta-meteorite,Meteorite Jewelry 925 Silver Rose Gold Plated Meteorite Bracelet Charm Apple,38,2020-01-28,,,WorthPoint
muonionalusta-meteorite,Adjustable Meteorite Jewelry Gold Plated Meteorite Ring (fits Any Size) 379,77,2020-01-28,,,WorthPoint
muonionalusta-meteorite,Meteorite Jewelry Meteorite Rose Gold Plated Bracelet Stainless Steel 0104,62,2020-01-28,,,WorthPoint
muonionalusta-meteorite,Moldavite Meteorite Jewelry Meteorite Pendant 002-1,78,2020-01-28,,,WorthPoint
muonionalusta-meteorite,Meteorite Jewelry 925 Silver Inlay Meteorite Ring,223,2020-01-28,,,WorthPoint
muonionalusta-meteorite,Meteorite Jewelry Meteorite Bracelet Stainless Steel 0106,68,2020-01-28,,,WorthPoint
muonionalusta-meteorite,Meteorite Jewelry 30mm X 30mm Meteorite Circle/watch Face SUPER THIN,85,2020-01-28,,,WorthPoint
muonionalusta-meteorite,Muonionalusta Iron Meteorite - 33.6 Gram Lot,13.39,2020-01-28,33.6,0.4,WorthPoint
muonionalusta-meteorite,Muonionalusta Meteorite Etched Part Slice 6.4 Grams!,12.8,2020-01-28,6.4,2,WorthPoint
muonionalusta-meteorite,Muonionalusta Meteorite Etched Part Slice 14.4 Grams!,20,2020-01-27,14.4,1.39,WorthPoint
muonionalusta-meteorite,SAINT AUBIN METEORITE Part Slice 4.3 Grams,12,2020-01-27,4.3,2.79,WorthPoint
muonionalusta-meteorite,Muonionalusta Meteorite Square In A Display Box,29.99,2020-01-27,,,WorthPoint
muonionalusta-meteorite,Muonionalusta Meteorite Etched Part Slice 7.3 Grams!,13.6,2020-01-26,7.3,1.86,WorthPoint
muonionalusta-meteorite,Muonionalusta Meteorite Etched Part Slice 16.2 Grams!,22.4,2020-01-26,16.2,1.38,WorthPoint
muonionalusta-meteorite,Muonionalusta Meteorite Etched Part Slice 17.7 Grams!,24,2020-01-26,17.7,1.36,WorthPoint
muonionalusta-meteorite,Muonionalusta Meteorite Etched Part Slice 15.3 Grams!,20.8,2020-01-26,15.3,1.36,WorthPoint
muonionalusta-meteorite,Canyon Diablo Meteorite Individual 25.6 Grams,33.6,2020-01-26,25.6,1.31,WorthPoint
muonionalusta-meteorite,"Muonionalusta Meteorite Letter Opener - RARE ESTATE FIND, 75.3 GRAMS - MUST SEE",245.5,2020-01-26,75.3,3.26,WorthPoint
muonionalusta-meteorite,Amazing 366 Gm. Muonionalusta Etched Meteorite End Cut,539.1,2020-01-26,366,1.47,WorthPoint
muonionalusta-meteorite,Muonionalusta Iron Meteorite - 16.3 Gram Lot Of Beads,10,2020-01-25,16.3,0.61,WorthPoint
muonionalusta-meteorite,Gibeon Meteorite Skull 4 Grams AMAZING ETCH,133,2020-01-25,4,33.25,WorthPoint
muonionalusta-meteorite,NWA 11106 Meteorite 53.4 Gram Full Slice! Brand New Iron Meteorite ! !,202.4,2020-01-25,53.4,3.79,WorthPoint
muonionalusta-meteorite,Muonionalusta Meteorite Etched End Cut 20.6 Grams!,27.2,2020-01-24,20.6,1.32,WorthPoint
muonionalusta-meteorite,34.04GM Muonionalusta Meteorite Slice Iron Nickel Etched Rough Jewelry Rough A06,69.98,2020-01-24,34.04,2.06,WorthPoint
muonionalusta-meteorite,Muonionalusta Meteorite Etched Part Slice 6.7 Grams!,13.6,2020-01-23,6.7,2.03,WorthPoint
muonionalusta-meteorite,Dar El Kahal Meteorite Full Slice 178.3 Grams!,249.6,2020-01-23,178.3,1.4,WorthPoint
muonionalusta-meteorite,Canyon Diablo Meteorite Shale Individual 132.2 Grams!,48,2020-01-23,132.2,0.36,WorthPoint
muonionalusta-meteorite,4.25GM Muonionalusta Meteorite Slice Iron Nickel Etched Rough Jewelry Rough A08,19.98,2020-01-22,4.25,4.7,WorthPoint
muonionalusta-meteorite,Pair Of Muonionalusta Meteorite Earrings With Sterling Silver Mounts (reduced),55,2020-01-22,,,WorthPoint
muonionalusta-meteorite,Muonionalusta Meteorite Etched End Cut 79.4 Grams!,128,2020-01-21,79.4,1.61,WorthPoint
muonionalusta-meteorite,Muonionalusta Meteorite Etched Part Slice 8 Grams!,18,2020-01-21,8,2.25,WorthPoint
muonionalusta-meteorite,Canyon Diablo Meteorite Individual 8 Grams,18,2020-01-20,8,2.25,WorthPoint
muonionalusta-meteorite,Amazing 408 Gm. Muonionalusta Etched Meteorite End Cut,566.1,2020-01-20,408,1.39,WorthPoint
muonionalusta-meteorite,"Iron Meteorite Muonionalusta, Sweden, Small Spheres, About 1 Cm Diam, 3-5 Grams",24.99,2020-01-19,5,5,WorthPoint
muonionalusta-meteorite,Muonionalusta Meteorite Etched End Cut 21 Grams!,35,2020-01-19,21,1.67,WorthPoint
muonionalusta-meteorite,Muonionalusta Meteorite Etched Part Slice 22.9 Grams!,38,2020-01-19,22.9,1.66,WorthPoint
muonionalusta-meteorite,Muonionalusta Meteorite Etched Part Slice 11.2 Grams!,20,2020-01-19,11.2,1.79,WorthPoint
muonionalusta-meteorite,Canyon Diablo Meteorite Individual 19 Grams,32,2020-01-18,19,1.68,WorthPoint
muonionalusta-meteorite,Canyon Diablo Meteorite Individual 18.4 Grams,31,2020-01-18,18.4,1.68,WorthPoint
muonionalusta-meteorite,Muonionalusta Meteorite Etched Part Slice 5.2 Grams!,14,2020-01-17,5.2,2.69,WorthPoint
muonionalusta-meteorite,Muonionalusta Meteorite Etched End Cut 2.5 Grams!,10,2020-01-17,2.5,4,WorthPoint
muonionalusta-meteorite,Sericho Meteorite Pallasite From Kenya Individual 1.2 Grams,11,2020-01-17,1.2,9.17,WorthPoint
muonionalusta-meteorite,"99g Meteorite Slice,Muonionalusta Meteorite Iron Etched Part Slice B1359",129,2020-01-16,99,1.3,WorthPoint
muonionalusta-meteorite,Gibeon Meteorite Skull 11.9 Grams AMAZING ETCH,370,2020-01-16,11.9,31.09,WorthPoint
muonionalusta-meteorite,Muonionalusta Meteorite Etched Part Slice 12.2 Grams!,22,2020-01-16,12.2,1.8,WorthPoint
muonionalusta-meteorite,"Muonionalusta (IVA) Iron Meteorite, Fine Octahedrite Sweden 252.2 Grams",189,2020-01-15,252.2,0.75,WorthPoint
muonionalusta-meteorite,Seymchan Meteorite Pallasite Part Slice 32.3 Grams!,101.6,2020-01-15,32.3,3.15,WorthPoint
muonionalusta-meteorite,Muonionalusta Meteorite Etched Part Slice 3.7 Grams!,11,2020-01-15,3.7,2.97,WorthPoint
muonionalusta-meteorite,Canyon Diablo Meteorite Individual 13.2 Grams,18.4,2020-01-14,13.2,1.39,WorthPoint
muonionalusta-meteorite,Muonionalusta Meteorite Etched Part Slice 13.7 Grams,21.6,2020-01-14,13.7,1.58,WorthPoint
muonionalusta-meteorite,Muonionalusta Meteorite Etched Part Slice 56.3 Grams!,74.4,2020-01-14,56.3,1.32,WorthPoint
muonionalusta-meteorite,Canyon Diablo Meteorite Individual 7.9 Grams,14.4,2020-01-14,7.9,1.82,WorthPoint
muonionalusta-meteorite,Campo Meteorite Etched Unique Slice 66.3 Grams Great Etch,57.6,2020-01-13,66.3,0.87,WorthPoint
muonionalusta-meteorite,Sericho Meteorite Pallasite From Kenya Full Slice 16.7 Grams,77.6,2020-01-12,16.7,4.65,WorthPoint
muonionalusta-meteorite,"Muonionalusta Meteorite Slice, Polished, Sweden. 32.967 Grams.",350,2020-01-11,32.967,10.62,WorthPoint
muonionalusta-meteorite,Muonionalusta Iron Meteorite - 16.6 Gram Lot Of Beads,34,2020-01-11,16.6,2.05,WorthPoint
muonionalusta-meteorite,Whitecourt Iron Meteorite Individual Cleaned 5.9 Grams Wow!,65,2020-01-11,5.9,11.02,WorthPoint
muonionalusta-meteorite,Canyon Diablo Meteorite Individual 5.9 Grams,15,2020-01-10,5.9,2.54,WorthPoint
muonionalusta-meteorite,Libyan Desert Glass Full Slice 92.2 Grams,197,2020-01-10,92.2,2.14,WorthPoint
muonionalusta-meteorite,Muonionalusta Meteorite Etched Part Slice 54.5 Grams!,90,2020-01-09,54.5,1.65,WorthPoint
muonionalusta-meteorite,SAINT AUBIN METEORITE Part Slice 3.2 Grams,16,2020-01-09,3.2,5,WorthPoint
muonionalusta-meteorite,Meteorite Pendant I Beautiful Etched MUONIONALUSTA - Meteorite Jewelry - TOP,60,2020-01-04,,,WorthPoint
muonionalusta-meteorite,Canyon Diablo Meteorite Full Slice 3 Grams,13,2020-01-03,3,4.33,WorthPoint
muonionalusta-meteorite,Sikhote Alin Meteorite Individual .2 Grams,16,2020-01-03,2,8,WorthPoint
muonionalusta-meteorite,Mandaly Spring Meteorite End Cut .3 Grams,10,2020-01-02,3,3.33,WorthPoint
muonionalusta-meteorite,Amazing 234 Gm. Muonionalusta Etched Meteorite End Cut,359.1,2020-01-01,234,1.53,WorthPoint
muonionalusta-meteorite,Canyon Diablo Meteorite Individual 7.4 Grams!,16,2020-01-01,7.4,2.16,WorthPoint
muonionalusta-meteorite,Muonionalusta Meteorite Etched Part Slice 21.6 Grams,40,2019-12-30,21.6,1.85,WorthPoint
muonionalusta-meteorite,Muonionalusta Iron Meteorite Etched Slice With Troilite Inclusion 331.9 Grams,335,2019-12-29,331.9,1.01,WorthPoint
muonionalusta-meteorite,2011 Cook Islands 5 Dollar Silver Medal Coin Muonionalusta Iron Meteorite COA,41.5,2019-12-29,,,WorthPoint
muonionalusta-meteorite,Muonionalusta Meteorite Etched Part Slice 17.6 Grams!,34,2019-12-28,17.6,1.93,WorthPoint
muonionalusta-meteorite,Brenham Meteorite Pallasite Part Slice 16.1 Grams,134,2019-12-28,16.1,8.32,WorthPoint
muonionalusta-meteorite,Muonionalusta Meteorite Etched Part Slice 18.9 Grams!,36,2019-12-26,18.9,1.9,WorthPoint
muonionalusta-meteorite,"32g Meteorite Slice,Muonionalusta Meteorite Iron Etched Part Slice B655",48,2019-12-26,32,1.5,WorthPoint
muonionalusta-meteorite,Sericho Meteorite Pallasite From Kenya Individual 3.4 Grams,17.6,2019-12-23,3.4,5.18,WorthPoint
muonionalusta-meteorite,SAINT AUBIN METEORITE Part Slice 2.4 Grams,12,2019-12-23,2.4,5,WorthPoint
muonionalusta-meteorite,Muonionalusta Meteorite Etched Part Slice 20.7 Grams!,31.2,2019-12-22,20.7,1.51,WorthPoint
muonionalusta-meteorite,Sikhote Alin Meteorite Individual 3.5 Grams!,13.6,2019-12-22,3.5,3.89,WorthPoint
muonionalusta-meteorite,Sericho Meteorite Pallasite From Kenya Individual 4.5 Grams,22.4,2019-12-20,4.5,4.98,WorthPoint
muonionalusta-meteorite,Nantan Meteorite Etched End Cut 20.6 Grams!,30.4,2019-12-20,20.6,1.48,WorthPoint
muonionalusta-meteorite,Uruacu Iron Meteorite Individual 250.1 Grams!,160,2019-12-20,250.1,0.64,WorthPoint
muonionalusta-meteorite,SAINT AUBIN METEORITE Part Slice 19.4 Grams,29.6,2019-12-20,19.4,1.53,WorthPoint
muonionalusta-meteorite,Uruacu Iron Meteorite Individual 102.2 Grams!,71.2,2019-12-20,102.2,0.7,WorthPoint
muonionalusta-meteorite,Muonionalusta Meteorite Etched Part Slice 5.2 Grams,13.6,2019-12-19,5.2,2.62,WorthPoint
muonionalusta-meteorite,Campo Meteorite Etched Unique Slice 113 Grams Great Etch,118,2019-12-19,113,1.04,WorthPoint
muonionalusta-meteorite,Muonionalusta Meteorite Etched Part Slice 69 Grams!,112,2019-12-19,69,1.62,WorthPoint
muonionalusta-meteorite,Muonionalusta Meteorite Etched Full Slice 309.7 Grams! THICK GREAT FOR JEWELRY!,480,2019-12-19,309.7,1.55,WorthPoint
muonionalusta-meteorite,Muonionalusta Meteorite Etched Part Slice 17 Grams!,33,2019-12-18,17,1.94,WorthPoint
muonionalusta-meteorite,Canyon Diablo Meteorite Individual 8.1 Grams!,17,2019-12-18,8.1,2.1,WorthPoint
muonionalusta-meteorite,"51g Meteorite Slice,Muonionalusta Meteorite Iron Etched Part Slice B668",79,2019-12-18,51,1.55,WorthPoint
muonionalusta-meteorite,Sericho Meteorite Pallasite From Kenya Part Slice 8 Grams,60,2019-12-17,8,7.5,WorthPoint
muonionalusta-meteorite,Sikhote Alin Meteorite Individual 16.8 Grams!!,65,2019-12-17,16.8,3.87,WorthPoint
muonionalusta-meteorite,30.17GM Muonionalusta Meteorite Slice Iron Nickel Etched Rough Jewelry Rough A07,59.98,2019-12-16,30.17,1.99,WorthPoint
muonionalusta-meteorite,Muonionalusta Meteorite Etched Part Slice 33.6 Grams!,58,2019-12-16,33.6,1.73,WorthPoint
muonionalusta-meteorite,15.42GM Muonionalusta Meteorite Slice Iron Nickel Etched Rough Jewelry Rough A09,34.98,2019-12-16,15.42,2.27,WorthPoint
muonionalusta-meteorite,SAINT AUBIN METEORITE Part Slice 4.2 Grams,15,2019-12-15,4.2,3.57,WorthPoint
muonionalusta-meteorite,Agoudal Meteorite Sliced Part Slice 30 Grams New Find!,82,2019-12-15,30,2.73,WorthPoint
muonionalusta-meteorite,Gold Basin Meteorite End Cut 36.3 Grams,50,2019-12-15,36.3,1.38,WorthPoint
muonionalusta-meteorite,Morasko Meteorite Etched Part Slice 36.8 Grams,71,2019-12-15,36.8,1.93,WorthPoint
muonionalusta-meteorite,Sikhote Alin Meteorite Individual 7.9 Grams,37,2019-12-15,7.9,4.68,WorthPoint
muonionalusta-meteorite,Sikhote Alin Meteorite Individual 4.5 Grams!!,24,2019-12-15,4.5,5.33,WorthPoint
muonionalusta-meteorite,SAINT AUBIN METEORITE Part Slice 34.4 Grams,59,2019-12-15,34.4,1.72,WorthPoint
muonionalusta-meteorite,SAINT AUBIN METEORITE Part Slice 30.7 Grams,54,2019-12-15,30.7,1.76,WorthPoint
muonionalusta-meteorite,Muonionalusta Iron Meteorite Etched Slice With Big Troilite Inclusion 800 Grams,750,2019-12-15,800,0.94,WorthPoint
muonionalusta-meteorite,Sericho Meteorite Pallasite From Kenya Part Slice 18.1 Grams,106,2019-12-15,18.1,5.86,WorthPoint
muonionalusta-meteorite,Sericho Meteorite Pallasite From Kenya Part Slice 14.4 Grams,83,2019-12-15,14.4,5.76,WorthPoint
muonionalusta-meteorite,Muonionalusta Iron Meteorite - 59.7 Etched Block,56.51,2019-12-14,,,WorthPoint
muonionalusta-meteorite,Brahin Meteorite Pallasite Part Slice 11.4 Grams!,101,2019-12-14,11.4,8.86,WorthPoint
muonionalusta-meteorite,Amazing 278 Gm. Muonionalusta Etched Meteorite End Cut,368.1,2019-12-14,278,1.32,WorthPoint
muonionalusta-meteorite,Muonionalusta Meteorite Pendant Piece,36.99,2019-12-14,,,WorthPoint
muonionalusta-meteorite,SAINT AUBIN METEORITE Part Slice 6.5 Grams,19,2019-12-13,6.5,2.92,WorthPoint
muonionalusta-meteorite,Smokey Spring Meteorite Full Slice .9 Grams,20,2019-12-13,9,2.22,WorthPoint
muonionalusta-meteorite,Muonionalusta Meteorite 73.3g Polished And Etched Complete Slice,224.95,2019-12-13,73.3,3.07,WorthPoint
muonionalusta-meteorite,SAINT AUBIN METEORITE Part Slice 9.4 Grams,24,2019-12-13,9.4,2.55,WorthPoint
muonionalusta-meteorite,MUONIONALUSTA METEORITE PENDANT $198 Sterling Silver Jewelry STARBORN CREATIONS,198,2019-12-13,,,WorthPoint
muonionalusta-meteorite,Muonionalusta Meteorite Etched Part Slice 31.5 Grams!,55,2019-12-12,31.5,1.75,WorthPoint
muonionalusta-meteorite,Muonionalusta Meteorite Etched Full Slice 131 Grams,206,2019-12-12,131,1.57,WorthPoint
muonionalusta-meteorite,Muonionalusta Meteorite Etched Part Slice 17.6 Grams,34,2019-12-12,17.6,1.93,WorthPoint
muonionalusta-meteorite,Beautiful Etched MUONIONALUSTA Meteorite Ring I Size 7.5 - TOP METEORITE Jewelry,60,2019-12-11,,,WorthPoint
muonionalusta-meteorite,Muonionalusta Meteorite Square In A Display Box #2,39.99,2019-12-11,,,WorthPoint
muonionalusta-meteorite,Muonionalusta Meteorite Etched Part Slice 7.9 Grams!,21,2019-12-10,7.9,2.66,WorthPoint
muonionalusta-meteorite,Amazing 178 Gm. Muonionalusta Etched Meteorite Slice,305.1,2019-12-10,178,1.71,WorthPoint
muonionalusta-meteorite,Amazing 224 Gm. Muonionalusta Etched Meteorite Slice,395.1,2019-12-10,224,1.76,WorthPoint
muonionalusta-meteorite,Gibeon Meteorite Skull 4.3 Grams AMAZING ETCH,135,2019-12-08,4.3,31.4,WorthPoint
muonionalusta-meteorite,Brahin Meteorite Pallasite Part Slice 15.8 Grams!,141,2019-12-08,15.8,8.92,WorthPoint
muonionalusta-meteorite,32.05GM Muonionalusta Meteorite Slice Iron Nickel Etched Rough Jewelry Rough A03,69.98,2019-12-07,32.05,2.18,WorthPoint
muonionalusta-meteorite,Muonionalusta Meteorite Etched Part Slice 17.1 Grams!,33,2019-12-07,17.1,1.93,WorthPoint
muonionalusta-meteorite,Sericho Meteorite Pallasite From Kenya Individual 2.5 Grams,18,2019-12-06,2.5,7.2,WorthPoint
muonionalusta-meteorite,Gheriat 004 Meteorite IID Iron FULL Slice 114.8 Grams!,2500,2019-12-06,114.8,21.78,WorthPoint
muonionalusta-meteorite,Starborn Sterling Silver Moldavite & Muonionalusta Meteorite Pendant,164.88,2019-12-06,,,WorthPoint
muonionalusta-meteorite,North East Africa 007 Full Slice 35.5 Grams,435,2019-12-06,35.5,12.25,WorthPoint
muonionalusta-meteorite,Agoudal Meteorite Etched Full Slice 221.3 Grams,545,2019-12-06,221.3,2.46,WorthPoint
muonionalusta-meteorite,NWA 6903 Meteorite 62.8 Gram Full Slice!,213,2019-12-06,62.8,3.39,WorthPoint
muonionalusta-meteorite,NWA 11199 Meteorite 22.3 Gram Full Slice! Brand New Iron Meteorite ! !,253,2019-12-06,22.3,11.35,WorthPoint
muonionalusta-meteorite,Muonionalusta Meteorite Etched Part Slice 11.5 Grams!,24,2019-12-06,11.5,2.09,WorthPoint
muonionalusta-meteorite,Muonionalusta Or Gibeon And Mirror Etched Complete Slice,75,2019-12-06,,,WorthPoint
muonionalusta-meteorite,Muonionalusta Meteorite Etched Part Slice 14.1 Grams,28,2019-12-05,14.1,1.99,WorthPoint
muonionalusta-meteorite,Sikhote Alin Meteorite Individual 3.4 Grams,17,2019-12-05,3.4,5,WorthPoint
muonionalusta-meteorite,SAINT AUBIN METEORITE Part Slice 4.1 Grams,15,2019-12-05,4.1,3.66,WorthPoint
muonionalusta-meteorite,57.79GM Muonionalusta Meteorite Slice Iron Nickel Etched Rough Jewelry Rough A01,119.98,2019-12-05,57.79,2.08,WorthPoint
muonionalusta-meteorite,30.46GM Muonionalusta Meteorite Slice Iron Nickel Etched Rough Jewelry Rough A05,59.98,2019-12-05,30.46,1.97,WorthPoint
muonionalusta-meteorite,Muonionalusta Meteorite Etched Part Slice 72.8 Grams!,119,2019-12-04,72.8,1.63,WorthPoint
muonionalusta-meteorite,SAINT AUBIN METEORITE Full Slice 161.8 Grams,216.75,2019-12-03,161.8,1.34,WorthPoint
muonionalusta-meteorite,Canyon Diablo Meteorite End Cut 747.6 Grams!,786.25,2019-12-03,747.6,1.05,WorthPoint
muonionalusta-meteorite,Bondoc Meteorite Etched Full Slice 40.5 Grams!,191.25,2019-12-03,40.5,4.72,WorthPoint
muonionalusta-meteorite,Low Price! Beautiful Quarter Cut! Muonionalusta Swedish Iron Meteorite 873.7 Gms,651.75,2019-12-03,873.7,0.75,WorthPoint
muonionalusta-meteorite,Muonionalusta Meteorite Etched Part Slice 5.6 Grams*,15.3,2019-12-03,5.6,2.73,WorthPoint
muonionalusta-meteorite,Meteorite Jewelry Muonionalusta Meteorite Triangle Pendant,87,2019-12-02,,,WorthPoint
muonionalusta-meteorite,Morasko Meteorite Etched Part Slice 42.7 Grams,71.4,2019-12-01,42.7,1.67,WorthPoint
muonionalusta-meteorite,Brenham Meteorite Pallasite Part Slice 8.9 Grams!,75.65,2019-12-01,8.9,8.5,WorthPoint
muonionalusta-meteorite,Amazing 428 Gm. Muonionalusta Etched Meteorite Slice,692.1,2019-12-01,428,1.62,WorthPoint
muonionalusta-meteorite,Estate Sale - Tagged Meteorite Collection In Wooden Case,199.99,2019-12-01,,,WorthPoint
muonionalusta-meteorite,Muonionalusta Iron Meteorite - 29.9 Etched Slice,42.76,2019-11-30,,,WorthPoint
muonionalusta-meteorite,Muonionalusta Meteorite Etched Part Slice 82.3 Grams!,133,2019-11-30,82.3,1.62,WorthPoint
muonionalusta-meteorite,Muonionalusta Meteorite Etched Part Slice 46.5 Grams!,76,2019-11-29,46.5,1.63,WorthPoint
muonionalusta-meteorite,Canyon Diablo Meteorite Full Slice 36.6 Grams!,61,2019-11-28,36.6,1.67,WorthPoint
muonionalusta-meteorite,Muonionalusta Meteorite Etched Part Slice 22.2 Grams!,41,2019-11-27,22.2,1.85,WorthPoint
muonionalusta-meteorite,Nantan Meteorite Etched Part Slice 15.7 Grams!,30,2019-11-27,15.7,1.91,WorthPoint
muonionalusta-meteorite,SAINT AUBIN METEORITE Part Slice 4.8 Grams,16,2019-11-27,4.8,3.33,WorthPoint
muonionalusta-meteorite,Muonionalusta Meteorite Etched Part Slice 7.4 Grams,21,2019-11-27,7.4,2.84,WorthPoint
muonionalusta-meteorite,Muonionalusta Iron Meteorite - 33.5 Etched Slice,41,2019-11-26,,,WorthPoint
muonionalusta-meteorite,Sericho Meteorite Pallasite From Kenya Part Slice 10.7 Grams,63,2019-11-26,10.7,5.89,WorthPoint
muonionalusta-meteorite,Muonionalusta Meteorite Etched Part Slice 10.2 Grams*,22,2019-11-26,10.2,2.16,WorthPoint
muonionalusta-meteorite,Gorgeous Etched Gibeon Iron Meteorite Thin Slice #105 Beautiful Etch 4 Jewelry,127.6,2019-11-25,,,WorthPoint
muonionalusta-meteorite,Muonionalusta Meteorite Etched Part Slice 46.9 Grams!,77,2019-11-25,46.9,1.64,WorthPoint
muonionalusta-meteorite,Nantan Meteorite Etched Full Slice 66.6 Grams!,112,2019-11-25,66.6,1.68,WorthPoint
muonionalusta-meteorite,Muonionalusta Meteorite Etched Part Slice 7.1 Grams,20,2019-11-25,7.1,2.82,WorthPoint
muonionalusta-meteorite,Muonionalusta Meteorite Etched Part Slice 9 Grams!,23,2019-11-24,9,2.56,WorthPoint
muonionalusta-meteorite,Muonionalusta Meteorite Part Slice 28 Grams R2060,42,2019-11-24,28,1.5,WorthPoint
muonionalusta-meteorite,SAINT AUBIN METEORITE Full Slice 155.7 Grams,246,2019-11-24,155.7,1.58,WorthPoint
muonionalusta-meteorite,Amazing 138 Gm. Muonionalusta Etched Meteorite Slice,224.1,2019-11-23,138,1.62,WorthPoint
muonionalusta-meteorite,Muonionalusta Iron Meteorite - 18.6 Etched Slice,19.07,2019-11-23,,,WorthPoint
muonionalusta-meteorite,Sikhote Alin Meteorite Individual 7.5 Grams!!,36,2019-11-21,7.5,4.8,WorthPoint
muonionalusta-meteorite,Sikhote Alin Meteorite Individual 6 Grams!,24,2019-11-21,6,4,WorthPoint
muonionalusta-meteorite,Muonionalusta Meteorite Etched Part Slice 53.3 Grams!,88,2019-11-21,53.3,1.65,WorthPoint
muonionalusta-meteorite,"1/4 Kg. Meteorite Saw Dust; Muonionalusta, Campo And Gibeon Dust; 250 Gms",30,2019-11-20,250,0.12,WorthPoint
muonionalusta-meteorite,Amazing 186 Gm. Muonionalusta Etched Meteorite Slice,305.1,2019-11-20,186,1.64,WorthPoint
muonionalusta-meteorite,Uruacu Iron Meteorite Individual 227.2 Grams!,183,2019-11-19,227.2,0.81,WorthPoint
muonionalusta-meteorite,Muonionalusta Iron Meteorite - 52.3 Etched Slice,62.99,2019-11-19,,,WorthPoint
muonionalusta-meteorite,Muonionalusta Meteorite Etched Part Slice 11.1 Grams,23,2019-11-19,11.1,2.07,WorthPoint
muonionalusta-meteorite,Muonionalusta Meteorite Etched Part Slice 46.6 Grams!,78,2019-11-19,46.6,1.67,WorthPoint
muonionalusta-meteorite,Muonionalusta Meteorite Etched Part Slice 19.3 Grams!,28,2019-11-19,19.3,1.45,WorthPoint
muonionalusta-meteorite,Muonionalusta Meteorite Etched Part Slice 21.4 Grams!,31.2,2019-11-18,21.4,1.46,WorthPoint
muonionalusta-meteorite,Canyon Diablo Meteorite Individual 6.9 Grams!,15.2,2019-11-18,6.9,2.2,WorthPoint
muonionalusta-meteorite,Canyon Diablo Meteorite Individual 6.7 Grams!,12,2019-11-18,6.7,1.79,WorthPoint
muonionalusta-meteorite,Canyon Diablo Meteorite Individual 5.6 Grams!,11.2,2019-11-18,5.6,2,WorthPoint
muonionalusta-meteorite,Canyon Diablo Meteorite Individual 5.5 Grams!,11.2,2019-11-18,5.5,2.04,WorthPoint
muonionalusta-meteorite,Canyon Diablo Meteorite Individual 7.2 Grams!,15.2,2019-11-18,7.2,2.11,WorthPoint
muonionalusta-meteorite,Canyon Diablo Meteorite Individual 28.1 Grams!,36.8,2019-11-18,28.1,1.31,WorthPoint
muonionalusta-meteorite,Canyon Diablo Meteorite Individual 57.9 Grams!,71.2,2019-11-18,57.9,1.23,WorthPoint
muonionalusta-meteorite,Camel Donga Meteorite Individual 4 Grams,64.8,2019-11-18,4,16.2,WorthPoint
muonionalusta-meteorite,Camel Donga Meteorite Individual 2.7 Grams,45.6,2019-11-18,2.7,16.89,WorthPoint
muonionalusta-meteorite,Camel Donga Meteorite Individual 3.3 Grams,54.4,2019-11-18,3.3,16.48,WorthPoint
muonionalusta-meteorite,Camel Donga Meteorite Individual 4.3 Grams,69.6,2019-11-18,4.3,16.19,WorthPoint
muonionalusta-meteorite,Springwater Pallasite Meteorite Part Slice 2.3 Grams!,84.48,2019-11-17,2.3,36.73,WorthPoint
muonionalusta-meteorite,Campo Meteorite Etched Part Slice 53.2 Grams Great Etch,68.8,2019-11-17,53.2,1.29,WorthPoint
muonionalusta-meteorite,Gorgeous Etched Gibeon Iron Meteorite Thin Slice #102 Beautiful Etch 4 Jewelry!,127.6,2019-11-17,,,WorthPoint
muonionalusta-meteorite,Muonionalusta Meteorite Etched Part Slice 76.3 Grams!,124,2019-11-16,76.3,1.63,WorthPoint
muonionalusta-meteorite,SAINT AUBIN METEORITE Part Slice 7.5 Grams,16.8,2019-11-15,7.5,2.24,WorthPoint
muonionalusta-meteorite,Muonionalusta Meteorite Etched Part Slice 5 Grams!,17,2019-11-15,5,3.4,WorthPoint
muonionalusta-meteorite,SAINT AUBIN METEORITE Part Slice 15.6 Grams,24,2019-11-15,15.6,1.54,WorthPoint
muonionalusta-meteorite,Campo Meteorite Etched Part Slice 27.4 Grams Great Etch,40,2019-11-15,27.4,1.46,WorthPoint
muonionalusta-meteorite,SAINT AUBIN METEORITE Part Slice 22 Grams,32.8,2019-11-15,22,1.49,WorthPoint
muonionalusta-meteorite,Sikhote Alin Meteorite Individual 17.8 Grams,55.2,2019-11-15,17.8,3.1,WorthPoint
muonionalusta-meteorite,Sericho Meteorite Pallasite From Kenya Part Slice 12.6 Grams,54.4,2019-11-15,12.6,4.32,WorthPoint
muonionalusta-meteorite,Seymchan Meteorite Pallasite Part Slice 14.5 Grams!,73.6,2019-11-15,14.5,5.08,WorthPoint
muonionalusta-meteorite,SAINT AUBIN METEORITE Part Slice 29.1 Grams,40.8,2019-11-15,29.1,1.4,WorthPoint
muonionalusta-meteorite,Brenham Meteorite Pallasite Part Slice 8.3 Grams!,61.6,2019-11-15,8.3,7.42,WorthPoint
muonionalusta-meteorite,Springwater Pallasite Meteorite Part Slice 2 Grams,73.92,2019-11-15,2,36.96,WorthPoint
muonionalusta-meteorite,Muonionalusta Meteorite Etched Part Slice 23.5 Grams,34.4,2019-11-15,23.5,1.46,WorthPoint
muonionalusta-meteorite,Muonionalusta Meteorite Etched Part Slice 23 Grams,33.6,2019-11-14,23,1.46,WorthPoint
muonionalusta-meteorite,SAINT AUBIN METEORITE Part Slice 22.1 Grams,32.8,2019-11-13,22.1,1.48,WorthPoint
muonionalusta-meteorite,Muonionalusta Iron Meteorite - 21.8 Gram Lot Of Beads,26,2019-11-12,21.8,1.19,WorthPoint
muonionalusta-meteorite,Muonionalusta Meteorite Etched Part Slice 20.4 Grams,38,2019-11-11,20.4,1.86,WorthPoint
muonionalusta-meteorite,Brenham Meteorite Pallasite Part Slice 7.8 Grams!,64,2019-11-11,7.8,8.21,WorthPoint
muonionalusta-meteorite,GORGEOUS 53g LOT ETCHED GIBEON IRON METEORITE ROUND BEAUTIFUL ETCH FOR JEWELRY!,255.73,2019-11-11,53,4.83,WorthPoint
muonionalusta-meteorite,Muonionalusta Meteorite Etched Part Slice 17.4 Grams!,34,2019-11-10,17.4,1.95,WorthPoint
muonionalusta-meteorite,Canyon Diablo Meteorite End Cut 8.6 Grams!,22,2019-11-10,8.6,2.56,WorthPoint
muonionalusta-meteorite,Muonionalusta Iron Meteorite - 49.8 Etched Slice,48,2019-11-09,,,WorthPoint
muonionalusta-meteorite,Libyan Desert Glass 64.1 Grams,103.58,2019-11-09,64.1,1.62,WorthPoint
muonionalusta-meteorite,Seymchan Etched Meteorite Part Slice 19.5 Grams,34.6,2019-11-09,19.5,1.77,WorthPoint
muonionalusta-meteorite,"80g Meteorite , Muonionalusta Meteorite Iron Etched Part Slice B426",109,2019-11-08,80,1.36,WorthPoint
muonionalusta-meteorite,Morasko Meteorite Etched Part Slice 54.5 Grams,87.55,2019-11-07,54.5,1.61,WorthPoint
muonionalusta-meteorite,Muonionalusta Meteorite Etched Part Slice 11.3 Grams!,19.55,2019-11-06,11.3,1.73,WorthPoint
muonionalusta-meteorite,Muonionalusta Meteorite Etched Part Slice 14.2 Grams!,23.8,2019-11-06,14.2,1.68,WorthPoint
muonionalusta-meteorite,GORGEOUS 25g ETCHED GIBEON IRON METEORITE ROUND BEAUTIFUL ETCH FOR JEWELRY!,128.4,2019-11-06,25,5.14,WorthPoint
muonionalusta-meteorite,Muonionalusta Iron Meteorite - 18.5 Gram Lot Of Beads,15.5,2019-11-05,18.5,0.84,WorthPoint
muonionalusta-meteorite,Camel Donga Meteorite Individual 1.3 Grams,26.35,2019-11-05,1.3,20.27,WorthPoint
muonionalusta-meteorite,Muonionalusta Meteorite Part Slice 16 Grams R1234,24,2019-11-05,16,1.5,WorthPoint
muonionalusta-meteorite,Canyon Diablo Meteorite Full Slice 91 Grams!,124.1,2019-11-05,91,1.36,WorthPoint
muonionalusta-meteorite,SAINT AUBIN METEORITE Part Slice 36.5 Grams,52.7,2019-11-04,36.5,1.44,WorthPoint
muonionalusta-meteorite,Amazing 148 Gm. Muonionalusta Etched Meteorite Slice,251.1,2019-11-04,148,1.7,WorthPoint
muonionalusta-meteorite,Gold Basin Meteorite End Cut 79.3 Grams,88,2019-11-03,79.3,1.11,WorthPoint
muonionalusta-meteorite,Muonionalusta Meteorite Etched Part Slice 12 Grams,24,2019-11-02,12,2,WorthPoint
muonionalusta-meteorite,SAINT AUBIN METEORITE Part Slice 7.6 Grams,21,2019-11-02,7.6,2.76,WorthPoint
muonionalusta-meteorite,2.28 Grams About 20x20x1mm MUONIONALUSTA Meteorite Slice With Some Rust Starting,11.72,2019-11-01,2.28,5.14,WorthPoint
muonionalusta-meteorite,Muonionalusta Meteorite Etched Part Slice 10.1 Grams*,22,2019-11-01,10.1,2.18,WorthPoint
muonionalusta-meteorite,Seymchan Meteorite Part Slice 55.7 Grams!,106.7,2019-10-31,55.7,1.92,WorthPoint
muonionalusta-meteorite,NICELY ETCHED 114.2 Gram MUONIONALUSTA METEORITE - GREAT FOR JEWELRY!,184,2019-10-30,114.2,1.61,WorthPoint
muonionalusta-meteorite,"One Of A Kind Huge 44mm, 368 Gm Muonionalusta Etched Sphere",1079.28,2019-10-30,368,2.93,WorthPoint
muonionalusta-meteorite,"Iron Meteorite Muonionalusta, Sweden, Sandblasted Piece, 5170 Grams",2584.99,2019-10-30,5170,0.5,WorthPoint
muonionalusta-meteorite,Brahin Meteorite Pallasite Part Slice 10.4 Grams!,84,2019-10-30,10.4,8.08,WorthPoint
muonionalusta-meteorite,Brahin Meteorite Pallasite Part Slice 18.6 Grams!,127,2019-10-29,18.6,6.83,WorthPoint
muonionalusta-meteorite,Muonionalusta Iron Meteorite - 18.9 Gram Lot Of Beads,11.49,2019-10-29,18.9,0.61,WorthPoint
muonionalusta-meteorite,Muonionalusta Meteorite Etched Part Slice 7.8 Grams,21,2019-10-29,7.8,2.69,WorthPoint
muonionalusta-meteorite,Uruacu Meteorite Etched Part Slice 37.6 Grams!,50.49,2019-10-28,37.6,1.34,WorthPoint
muonionalusta-meteorite,Muonionalusta Meteorite Etched Part Slice 17.3 Grams!,28.05,2019-10-28,17.3,1.62,WorthPoint
muonionalusta-meteorite,Brenham Meteorite Pallasite Part Slice 7.9 Grams!,65,2019-10-28,7.9,8.23,WorthPoint
muonionalusta-meteorite,SAINT AUBIN METEORITE Part Slice 24.1 Grams,44,2019-10-28,24.1,1.83,WorthPoint
muonionalusta-meteorite,Morasko Meteorite Etched Part Slice 40 Grams,79,2019-10-28,40,1.98,WorthPoint
muonionalusta-meteorite,Moldavite Tektite 3.2 Grams,39.6,2019-10-28,3.2,12.38,WorthPoint
muonionalusta-meteorite,Saffordite Volcanic Glass Individual 3.1 Grams,38,2019-10-28,3.1,12.26,WorthPoint
muonionalusta-meteorite,Libyan Desert Glass 24.8 Grams,38.02,2019-10-28,24.8,1.53,WorthPoint
muonionalusta-meteorite,Muonionalusta Meteorite Etched Part Slice 6 Grams,15.3,2019-10-28,6,2.55,WorthPoint
muonionalusta-meteorite,Muonionalusta Meteorite Etched Part Slice 22.7 Grams,35.7,2019-10-28,22.7,1.57,WorthPoint
muonionalusta-meteorite,Muonionalusta Meteorite Etched Part Slice 19.1 Grams,30.6,2019-10-28,19.1,1.6,WorthPoint
muonionalusta-meteorite,Muonionalusta Meteorite Etched Part Slice 16.6 Grams!,27.2,2019-10-27,16.6,1.64,WorthPoint
muonionalusta-meteorite,Muonionalusta Meteorite Etched Part Slice 9.3 Grams!,19.55,2019-10-27,9.3,2.1,WorthPoint
muonionalusta-meteorite,CHRISTIE’S Arts Decoratifs Et Histoire Naturelle – Natural History Fossil Fish A,21.95,2019-10-27,,,WorthPoint
muonionalusta-meteorite,SAINT AUBIN METEORITE Part Slice 14.4 Grams,23.8,2019-10-27,14.4,1.65,WorthPoint
muonionalusta-meteorite,SAINT AUBIN METEORITE Part Slice 33 Grams,48.45,2019-10-27,33,1.47,WorthPoint
muonionalusta-meteorite,SAINT AUBIN METEORITE End Cut 390 Grams,504.05,2019-10-26,390,1.29,WorthPoint
muonionalusta-meteorite,SAINT AUBIN METEORITE Part Slice 41.1 Grams,58.65,2019-10-26,41.1,1.43,WorthPoint
