material_slug,title,price_usd,sale_date,weight_grams,price_per_gram,source
nwa-martian-meteorite,"4 Mars & Moon Rock Sets, Meteorite Displays W/ Authenticity Cards",250,2026-01-21,,,WorthPoint
nwa-martian-meteorite,NWA 17472 1.42g Mars Crusted Evolved Basaltic Shergottite Meteorite,99,2026-01-17,1.42,69.72,WorthPoint
nwa-martian-meteorite,"Meteorite**NWA 16481, Martian Sherg.(olivine-bearing)**2.611 Gram, Multi-colored",167.5,2026-01-04,2.611,64.15,WorthPoint
nwa-martian-meteorite,.149 Gram Micro Fragments NWA 1068 MARTIAN Shergottite Mars Meteorite With A COA,39.99,2025-12-29,149,0.27,WorthPoint
nwa-martian-meteorite,Meteorite: NWA 14899 Weigh: 3.687 Grams: Golden Martian ‚ù§Ô∏è‚Äçüî•,350,2025-12-29,3.687,94.93,WorthPoint
nwa-martian-meteorite,NWA 11220 Black Beauty Pairing Martian Meteorite - Water From Mars!,138.6,2025-12-28,,,WorthPoint
nwa-martian-meteorite,NWA 14714 3.32g Slice Of Martian Shergottite Meteorite,140.51,2025-12-27,3.32,42.32,WorthPoint
nwa-martian-meteorite,Meteorite - NWA 10645 - Achondrite Martian Nakhlite - 10645-0001 - Micro / Rare,19.95,2025-12-27,,,WorthPoint
nwa-martian-meteorite,Meteorite - NWA 998 - Achondrite Martian Nakhlite - 0998-0011 - Micro/Rare/Case,14.95,2025-12-27,,,WorthPoint
nwa-martian-meteorite,Meteorite - NWA 817 - Achondrite Martian Nakhlite - 0817-0009 - Micro/Rare/Case,14.95,2025-12-27,,,WorthPoint
nwa-martian-meteorite,.272 Grams 9x6x2mm - NWA 14607 Martian Shergottite Meteorite From Mars With COA,37.99,2025-12-25,272,0.14,WorthPoint
nwa-martian-meteorite,"NWA 17472, Basaltic Martian Shergottite, Martian Meteorite, Mars Rock, 2.66g",199.5,2025-12-24,2.66,75,WorthPoint
nwa-martian-meteorite,1.06 Grams 21x12x2mm NWA 13187 Martian Shergottite Meteorite Slice Of Mars +COA,59.99,2025-12-22,1.06,56.59,WorthPoint
nwa-martian-meteorite,NWA 17880 Mars 0.75g LAST ONE Olivine-Phyric Shergottite Meteorite,61,2025-12-20,0.75,81.33,WorthPoint
nwa-martian-meteorite,NWA 17472 0.76g Mars Crusted Evolved Basaltic Shergottite Meteorite,54,2025-12-20,0.76,71.05,WorthPoint
nwa-martian-meteorite,Mini Museum 5th Edition 1 Large 34 Rare Specimens Hans Fex + LED Stand $499 New,170.27,2025-12-19,,,WorthPoint
nwa-martian-meteorite,0.27 Gram - Northwest Africa 12241 - Martian Shergottite Meteorite Frag/slice,39.2,2025-12-18,0.27,145.19,WorthPoint
nwa-martian-meteorite,.088 Gram 12x3x1mm Slice NWA 7397 MARTIAN SHERGOTTITE Mars Meteorite With A COA,29.99,2025-12-16,88,0.34,WorthPoint
nwa-martian-meteorite,"Meteorite**NWA 14607, Martian**0.985 Grams, Part-slice; Evolved Pyroxene-phyric",76,2025-12-15,0.985,77.16,WorthPoint
nwa-martian-meteorite,MS68 PCGS 2009 Cook Islands 5 Dollars Observation Of Mars .925 (BT4),295,2025-12-14,,,WorthPoint
nwa-martian-meteorite,Mars Rare Martian Nakhlite Meteorite NWA 15364 Algeria Found 2022 MB111 COA 7211,69.95,2025-12-14,,,WorthPoint
nwa-martian-meteorite,NWA 17880 Mars 0.59g Olivine-Phyric Shergottite Meteorite,51.56,2025-12-13,0.59,87.39,WorthPoint
nwa-martian-meteorite,NWA 17880 Mars 0.37g Olivine-Phyric Shergottite Meteorite,27,2025-12-13,0.37,72.97,WorthPoint
nwa-martian-meteorite,NWA 17472 0.15g Mars Crusted Evolved Basaltic Shergottite Meteorite,15,2025-12-13,0.15,100,WorthPoint
nwa-martian-meteorite,.928 Grams 16x9x2.5mm NWA 13187 Martian Shergottite Meteorite Slice Of Mars +COA,47.99,2025-12-13,928,0.05,WorthPoint
nwa-martian-meteorite,"2 Genuine Mars Rocks, XL Mars Meteorites Interactive Display, Authenticity Card",35.95,2025-12-10,2,17.98,WorthPoint
nwa-martian-meteorite,NWA 17472 0.77g + NWA 17880 0.75g Martian Slices,110,2025-12-10,0.77,142.86,WorthPoint
nwa-martian-meteorite,1.23 Grams 21x11x2.5mm NWA 13187 Martian Shergottite Meteorite Slice Of Mars COA,64.99,2025-12-07,1.23,52.84,WorthPoint
nwa-martian-meteorite,NWA 17880 Mars 2.83g Olivine-Phyric Shergottite Meteorite,212,2025-12-06,2.83,74.91,WorthPoint
nwa-martian-meteorite,"Genuine Mars Rock, XL Martian Meteorite Interactive Display W/ Authenticity Card",39.95,2025-12-05,,,WorthPoint
nwa-martian-meteorite,NWA 17472 0.39g Mars Crusted Evolved Basaltic Shergottite Meteorite,36,2025-12-03,0.39,92.31,WorthPoint
nwa-martian-meteorite,NWA 17880 Mars 0.24g Olivine-Phyric Shergottite Meteorite,25,2025-12-03,0.24,104.17,WorthPoint
nwa-martian-meteorite,Mars Rock NWA 17472 Meteorite ‚Äì Rare Martian Shergottite Slice Medium Box W/COA,65,2025-12-03,,,WorthPoint
nwa-martian-meteorite,.736 Grams NWA 13227 Martian 13x8x3mm METEORITE Shergottite Mars - With COA,67.99,2025-12-03,736,0.09,WorthPoint
nwa-martian-meteorite,.031 Grams NWA 6963 Martian Shergottite Meteorite Micro Fragments From Mars +COA,16.99,2025-12-03,31,0.55,WorthPoint
nwa-martian-meteorite,NWA 17880 Mars 0.79g Olivine-Phyric Shergottite Meteorite,77,2025-11-29,0.79,97.47,WorthPoint
nwa-martian-meteorite,NWA 17880 Mars 0.88g Olivine-Phyric Shergottite Meteorite,86,2025-11-29,0.88,97.73,WorthPoint
nwa-martian-meteorite,NWA 17880 Mars 0.32g Olivine-Phyric Shergottite Meteorite,43,2025-11-29,0.32,134.38,WorthPoint
nwa-martian-meteorite,MARTIAN Nakhlite Meteorite Mars RARE .18g-Ident. By Dr. Tony Irving Wash St Univ,90,2025-11-29,18,5,WorthPoint
nwa-martian-meteorite,2.66 Grams 24x18x2mm NWA 13187 Martian Shergottite Meteorite Fragment- Mars +COA,169.99,2025-11-27,2.66,63.91,WorthPoint
nwa-martian-meteorite,NWA 17472 1.77g Mars Crusted Evolved Basaltic Shergottite Meteorite,113.49,2025-11-22,1.77,64.12,WorthPoint
nwa-martian-meteorite,NWA 12269 Achondrite Martian Shergottite Meteorite - 12269-0128 - 0.54g - Slice,134.95,2025-11-19,0.54,249.91,WorthPoint
nwa-martian-meteorite,NWA 17472 Martian Meteorite (shergottite) Part Slice Weight 1.01 Grams NEW,100,2025-11-19,1.01,99.01,WorthPoint
nwa-martian-meteorite,.701 Grams NWA 13227 Martian 13x8x3mm METEORITE Shergottite Mars - With COA,118.99,2025-11-19,701,0.17,WorthPoint
nwa-martian-meteorite,Meteorite: NWA 16481 Weight 0.718 Grams. Beautiful Martian,100,2025-11-08,0.718,139.28,WorthPoint
nwa-martian-meteorite,"NWA 13190, Martian Shergottite Found In Algeria 2019, 0.94 Gram Slice Of Mars!",130,2025-11-05,0.94,138.3,WorthPoint
nwa-martian-meteorite,4.57 Gram - Northwest Africa 12241 - Martian Shergottite Meteorite Slice!,575,2025-11-02,4.57,125.82,WorthPoint
nwa-martian-meteorite,NWA 14714 Martian Meteorite Slice,400,2025-10-30,,,WorthPoint
nwa-martian-meteorite,.379 Grams 8x7x2mm - NWA 14607 Martian Shergottite Meteorite From Mars With COA,79.99,2025-10-30,379,0.21,WorthPoint
nwa-martian-meteorite,Mars Rock Mars Meteorite Martian Nakhite Northwest Africa NWA 15200 Morocco,39.99,2025-10-29,,,WorthPoint
nwa-martian-meteorite,.230 Grams 7x5x3mm - NWA 14607 Martian Shergottite Meteorite From Mars With COA,39.99,2025-10-26,230,0.17,WorthPoint
nwa-martian-meteorite,NWA 15364 Achondrite Martian Nakhlite Meteorite - 15364-0009 - NEWLY OFFICIAL,999.95,2025-10-25,,,WorthPoint
nwa-martian-meteorite,.114 Grams 5x4x4mm NWA 4878 Martian Shergottite Meteorite Fragment From Mars,34.99,2025-10-21,114,0.31,WorthPoint
nwa-martian-meteorite,.885 Grams 14x13x3mm NWA 13187 Martian Shergottite Meteorite Slice Mars With COA,74.99,2025-10-19,885,0.08,WorthPoint
nwa-martian-meteorite,.0616 Grams 5x4x3mm NWA 4878 Martian Shergottite Meteorite Fragment From Mars,29,2025-10-12,616,0.05,WorthPoint
nwa-martian-meteorite,"Mars Rock Pendant, Martian Meteorite Necklace Jewelry With Authenticity Card",34.95,2025-10-07,,,WorthPoint
nwa-martian-meteorite,NWA 1775 .055 Gram Meteorite Martian Shergottite Found 2002 TKW 25 Grams,28.95,2025-10-06,55,0.53,WorthPoint
nwa-martian-meteorite,Meteorite**NWA 14899; Martian Olivine Gabbroic Sherg.**3.687 Gram;GOLDEN MARTIAN,209.5,2025-10-06,3.687,56.82,WorthPoint
nwa-martian-meteorite,"Meteorite**NWA 16481, Martian Sherg.(olivine-bearing)**3.687 Gram, Multi-colored",150.5,2025-10-06,3.687,40.82,WorthPoint
nwa-martian-meteorite,Meteorite Group ~ Sale Of Thirteen (13) Meteorites ~ Cosmic Art In Miniature !!,45,2025-10-05,,,WorthPoint
nwa-martian-meteorite,NWA 17472 0.78g Mars Crusted Evolved Basaltic Shergottite Meteorite,59,2025-10-04,0.78,75.64,WorthPoint
nwa-martian-meteorite,NWA 15364 Achondrite Martian Nakhlite Meteorite - 15364-0007 - NEWLY OFFICIAL,40,2025-09-29,,,WorthPoint
nwa-martian-meteorite,"NEW Martian Basalt Meteorite NWA 17501. 16.7g Basalt Shergotitte, Mars Lava!!",726.89,2025-09-29,16.7,43.53,WorthPoint
nwa-martian-meteorite,NWA 15153 Official Meteorite LL4/5 Chondrite - G657-0004 - 8.49g COA Full Slice,68,2025-09-22,8.49,8.01,WorthPoint
nwa-martian-meteorite,NEW Martian Meteorite NWA 17880. Full Slice 15.35g Maskelynite Rich Shergotitte,676.66,2025-09-15,15.35,44.08,WorthPoint
nwa-martian-meteorite,"Meteorite NWA 17472, Martian Shergottite 10.2 Gram Mars Basalt Slice",400,2025-09-10,10.2,39.22,WorthPoint
nwa-martian-meteorite,NWA 13187 Meteorite. Martian Shergottite. .91 Grams. Nice Sized Part Slice.,100,2025-09-08,91,1.1,WorthPoint
nwa-martian-meteorite,"Meteorite**NWA 16481, Martian Shergottite(olivine-bearing)**6.531 Gram Gorgeous!",316,2025-09-08,6.531,48.38,WorthPoint
nwa-martian-meteorite,"Meteorite**NWA 14607 Martian Shergottite**6.444 Grams Big Slice, PLANET MARS!!",255,2025-09-08,6.444,39.57,WorthPoint
nwa-martian-meteorite,"Meteorite**NWA 14607 Martian Shergottite**7.072 Grams Big Slice, PLANET MARS!!",799,2025-09-07,7.072,112.98,WorthPoint
nwa-martian-meteorite,"NWA 15016 Shergottite, Beautiful 5.56g Slice Of MARTIAN Meteorite",499,2025-09-04,5.56,89.75,WorthPoint
nwa-martian-meteorite,Lunar And Martian Ring - Hand Crafted TOP METEORITE Jewelry - Size 7.25,2970,2025-09-04,,,WorthPoint
nwa-martian-meteorite,NWA 6963 Martian Meteorite .26 Grams Fusion Crusted,55,2025-09-04,26,2.12,WorthPoint
nwa-martian-meteorite,MARTIAN Meteorite NWA 10645 Nakhlite,250,2025-09-03,,,WorthPoint
nwa-martian-meteorite,Meteorite**NWA 14899; Martian Olivine Gabbroic Sherg.**0.800 Gram;GOLDEN MARTIAN,125,2025-09-03,0.8,156.25,WorthPoint
nwa-martian-meteorite,.742 Grams 15x12x2mm NWA 13187 Martian Shergottite Meteorite Slice Mars With COA,61.99,2025-09-02,742,0.08,WorthPoint
nwa-martian-meteorite,.513 Grams 12x9x2mm - NWA 12564 Martian Shergottite Meteorite From Mars With COA,39.99,2025-09-01,513,0.08,WorthPoint
nwa-martian-meteorite,NWA 13366 Martian Meteorite Pendant,10000,2025-08-29,,,WorthPoint
nwa-martian-meteorite,Martian Meteorite NWA 16403 - 69.8 Grams,15625,2025-08-29,69.8,223.85,WorthPoint
nwa-martian-meteorite,NWA 17472 Martian Meteorite Slice - 12.04 Grams,8750,2025-08-29,12.04,726.74,WorthPoint
nwa-martian-meteorite,.095 Grams Micros NWA 1068 Martian Shergottite Meteorite Fragments From Mars COA,9.99,2025-08-29,95,0.11,WorthPoint
nwa-martian-meteorite,.380 Grams 12x9x2mm NWA 13187 Martian Shergottite Meteorite Fragment- Mars +COA,52.52,2025-08-28,380,0.14,WorthPoint
nwa-martian-meteorite,NWA 17472 Martian Meteorite (shergottite) Micro Weight .362 Grams NEW!,55,2025-08-27,362,0.15,WorthPoint
nwa-martian-meteorite,"NEW!! RARE! NWA 14243 Martian Meteorite, Shergottite, Slice 14.7 Grams",1764.99,2025-08-25,14.7,120.07,WorthPoint
nwa-martian-meteorite,"NEW! NWA 14243 MARTIAN, Shergottite (aphyric, Diabasic) Part Slice, 0.64 Grams",99.99,2025-08-25,0.64,156.23,WorthPoint
nwa-martian-meteorite,NWA 17472 2.29g Mars Crusted Evolved Basaltic Shergottite Meteorite,102.5,2025-08-23,2.29,44.76,WorthPoint
nwa-martian-meteorite,NWA 17472 1.02g Mars Crusted Evolved Basaltic Shergottite Meteorite,116,2025-08-19,1.02,113.73,WorthPoint
nwa-martian-meteorite,.438 Grams NWA 13227 Martian 9x6x3mm METEORITE Shergottite Mars - With COA,61.99,2025-08-14,438,0.14,WorthPoint
nwa-martian-meteorite,.267 Grams 7x5x3mm - NWA 14607 Martian Shergottite Meteorite From Mars With COA,49.99,2025-08-14,267,0.19,WorthPoint
nwa-martian-meteorite,NWA 17472 1.79g Mars Crusted Evolved Basaltic Shergottite Meteorite,96.57,2025-08-02,1.79,53.95,WorthPoint
nwa-martian-meteorite,MARS Largest Rock Meteorite On Earth Oil Painting On Canvas Signed Yasami 28 X24,400,2025-08-02,,,WorthPoint
nwa-martian-meteorite,NWA 15200 (0.284g) Meteorite MARTIAN NAKHLITE Fresh Fusion Crust A+ IMCA,215,2025-07-31,0.284,757.04,WorthPoint
nwa-martian-meteorite,"NEW Martian Basalt Meteorite NWA 17501. 18.7g Basalt Shergotitte, Mars Lava!!",691,2025-07-28,18.7,36.95,WorthPoint
nwa-martian-meteorite,NWA 17472 16.88g Full Slice Mars Crusted Evolved Basaltic Shergottite Meteorite,999,2025-07-27,16.88,59.18,WorthPoint
nwa-martian-meteorite,NWA 1195 Meteorite Cast,40,2025-07-27,,,WorthPoint
nwa-martian-meteorite,MARTIAN Nakhlite Meteorite Mars RARE .23g-Ident. By Dr. Tony Irving Wash St Univ,109,2025-07-26,23,4.74,WorthPoint
nwa-martian-meteorite,.268 Grams 5x5x4mm NWA 13237 Martian METEORITE Shergottite Mars Low TKW 35.5gram,54,2025-07-26,268,0.2,WorthPoint
nwa-martian-meteorite,Martian Meteorite NWA 15364,40,2025-07-23,,,WorthPoint
nwa-martian-meteorite,.473 Grams 13x9x2mm NWA 13187 Martian Shergottite Meteorite Fragment- Mars + COA,49.99,2025-07-22,473,0.11,WorthPoint
nwa-martian-meteorite,Meteorite NWA 8159 Martian Augite Basalt 0.02g Rarest Martian Classification,50,2025-07-21,0.02,2500,WorthPoint
nwa-martian-meteorite,Meteorite Slice NWA 15016 - Martian Shergottite 0.128 G,50,2025-07-21,0.128,390.63,WorthPoint
nwa-martian-meteorite,Meteorite NWA 13190 - Martian Shergottite 0.1 G,40,2025-07-21,0.1,400,WorthPoint
nwa-martian-meteorite,1.11 Grams 18mm NWA 17472 Martian Shergottite Mars Meteorite Slice Fragment +COA,69.99,2025-07-18,1.11,63.05,WorthPoint
nwa-martian-meteorite,.242 Grams 9mm NWA 17472 Martian Shergottite Mars Meteorite Slice Fragment + COA,18.99,2025-07-16,242,0.08,WorthPoint
nwa-martian-meteorite,"Meteorite**NWA 14607 Martian Shergottite**2.693 Grams Part-slice, PLANET MARS!!",86,2025-07-14,2.693,31.93,WorthPoint
nwa-martian-meteorite,NWA 17472 2.67g Mars Evolved Basaltic Shergottite Meteorite,225,2025-07-12,2.67,84.27,WorthPoint
nwa-martian-meteorite,2.18 Grams 23x15x2.5mm NWA 17472 Martian Shergottite Mars Meteorite Slice + COA,144.99,2025-07-12,2.18,66.51,WorthPoint
nwa-martian-meteorite,.371 Grams 9x7x2mm - NWA 12564 Martian Shergottite Meteorite From Mars With COA,24.99,2025-07-12,371,0.07,WorthPoint
nwa-martian-meteorite,.655 Grams 14mm NWA 17472 Martian Shergottite Mars Meteorite Slice Fragment +COA,49,2025-07-10,655,0.07,WorthPoint
nwa-martian-meteorite,NWA 17472 Martian Meteorite (shergottite) Micro Weight .034 Grams NEW!,6,2025-07-06,34,0.18,WorthPoint
nwa-martian-meteorite,.172 Grams 5x5x4mm NWA 13237 Martian METEORITE Shergottite Mars - TKW 36.5 Grams,31,2025-07-04,172,0.18,WorthPoint
nwa-martian-meteorite,1.18 Grams 18mm NWA 17472 Martian Shergottite Mars Meteorite Slice Fragment +COA,73,2025-07-04,1.18,61.86,WorthPoint
nwa-martian-meteorite,Meteorite NEA 053 Weigh 0.599 Grams,100,2025-07-04,0.599,166.94,WorthPoint
nwa-martian-meteorite,NWA 17472 1.00g Mars Crusted Evolved Basaltic Shergottite Meteorite,116,2025-07-01,1,116,WorthPoint
nwa-martian-meteorite,HUGE 60.1g Martian TRANSLUCENT Meteorite Slice - NWA 17472 Basaltic Shergottite,4200,2025-06-29,60.1,69.88,WorthPoint
nwa-martian-meteorite,NWA 17472 0.53g Mars Crusted Evolved Basaltic Shergottite Meteorite,41,2025-06-28,0.53,77.36,WorthPoint
nwa-martian-meteorite,Tiny Martian Specimen - Rare Meteorite - Only $7 Or Best Offer!,7,2025-06-27,,,WorthPoint
nwa-martian-meteorite,AMAZING 10.8 G NWA 13366 MARTIAN PERIDOTITIC SHERGOTTITE METEORITE GREEN MARTIAN,1168.2,2025-06-27,10.8,108.17,WorthPoint
nwa-martian-meteorite,.371 Grams 14x7x2mm NWA 13187 Martian Shergottite Meteorite Fragment- Mars + COA,39.99,2025-06-27,371,0.11,WorthPoint
nwa-martian-meteorite,"NWA 13366 Stone, Achondrite, Martian-She Found 2002 Morocco 0.056 G",13,2025-06-25,0.056,232.14,WorthPoint
nwa-martian-meteorite,NWA 2626 MARTIAN Shergottite Meteorite Mars VERY RARE SNC Planet Space IMCA,99.99,2025-06-25,,,WorthPoint
nwa-martian-meteorite,.069 Grams NWA 6963 Martian Shergottite Meteorite Fragments From Mars + COA,10.99,2025-06-24,69,0.16,WorthPoint
nwa-martian-meteorite,"NWA 1195 Stone, Achondrite, Martian-She Found 2002 Morocco 0.46 G",46,2025-06-23,0.46,100,WorthPoint
nwa-martian-meteorite,NWA 17472 0.77g Mars Crusted Evolved Basaltic Shergottite Meteorite,69,2025-06-21,0.77,89.61,WorthPoint
nwa-martian-meteorite,Amgala 001 Rare Individual Martian Shergottite Mars Meteorite 3.13 Grams,219.95,2025-06-17,3.13,70.27,WorthPoint
nwa-martian-meteorite,Meteorite**NWA 14899; Martian Olivine Gabbroic Sherg.**3.653 Gram;GOLDEN MARTIAN,176.5,2025-06-16,3.653,48.32,WorthPoint
nwa-martian-meteorite,.076 Grams FRAGMENTS NWA 12564 Martian Shergottite Meteorite From Mars With COA,5.99,2025-06-15,76,0.08,WorthPoint
nwa-martian-meteorite,NWA 17472 4.80g Mars Evolved Basaltic Shergottite Meteorite,399,2025-06-14,4.8,83.13,WorthPoint
nwa-martian-meteorite,.072 Grams 5mm NWA 13237 Martian METEORITE Shergottite Mars - TKW 36.5 Grams,16.49,2025-06-13,72,0.23,WorthPoint
nwa-martian-meteorite,Martian Meteorite Called NWA 2969 (part Of The Classen Colle...,95.3,2025-06-12,,,WorthPoint
nwa-martian-meteorite,.316 Grams 11x8x2mm NWA 13187 Martian Shergottite Meteorite Fragment- Mars + COA,33.99,2025-06-11,316,0.11,WorthPoint
nwa-martian-meteorite,.065 Grams Fragments NWA 13237 Martian METEORITE Shergottite Mars TKW 36.5 Grams,10.99,2025-06-09,65,0.17,WorthPoint
nwa-martian-meteorite,.179 Grams NWA 12269 Martian Shergottite FRAGMENTS Meteorite From Mars With COA,11.99,2025-06-09,179,0.07,WorthPoint
nwa-martian-meteorite,NWA 15364 Achondrite Martian Nakhlite Meteorite - 15364-0052 - Micro - COA/RARE,9.95,2025-06-09,,,WorthPoint
nwa-martian-meteorite,NWA 15364 (0.562g) Martian Nakhlite Meteorite Crusted Fragment IMCA Sellers,265,2025-06-08,0.562,471.53,WorthPoint
nwa-martian-meteorite,.071 Grams 4x3x3mm NWA 13237 Martian METEORITE Shergottite Mars - TKW 36.5 Grams,17.99,2025-06-07,71,0.25,WorthPoint
nwa-martian-meteorite,Meteorite: NWA 16481 Weight 1.863 Grams.,250,2025-06-06,1.863,134.19,WorthPoint
nwa-martian-meteorite,.270 Grams NWA 13227 Martian 8x6x2mm METEORITE Shergottite Mars - With COA,36.99,2025-06-05,270,0.14,WorthPoint
nwa-martian-meteorite,NWA 15200 (0.352g) Meteorite- NEW MARTIAN NAKHLITE - Fresh Fusion Crust! (IMCA),245,2025-06-05,0.352,696.02,WorthPoint
nwa-martian-meteorite,.169 Grams Fragments NWA 14607 Martian Shergottite Meteorite From Mars With COA,13.99,2025-06-02,169,0.08,WorthPoint
nwa-martian-meteorite,.652 Grams NWA 13227 Martian 10x8x3mm METEORITE Shergottite Mars - With COA,59.99,2025-06-02,652,0.09,WorthPoint
nwa-martian-meteorite,"MARTIAN METEORITE, NWA 13187; MARS; .458 Grams",64,2025-05-29,458,0.14,WorthPoint
nwa-martian-meteorite,"Meteorite**NWA 14607 Martian Shergottite**0.665 Grams Part-slice, PLANET MARS!!",28.89,2025-05-26,0.665,43.44,WorthPoint
nwa-martian-meteorite,NWA 15364 Achondrite Martian Nakhlite Meteorite - 15364-0008 - NEWLY OFFICIAL,1439.95,2025-05-23,,,WorthPoint
nwa-martian-meteorite,NWA 16895 - 1.295g Martian Meteorite Partial Slice - Augite Basalt,2549,2025-05-23,1.295,1968.34,WorthPoint
nwa-martian-meteorite,"Meteorite**NWA 14607 Martian Shergottite**1.079 Grams Part-slice, PLANET MARS!!",99,2025-05-21,1.079,91.75,WorthPoint
nwa-martian-meteorite,.90 Grams NWA 13187 Martian Shergottite Meteorite Part Slice- Mars +COA,99.99,2025-05-18,90,1.11,WorthPoint
nwa-martian-meteorite,"NWA 998 Stone, Achondrite, Martian Found 2001 Morocco 0.010 G",20,2025-05-15,,,WorthPoint
nwa-martian-meteorite,Ultra Rare NWA 998 NAKHLITE MARTIAN METEORITE 50 Mg Famous Water Bearing NASA,349.97,2025-05-15,,,WorthPoint
nwa-martian-meteorite,NWA 12269 Martian Shergottite Meteorite - 1.083g - Slice - Mars,129.99,2025-05-13,1.083,120.03,WorthPoint
nwa-martian-meteorite,.047 Grams NWA 6963 Martian Shergottite Meteorite Fragments From Mars + COA,7.99,2025-05-13,47,0.17,WorthPoint
nwa-martian-meteorite,Meteorite: NWA 14607 Martian Shergottite -1.215 Grams- Beautiful Martian,100,2025-05-12,1.215,82.3,WorthPoint
nwa-martian-meteorite,Meteorite: NWA 14607 Weight 1.310 Grams.,125,2025-05-09,1.31,95.42,WorthPoint
nwa-martian-meteorite,Meteorite NEA 053 Weigh 3.589 Grams,650,2025-05-09,3.589,181.11,WorthPoint
nwa-martian-meteorite,0.409g Martian Meteorite Partial Slice I Augite Basalt I NWA 16895 TOP METEORITE,950,2025-05-07,0.409,2322.74,WorthPoint
nwa-martian-meteorite,Meteorite: NWA 14607 Martian Shergottite -1.263 Grams- Beautiful Martian,100,2025-05-06,1.263,79.18,WorthPoint
nwa-martian-meteorite,.169 Grams 5x4x3mm NWA 13237 Martian METEORITE Shergottite Mars - TKW 36.5 Grams,18.99,2025-05-03,169,0.11,WorthPoint
nwa-martian-meteorite,"NWA 2737 Stone, Achondrite, Martian-Chassignite Found 2000 Morocco 0.004 G",21.5,2025-05-01,,,WorthPoint
nwa-martian-meteorite,"Meteorite 6 Pack Includes Martian, CV3, Eucrite, CK4, Acapulcoite, Winonaite",75,2025-04-27,,,WorthPoint
nwa-martian-meteorite,SUPERB 13.6 G NWA 13366 MARTIAN PERIDOTITIC SHERGOTTITE METEORITE GREEN MARTIAN!,1705.5,2025-04-26,13.6,125.4,WorthPoint
nwa-martian-meteorite,"Meteorite**NWA 13366, Martian Peridotitic Sherg.**19.159 Gram Gorgeous Endcut!!!",2999.99,2025-04-26,19.159,156.58,WorthPoint
nwa-martian-meteorite,NWA 13190 Martian Meteorite Slice - 2.94 Grams,1187.5,2025-04-23,2.94,403.91,WorthPoint
nwa-martian-meteorite,NWA 16895 Martian Meteorite - 4.3 Grams,2500,2025-04-23,4.3,581.4,WorthPoint
nwa-martian-meteorite,NWA 13038 Martian Meteorite - Main Mass - 552 Grams,46250,2025-04-23,552,83.79,WorthPoint
nwa-martian-meteorite,.047 Grams 3x3x2mm Fragment Of NWA 1068 MARTIAN SHERGOTTITE METEORITE From Mars,5.99,2025-04-23,47,0.13,WorthPoint
nwa-martian-meteorite,"Meteorite**NWA 14607 Martian Shergottite**0.538 Grams Part-slice, PLANET MARS!!",28.97,2025-04-21,0.538,53.85,WorthPoint
nwa-martian-meteorite,NWA 13190 Martian Meteorite Slice,527.5,2025-04-17,,,WorthPoint
nwa-martian-meteorite,Martian Meteorite NWA 11220 W/ Paper Work,259,2025-04-15,,,WorthPoint
nwa-martian-meteorite,Martian Meteorite NWA 11288 W/ Paper Work,259,2025-04-15,,,WorthPoint
nwa-martian-meteorite,Meteorite: NWA 13366. Weight: 0.583 Grams.,40,2025-04-15,0.583,68.61,WorthPoint
nwa-martian-meteorite,"Meteorite**NWA 14607 Martian Shergottite**1.536 Grams Part-slice, PLANET MARS!!",150,2025-04-14,1.536,97.66,WorthPoint
nwa-martian-meteorite,.187 Grams 5x4x4mm NWA 13237 Martian METEORITE Shergottite Mars - TKW 36.5 Grams,20,2025-04-11,187,0.11,WorthPoint
nwa-martian-meteorite,"Meteorite**Martian Lot!!**4.464 Grams: NWA 16481, 14607, NEA 053, & Amgala 001!!",273,2025-04-10,4.464,61.16,WorthPoint
nwa-martian-meteorite,"Meteorite**NWA 14607 Martian Shergottite**1.205 Grams Part-slice, PLANET MARS!!",59,2025-04-10,1.205,48.96,WorthPoint
nwa-martian-meteorite,"NWA 2737 Stone, Achondrite, Martian-She Found 2002 Morocco 0.006 G",15,2025-04-03,,,WorthPoint
nwa-martian-meteorite,Rare NWA 12564 Martian Meteorite End Cut. Martian Shergottite Rare! 102.6 Grams,8250,2025-04-03,102.6,80.41,WorthPoint
nwa-martian-meteorite,"NWA 17472 Martian Basalt Meteorite, 12.07g Slice Of Mars Lava!",433,2025-03-31,12.07,35.87,WorthPoint
nwa-martian-meteorite,"Meteorite NWA 14899, Martian Olivine Gabbroic Sherg.1.622g, Golden Martian",95.99,2025-03-28,1.622,59.18,WorthPoint
nwa-martian-meteorite,NWA 2986 MARS Meteorite Medal (first Series),70,2025-03-26,,,WorthPoint
nwa-martian-meteorite,"""Mars NWA 7397 Meteorite Slice / 1-5/8"""" X 7/8"""" / 4.6 Grams / Stony Shergottite""",36,2025-03-26,4.6,7.83,WorthPoint
nwa-martian-meteorite,Meteorite: NEA 053 Weight 0.264 Grams.,55,2025-03-24,0.264,208.33,WorthPoint
nwa-martian-meteorite,"Meteorite**Ksar Ghilane 022, Achon. Ung.**1.331 Gram, Possible Link To Phobos!!",57,2025-03-24,1.331,42.82,WorthPoint
nwa-martian-meteorite,Meteorite: NEA Weight 1.209 Gram. Beautiful Martian!!!,199,2025-03-18,1.209,164.6,WorthPoint
nwa-martian-meteorite,"Meteorite**NWA 14607 Martian Shergottite**1.377 Grams Part-slice, PLANET MARS!!",71,2025-03-17,1.377,51.56,WorthPoint
nwa-martian-meteorite,NWA 8159 Mars 0.15g Slice Of RARE Martian Augite Basalt Meteorite,207.5,2025-03-15,0.15,1383.33,WorthPoint
nwa-martian-meteorite,.138 Grams 6x4x3mm - NWA 12564 Martian Shergottite Meteorite From Mars With COA,14.99,2025-03-11,138,0.11,WorthPoint
nwa-martian-meteorite,"Meteorite**NWA 14607 Martian Shergottite**3.788 Grams Part-slice, PLANET MARS!!",399,2025-03-09,3.788,105.33,WorthPoint
nwa-martian-meteorite,.441 Grams 14x8x2mm NWA 12269 Martian Shergottite Meteorite From Mars With COA,39.99,2025-03-07,441,0.09,WorthPoint
nwa-martian-meteorite,.644 Grams 16x11x2mm NWA 13187 Martian Shergottite Meteorite Fragment- Mars +COA,79.99,2025-03-05,644,0.12,WorthPoint
nwa-martian-meteorite,NWA 1110 MARTIAN Shergottite Very Rare Meteorite Mars SNC Northwest Africa IMCA,9.99,2025-03-01,,,WorthPoint
nwa-martian-meteorite,"400th Anniversary Observation Of Mars, 2007 Cook Islands $5 Copper Plated, Silver Martian Coin",250,2025-02-27,,,WorthPoint
nwa-martian-meteorite,Meteorite Mars Dust Vial Jewelry,95,2025-02-27,,,WorthPoint
nwa-martian-meteorite,Meteorite**NWA 14899; Martian Olivine Gabbroic Sherg.**8.261 Gram;GOLDEN MARTIAN,999,2025-02-27,8.261,120.93,WorthPoint
nwa-martian-meteorite,0.33 Gram Martian Meteorite Slice - Augite Basalt - Mark Lyon Provenance Mars,900,2025-02-24,0.33,2727.27,WorthPoint
nwa-martian-meteorite,"Meteorite**NWA 14607 Martian Shergottite**1.186 Grams Part-slice, PLANET MARS!!",65,2025-02-24,1.186,54.81,WorthPoint
nwa-martian-meteorite,Meteorite NWA 14899 Martian Olivine Gabbroic Shergottite 2.845 G GOLDEN MARTIAN,140,2025-02-24,2.845,49.21,WorthPoint
nwa-martian-meteorite,NWA 14714 Martian 1.81g Shergottite Slice From Planet Mars,100,2025-02-23,1.81,55.25,WorthPoint
nwa-martian-meteorite,"""NWA 11921 ~ Martian Polymict Breccia (""""Black Beauty"""") ~ End-Cut ~ 0.272 Grams""",650,2025-02-23,0.272,2389.71,WorthPoint
nwa-martian-meteorite,NWA 13187 (2.216g) Martian Meteorite Partial Slice IMCA Sellers #s 6236 & 7294,159,2025-02-20,2.216,71.75,WorthPoint
nwa-martian-meteorite,3.11 Gram - Northwest Africa 12241 - Martian Shergottite Meteorite Slice!,272.3,2025-02-20,3.11,87.56,WorthPoint
nwa-martian-meteorite,.240 Grams 8x6x2mm NWA 12269 Martian Shergottite Meteorite From Mars With COA,24.99,2025-02-20,240,0.1,WorthPoint
nwa-martian-meteorite,"Meteorite**NWA 10961, Martian Sherg. Poikilitic**3.688 Gram; KING OF MARTIAN!!!",599,2025-02-18,3.688,162.42,WorthPoint
nwa-martian-meteorite,"Meteorite**Ksar Ghilane 022, Achon. Ung.**0.879 Gram, Possible Link To Phobos!!",41,2025-02-17,0.879,46.64,WorthPoint
nwa-martian-meteorite,"Meteorite**NWA 14607 Martian Shergottite**1.533 Grams Part-slice, PLANET MARS!!",82.2,2025-02-17,1.533,53.62,WorthPoint
nwa-martian-meteorite,.115 Gram 8x6x1mm Slice NWA 7397 MARTIAN SHERGOTTITE Mars Meteorite With A COA,44.99,2025-02-13,115,0.39,WorthPoint
nwa-martian-meteorite,.398 Grams NWA 1110 Martian Shergottite Meteorite From Mars Fragments With A COA,38.99,2025-02-13,398,0.1,WorthPoint
nwa-martian-meteorite,NWA 15364 Achondrite Martian Nakhlite Meteorite - 15364-0051 - Micro - COA/RARE,9.95,2025-02-07,,,WorthPoint
nwa-martian-meteorite,Meteorite**NWA 14899; Martian Olivine Gabbroic Sherg.**1.212 Gram; ALMOST GONE!!,149.99,2025-01-25,1.212,123.75,WorthPoint
nwa-martian-meteorite,.158 Grams 8x5x2mm NWA 12269 Martian Shergottite Meteorite From Mars With COA,27.99,2025-01-24,158,0.18,WorthPoint
nwa-martian-meteorite,Martian NWA 2737 Chassignite Meteorite .120g - SUPER RARE 1 Of 3 Of This Type!,580,2025-01-24,120,4.83,WorthPoint
nwa-martian-meteorite,Meteorites For Sale Black Beauty In WA 7034.133,100,2025-01-22,,,WorthPoint
nwa-martian-meteorite,Meteorite**NWA 14899; Martian Olivine Gabbroic Sherg.**3.991 Gram;GOLDEN MARTIAN,202.5,2025-01-20,3.991,50.74,WorthPoint
nwa-martian-meteorite,NWA 2737 MARTIAN CHASSIGNITE Meteorite VERY RARE MARS Space SNC Genuine IMCA,64.99,2025-01-12,,,WorthPoint
nwa-martian-meteorite,NWA 4468 MARTIAN (552mg) Shergottite Meteorite Mars RARE,69.99,2025-01-11,,,WorthPoint
nwa-martian-meteorite,"NWA 2737 Achondrite Martian Chassignite Meteorite 2737-0022 - Micro, 1 Of 3",9.95,2025-01-11,,,WorthPoint
nwa-martian-meteorite,NWA 2737 Achondrite Martian Chassignite Meteorite 2737-0023 Micro 1 Of 3,9.95,2025-01-11,,,WorthPoint
nwa-martian-meteorite,.203 Grams 9x5x3mm - NWA 14607 Martian Shergottite Meteorite From Mars With COA,19.99,2025-01-10,203,0.1,WorthPoint
nwa-martian-meteorite,0.36 Gram - Northwest Africa 12241 - Martian Shergottite Meteorite Frag/slice,44.5,2025-01-10,0.36,123.61,WorthPoint
nwa-martian-meteorite,Lunar & Mars Meteorite Specimens With COA,25,2025-01-06,,,WorthPoint
nwa-martian-meteorite,Meteorite**NWA 14899; Martian Olivine Gabbroic Sherg.**3.489 Gram;GOLDEN MARTIAN,177.5,2025-01-06,3.489,50.87,WorthPoint
nwa-martian-meteorite,"Meteorite**NWA 14607 Martian Shergottite**10.272 Grams Full Slice, PLANET MARS!",515,2025-01-06,10.272,50.14,WorthPoint
nwa-martian-meteorite,Meteorite NWA 8159 Achondrite Martian Augite Basalt - G456-0008 - 0.08g - 1 Of 1,169.95,2025-01-04,0.08,2124.38,WorthPoint
nwa-martian-meteorite,"Meteorite**NWA 14607 Martian Shergottite**11.825 Grams Full Slice, PLANET MARS!",1050,2025-01-02,11.825,88.79,WorthPoint
nwa-martian-meteorite,NWA 7397 Mars Shergottite 3.654g MARTIAN *Amazing*,199.99,2025-01-01,3.654,54.73,WorthPoint
nwa-martian-meteorite,.277 Grams NWA 13227 Martian 8x6x2mm METEORITE Shergottite Mars - With COA,37.99,2024-12-29,277,0.14,WorthPoint
nwa-martian-meteorite,4.44 Gram - Northwest Africa 12241 - Martian Shergottite Meteorite Slice!,222,2024-12-25,4.44,50,WorthPoint
nwa-martian-meteorite,0.31 Gram - Northwest Africa 12241 - Martian Shergottite Meteorite Frag/slice,30,2024-12-22,0.31,96.77,WorthPoint
nwa-martian-meteorite,.067 Grams 4mm NWA 13237 Martian METEORITE Shergottite Mars - TKW 36.5 Grams,11.01,2024-12-21,67,0.16,WorthPoint
nwa-martian-meteorite,0.80 Gram - Northwest Africa 12241 - Martian Shergottite Meteorite Frag/slice,72,2024-12-21,0.8,90,WorthPoint
nwa-martian-meteorite,3.07 Gram - Northwest Africa 12241 - Martian Shergottite Meteorite Slice,168.75,2024-12-18,3.07,54.97,WorthPoint
nwa-martian-meteorite,.306 Grams 9x8x2mm NWA 13187 Martian Shergottite Meteorite Fragment- Mars + COA,47.99,2024-12-17,306,0.16,WorthPoint
nwa-martian-meteorite,Meteorite**NWA 14899; Martian Olivine Gabbroic Sherg.**1.442 Gram; Top SPECIMEN!,69,2024-12-16,1.442,47.85,WorthPoint
nwa-martian-meteorite,.110 Grams 6x3x3mm - NWA 12564 Martian Shergottite Meteorite From Mars With COA,14.99,2024-12-14,110,0.14,WorthPoint
nwa-martian-meteorite,1.03 Gram - Northwest Africa 12241 - Martian Shergottite Meteorite Slice,77.55,2024-12-13,1.03,75.29,WorthPoint
nwa-martian-meteorite,.256 Grams 7x5x5mm NWA 12269 Martian Shergottite Meteorite From Mars With COA,42.99,2024-12-13,256,0.17,WorthPoint
nwa-martian-meteorite,.037 Grams 4x2x2mm Fragment Of NWA 1068 MARTIAN SHERGOTTITE METEORITE From Mars,5.99,2024-12-12,37,0.16,WorthPoint
nwa-martian-meteorite,.092 Grams 4x4x3mm NWA 1110 Martian Shergottite Meteorite From Mars Fragment COA,25.99,2024-12-11,92,0.28,WorthPoint
nwa-martian-meteorite,.039 Gram 6x3x1mm Slice NWA 7397 MARTIAN SHERGOTTITE Mars Meteorite With A COA,14.99,2024-12-11,39,0.38,WorthPoint
nwa-martian-meteorite,10.0 G - Northwest Africa 12241 - Martian Shergottite Meteorite Crusted End Cut!,625,2024-12-10,10,62.5,WorthPoint
nwa-martian-meteorite,NWA 8159 Achondrite Martian Augite Basalt Meteorite - G456-0073 - 0.10g - 1 Of 1,199.95,2024-12-09,0.1,1999.5,WorthPoint
nwa-martian-meteorite,Meteorite**NWA 14899; Martian Olivine Gabbroic Sherg.**1.555 Gram;GOLDEN MARTIAN,81,2024-12-09,1.555,52.09,WorthPoint
nwa-martian-meteorite,2.94 Gram - Northwest Africa 12241 - Martian Shergottite Meteorite Slice!,203.5,2024-12-07,2.94,69.22,WorthPoint
nwa-martian-meteorite,MOON & MARS METEORITE ROCK DISPLAYS - 2 DELUXE EDITIONS+EASELS +CERTIFICATES Al,35.95,2024-12-02,,,WorthPoint
nwa-martian-meteorite,.148 Grams 9x3x2mm - NWA 14607 Martian Shergottite Meteorite From Mars With COA,28.99,2024-12-02,148,0.2,WorthPoint
nwa-martian-meteorite,"Meteorites For Sale NWA 10962 Martian Shergotite, Poikilitic, Ultramafic",95,2024-12-02,,,WorthPoint
nwa-martian-meteorite,Meteorite Group ~ Sale Includes Five (5) Meteorites ~ One Mailing Cost ~ COAs,40,2024-12-01,,,WorthPoint
nwa-martian-meteorite,17.78 Gram - Northwest Africa 12241 - Martian Shergottite Meteorite With Crust!,987.5,2024-11-30,17.78,55.54,WorthPoint
nwa-martian-meteorite,13 Mg - NWA 4766 (Mars Shergottite ) Meteorite Fragment - With Display Case,49.5,2024-11-29,,,WorthPoint
nwa-martian-meteorite,NWA 1068 Meteorite. Martian (Shergottite). 12 Mgr. In Display. Gift Idea.,15,2024-11-29,,,WorthPoint
nwa-martian-meteorite,Meteorite**NWA 14899; Martian Olivine Gabbroic Sherg.**5.102 Gram;GOLDEN MARTIAN,305,2024-11-28,5.102,59.78,WorthPoint
nwa-martian-meteorite,MOON & MARS METEORITE ROCK DISPLAYS -2 DELUXE EDITIONS +EASELS +CERTIFICATES Mc,35.95,2024-11-28,,,WorthPoint
nwa-martian-meteorite,.222 Grams 12x10x1mm NWA 13187 Martian Shergottite Meteorite Fragment Mars + COA,34.99,2024-11-26,222,0.16,WorthPoint
nwa-martian-meteorite,.071 Gram 7x5x1mm Slice NWA 7397 MARTIAN SHERGOTTITE Mars Meteorite With A COA,35.99,2024-11-25,71,0.51,WorthPoint
nwa-martian-meteorite,NWA 7034 Paired 0.03 G Black Beauty Martian Meteorite Part Slice,150,2024-11-25,0.03,5000,WorthPoint
nwa-martian-meteorite,15 Mg - NWA 4766 (Mars Shergottite ) Meteorite Fragment - With Display Case,49.5,2024-11-24,,,WorthPoint
nwa-martian-meteorite,Authentic MARS ROCK From Nakhilite Martian Meteorite NWA 998,39.99,2024-11-24,,,WorthPoint
nwa-martian-meteorite,Martian Meteorite Paired With NWA 16403,10625,2024-11-20,,,WorthPoint
nwa-martian-meteorite,Mars Meteorite; Nwa 6963,38,2024-11-20,,,WorthPoint
nwa-martian-meteorite,Lunar Feldspathic Breccia And Martian Nakhlite Meteorite,47,2024-11-19,,,WorthPoint
nwa-martian-meteorite,SNC METEORITE SET MARTIAN Shergottite Nakhlite Chassignite NWA MARS Genuine IMCA,127.99,2024-11-18,,,WorthPoint
nwa-martian-meteorite,NWA 15153 Official Meteorite LL4/5 Chondrite - G657-0005 - 6.05g - COA / End Cut,72.95,2024-11-15,6.05,12.06,WorthPoint
nwa-martian-meteorite,Meteorite NWA 6963 Achondrite Martian Shergottite - G201-0357 - 0.11g - Beauty,17.36,2024-11-15,0.11,157.82,WorthPoint
nwa-martian-meteorite,NWA 15153 Official Meteorite LL4/5 Chondrite - G657-0020 - 1.14g - COA-LAST ONE,16.02,2024-11-14,1.14,14.05,WorthPoint
nwa-martian-meteorite,1.60 Gram - Northwest Africa 12241 - Martian Shergottite Meteorite Fragments!,119.4,2024-11-13,1.6,74.63,WorthPoint
nwa-martian-meteorite,"Meteorite NWA 10961 Martian Shergottite, Poikilitic, UltraÔøºÔøºmafic",300,2024-11-11,,,WorthPoint
nwa-martian-meteorite,"NWA 10720 Martian Nakhlite Meteorite, 0.190 Grams",40,2024-11-11,0.19,210.53,WorthPoint
nwa-martian-meteorite,2016 - US $1 - Ounce Of Space Lady Liberty On Mars -1oz W/ Martian Meteorite,178,2024-11-11,28.35,6.28,WorthPoint
nwa-martian-meteorite,Meteorite NWA 6963 Achondrite Martian Shergottite - G201-0297 - 0.30g - Slice,22.58,2024-11-09,0.3,75.27,WorthPoint
nwa-martian-meteorite,"Meteorite**NWA 13366, Martian Peridotitic Sherg.**2.153 Gram Gorgeous Endcut!!!",93.25,2024-11-05,2.153,43.31,WorthPoint
nwa-martian-meteorite,NWA 14714 Martian 1.29g SALE! Shergottite Slice From Planet Mars,81,2024-11-02,1.29,62.79,WorthPoint
nwa-martian-meteorite,1.0 Gram - Northwest Africa 12241 - Martian Shergottite Meteorite Slice!,90,2024-10-30,1,90,WorthPoint
nwa-martian-meteorite,Super Rare Nwa 998 Nakhlite Martian Meteorite 1.48g Part Slice W/ Fusion Crust!!,2799,2024-10-26,1.48,1891.22,WorthPoint
nwa-martian-meteorite,.073 Grams NWA 13366 Martian (shergottite) Meteorite With A COA,14.99,2024-10-19,73,0.21,WorthPoint
nwa-martian-meteorite,.036 Grams 4x3x2mm Fragment Of NWA 1068 MARTIAN SHERGOTTITE METEORITE From Mars,5.99,2024-10-18,36,0.17,WorthPoint
nwa-martian-meteorite,"Meteorite:NWA14899 Weight 2.711 Grams. Golden Martian, Full Slice",260,2024-10-16,2.711,95.91,WorthPoint
nwa-martian-meteorite,.255 Grams NWA 14714 Martian (shergottite) Meteorite Cut Fragment With A COA,39.99,2024-10-14,255,0.16,WorthPoint
nwa-martian-meteorite,Meteorite**NWA 14899; Martian Olivine Gabbroic Sherg.**3.587 Gram;GOLDEN MARTIAN,182.5,2024-10-14,3.587,50.88,WorthPoint
nwa-martian-meteorite,"Meteorite**NWA 14607 Martian Shergottite**0.827 Grams, Last Slice Available!!!",57,2024-10-14,0.827,68.92,WorthPoint
nwa-martian-meteorite,Meteorite: NWA 14899 Weight 3.687 Grams. Beautiful Golden Martian,170.5,2024-10-14,3.687,46.24,WorthPoint
nwa-martian-meteorite,Black Beauty Martian Meteorites NWA 7034 Type 4,30,2024-10-13,,,WorthPoint
nwa-martian-meteorite,.038 Grams 4x2x2mm Fragment Of NWA 1068 MARTIAN SHERGOTTITE METEORITE From Mars,5.49,2024-10-11,38,0.14,WorthPoint
nwa-martian-meteorite,NWA 15364 Achondrite Martian Nakhlite Meteorite - 15364-0079 - Micro - COA/RARE,9,2024-10-11,,,WorthPoint
nwa-martian-meteorite,Genuine Moon Rock NWA 11788 Martian Meteorite Noyes Collection 2021,21,2024-10-07,,,WorthPoint
nwa-martian-meteorite,NWA 15153 Official Meteorite LL4/5 Chondrite - G657-0012 - 0.68g - COA-PartSlice,5.5,2024-10-04,0.68,8.09,WorthPoint
nwa-martian-meteorite,"""Solar System Series: """"Mars NWA 7397 Meteorite,"""" Mint Of Poland Commemerative $1.""",135,2024-10-03,,,WorthPoint
nwa-martian-meteorite,NWA 15200 (0.418g) Meteorite- NEW MARTIAN NAKHLITE -Main Mass Holder & IMCA,265,2024-10-01,0.418,633.97,WorthPoint
nwa-martian-meteorite,Meteorite**NWA 14899; Martian Olivine Gabbroic Sherg.**2.191 Gram;GOLDEN MARTIAN,103.61,2024-09-30,2.191,47.29,WorthPoint
nwa-martian-meteorite,"Meteorite**NWA 6963, Martian Shergottite**0.22 Gram, Highly Shocked Martian!!!",10.4,2024-09-30,0.22,47.27,WorthPoint
nwa-martian-meteorite,.107 Grams NWA 6963 Martian Shergottite Meteorite Fragments From Mars + COA,8.99,2024-09-24,107,0.08,WorthPoint
nwa-martian-meteorite,Meteorite**NWA 14899; Martian Olivine Gabbroic Sherg.**1.435 Gram;GOLDEN MARTIAN,103.5,2024-09-23,1.435,72.13,WorthPoint
nwa-martian-meteorite,Piece Of Mars! 4 Martian Meteorite NWA 4925 Mars Rock Collector's Display Boxes,40,2024-09-22,,,WorthPoint
nwa-martian-meteorite,NWA 15364 Achondrite Martian Nakhlite Meteorite - 15364-0075 - Micro - COA/RARE,5.5,2024-09-21,,,WorthPoint
nwa-martian-meteorite,"NEW!! RARE! NWA 14243 Martian Meteorite, Shergottite, Full Slice, 19.39 Grams",2326.99,2024-09-19,19.39,120.01,WorthPoint
nwa-martian-meteorite,NWA 15364 Achondrite Martian Nakhlite Meteorite - 15364-0074 - Micro - COA/RARE,28.99,2024-09-18,,,WorthPoint
nwa-martian-meteorite,Meteorite NWA 1950 Achondrite Mars Shergottite-lherzolitic - 1950-0004 - Micro,9.95,2024-09-17,,,WorthPoint
nwa-martian-meteorite,2017 Niue 1 Oz Silver Mars NWA 7397 Meteorite Coin,100,2024-09-14,28.35,3.53,WorthPoint
nwa-martian-meteorite,NWA 14714 Martian 1.94g Shergottite Slice From Planet Mars,152.5,2024-09-14,1.94,78.61,WorthPoint
nwa-martian-meteorite,.379 Grams 8x6x4mm NWA 12269 Martian Shergottite Meteorite From Mars With COA,36.99,2024-09-13,379,0.1,WorthPoint
nwa-martian-meteorite,NWA 14899 Meteorite Thin Section Martian (shergottite),125,2024-09-09,,,WorthPoint
nwa-martian-meteorite,NWA 14714 Martian 0.85 Shergottite Slice From Planet Mars,77,2024-09-07,,,WorthPoint
nwa-martian-meteorite,Meteorite**NWA 14899; Martian Olivine Gabbroic Sherg.**4.338 Gram;GOLDEN MARTIAN,599.99,2024-09-07,4.338,138.31,WorthPoint
nwa-martian-meteorite,.309 Grams NWA 13187 Martian Shergottite Meteorite Fragments From Mars With COA,13.99,2024-09-02,309,0.05,WorthPoint
nwa-martian-meteorite,.050 Grams NWA 14899 Martian (shergottite) Meteorite With A COA,8.99,2024-09-02,50,0.18,WorthPoint
nwa-martian-meteorite,Crusted .426 Gram 7x6x4mm NWA 13237 Martian METEORITE Shergottite TKW 36.5 Grams,49.99,2024-09-02,426,0.12,WorthPoint
nwa-martian-meteorite,.044 Grams NWA 14899 Martian (shergottite) Meteorite With A COA,8.99,2024-09-02,44,0.2,WorthPoint
nwa-martian-meteorite,Meteorite**NWA 14899; Martian Olivine Gabbroic Sherg.**1.238 Gram;GOLDEN MARTIAN,72,2024-09-02,1.238,58.16,WorthPoint
nwa-martian-meteorite,"Meteorite**NWA 14607 Martian Shergottite**1.698 Grams, PLANET MARS!!! RARE!!!",122.5,2024-08-30,1.698,72.14,WorthPoint
nwa-martian-meteorite,.065 Grams NWA 14899 Martian (shergottite) Meteorite With A COA,9.99,2024-08-30,65,0.15,WorthPoint
nwa-martian-meteorite,.042 Grams 3x3x2mm Fragment Of NWA 1068 MARTIAN SHERGOTTITE METEORITE From Mars,5.99,2024-08-29,42,0.14,WorthPoint
nwa-martian-meteorite,Martian NWA 998 Meteorite ~ Fragments 0.013 Grams ~ RARE Martian Nakhlite,40,2024-08-29,0.013,3076.92,WorthPoint
nwa-martian-meteorite,NWA 7397 Martian Meteorite End Cut - Main Mass,42500,2024-08-28,,,WorthPoint
nwa-martian-meteorite,.116 Grams NWA 12564 Martian Shergottite Meteorite Fragment From Mars With COA,14.95,2024-08-28,116,0.13,WorthPoint
nwa-martian-meteorite,.218 Grams 6x5x3mm NWA 13237 Martian METEORITE Shergottite Mars - TKW 36.5 Grams,42.99,2024-08-26,218,0.2,WorthPoint
nwa-martian-meteorite,Meteorite**NWA 14899; Martian Olivine Gabbroic Sherg.**3.103 Gram;GOLDEN MARTIAN,170.5,2024-08-26,3.103,54.95,WorthPoint
nwa-martian-meteorite,"Mars Meteorite, Nwa 12347 Meteorite, And 4 Snowflake Obsidian Beads",28,2024-08-24,,,WorthPoint
nwa-martian-meteorite,NWA 998 Nakhlite Martian Meteorite ~ An Exceptional And RARE Martian Meteorite,375,2024-08-24,,,WorthPoint
nwa-martian-meteorite,"METEORITES, NWA 6963 (Martian); NWA 6553, NWA 5546, NWA 10438 (All 4 Meteorites)",22,2024-08-18,,,WorthPoint
nwa-martian-meteorite,.227 Grams NWA 1110 Martian Shergottite Meteorite From Mars Fragments With A COA,34.99,2024-08-14,227,0.15,WorthPoint
nwa-martian-meteorite,.101 Grams NWA 6148 Meteorite Martian (nakhlite) Comes With A COA,15.99,2024-08-06,101,0.16,WorthPoint
nwa-martian-meteorite,"Meteorite**NWA 14607 Martian Shergottite**4.044 Grams, Evolved Pyroxene-phyric!!",230.5,2024-07-29,4.044,57,WorthPoint
nwa-martian-meteorite,NWA 14714 Martian 0.39 Shergottite Slice From Planet Mars,39,2024-07-25,,,WorthPoint
nwa-martian-meteorite,Genuine Mars Rock NWA 11788 Martian Meteorite Noyes Collection 2021,29.95,2024-07-25,,,WorthPoint
nwa-martian-meteorite,.240 Grams 10x8x2mm NWA 13187 Martian Shergottite Meteorite Fragment- Mars +COA,29.99,2024-07-24,240,0.12,WorthPoint
nwa-martian-meteorite,Piece Of Mars! Martian Meteorite NWA 4925 Mars Rock Collector's Display Box,29.99,2024-07-19,,,WorthPoint
nwa-martian-meteorite,.115 Grams NWA 6148 Meteorite Martian (nakhlite) Comes With A COA,19.99,2024-07-17,115,0.17,WorthPoint
nwa-martian-meteorite,Meteorite**NWA 14899; Martian Olivine Gabbroic Sherg.**0.899 Gram;GOLDEN MARTIAN,47,2024-07-15,0.899,52.28,WorthPoint
nwa-martian-meteorite,NWA 15364 Achondrite Martian Nakhlite Meteorite - 15364-0058 - Micro - COA/RARE,9.95,2024-07-11,,,WorthPoint
nwa-martian-meteorite,NWA 11288 Martian Meteorite Slice - 0.97 Grams - Shergottite Mars,400,2024-07-11,0.97,412.37,WorthPoint
nwa-martian-meteorite,"NWA 12269 Martian Shergottite Found In 2018, 1.27 Grams",250,2024-07-11,1.27,196.85,WorthPoint
nwa-martian-meteorite,"2009 - Cook Islands 5$, 400th Anniv. Observation Of Mars,meteorite + Wooden Box",151,2024-07-07,,,WorthPoint
nwa-martian-meteorite,NWA 15979 0.54g Martian Shergottite Polished Meteorite Part Chip With Some Crust,110.5,2024-07-04,0.54,204.63,WorthPoint
nwa-martian-meteorite,.265 Grams 9x8x2mm NWA 13187 Martian Shergottite Meteorite Fragment- Mars +COA,29.99,2024-06-17,265,0.11,WorthPoint
nwa-martian-meteorite,"Meteorite**NWA 14607 Martian Shergottite**1.583 Grams, PLANET MARS!!! RARE!!!",100,2024-06-17,1.583,63.17,WorthPoint
nwa-martian-meteorite,"NWA 13366 10.8g Martian Shergottite, Thin Slice, One Lightly Polished Face, Rare",800,2024-06-17,10.8,74.07,WorthPoint
nwa-martian-meteorite,.082 Grams NWA 6963 Martian Shergottite Meteorite Fragments From Mars + COA,7.99,2024-06-11,82,0.1,WorthPoint
nwa-martian-meteorite,Meteorite**NWA 14899; Martian Olivine Gabbroic Sherg.**1.271 Gram;GOLDEN MARTIAN,154.01,2024-06-10,1.271,121.17,WorthPoint
nwa-martian-meteorite,"Meteorite**NWA 14607 Martian Shergottite**0.797 Grams, PLANET MARS!!! RARE!!!",56,2024-06-10,0.797,70.26,WorthPoint
nwa-martian-meteorite,NWA 15364 Achondrite Martian Nakhlite Meteorite - 15364-0019 - NEWLY OFFICIAL,24.95,2024-06-07,,,WorthPoint
nwa-martian-meteorite,NWA 998 ~ Martian Nakhlite Meteorite ~ RARE & Scientifically Important ~ 0.101 G,115,2024-06-06,0.101,1138.61,WorthPoint
nwa-martian-meteorite,NWA 12269 Martian Shergottite Meteorite Mars Micro Pieces In Display With COA,5.01,2024-06-04,,,WorthPoint
nwa-martian-meteorite,Martian Meteorite NWA 13250 (Shergotitite) 66.1 Grams,89.99,2024-06-03,66.1,1.36,WorthPoint
nwa-martian-meteorite,Martian Meteorite NWA 13250 (Shergotitite) 9.1 Grams,89.99,2024-06-03,9.1,9.89,WorthPoint
nwa-martian-meteorite,Meteorite:NWA14607:weight:0.594:Rare Martian-Evolved Pyroxene Phyric! Basalt,60,2024-06-01,,,WorthPoint
nwa-martian-meteorite,"Meteorite: NWA 15899:Weight 1.048 Grams: Golden Martian, SUPER RARE",50,2024-05-31,1.048,47.71,WorthPoint
nwa-martian-meteorite,Meteorite NWA 10961 Martian Shergottite 1.249 Gram The King Of Martians,112.55,2024-05-31,1.249,90.11,WorthPoint
nwa-martian-meteorite,"Meteorite**NWA 14607 Martian Shergottite**0.961 Grams, PLANET MARS!!! RARE!!!",77,2024-05-27,0.961,80.12,WorthPoint
nwa-martian-meteorite,Meteorite**NWA 14899; Martian Olivine Gabbroic Sherg.**2.845 Gram;GOLDEN MARTIAN,205.5,2024-05-27,2.845,72.23,WorthPoint
nwa-martian-meteorite,.298 Grams NWA 12564 Martian Shergottite Meteorite Fragment From Mars With COA,34.99,2024-05-25,298,0.12,WorthPoint
nwa-martian-meteorite,.041 Grams 3x3x2mm Fragment Of NWA 1068 MARTIAN SHERGOTTITE METEORITE From Mars,7.5,2024-05-25,41,0.18,WorthPoint
nwa-martian-meteorite,Meteorite**NWA 14899; Martian Olivine Gabbroic Sherg.**2.562 Gram;GOLDEN MARTIAN,213.5,2024-05-13,2.562,83.33,WorthPoint
nwa-martian-meteorite,"Meteorite**NWA 13366, Martian Peridotitic Sherg.**3.023 Gram Gorgeous Endcut!!!",208.5,2024-05-13,3.023,68.97,WorthPoint
nwa-martian-meteorite,1.25 Gram - NWA 12241 Martian Shergottite Meteorite - 2018 Sahara Desert Find,239.2,2024-05-12,1.25,191.36,WorthPoint
nwa-martian-meteorite,.414 Grams 10x8x2mm NWA 12269 Martian Shergottite Meteorite From Mars With COA,54.99,2024-05-10,414,0.13,WorthPoint
nwa-martian-meteorite,NWA 15364 Achondrite Martian Nakhlite Meteorite - 15364-0020 - NEWLY OFFICIAL,14.95,2024-05-08,,,WorthPoint
nwa-martian-meteorite,Genuine Mars Rock NWA 6963 Martian Meteorite Noyes Collection 2019,15,2024-05-07,,,WorthPoint
nwa-martian-meteorite,"0.45 Gram NWA 12241 (Martian, Shergottite) Meteorite Frag/slice - Found In 2018",123,2024-05-06,0.45,273.33,WorthPoint
nwa-martian-meteorite,.534 Grams NWA 13227 Martian 11x6x3mm METEORITE Shergottite Mars - With COA,72,2024-05-05,534,0.13,WorthPoint
nwa-martian-meteorite,MARS MARTIAN METEORITE NWA 6963 2016 1 Oz Silver Coin Real Meteorite Niue Island,144.99,2024-05-02,28.35,5.11,WorthPoint
nwa-martian-meteorite,.190 Grams 8x5x3mm NWA 12269 Martian Shergottite Meteorite From Mars With COA,32.99,2024-04-30,190,0.17,WorthPoint
nwa-martian-meteorite,8.1g NWA 16459 Martian Poikilotic Shergottite End Piece- Beautiful Crystals!!!,688.5,2024-04-29,8.1,85,WorthPoint
nwa-martian-meteorite,"Meteorite**NWA 2737, Martian Chassignite**0.053 Gram Part-slice, EXTREMELY RARE!",299.99,2024-04-29,0.053,5660.19,WorthPoint
nwa-martian-meteorite,NWA 14714 Martian 1.81g SALE! Shergottite Slice From Planet Mars,160.5,2024-04-27,1.81,88.67,WorthPoint
nwa-martian-meteorite,.472 Grams 10x9x3mm - NWA 14607 Martian Shergottite Meteorite From Mars With COA,79.99,2024-04-27,472,0.17,WorthPoint
nwa-martian-meteorite,.281 Grams 13x7x2mm NWA 13187 Martian Shergottite Meteorite Fragment Mars + COA,40.99,2024-04-26,281,0.15,WorthPoint
nwa-martian-meteorite,.135 Grams NWA 1110 Martian Shergottite Meteorite From Mars Fragments With A COA,35.99,2024-04-25,135,0.27,WorthPoint
nwa-martian-meteorite,NWA 16136 Martian Meteorite Slice,3125,2024-04-24,,,WorthPoint
nwa-martian-meteorite,NWA 13187 Martian Meteorite Slice,1500,2024-04-24,,,WorthPoint
nwa-martian-meteorite,.539 Grams 13x9x2mm NWA 13187 Martian Shergottite Meteorite Fragment- Mars +COA,59.99,2024-04-21,539,0.11,WorthPoint
nwa-martian-meteorite,NWA 11288 Meteorite Slice,159,2024-04-11,,,WorthPoint
nwa-martian-meteorite,.385 Grams 10x6x3mm - NWA 14607 Martian Shergottite Meteorite From Mars With COA,89.99,2024-04-10,385,0.23,WorthPoint
nwa-martian-meteorite,NWA 12269 Meteorite. Mars Shergottite. .27 Grams. Part Slice.,39,2024-04-10,27,1.44,WorthPoint
nwa-martian-meteorite,"Meteorite**NWA 13366, Martian Peridotitic Sherg.**0.288 Gram Gorgeous Fragment!!",16.5,2024-04-08,0.288,57.29,WorthPoint
nwa-martian-meteorite,6.2g NWA 16459 Martian Poikilotic Shergottite End Piece- Beautiful Crystals!!!,527,2024-04-06,6.2,85,WorthPoint
nwa-martian-meteorite,*Martian Chassignite* Ultra Rare Meteorite NWA 2737 Slice -0.685 Grams-,2999,2024-04-05,0.685,4378.1,WorthPoint
nwa-martian-meteorite,.871 Grams NWA 13227 Martian 12x10x3mm METEORITE Shergottite Mars - With COA,135,2024-04-03,871,0.15,WorthPoint
nwa-martian-meteorite,.184 Grams 7x5x4mm Fragment Of NWA 1068 MARTIAN SHERGOTTITE METEORITE From Mars,34.99,2024-04-02,184,0.19,WorthPoint
nwa-martian-meteorite,.058 Grams 5mm NWA 13237 Martian METEORITE Shergottite Mars - TKW 36.5 Grams,14.99,2024-04-01,58,0.26,WorthPoint
nwa-martian-meteorite,.036 Grams 4x3x1mm Slice Fragment NWA 7397 MARTIAN SHERGOTTITE Mars Meteorite,19.99,2024-04-01,36,0.56,WorthPoint
nwa-martian-meteorite,.064 Grams Fragments NWA 13237 Martian METEORITE Shergottite Mars TKW 36.5 Grams,14.99,2024-03-30,64,0.23,WorthPoint
nwa-martian-meteorite,NWA 12594 MARTIAN Shegottite Meteorite ~ 0.011 Grams Fragments ~ Planet Mars,14,2024-03-29,0.011,1272.73,WorthPoint
nwa-martian-meteorite,.397 Grams 11x10x2mm NWA 13187 Martian Shergottite Meteorite Fragment- Mars +COA,46.99,2024-03-29,397,0.12,WorthPoint
nwa-martian-meteorite,.036 Grams Fragments NWA 4878 Martian Shergottite Meteorite Fragment From Mars,8.99,2024-03-28,36,0.25,WorthPoint
nwa-martian-meteorite,.049 Grams Fragments NWA 7397 MARTIAN SHERGOTTITE Mars Meteorite With COA,14.99,2024-03-28,49,0.31,WorthPoint
nwa-martian-meteorite,Meteorite**NWA 14899; Martian Olivine Gabbroic Sherg.**1.420 Gram;GOLDEN MARTIAN,349.99,2024-03-28,1.42,246.47,WorthPoint
nwa-martian-meteorite,MOON & MARS METEORITE ROCK DISPLAYS- 2 DELUXE EDITIONS +EASELS+CERTIFICATES Ee,35.95,2024-03-27,,,WorthPoint
nwa-martian-meteorite,Meteorite**NWA 14899; Martian Olivine Gabbroic Sherg.**0.470 Gram;GOLDEN MARTIAN,62,2024-03-25,0.47,131.91,WorthPoint
nwa-martian-meteorite,"The King Of Martians, NWA 10961 LherzoliticShergottite, 8.42g Full Slice",429,2024-03-25,8.42,50.95,WorthPoint
nwa-martian-meteorite,Crusted .061 Grams 4mm NWA 12594 Martian Shergottite Meteorite From Mars,29.99,2024-03-24,61,0.49,WorthPoint
nwa-martian-meteorite,.101 Grams NWA 6963 Martian Shergottite Meteorite Fragments From Mars + COA,7.99,2024-03-24,101,0.08,WorthPoint
nwa-martian-meteorite,Rare! Shocked With Vesicules! Nwa 11288 Martian Shergottite Meteorite! .214 Gms,71.25,2024-03-22,214,0.33,WorthPoint
nwa-martian-meteorite,"NWA 12241 Martian Shergottite Gabbroic, Found In Algeria 2018, 0.56 Grams",65,2024-03-21,0.56,116.07,WorthPoint
nwa-martian-meteorite,1.07 Grams 15x14x2mm NWA 13187 Martian Shergottite Meteorite Fragment Mars + COA,89.99,2024-03-20,1.07,84.1,WorthPoint
nwa-martian-meteorite,Meteorite**NWA 14899; Martian Olivine Gabbroic Sherg.**0.844 Gram;GOLDEN MARTIAN,76,2024-03-18,0.844,90.05,WorthPoint
nwa-martian-meteorite,.129 Grams 6x4x2mm NWA 13237 Martian METEORITE Shergottite Mars - TKW 36.5 Grams,20.99,2024-03-18,129,0.16,WorthPoint
nwa-martian-meteorite,Ultra Rare NWA 2737 Chassignite MARTIAN METEORITE 2 Mg Hupe Collection,139.11,2024-03-14,,,WorthPoint
nwa-martian-meteorite,.136 Grams 10x4x2mm NWA 13187 Martian Shergottite Meteorite Fragment Mars + COA,19.99,2024-03-12,136,0.15,WorthPoint
nwa-martian-meteorite,"MARTIAN Basaltic Shergottite - Meteorite NWA 14714, 1.67g Slice. Piece Of MARS!",195,2024-03-08,1.67,116.77,WorthPoint
nwa-martian-meteorite,3 MARS ROCK DISPLAY -37mg MARTIAN METEORITE -MUSEUM EDITION -Jumbo Display+Easel,37.95,2024-03-06,,,WorthPoint
nwa-martian-meteorite,.272 Grams NWA 12564 Martian Shergottite Meteorite Fragments From Mars With COA,9.99,2024-03-06,272,0.04,WorthPoint
nwa-martian-meteorite,NWA 2737 Achondrite Martian Chassignite Meteorite - 2737-0019 - Micro - 1 Of 3,39.95,2024-03-05,,,WorthPoint
nwa-martian-meteorite,"Meteorite**NWA 11228, NWA 14899, Touat 008** Martian & Lunar!! For Tim",184,2024-03-04,,,WorthPoint
nwa-martian-meteorite,Meteorite**NWA 14899; Martian Olivine Gabbroic Sherg.**1.158 Gram;GOLDEN MARTIAN,102.5,2024-03-04,1.158,88.51,WorthPoint
nwa-martian-meteorite,NWA 998 MARTIAN Nakhlite Meteorite Mars VERY RARE SNC Planet Space IMCA,7.5,2024-03-03,,,WorthPoint
nwa-martian-meteorite,.141 Grams 12x4x2mm NWA 13187 Martian Shergottite Meteorite Fragment Mars + COA,19.99,2024-03-02,141,0.14,WorthPoint
nwa-martian-meteorite,.191 Grams NWA 13227 Martian Fragments METEORITE Shergottite Mars - With COA,14.99,2024-03-02,191,0.08,WorthPoint
nwa-martian-meteorite,NWA 14714 Martian 0.78g SALE! Shergottite Slice From Planet Mars,111,2024-03-01,0.78,142.31,WorthPoint
nwa-martian-meteorite,.458 Grams 16x9x2mm NWA 13187 Martian Shergottite Meteorite Fragment Mars + COA,39.99,2024-02-29,458,0.09,WorthPoint
nwa-martian-meteorite,.289 Grams Fragments NWA 1110 Martian Shergottite Meteorite From Mars COA,12.99,2024-02-29,289,0.04,WorthPoint
nwa-martian-meteorite,.163 Grams All The Fragments Of NWA 1068 MARTIAN SHERGOTTITE METEORITE From Mars,12.5,2024-02-26,163,0.08,WorthPoint
nwa-martian-meteorite,Martian Meteorite; Nwa 12269,44,2024-02-26,,,WorthPoint
nwa-martian-meteorite,"Meteorite**Bir Moghrein 002, Nakhlite Martian**2.269 Grams, Extremely Rare!!!",331,2024-02-26,2.269,145.88,WorthPoint
nwa-martian-meteorite,"Meteorite**NWA 2737, Martian Chassignite**0.028 Gram Part-slice, EXTREMELY RARE!",223.5,2024-02-26,0.028,7982.14,WorthPoint
nwa-martian-meteorite,NWA 11431 Martian Shergottite Meteorite - 0.63g Part Slice With Crust,31,2024-02-24,0.63,49.21,WorthPoint
nwa-martian-meteorite,Authentic Mars Rock Nakhilite Martian Meteorite NWA 998 With Red Planet,14.99,2024-02-23,,,WorthPoint
nwa-martian-meteorite,.069 Gram 6x5x1mm Slice NWA 7397 MARTIAN SHERGOTTITE Mars Meteorite With A COA,37.99,2024-02-22,69,0.55,WorthPoint
nwa-martian-meteorite,"GOLDEN MARTIAN! Meteorite NWA 14899, Olivine Gabbroic Shergottite, 2.25g Slice",420,2024-02-21,2.25,186.67,WorthPoint
nwa-martian-meteorite,Museum Quality! Magnificent Nwa 12241 Martian Shergottite Meteorite! 16.4 Gms,1229.25,2024-02-21,16.4,74.95,WorthPoint
nwa-martian-meteorite,Mars Meteorite Nwa 12269 + Lunar Meteorite Nwa 10901 + 3 Other Meteorites,28,2024-02-20,,,WorthPoint
nwa-martian-meteorite,Meteorite**NWA 14899; Martian Olivine Gabbroic Sherg.**1.394 Gram;GOLDEN MARTIAN,121.5,2024-02-19,1.394,87.16,WorthPoint
nwa-martian-meteorite,Meteorite Chondrite Unclassified *117 Grams* !Dark Fusion Crust!,46,2024-02-19,117,0.39,WorthPoint
nwa-martian-meteorite,.093 Grams 5mm NWA 1110 Martian Shergottite Meteorite From Mars Fragment W/COA,28.99,2024-02-18,93,0.31,WorthPoint
nwa-martian-meteorite,NWA 15364 Achondrite Martian Nakhlite Meteorite - 15364-0018 - NEWLY OFFICIAL,19.95,2024-02-18,,,WorthPoint
nwa-martian-meteorite,"Mars Meteorite, +nwa 8559 Howardite + Al Haggounia Meteorite +snowflake Bead",16.5,2024-02-16,,,WorthPoint
nwa-martian-meteorite,"Meteorite**NWA 2737, Martian Chassignite**0.054 Gram Part-slice, EXTREMELY RARE!",199.99,2024-02-15,0.054,3703.52,WorthPoint
nwa-martian-meteorite,Genuine Mars Rock NWA 6963 Martian Meteorite,12,2024-02-03,,,WorthPoint
nwa-martian-meteorite,"This Is A Group Auction For Ebay User "" Steinchensammler """,540,2024-02-01,,,WorthPoint
nwa-martian-meteorite,"NWA 12241 Mars Meteorite, Shergottite, Mars Meteorite, 1.77 Grams, Astronomy",140,2024-01-31,1.77,79.1,WorthPoint
nwa-martian-meteorite,.081 Grams 7x5x2mm Slice Fragment NWA 7397 MARTIAN SHERGOTTITE Mars Meteorite,47,2024-01-27,81,0.58,WorthPoint
nwa-martian-meteorite,Meteorite**NWA 14899;Martian Olivine Gabbroic Sherg.**15.356 Gram;GOLDEN MARTIAN,1799.99,2024-01-25,15.356,117.22,WorthPoint
nwa-martian-meteorite,.366 Grams NWA 6693 Meteorite Fragment ( Achondrite-ung ) With A COA,12.5,2024-01-24,366,0.03,WorthPoint
nwa-martian-meteorite,Great Deal! Amazing Nwa 16127 Martian Shergottite Meteorite Individual! 1.243 Gm,186.75,2024-01-23,1.243,150.24,WorthPoint
nwa-martian-meteorite,.028 Grams 6x3x1mm Slice Fragment NWA 7397 MARTIAN SHERGOTTITE Mars Meteorite,16.99,2024-01-22,28,0.61,WorthPoint
nwa-martian-meteorite,Meteorite**NWA 14899; Martian Olivine Gabbroic Sherg.**0.867 Gram;GOLDEN MARTIAN,65,2024-01-18,0.867,74.97,WorthPoint
nwa-martian-meteorite,"Meteorite**NWA 13031, Martian Shergottite**1.887 Gram Slice, VERY UNIQUE!!",189,2024-01-18,1.887,100.16,WorthPoint
nwa-martian-meteorite,Meteorite**NWA 14899 And NWA 15910**5.558 Grams & 9.766 Grams Lunar/Martian Lot,1400,2024-01-13,5.558,251.89,WorthPoint
nwa-martian-meteorite,"NWA 15200 (0.577g) Meteorite NEW MARTIAN NAKHLITE, Small Patch Of Fresh Crust",399,2024-01-13,0.577,691.51,WorthPoint
nwa-martian-meteorite,Meteorite NWA 1068 Achondrite Martian Shergottite - 1068-0011 - 0.23g - RARE,229.95,2024-01-13,0.23,999.78,WorthPoint
nwa-martian-meteorite,NWA 15364 Achondrite Martian Nakhlite Meteorite - 15364-0010 - NEWLY OFFICIAL,714.95,2024-01-13,,,WorthPoint
nwa-martian-meteorite,.269 Grams NWA 1110 Martian Shergottite Meteorite From Mars Fragments With A COA,47.99,2024-01-13,269,0.18,WorthPoint
nwa-martian-meteorite,.272 Grams 8x8x2mm - NWA 12564 Martian Shergottite Meteorite From Mars With COA,39.99,2024-01-13,272,0.15,WorthPoint
nwa-martian-meteorite,.639 Grams 14x12x2mm NWA 13187 Martian Shergottite Meteorite Fragment- Mars +COA,79.99,2024-01-13,639,0.13,WorthPoint
nwa-martian-meteorite,.470 Grams 12x7x2mm - NWA 12564 Martian Shergottite Meteorite From Mars With COA,74.99,2024-01-13,470,0.16,WorthPoint
nwa-martian-meteorite,.051 Grams 4mm NWA 12594 Martian Shergottite Meteorite From Mars Fragment,17.99,2024-01-02,51,0.35,WorthPoint
nwa-martian-meteorite,NWA 8159 (0.063 Grams) Meteorite MARTIAN AUGITE BASALT! Great Under Microscope,440,2024-01-02,0.063,6984.13,WorthPoint
nwa-martian-meteorite,NWA 15910 Martian Meteorite Thin Section,60,2023-12-29,,,WorthPoint
nwa-martian-meteorite,.246 Grams 9x7x2mm NWA 13187 Martian Shergottite Meteorite Fragment- Mars +COA,29.99,2023-12-27,246,0.12,WorthPoint
nwa-martian-meteorite,2017 Solar System Mars Antique Finish With Meteorite NWA 7397 Niue 1oz Silver,109.95,2023-12-27,28.35,3.88,WorthPoint
nwa-martian-meteorite,"Meteorite**NWA 13031, Martian Shergottite**0.912 Gram Slice, VERY UNIQUE!! Last!",58,2023-12-25,0.912,63.6,WorthPoint
nwa-martian-meteorite,Meteorite**NWA 14899; Martian Olivine Gabbroic Sherg.**2.061 Gram;GOLDEN MARTIAN,157.5,2023-12-25,2.061,76.42,WorthPoint
nwa-martian-meteorite,"Rare Nwa 11220 Martian Black Beauty Meteorite Part Slice In Display Box, Xl!!!!!",269,2023-12-21,,,WorthPoint
nwa-martian-meteorite,0.75 Gram - NWA 12241 Martian Meteorite (shergottite) SMALL FRAGMENT,90,2023-12-21,0.75,120,WorthPoint
nwa-martian-meteorite,Meteorite**NWA 14899; Martian Olivine Gabbroic Sherg.**0.814 Gram;GOLDEN MARTIAN,102.5,2023-12-18,0.814,125.92,WorthPoint
nwa-martian-meteorite,0.58 Grams - NWA 12241 Martian - Meteorite (shergottite) - Specimen,69.6,2023-12-18,0.58,120,WorthPoint
nwa-martian-meteorite,1.16 Grams 28x12x2mm NWA 13187 Martian Shergottite Meteorite Mars Slice With COA,165,2023-12-13,1.16,142.24,WorthPoint
nwa-martian-meteorite,Amgala 001 Rare Martian Shergottite Polished Slice Mars Meteorite 3.13 Grams,205.95,2023-12-13,3.13,65.8,WorthPoint
nwa-martian-meteorite,"NWA 12269 Martian Meteorite, 0.78 Grams",36,2023-12-13,0.78,46.15,WorthPoint
nwa-martian-meteorite,"NWA 12594 Martian Meteorite, 0.56 Grams",16.5,2023-12-13,0.56,29.46,WorthPoint
nwa-martian-meteorite,Meteorite**NWA 14899; Martian Olivine Gabbroic Sherg.**1.777 Gram;GOLDEN MARTIAN,127.5,2023-12-11,1.777,71.75,WorthPoint
nwa-martian-meteorite,"Meteorite**NWA 10961, Martian Shergottite**1.195 Gram, THE KING OF MARTIANS!",89.75,2023-12-11,1.195,75.1,WorthPoint
nwa-martian-meteorite,1.12 Grams - NWA 12241 Martian - Meteorite (shergottite) Specimen,120,2023-12-09,1.12,107.14,WorthPoint
nwa-martian-meteorite,MARTIAN SHERGOTTITE - NWA 12269 MARS METEORITE - Found In Northwest Africa 2018,18,2023-12-07,,,WorthPoint
nwa-martian-meteorite,2016 Mars Martian Meteorite NWA 6963 1 Oz Silver Coin,199.99,2023-12-05,28.35,7.05,WorthPoint
nwa-martian-meteorite,Meteorite**NWA 14899; Martian Olivine Gabbroic Sherg.**1.272 Gram;GOLDEN MARTIAN,92,2023-12-04,1.272,72.33,WorthPoint
nwa-martian-meteorite,7.0 Gram - NWA 12241 Martian Meteorite (shergottite) END CUT With CRUST,960,2023-11-30,7,137.14,WorthPoint
nwa-martian-meteorite,Meteorite**NWA 14899; Martian Olivine Gabbroic Sherg.**1.013 Gram;GOLDEN MARTIAN,167,2023-11-27,1.013,164.86,WorthPoint
nwa-martian-meteorite,.050 Grams 4x2x2mm Fragment Of NWA 1068 MARTIAN SHERGOTTITE METEORITE From Mars,10.99,2023-11-27,50,0.22,WorthPoint
nwa-martian-meteorite,".75"" Polished Martian Meteorite Slice - NWA 14714",141.6,2023-11-26,,,WorthPoint
nwa-martian-meteorite,.078 Grams 4x3x3mm Fragment Of NWA 1068 MARTIAN SHERGOTTITE METEORITE From Mars,12.99,2023-11-26,78,0.17,WorthPoint
nwa-martian-meteorite,.020 Grams 3x2x2mm NWA 4878 Martian Shergottite Meteorite Fragment From Mars COA,7.99,2023-11-21,20,0.4,WorthPoint
nwa-martian-meteorite,.021 Grams 2x2x2mm NWA 4878 Martian Shergottite Meteorite Fragment From Mars COA,7.99,2023-11-21,21,0.38,WorthPoint
nwa-martian-meteorite,Meteorite**NWA 14899; Martian Olivine Gabbroic Sherg.**2.252 Gram;GOLDEN MARTIAN,165,2023-11-20,2.252,73.27,WorthPoint
nwa-martian-meteorite,"Meteorite**NWA 13276, Martian Poikilitic Sherg.**1.510 Gram Gorgeous Endcut!!!",153.25,2023-11-20,1.51,101.49,WorthPoint
nwa-martian-meteorite,"Meteorite**NWA 15910, Martian Sherg.**1.735 Grams,Evolved Pyroxene-phyric Basalt",183.5,2023-11-13,1.735,105.76,WorthPoint
nwa-martian-meteorite,"Meteorite**NWA 10961, Martian Shergottite**0.329 Gram, THE KING OF MARTIANS!",29.5,2023-11-13,0.329,89.67,WorthPoint
nwa-martian-meteorite,Martian Nakhlite - .75g Identified By Top Martian Expert Dr. Tony Irving/U Wash,112,2023-11-13,75,1.49,WorthPoint
nwa-martian-meteorite,NWA Martian Meteorite,25000,2023-11-10,,,WorthPoint
nwa-martian-meteorite,NWA 13227 Martian Meteorite Slice,6250,2023-11-10,,,WorthPoint
nwa-martian-meteorite,NWA 12564 Martian Meteorite End Cut,1875,2023-11-10,,,WorthPoint
nwa-martian-meteorite,"Meteorite**NWA 2737, MARTIAN CHASSIGINITE**0.409 Grams Slice, Extremely Rare!!!!",1799.99,2023-11-07,0.409,4400.95,WorthPoint
nwa-martian-meteorite,Meteorite**NWA 14899; Martian Olivine Gabbroic Sherg.**1.707 Gram;GOLDEN MARTIAN,156,2023-11-06,1.707,91.39,WorthPoint
nwa-martian-meteorite,1.58 Gram - NWA 12241 Martian Meteorite (shergottite) Slice - 2018 Find,237,2023-11-05,1.58,150,WorthPoint
nwa-martian-meteorite,.056 Grams 5mm NWA 12594 Martian Shergottite Meteorite From Mars Fragment,17.99,2023-11-05,56,0.32,WorthPoint
nwa-martian-meteorite,NWA 8159 RARE Martian Meteorite ~ Augite Basalt ~ Unique ~ 1 Of 1 Known ~ 0.051,405,2023-11-04,,,WorthPoint
nwa-martian-meteorite,NWA 15364 Meteorite Martian Nakhlite 2.750 Gram Crusted Fragment - Great Crust!,3100,2023-11-04,2.75,1127.27,WorthPoint
nwa-martian-meteorite,Martian Nakhlite - 1.0g Identified By Top Martian Expert Dr. Tony Irving/U Wash,150,2023-11-02,1,150,WorthPoint
nwa-martian-meteorite,.047 Grams Micros NWA 13187 Martian Shergottite Meteorite Fragment- Mars +COA,7.99,2023-10-30,47,0.17,WorthPoint
nwa-martian-meteorite,Micros NWA 6963 Martian METEORITE Shergottite Mars - With A COA,7.99,2023-10-30,,,WorthPoint
nwa-martian-meteorite,.514 Grams 12x9x2mm NWA 13187 Martian Shergottite Meteorite Fragment- Mars +COA,55.99,2023-10-30,514,0.11,WorthPoint
nwa-martian-meteorite,.091 Grams 5x3x3mm Fragment Of NWA 1068 MARTIAN SHERGOTTITE METEORITE From Mars,13.99,2023-10-30,91,0.15,WorthPoint
nwa-martian-meteorite,"Meteorite**NWA 13031, Martian Shergottite**0.635 Gram Endcut, VERY UNIQUE!!!!",51,2023-10-30,0.635,80.31,WorthPoint
nwa-martian-meteorite,Meteorite**NWA 14899; Martian Olivine Gabbroic Sherg.**0.405 Gram;GOLDEN MARTIAN,59,2023-10-30,0.405,145.68,WorthPoint
nwa-martian-meteorite,"Meteorite** NWA 14714 Martian Shergottite**0.426 Gram Frag. Slice, PLANET MARS!!",40,2023-10-30,0.426,93.9,WorthPoint
nwa-martian-meteorite,"Meteorite**NWA 10961, Martian Shergottite**3.688 Gram, THE KING OF MARTIANS!!",699.99,2023-10-28,3.688,189.8,WorthPoint
nwa-martian-meteorite,.049 Grams 4x3x2mm Fragment Of NWA 1068 MARTIAN SHERGOTTITE METEORITE From Mars,8.99,2023-10-27,49,0.18,WorthPoint
nwa-martian-meteorite,.120 Grams 7x4x2mm - NWA 14607 Martian Shergottite Meteorite From Mars With COA,12.5,2023-10-27,120,0.1,WorthPoint
nwa-martian-meteorite,MARTIAN NAKHLITE - NWA 15364 MARS METEORITE - Found In Algeria 2022,14,2023-10-24,,,WorthPoint
nwa-martian-meteorite,.463 Grams 15x18x2mm NWA 13187 Martian Shergottite Meteorite Fragment Mars + COA,69.99,2023-10-21,463,0.15,WorthPoint
nwa-martian-meteorite,.801 Grams NWA 6693 Meteorite Fragment ( Achondrite-ung ) With COA,13.5,2023-10-19,801,0.02,WorthPoint
nwa-martian-meteorite,NWA 2737 Meteorite ~ Martian Chassignite Fragment ~ 0.007 Grams ~ RARE!,49,2023-10-17,,,WorthPoint
nwa-martian-meteorite,Meteorite**NWA 14899; Martian Olivine Gabbroic Sherg.**1.961 Gram;GOLDEN MARTIAN,172.5,2023-10-16,1.961,87.97,WorthPoint
nwa-martian-meteorite,.010 Grams NWA 998 Martian Meteorite ( Nakhlite ) Greg Hupe Dealer Card + My COA,16.5,2023-10-15,10,1.65,WorthPoint
nwa-martian-meteorite,Meteorite::NWA 13187:: Weight 1.087 Grams:: Beautiful Martian Part Slice!!!!,75,2023-10-15,1.087,69,WorthPoint
nwa-martian-meteorite,"Meteorite**NWA 15910, Martian Sherg.**6.173 Gram,Evolved Pyroxene-phyric Basalt",510,2023-10-09,6.173,82.62,WorthPoint
nwa-martian-meteorite,Meteorite**NWA 14899; Martian Olivine Gabbroic Sherg.**1.399 Gram;GOLDEN MARTIAN,105,2023-10-09,1.399,75.05,WorthPoint
nwa-martian-meteorite,NWA 15364 Achondrite Martian Nakhlite Meteorite - 15364-0017 - NEWLY OFFICIAL,44.95,2023-10-02,,,WorthPoint
nwa-martian-meteorite,"MARS 5.66 Gr. Piece NWA 13134 MARS SHERGOTTITE METEORITE, 2013 RECOVERY TKW 15gr",1325,2023-10-02,5.66,234.1,WorthPoint
nwa-martian-meteorite,NWA 13187 Martian Meteorite Thin Section,100,2023-10-02,,,WorthPoint
nwa-martian-meteorite,Meteorite**NWA 14899; Martian Olivine Gabbroic Sherg.**2.008 Gram;GOLDEN MARTIAN,222.5,2023-10-02,2.008,110.81,WorthPoint
nwa-martian-meteorite,"Meteorite**NWA 10961, Martian Shergottite**3.523 Gram, THE KING OF MARTIANS!!",260,2023-10-02,3.523,73.8,WorthPoint
nwa-martian-meteorite,.366 Grams 11x9x2mm NWA 13187 Martian Shergottite Meteorite Fragment- Mars + COA,53.99,2023-10-01,366,0.15,WorthPoint
nwa-martian-meteorite,NWA 15364 Achondrite Martian Nakhlite Meteorite - 15364-0014 - NEWLY OFFICIAL,89.95,2023-09-30,,,WorthPoint
nwa-martian-meteorite,NWA 2737 Meteorite ~ 5 Martian Chassignite Fragments ~ 0.006 Grams ~ RARE!,55,2023-09-27,,,WorthPoint
nwa-martian-meteorite,"Meteorite**NWA 13031, Martian Shergottite**1.000 Gram Slice, VERY UNIQUE!!!!",249.99,2023-09-26,1,249.99,WorthPoint
nwa-martian-meteorite,0.1 Gram NWA 7397 Meteorite Slice - Shergottite Martian - Found 2012,74.99,2023-09-26,0.1,749.9,WorthPoint
nwa-martian-meteorite,"Meteorite**NWA 10961, Martian Shergottite**0.980 Gram Lot, THE KING OF MARTIANS!",89,2023-09-25,0.98,90.82,WorthPoint
nwa-martian-meteorite,Meteorite**NWA 14899; Martian Olivine Gabbroic Sherg.**0.545 Gram;GOLDEN MARTIAN,67,2023-09-25,0.545,122.94,WorthPoint
nwa-martian-meteorite,NWA 14714 Martian 0.84g SALE! Shergottite Slice From Planet Mars,99,2023-09-23,0.84,117.86,WorthPoint
nwa-martian-meteorite,Huge Lot Of Meteorites Lunar Martian Ataxite Iron Crusted Windowed Over 130!,2075,2023-09-22,,,WorthPoint
nwa-martian-meteorite,Meteorite:: NWA 14899:: Weight 0.558 Grams:: Golden Martian.Beautiful Part-slice,65,2023-09-21,0.558,116.49,WorthPoint
nwa-martian-meteorite,Meteorite::NWA 14899:: Weight 0.678 Grams:: Golden Martian. Beautiful,90,2023-09-18,0.678,132.74,WorthPoint
nwa-martian-meteorite,Meteorite:: NWA 14899:: Weight 1.008grams::Martian Olivine Gabbro::full Slice,160,2023-09-18,1.008,158.73,WorthPoint
nwa-martian-meteorite,"Meteorite**NWA 10961, 15910, 14899 Martian Shergottite**3.042 Grams, PLANET MARS",279,2023-09-18,3.042,91.72,WorthPoint
nwa-martian-meteorite,Meteorite**NWA 14899; Martian Olivine Gabbroic Sherg.**0.279 Gram;GOLDEN MARTIAN,36,2023-09-18,0.279,129.03,WorthPoint
nwa-martian-meteorite,"Meteorite**NWA 15910, Martian Sherg.**1.146 Grams,Evolved Pyroxene-phyric Basalt",91,2023-09-18,1.146,79.41,WorthPoint
nwa-martian-meteorite,NWA 15364 Achondrite Martian Nakhlite Meteorite - 15364-0016 - NEWLY OFFICIAL,39.95,2023-09-16,,,WorthPoint
nwa-martian-meteorite,"Meteorite::NWA 15910 Martian::weight 3.232grams::part-slice,evolved Pyroxene.",250,2023-09-16,3.232,77.35,WorthPoint
nwa-martian-meteorite,Martian Meteorite Section Of NWA 1195.,656.25,2023-09-14,,,WorthPoint
nwa-martian-meteorite,L6 Chondrite - Unclassified/Extremely Fresh 1.2g Identified By Dr. Tony Irving,5,2023-09-13,1.2,4.17,WorthPoint
nwa-martian-meteorite,"Meteorite**NWA 10961, Martian Shergottite**1.249 Gram, THE KING OF MARTIANS!!",202,2023-09-11,1.249,161.73,WorthPoint
nwa-martian-meteorite,Meteorite**NWA 14899; Martian Olivine Gabbroic Sherg.**1.120 Gram;GOLDEN MARTIAN,117.5,2023-09-11,1.12,104.91,WorthPoint
nwa-martian-meteorite,Meteorite**Gadamis 003 & NWA 14714**3.081 Gram Lot;Lunar Anorth. & Martian Sherg,257,2023-09-11,3.081,83.41,WorthPoint
nwa-martian-meteorite,NWA 15364 Achondrite Martian Nakhlite Meteorite - 15364-0015 - NEWLY OFFICIAL,59.95,2023-09-10,,,WorthPoint
nwa-martian-meteorite,Genuine Martian Meteorite Gift Box NWA 14269 - A Perfect Gift Idea! IMCA #3950,55,2023-09-01,,,WorthPoint
nwa-martian-meteorite,2 Grams 26x19x2mm NWA 13187 Martian Shergottite Meteorite Mars Slice With COA,269,2023-09-01,2,134.5,WorthPoint
nwa-martian-meteorite,1.20 Grams 17x14x2mm NWA 13187 Martian Shergottite Meteorite Mars Slice With COA,169,2023-09-01,1.2,140.83,WorthPoint
nwa-martian-meteorite,Museum Quality! Magnificent Nwa 13187 Martian Shergottite Meteorite! 19.9 Gms,2238.75,2023-08-31,19.9,112.5,WorthPoint
nwa-martian-meteorite,"Meteorite**NWA 13031, Martian Shergottite**1.473 Gram Slice, VERY UNIQUE!!!!",83.2,2023-08-28,1.473,56.48,WorthPoint
nwa-martian-meteorite,Meteorite**NWA 14899; Martian Olivine Gabbroic Sherg.**1.460 Gram;GOLDEN MARTIAN,113.5,2023-08-28,1.46,77.74,WorthPoint
nwa-martian-meteorite,"Meteorite**NWA 10961, Martian Shergottite**2.834 Gram, THE KING OF MARTIANS!!",157.5,2023-08-28,2.834,55.58,WorthPoint
nwa-martian-meteorite,".19 Grams Rare Individual Martian Shergottite Mars Meteorite ""Meharrize 001""",19.95,2023-08-25,19,1.05,WorthPoint
nwa-martian-meteorite,MARTIAN SHERGOTTITE - NWA 6963 MARS METEORITE W/COA - Found In Morocco 2011,17,2023-08-24,,,WorthPoint
nwa-martian-meteorite,"Meteorite**NWA 13031, Martian Shergottite**1.448 Gram Slice, VERY UNIQUE!!!!",299.99,2023-08-21,1.448,207.18,WorthPoint
nwa-martian-meteorite,"Meteorite**NWA 15910, Martian Sherg.**4.253 Grams,Evolved Pyroxene-phyric Basalt",224.5,2023-08-21,4.253,52.79,WorthPoint
nwa-martian-meteorite,Meteorite**NWA 14899; Martian Olivine Gabbroic Sherg.**1.622 Gram;GOLDEN MARTIAN,197.5,2023-08-21,1.622,121.76,WorthPoint
nwa-martian-meteorite,"RARE MARS ROCK, 0.832 Gr NWA 10153 MARS NAKHLITE METEORITE, 2014 MOROCCO, Paired",875,2023-08-19,0.832,1051.68,WorthPoint
nwa-martian-meteorite,".26 Grams Rare Individual Martian Shergottite Mars Meteorite ""Meharrize 001""",27.95,2023-08-19,26,1.08,WorthPoint
nwa-martian-meteorite,".43 Grams Rare Individual Martian Shergottite Mars Meteorite ""Meharrize 001""",43.95,2023-08-19,43,1.02,WorthPoint
nwa-martian-meteorite,Meteorite**NWA 14899; Martian Olivine Gabbroic Sherg.**1.145 Gram;GOLDEN MARTIAN,113.5,2023-08-14,1.145,99.13,WorthPoint
nwa-martian-meteorite,"Meteorite**NWA 13031, Martian Shergottite**0.600 Gram Slice, VERY UNIQUE!!!!",83.78,2023-08-14,0.6,139.63,WorthPoint
nwa-martian-meteorite,".49 Grams Rare Individual Martian Shergottite Mars Meteorite ""Meharrize 001""",49.95,2023-08-14,49,1.02,WorthPoint
nwa-martian-meteorite,.091 Grams 6x4x3mm NWA 6148 Martian (nakhlite) Meteorite Fragment With A COA,31,2023-08-13,91,0.34,WorthPoint
nwa-martian-meteorite,".27 Grams Rare Individual Martian Shergottite Mars Meteorite ""Meharrize 001""",27.95,2023-08-11,27,1.04,WorthPoint
nwa-martian-meteorite,2017 $1 Niue Solar System MARS Antiqued With Meteorite NWA 7397 1 Oz Silver Coin,249.95,2023-08-10,28.35,8.82,WorthPoint
nwa-martian-meteorite,1.37 Gram - NWA 12241 - Martian Meteorite (shergottite) Slice - 2018 Find,240.5,2023-08-09,1.37,175.55,WorthPoint
nwa-martian-meteorite,.346 Grams 12x8x2mm NWA 13187 Martian Shergottite Meteorite Fragment- Mars + COA,49.99,2023-08-07,346,0.14,WorthPoint
nwa-martian-meteorite,"Meteorite**NWA 13031, Martian Shergottite**0.703 Gram Slice, VERY UNIQUE!!!!",98.75,2023-08-07,0.703,140.47,WorthPoint
nwa-martian-meteorite,"Meteorite**NWA 15910, Martian Sherg.**8.038 Grams,Evolved Pyroxene-phyric Basalt",536,2023-08-07,8.038,66.68,WorthPoint
nwa-martian-meteorite,Meteorite**NWA 14899; Martian Olivine Gabbroic Sherg.**2.097 Gram;GOLDEN MARTIAN,461,2023-08-07,2.097,219.84,WorthPoint
nwa-martian-meteorite,.370 Grams 10x7x4mm Individual Martian Shergottite Meteorite COA MEHARRIZE 001,41.99,2023-08-06,370,0.11,WorthPoint
nwa-martian-meteorite,".280 Grams Rare Individual Martian Shergottite Mars Meteorite ""Meharrize 001""",29.95,2023-08-04,280,0.11,WorthPoint
nwa-martian-meteorite,".34 Grams Rare Individual Martian Shergottite Mars Meteorite ""Meharrize 001""",34.95,2023-08-02,34,1.03,WorthPoint
nwa-martian-meteorite,".31 Grams Rare Individual Martian Shergottite Mars Meteorite ""Meharrize 001""",31.95,2023-08-01,31,1.03,WorthPoint
nwa-martian-meteorite,"Meteorite**NWA 13031, Martian Shergottite**1.043 Gram Slice, VERY UNIQUE!!!!",124.49,2023-07-31,1.043,119.36,WorthPoint
nwa-martian-meteorite,Meteorite**NWA 14899; Martian Olivine Gabbroic Sherg.**1.143 Gram;GOLDEN MARTIAN,141.5,2023-07-31,1.143,123.8,WorthPoint
nwa-martian-meteorite,"NEW RARE!! NWA 10645 Nakhlite MARTIAN Meteorite, Fragment With Crust, 4.24 Grams",2999.99,2023-07-30,4.24,707.54,WorthPoint
nwa-martian-meteorite,NWA 2737 1.47g Martian Meteorite Slice With COA,1259,2023-07-29,1.47,856.46,WorthPoint
nwa-martian-meteorite,NWA 12269 Pendant,500,2023-07-27,,,WorthPoint
nwa-martian-meteorite,NWA 12269 Slice,450,2023-07-27,,,WorthPoint
nwa-martian-meteorite,NWA 6963 Achondrite Martian Shergottite Meteorite -Great Part Slice W Crust Mars,137.5,2023-07-25,,,WorthPoint
nwa-martian-meteorite,NWA 14714 Martian 0.69g Basaltic Shergottite Slice From Planet Mars,81,2023-07-22,0.69,117.39,WorthPoint
nwa-martian-meteorite,0.21 Grams - NWA 12241 Martian - Meteorite (shergottite) - Specimen,39,2023-07-20,0.21,185.71,WorthPoint
nwa-martian-meteorite,Meteorite**NWA 14899; Martian Olivine Gabbroic Sherg.**1.381 Gram;GOLDEN MARTIAN,154.5,2023-07-17,1.381,111.88,WorthPoint
nwa-martian-meteorite,"Meteorite**NWA 15910, Martian Sherg.**1.744 Gram,Evolved Pyroxene-phyric Basalt",133.5,2023-07-17,1.744,76.55,WorthPoint
nwa-martian-meteorite,5 MARTIAN Meteorites ONLY For Ebay User ---- Exo_08 ---,83.99,2023-07-17,,,WorthPoint
nwa-martian-meteorite,".260 Grams Rare Individual Martian Shergottite Mars Meteorite ""Meharrize 001""",26.95,2023-07-15,260,0.1,WorthPoint
nwa-martian-meteorite,0.31 Grams - NWA 12241 Martian - Meteorite (shergottite) - Specimen,45.5,2023-07-14,0.31,146.77,WorthPoint
nwa-martian-meteorite,Meteorite ::: NWA 14899 Martian (shergottite) ::: 0.411 Grams Slice! Planet Mars,75,2023-07-14,0.411,182.48,WorthPoint
nwa-martian-meteorite,".28 Grams Rare Individual Martian Shergottite Mars Meteorite ""Meharrize 001""",28.95,2023-07-10,28,1.03,WorthPoint
nwa-martian-meteorite,"Meteorite**NWA 15910, Martian Sherg.**1.756 Gram,Evolved Pyroxene-phyric Basalt",112.5,2023-07-10,1.756,64.07,WorthPoint
nwa-martian-meteorite,Meteorite**NWA 14899; Martian Olivine Gabbroic Sherg.**1.977 Gram;GOLDEN MARTIAN,277.98,2023-07-10,1.977,140.61,WorthPoint
nwa-martian-meteorite,.269 Grams 12x7x2mm NWA 13187 Martian Shergottite Meteorite Fragment Mars + COA,34.99,2023-07-09,269,0.13,WorthPoint
nwa-martian-meteorite,.020 Grams 5 Fragments Of NWA 1068 MARTIAN METEORITE From John Shea To Mark Lyon,12.99,2023-07-09,20,0.65,WorthPoint
nwa-martian-meteorite,.120 Grams 6x4x2mm NWA 1110 Martian Shergottite Meteorite From Mars With A COA,29.99,2023-07-08,120,0.25,WorthPoint
nwa-martian-meteorite,.367 Grams 8x7x4mm Rare Small Individual Martian Shergottite Mars Meteorite COA,36.99,2023-07-06,367,0.1,WorthPoint
nwa-martian-meteorite,.305 Grams 7x7x4mm Rare Small Individual Martian Shergottite Mars Meteorite COA,30.99,2023-07-05,305,0.1,WorthPoint
nwa-martian-meteorite,NWA 12269 Achondrite Martian Shergottite Meteorite - Part Slice,199.99,2023-07-05,,,WorthPoint
nwa-martian-meteorite,Mars Meteorite Nwa 12269 + Nwa 7020 Carbonaceous (cr2) + Unclassified Meteorite,24,2023-07-04,,,WorthPoint
nwa-martian-meteorite,"Meteorite**NWA 2737, MARTIAN CHASSIGINITE**0.049 Gram Fragment, Extremely Rare!!",139.36,2023-07-03,0.049,2844.08,WorthPoint
nwa-martian-meteorite,1.55 Gram - NWA 12241 - Martian Meteorite (shergottite) Slice - 2018 Find,256.75,2023-06-29,1.55,165.65,WorthPoint
nwa-martian-meteorite,.337 Grams 8x6x5mm Rare Small Individual Martian Shergottite Mars Meteorite COA,33.99,2023-06-29,337,0.1,WorthPoint
nwa-martian-meteorite,"Meteorite**NWA 2737, MARTIAN CHASSIGINITE**0.074 Gram Fragment, Extremely Rare!!",299.99,2023-06-26,0.074,4053.92,WorthPoint
nwa-martian-meteorite,.569 Grams 9x7x6mm MEHARRIZE 001 Individual Martian Shergottite Mars Meteorite,68.99,2023-06-25,569,0.12,WorthPoint
nwa-martian-meteorite,.282 Grams 9x6x3mm Rare Small Individual Martian Shergottite Mars Meteorite COA,28.99,2023-06-25,282,0.1,WorthPoint
nwa-martian-meteorite,.090 Grams 6x3x2mm - NWA 12564 Martian Shergottite Meteorite From Mars With COA,11.99,2023-06-24,90,0.13,WorthPoint
nwa-martian-meteorite,0.96 Grams - NWA 12241 Martian - Meteorite (shergottite) - Specimen,117,2023-06-22,0.96,121.88,WorthPoint
nwa-martian-meteorite,Meteorite: Martian Shergottite NWA13276 Whole Individual 0.542 Grams #531,135.5,2023-06-22,0.542,250,WorthPoint
nwa-martian-meteorite,L6 Chondrite - Unclassified/Extremely Fresh - 31g Identified By Dr. Tony Irving,59,2023-06-21,31,1.9,WorthPoint
nwa-martian-meteorite,.306 Grams 11x7x3mm Rare Small Individual Martian Shergottite Mars Meteorite COA,30.99,2023-06-19,306,0.1,WorthPoint
nwa-martian-meteorite,.250 Grams 8x6x4mm Rare Small Individual Martian Shergottite Mars Meteorite COA,24.99,2023-06-19,250,0.1,WorthPoint
nwa-martian-meteorite,.401 Grams 10x8x2mm NWA 13187 Martian Shergottite Meteorite Fragment- Mars + COA,43.99,2023-06-19,401,0.11,WorthPoint
nwa-martian-meteorite,"Meteorite**NWA 13031, Martian Sherg.**1.229 Gram, Aphyric, Pigeonite-rich! Rare!",125.49,2023-06-19,1.229,102.11,WorthPoint
nwa-martian-meteorite,.189 Grams 7x5x3mm MEHARRIZE 001 Rare Individual Martian Shergottite Meteorite,23.99,2023-06-19,189,0.13,WorthPoint
nwa-martian-meteorite,"Meteorite**NWA 15910, Martian Sherg.**1.897 Gram,Evolved Pyroxene-phyric Basalt",152.57,2023-06-19,1.897,80.43,WorthPoint
nwa-martian-meteorite,NWA 2737 Achondrite Martian Chassignite Meteorite - 2737-0026 - Micro - 1 Of 3,520,2023-06-18,,,WorthPoint
nwa-martian-meteorite,Sample #5 - Fragments NWA 6963 Martian Shergottite Meteorite From Mars With COA,7.99,2023-06-17,,,WorthPoint
nwa-martian-meteorite,.146 Grams 7x4x2mm Individual Martian Shergottite Mars Meteorite MEHARRIZE 001,20.99,2023-06-16,146,0.14,WorthPoint
nwa-martian-meteorite,.100 Grams 5x4x3mm Rare MEHARRIZE 001 Individual Martian Shergottite Meteorite,13.99,2023-06-16,100,0.14,WorthPoint
nwa-martian-meteorite,.156 Grams 6x6x3mm Rare Individual Martian Shergottite MEHARRIZE 001 Meteorite,20.99,2023-06-14,156,0.13,WorthPoint
nwa-martian-meteorite,.228 Grams 8x5x4mm Rare Small Individual Martian MEHARRIZE 001 Mars Meteorite,25.49,2023-06-14,228,0.11,WorthPoint
nwa-martian-meteorite,Mars Rock (Martian Meteorite) NWA 6963,30,2023-06-13,,,WorthPoint
nwa-martian-meteorite,.353 Grams 9x9x2mm NWA 13187 Martian Shergottite Meteorite Fragment- Mars + COA,39.99,2023-06-13,353,0.11,WorthPoint
nwa-martian-meteorite,.038 Grams 5x3x1mm Slice Fragment NWA 7397 MARTIAN SHERGOTTITE Mars Meteorite,21.99,2023-06-12,38,0.58,WorthPoint
nwa-martian-meteorite,.301 Grams 11x7x3mm NWA 12269 Martian Shergottite Meteorite From Mars With COA,59.99,2023-06-12,301,0.2,WorthPoint
nwa-martian-meteorite,"Meteorite**NWA 15910, Martian Sherg.**0.623 Gram,Evolved Pyroxene-phyric Basalt",78.75,2023-06-12,0.623,126.4,WorthPoint
nwa-martian-meteorite,"Meteorite**NWA 13031, Martian Shergottite**0.288 Gram Part-slice, VERY UNIQUE!!!",37,2023-06-12,0.288,128.47,WorthPoint
nwa-martian-meteorite,"Meteorite**NWA 15910, Martian Sherg.**2.320 Gram,Evolved Pyroxene-phyric Basalt",122.5,2023-06-12,2.32,52.8,WorthPoint
nwa-martian-meteorite,"Meteorite**Bir Moghrein 002, Martian Nakhlite**1.270 Grams, New Rare Martian!!!!",245.83,2023-06-12,1.27,193.57,WorthPoint
nwa-martian-meteorite,"Meteorite**NWA 13187, Martian Shergottite(diabasic)**2.672 Grams, PLANET MARS!!",127.5,2023-06-12,2.672,47.72,WorthPoint
nwa-martian-meteorite,.053 Grams NWA 13187 Martian Shergottite Meteorite Fragments - Mars + COA,8.99,2023-06-11,53,0.17,WorthPoint
nwa-martian-meteorite,.439 Grams 8x7x5mm Rare Small Individual Martian Shergottite Mars Meteorite COA,51,2023-06-05,439,0.12,WorthPoint
nwa-martian-meteorite,.306 Grams 10x6x3mm Rare Small Individual Martian Shergottite Mars Meteorite COA,30.99,2023-06-05,306,0.1,WorthPoint
nwa-martian-meteorite,.346 Grams 9x6x5mm Rare Small Individual Martian Shergottite Mars Meteorite COA,34.99,2023-06-05,346,0.1,WorthPoint
nwa-martian-meteorite,.380 Grams 9x6x5mm Rare Small Individual Martian Shergottite Mars Meteorite COA,37.99,2023-06-02,380,0.1,WorthPoint
nwa-martian-meteorite,"Meteorite**NWA 13366, Martian Peridotitic Sherg.**1.272 Gram Gorgeous Slice!!!",399.99,2023-06-02,1.272,314.46,WorthPoint
nwa-martian-meteorite,NWA 12269 Martian Meteorite Pendant,625,2023-06-01,,,WorthPoint
nwa-martian-meteorite,.384 Grams 12x6x3mm Rare Small Individual Martian Shergottite Mars Meteorite COA,49.99,2023-06-01,384,0.13,WorthPoint
nwa-martian-meteorite,.055 Gram 7x4x1mm Slice NWA 7397 MARTIAN SHERGOTTITE Mars Meteorite With A COA,29.99,2023-06-01,55,0.55,WorthPoint
nwa-martian-meteorite,1.86 Gram - NWA 12241 Martian Meteorite (shergottite) Slice - 2018 Find,302.25,2023-05-31,1.86,162.5,WorthPoint
nwa-martian-meteorite,.311 Grams 7x6x4mm Rare Small Individual Martian Shergottite Mars Meteorite COA,31.99,2023-05-30,311,0.1,WorthPoint
nwa-martian-meteorite,.295 Grams 7x5x4mm Rare Small Individual Martian Shergottite Mars Meteorite COA,31,2023-05-29,295,0.11,WorthPoint
nwa-martian-meteorite,"Mars Nwa 6963 Meteorite + Nwa 8738 ""heart Shaped"" Meteorite (2 Meteorites)",19.95,2023-05-29,,,WorthPoint
nwa-martian-meteorite,"Meteorite**NWA 13187, Martian Shergottite(diabasic)**1.883 Grams, PLANET MARS!!",89,2023-05-29,1.883,47.27,WorthPoint
nwa-martian-meteorite,.349 Grams 7x6x4mm Rare Small Individual Martian Shergottite Mars Meteorite COA,34.99,2023-05-24,349,0.1,WorthPoint
nwa-martian-meteorite,"Meteorite**NWA 15910, Martian Sherg.**6.689 Gram,Evolved Pyroxene-phyric Basalt",899.99,2023-05-23,6.689,134.55,WorthPoint
nwa-martian-meteorite,NWA 15364 Achondrite Martian Nakhlite Meteorite - 15364-0013 - NEWLY OFFICIAL,189.95,2023-05-22,,,WorthPoint
nwa-martian-meteorite,.065 Grams 5x3x2mm Fragment Of NWA 1068 MARTIAN SHERGOTTITE METEORITE From Mars,13.99,2023-05-22,65,0.22,WorthPoint
nwa-martian-meteorite,"Meteorite**Bir Moghrein 002, Martian Nakhlite**1.149 Grams, New Rare Martian!!!!",306,2023-05-22,1.149,266.32,WorthPoint
nwa-martian-meteorite,"Meteorite**NWA 14714 Martian Shergottite**8.017 Gram Slice, PLANET MARS!!!",376,2023-05-22,8.017,46.9,WorthPoint
nwa-martian-meteorite,3 MARS ROCK DISPLAY -33mg MARTIAN METEORITE -MUSEUM EDITION -Jumbo Display+Easel,33.95,2023-05-22,,,WorthPoint
nwa-martian-meteorite,.389 Gram Martian And 1.061 Gram NWA 15373 Listing Is Only For User Rich_dunlap,79.99,2023-05-21,389,0.21,WorthPoint
nwa-martian-meteorite,0.42 Grams - NWA 12241 Martian - Meteorite (shergottite) - Specimen,61.75,2023-05-21,0.42,147.02,WorthPoint
nwa-martian-meteorite,Meteorite NWA 6963 Achondrite Martian Shergottite - G201-0511 - Micro - Fragment,9.95,2023-05-19,,,WorthPoint
nwa-martian-meteorite,.122 Grams 6x3x3mm Rare Small Individual Martian Shergottite Mars Meteorite COA,13.5,2023-05-17,122,0.11,WorthPoint
nwa-martian-meteorite,.200 Grams 6x5x3mm Rare Small Individual Martian Shergottite Mars Meteorite COA,19.99,2023-05-17,200,0.1,WorthPoint
nwa-martian-meteorite,"Meteorite**NWA 13187, Martian Shergottite(diabasic)**1.572 Grams, PLANET MARS!!",104,2023-05-16,1.572,66.16,WorthPoint
nwa-martian-meteorite,0.72 Gram - NWA 12241 - Martian Meteorite (shergottite) Slice - 2018 Find,140.4,2023-05-16,0.72,195,WorthPoint
nwa-martian-meteorite,.176 Grams 6x5x3mm Rare Small Individual Martian Shergottite Mars Meteorite COA,18.99,2023-05-16,176,0.11,WorthPoint
nwa-martian-meteorite,.163 Grams 6x6x3mm Rare Small Individual Martian Shergottite Mars Meteorite COA,18.99,2023-05-15,163,0.12,WorthPoint
nwa-martian-meteorite,.158 Grams 7x5x3mm Rare Small Individual Martian Shergottite Mars Meteorite COA,16.99,2023-05-15,158,0.11,WorthPoint
nwa-martian-meteorite,.051 Grams 6x3x2mm Rare Small Individual Martian Shergottite Mars Meteorite COA,7.5,2023-05-15,51,0.15,WorthPoint
nwa-martian-meteorite,NWA 15364 Achondrite Martian Nakhlite Meteorite - 15364-0048 - NEWLY OFFICIAL,5,2023-05-15,,,WorthPoint
nwa-martian-meteorite,0.15 Grams - NWA 12241 Martian - Meteorite (shergottite) - Specimen,33.5,2023-05-13,0.15,223.33,WorthPoint
nwa-martian-meteorite,NWA 12269 Martian Shergottite Meteorite Lot 3.83g Total,190.5,2023-05-12,3.83,49.74,WorthPoint
nwa-martian-meteorite,.121 Grams 6x4x3mm Rare Small Individual Martian Shergottite Mars Meteorite COA,13.99,2023-05-12,121,0.12,WorthPoint
nwa-martian-meteorite,.067 Grams 6x3x2mm Rare Small Individual Martian Shergottite Mars Meteorite COA,6.99,2023-05-12,67,0.1,WorthPoint
nwa-martian-meteorite,.309 Grams 10x7x3mm Rare Small Individual Martian Shergottite Mars Meteorite COA,34.99,2023-05-12,309,0.11,WorthPoint
nwa-martian-meteorite,2.63 Gram - NWA 12241 Martian - Meteorite (shergottite) Cutting Dust!,177.55,2023-05-11,2.63,67.51,WorthPoint
nwa-martian-meteorite,2.90 Gram - NWA 12241 Martian Meteorite (shergottite) Cutting Dust!,201,2023-05-11,2.9,69.31,WorthPoint
nwa-martian-meteorite,Martian Nakhlite - .35g Identified By Top Martian Expert Dr. Tony Irving/U Wash,50,2023-05-10,35,1.43,WorthPoint
nwa-martian-meteorite,.451 Grams 11x5x4mm Rare Small Individual Martian Shergottite Mars Meteorite COA,79.99,2023-05-09,451,0.18,WorthPoint
nwa-martian-meteorite,.122 Grams 6x4x3mm Rare Small Individual Martian Shergottite Mars Meteorite COA,13.99,2023-05-09,122,0.11,WorthPoint
nwa-martian-meteorite,.614 Grams 10x7x5mm Rare Small Individual Martian Shergottite Mars Meteorite COA,61.99,2023-05-09,614,0.1,WorthPoint
nwa-martian-meteorite,.366 Grams 8x6x4mm Rare Small Individual Martian Shergottite Mars Meteorite COA,39.99,2023-05-08,366,0.11,WorthPoint
nwa-martian-meteorite,NWA 6963 Achondrite Martian Shergottite Meteorite - G201-0401 - Fusion Crusted,164.95,2023-05-08,,,WorthPoint
nwa-martian-meteorite,"Meteorite**NWA 13187, Martian Shergottite(diabasic)**1.477 Grams, PLANET MARS!!",113.5,2023-05-08,1.477,76.84,WorthPoint
nwa-martian-meteorite,.106 Grams 5x4x3mm Rare Small Individual Martian Shergottite Mars Meteorite COA,9.99,2023-05-07,106,0.09,WorthPoint
nwa-martian-meteorite,.041 Grams 4x3x2mm Rare Small Individual Martian Shergottite Mars Meteorite COA,7.5,2023-05-07,41,0.18,WorthPoint
nwa-martian-meteorite,.054 Grams 3x2x2mm Rare Small Individual Martian Shergottite Mars Meteorite COA,6.5,2023-05-07,54,0.12,WorthPoint
nwa-martian-meteorite,3.77 Grams - NWA 12241 Martian - Meteorite (shergottite) Specimen,378.55,2023-05-07,3.77,100.41,WorthPoint
nwa-martian-meteorite,.274 Grams 8x7x2mm Rare Small Individual Martian Shergottite Mars Meteorite +COA,34.99,2023-05-04,274,0.13,WorthPoint
nwa-martian-meteorite,2.74 Grams - NWA 12241 Martian - Meteorite (shergottite) - Specimen,275.37,2023-05-02,2.74,100.5,WorthPoint
nwa-martian-meteorite,1.23 Grams - NWA 12241 Martian - Meteorite (shergottite) - Specimen,123.28,2023-05-02,1.23,100.23,WorthPoint
nwa-martian-meteorite,"NWA 15200 (0.174g) Meteorite NEWEST MARTIAN NAKHLITE, Small Patch Of Fresh Crust",120,2023-05-01,0.174,689.66,WorthPoint
nwa-martian-meteorite,0.40 Grams - NWA 12241 Martian - Meteorite (shergottite) - 3 Specimens,60.3,2023-04-26,0.4,150.75,WorthPoint
nwa-martian-meteorite,Martian Nakhlite - 1.01g Identified By Top Martian Expert Dr. Tony Irving/U Wash,125,2023-04-25,1.01,123.76,WorthPoint
nwa-martian-meteorite,.062 Grams 4x4x2mm NWA 4878 Martian Shergottite Meteorite Fragment From Mars COA,12.99,2023-04-25,62,0.21,WorthPoint
nwa-martian-meteorite,.036 Grams 4x3x2mm NWA 12594 Martian Shergottite Meteorite From Mars With A COA,9.99,2023-04-25,36,0.28,WorthPoint
nwa-martian-meteorite,.455 Grams 11x8x3mm - NWA 14607 Martian Shergottite Meteorite From Mars With COA,99.99,2023-04-24,455,0.22,WorthPoint
nwa-martian-meteorite,0.38 Grams - NWA 12241 Martian - Meteorite (shergottite) - Specimen,85,2023-04-24,0.38,223.68,WorthPoint
nwa-martian-meteorite,"Meteorite**NWA 8159, Martian Augite Basalt**0.016 Gram Fragments,RAREST MARTIAN!",335,2023-04-24,0.016,20937.5,WorthPoint
nwa-martian-meteorite,"Meteorite**NWA 10645 Pair, Martian Nakhlite**1.134 Grams, Ultra Rare Martian!!!",355,2023-04-24,1.134,313.05,WorthPoint
nwa-martian-meteorite,"Meteorite**NWA 13187, Martian Shergottite(diabasic)**4.303 Grams, PLANET MARS!!",222.5,2023-04-24,4.303,51.71,WorthPoint
nwa-martian-meteorite,0.35 Grams - NWA 12241 Martian - Meteorite (shergottite) - Specimen,53.6,2023-04-21,0.35,153.14,WorthPoint
nwa-martian-meteorite,.138 Grams 7x4x3mm - NWA 14607 Martian Shergottite Meteorite From Mars With COA,27.99,2023-04-18,138,0.2,WorthPoint
nwa-martian-meteorite,"Meteorite**NWA 14714 Martian Shergottite**1.666 Gram Slice, PLANET MARS!",105,2023-04-17,1.666,63.03,WorthPoint
nwa-martian-meteorite,"Meteorite**NWA 13187, Martian Shergottite(diabasic)**2.150 Grams, PLANET MARS!!",137.5,2023-04-17,2.15,63.95,WorthPoint
nwa-martian-meteorite,NWA 14714 Martian 0.41g Shergottite Slice From Planet Mars,51,2023-04-15,0.41,124.39,WorthPoint
nwa-martian-meteorite,.453 Grams NWA 6693 Meteorite Fragment ( Achondrite-ung ) With COA,8.99,2023-04-15,453,0.02,WorthPoint
nwa-martian-meteorite,.134 Grams 7x5x3mm - NWA 12564 Martian Shergottite Meteorite From Mars With COA,17.99,2023-04-14,134,0.13,WorthPoint
nwa-martian-meteorite,.178 Grams 14x6x2mm NWA 13187 Martian Shergottite Meteorite Fragment Mars + COA,24.99,2023-04-12,178,0.14,WorthPoint
nwa-martian-meteorite,"Meteorite**NWA 13187, Martian Shergottite(diabasic)**31.196 Grams, PLANET MARS!!",2999.99,2023-04-10,31.196,96.17,WorthPoint
nwa-martian-meteorite,NWA 15200 (0.523g) Crusted Meteorite NEWEST MARTIAN NAKHLITE IMCA #s 6236 & 7294,365,2023-04-10,0.523,697.9,WorthPoint
nwa-martian-meteorite,NWA 15364 Achondrite Martian Nakhlite Meteorite - 15364-0011 - NEWLY OFFICIAL,614.95,2023-04-10,,,WorthPoint
nwa-martian-meteorite,0.20g NAKHLITE Martian Meteorite NWA 13669 - TOP METEORITE,242,2023-04-10,0.2,1210,WorthPoint
nwa-martian-meteorite,Meteorite: Martian Shergottite NWA13276 Whole Individual 0.99 Grams #504,247.5,2023-04-10,0.99,250,WorthPoint
nwa-martian-meteorite,End Cut .717 Grams 19x10x2mm NWA 13187 Martian Shergottite Meteorite Mars + COA,109.99,2023-04-09,717,0.15,WorthPoint
nwa-martian-meteorite,0.50 Gram - NWA 12241 - Martian Meteorite (shergottite) Slice - 2018 Find,105,2023-04-08,0.5,210,WorthPoint
nwa-martian-meteorite,.180 Grams 7x5x3mm - NWA 12564 Martian Shergottite Meteorite From Mars With COA,37.99,2023-04-07,180,0.21,WorthPoint
nwa-martian-meteorite,NWA 13885 Martian MeteoriteThin Section,125,2023-04-07,,,WorthPoint
nwa-martian-meteorite,NWA 12269 Martian Meteorite Slice,687.5,2023-04-06,,,WorthPoint
nwa-martian-meteorite,NWA 12564 Martian Meteorite Slice,1625,2023-04-06,,,WorthPoint
nwa-martian-meteorite,.894 Grams 20x17x2mm NWA 13187 Martian Shergottite Meteorite Mars Slice With COA,119.99,2023-04-06,894,0.13,WorthPoint
nwa-martian-meteorite,Museum Quality! Magnificent Nwa 12269 Martian Shergottite Meteorite! .835 Gms,111.75,2023-04-06,835,0.13,WorthPoint
nwa-martian-meteorite,NWA 14714 Martian 0.26g Shergottite Slice From Planet Mars,46,2023-04-05,0.26,176.92,WorthPoint
nwa-martian-meteorite,0.156g NAKHLITE Martian Meteorite NWA 13669 - TOP METEORITE,175,2023-04-03,0.156,1121.79,WorthPoint
nwa-martian-meteorite,NWA 13474 Martian Meteorite Split Pair,7500,2023-03-31,,,WorthPoint
nwa-martian-meteorite,.328 Grams 17x10x2mm NWA 13187 Martian Shergottite Meteorite Fragment Mars + COA,54.99,2023-03-31,328,0.17,WorthPoint
nwa-martian-meteorite,Mars Dust Necklace In Sterling Silver - Meteorite Jewelry,99,2023-03-30,,,WorthPoint
nwa-martian-meteorite,8.31 Gram - NWA 13669 MARTIAN NAKHLITE METEORITE - 2020 Find In Africa,1750,2023-03-28,8.31,210.59,WorthPoint
nwa-martian-meteorite,NWA 6963 Achondrite Martian Shergottite Meteorite - G201-006 - 12.19g FULL SLICE,2999.95,2023-03-28,12.19,246.1,WorthPoint
nwa-martian-meteorite,"Meteorite, (Extremely Rare), Lunar Feldspathic Breccia Meteorite",240,2023-03-28,,,WorthPoint
nwa-martian-meteorite,NWA 14714 Basaltic Shergottite 16.5g Martian Meteorite,1190,2023-03-28,16.5,72.12,WorthPoint
nwa-martian-meteorite,.282 Grams 10x7x3mm - NWA 12564 Martian Shergottite Meteorite From Mars With COA,59.99,2023-03-27,282,0.21,WorthPoint
nwa-martian-meteorite,.219 Grams 10x6x2mm NWA 13187 Martian Shergottite Meteorite Fragment Mars + COA,39.99,2023-03-27,219,0.18,WorthPoint
nwa-martian-meteorite,0.50 Gram - NWA 7397 Meteorite -Martian Shergottite - Thin Slice - 2012 Find,157.5,2023-03-25,0.5,315,WorthPoint
nwa-martian-meteorite,Meteorite NWA 12269 Achondrite Martian Shergottite - 12269-0253 - Rare Micro Lot,6.5,2023-03-24,,,WorthPoint
nwa-martian-meteorite,"Meteorite**NWA 13187, Martian Shergottite(diabasic)**4.877 Grams, PLANET MARS!!",359.99,2023-03-23,4.877,73.81,WorthPoint
nwa-martian-meteorite,NWA 1110 Martian Shergottite Meteorite .11 Gram Mars Rock,29,2023-03-23,11,2.64,WorthPoint
nwa-martian-meteorite,Martian Nakhlite - .51g Identified By Top Martian Expert Dr. Tony Irving/U Wash,85,2023-03-22,51,1.67,WorthPoint
nwa-martian-meteorite,RARE MARS ROCK! 4.97 Gr SLICE NWA 7755 MARTIAN LEHRZOLITIC SHERGOTTITE METEORITE,1000,2023-03-21,4.97,201.21,WorthPoint
nwa-martian-meteorite,Geat Deal! End Cut! Magnificent Nwa 7397 Martian Shergottite Meteorite! .518 Gms,66.75,2023-03-20,518,0.13,WorthPoint
nwa-martian-meteorite,"Meteorite**NWA 13187, Martian Shergottite(diabasic)**5.190 Grams, PLANET MARS!!",305,2023-03-20,5.19,58.77,WorthPoint
nwa-martian-meteorite,"Meteorite**NWA 13187, Martian Shergottite(diabasic)**2.727 Grams, PLANET MARS!!",207.5,2023-03-20,2.727,76.09,WorthPoint
nwa-martian-meteorite,NWA 14713 Mars 0.66g SALE! Martian Lherzolitic Shergottite Meteorite,99,2023-03-18,0.66,150,WorthPoint
nwa-martian-meteorite,.096 Grams Fragments NWA 6963 Martian Shergottite Meteorite From Mars With COA,18.99,2023-03-16,96,0.2,WorthPoint
nwa-martian-meteorite,0.65 Gram - NWA 12241 Martian Meteorite (shergottite) SMALL FRAGMENT,97.5,2023-03-15,0.65,150,WorthPoint
nwa-martian-meteorite,1.27 Grams 22x19x2mm NWA 13187 Martian Shergottite Meteorite Mars Slice With COA,159.99,2023-03-15,1.27,125.98,WorthPoint
nwa-martian-meteorite,.096 Grams 7x6x2mm NWA 13187 Martian Shergottite Meteorite Cut Fragment Mars+COA,14.99,2023-03-13,96,0.16,WorthPoint
nwa-martian-meteorite,0.33 Gram - NWA 14714 Martian Meteorite Thin Slice - Shergottite - 2021 Find,75,2023-03-11,0.33,227.27,WorthPoint
nwa-martian-meteorite,"Meteorite**NWA 14714 Martian Shergottite**1.930 Gram Slice, PLANET MARS!",158.5,2023-03-11,1.93,82.12,WorthPoint
nwa-martian-meteorite,Martian Nakhlite - .25g Identified By Top Martian Expert Dr. Tony Irving/U Wash,50,2023-03-11,25,2,WorthPoint
nwa-martian-meteorite,NWA 14714 Martian 0.80g Shergottite Slice From Planet Mars,129,2023-03-11,0.8,161.25,WorthPoint
nwa-martian-meteorite,"Meteorite**NWA 13276, Martian Poikilitic Sherg.**2.752 Gram Gorgeous Endcut!!!",559.99,2023-03-10,2.752,203.48,WorthPoint
nwa-martian-meteorite,Martian Nakhlite - 1.02g Identified By Top Martian Expert Dr. Tony Irving/U Wash,150,2023-03-09,1.02,147.06,WorthPoint
nwa-martian-meteorite,100% Fresh Crusted .648 Grams 11x8x6mm NWA 12594 Martian Shergottite Meteorite,339,2023-03-09,648,0.52,WorthPoint
nwa-martian-meteorite,.322 Grams 9x6x3mm - NWA 14607 Martian Shergottite Meteorite From Mars With COA,79.99,2023-03-09,322,0.25,WorthPoint
nwa-martian-meteorite,.337 Grams NWA 13227 Martian 8x6x2mm METEORITE Shergottite Mars - With COA,64.99,2023-03-09,337,0.19,WorthPoint
nwa-martian-meteorite,.212 Grams 9x7x2mm NWA 13187 Martian Shergottite Meteorite Fragment Mars + COA,29.99,2023-03-07,212,0.14,WorthPoint
nwa-martian-meteorite,.157 Grams 7x5x3mm Fragment Of NWA 1068 MARTIAN SHERGOTTITE METEORITE From Mars,39.99,2023-03-07,157,0.25,WorthPoint
nwa-martian-meteorite,.088 Grams 10x4x2mm NWA 13187 Martian Shergottite Meteorite Fragment Mars + COA,14.99,2023-03-06,88,0.17,WorthPoint
nwa-martian-meteorite,NWA 15200 (0.159g) Meteorite NEWEST MARTIAN NAKHLITE Fresh Fusion Crust A+ IMCA,119,2023-03-06,0.159,748.43,WorthPoint
nwa-martian-meteorite,NWA 15364 Achondrite Martian Nakhlite Meteorite - 15364-0030 - NEWLY OFFICIAL,9.5,2023-03-05,,,WorthPoint
nwa-martian-meteorite,Meteorite NWA 6963 Achondrite Martian Shergottite - G201-0505 - Micro - Fragment,7.16,2023-03-05,,,WorthPoint
nwa-martian-meteorite,.399 Grams 13x5x2mm NWA 13187 Martian Shergottite Meteorite Fragment- Mars + COA,59,2023-03-05,399,0.15,WorthPoint
nwa-martian-meteorite,0.52 Gram - NWA 12241 Martian Meteorite (shergottite) Cutting Dust,60,2023-03-03,0.52,115.38,WorthPoint
nwa-martian-meteorite,3.80 Gram - NWA 12269 Martian Meteorite Thin Slice - Shergottite - 2018 Find,500,2023-03-01,3.8,131.58,WorthPoint
nwa-martian-meteorite,.176 Grams 6x4x3mm Wide - NWA 6963 Martian Shergottite Meteorite Mars With COA,54.99,2023-02-28,176,0.31,WorthPoint
nwa-martian-meteorite,2 DELUXE EDITIONS -MOON & MARS METEORITE ROCK DISPLAYS +EASELS+CERTIFICATES Ee,31.95,2023-02-27,,,WorthPoint
nwa-martian-meteorite,NWA 15364 Achondrite Martian Nakhlite Meteorite - 15364-0028 - NEWLY OFFICIAL,11.57,2023-02-27,,,WorthPoint
nwa-martian-meteorite,"2011, NWA 6963 Martian (shergottite) Meteorite, Northwest Africa, .13 Grams",39.5,2023-02-26,13,3.04,WorthPoint
nwa-martian-meteorite,Mars Rock - Nakhlite Martian Meteorite NWA 998 Authentic,26,2023-02-25,,,WorthPoint
nwa-martian-meteorite,NWA 15364 Achondrite Martian Nakhlite Meteorite - 15364-0027 - NEWLY OFFICIAL,5.5,2023-02-25,,,WorthPoint
nwa-martian-meteorite,(Extremely Rare) Lunar Breccia Meteorite,2900,2023-02-25,,,WorthPoint
nwa-martian-meteorite,Authentic Mars Rock - Nakhlite Martian Meteorite NWA 998,26,2023-02-24,,,WorthPoint
nwa-martian-meteorite,1 Gram 17x13x2mm NWA 13187 Martian Shergottite Meteorite Fragment- Mars With COA,139.99,2023-02-24,1,139.99,WorthPoint
nwa-martian-meteorite,0.63 Gram - NWA 12241 Martian Meteorite (shergottite) SMALL FRAGMENT,100,2023-02-23,0.63,158.73,WorthPoint
nwa-martian-meteorite,.237 Grams NWA 13227 Martian 7x6x2mm METEORITE Shergottite Mars - With COA,48.99,2023-02-23,237,0.21,WorthPoint
nwa-martian-meteorite,.071 Grams NWA 12594 Martian Shergottite Meteorite From Mars Fragments With COA,13.99,2023-02-22,71,0.2,WorthPoint
nwa-martian-meteorite,MUSEUM EDITION -3 MARS ROCK DISPLAY -33mg MARTIAN METEORITE-Jumbo Display+Easel,33.95,2023-02-22,,,WorthPoint
nwa-martian-meteorite,.169 Grams 12x4x2mm NWA 13187 Martian Shergottite Meteorite Fragment- Mars + COA,24.99,2023-02-20,169,0.15,WorthPoint
nwa-martian-meteorite,"Meteorite**NWA Unclassified, Prob. Brecciated Chondrite**101.40 Gram Individual!",157.7,2023-02-20,101.4,1.56,WorthPoint
nwa-martian-meteorite,"Meteorite**NWA 2737, MARTIAN CHASSIGINITE**0.071 Grams Frag Lot, EXTREMELY RARE",51,2023-02-20,0.071,718.31,WorthPoint
nwa-martian-meteorite,"Meteorite**NWA 14714 Martian Shergottite**0.998 Gram Slice, PLANET MARS!",107.28,2023-02-20,0.998,107.49,WorthPoint
nwa-martian-meteorite,.330 Grams NWA 13227 Martian 10x7x2mm METEORITE Shergottite Mars - With COA,64.99,2023-02-19,330,0.2,WorthPoint
nwa-martian-meteorite,NWA 6963 Achondrite Martian Shergottite Meteorite - G201-0376 - Fusion Crusted,161.95,2023-02-18,,,WorthPoint
nwa-martian-meteorite,1.97 Gram - NWA 7397 Meteorite -Martian Shergottite - End Cut - 2012 Find,140,2023-02-17,1.97,71.07,WorthPoint
nwa-martian-meteorite,NWA 15364 Achondrite Martian Nakhlite Meteorite - 15364-0025 - NEWLY OFFICIAL,10.5,2023-02-16,,,WorthPoint
nwa-martian-meteorite,.047 Gram 6x4x1mm Slice NWA 7397 MARTIAN SHERGOTTITE Mars Meteorite With A COA,24.99,2023-02-14,47,0.53,WorthPoint
nwa-martian-meteorite,1.20 Gram - NWA 7397 Meteorite -Martian Shergottite - Slice - 2012 Find,150,2023-02-11,1.2,125,WorthPoint
nwa-martian-meteorite,0.80 Gram - NWA 7397 Meteorite -Martian Shergottite - Slice - 2012 Find,120,2023-02-11,0.8,150,WorthPoint
nwa-martian-meteorite,NWA 6963 .41g Martian Shergottite Chip Of A Meteorite From The Planet Mars,44,2023-02-11,41,1.07,WorthPoint
nwa-martian-meteorite,2.41 Gram - NWA 12241 Martian Meteorite (shergottite) SMALL FRAGMENT,245,2023-02-10,2.41,101.66,WorthPoint
nwa-martian-meteorite,"NWA 7034 (paired) Meteorite Martian ""Black Beauty"" - 0.618 Grams",1700,2023-02-09,0.618,2750.81,WorthPoint
nwa-martian-meteorite,0.117g NAKHLITE Martian Meteorite NWA 13669 - TOP METEORITE,135,2023-02-09,0.117,1153.85,WorthPoint
nwa-martian-meteorite,0.66 Gram - NWA 7397 Meteorite -Martian Shergottite - Slice - 2012 Find,70,2023-02-08,0.66,106.06,WorthPoint
nwa-martian-meteorite,1.11 Gram - NWA 7397 Meteorite -Martian Shergottite - Slice - 2012 Find,94.5,2023-02-08,1.11,85.14,WorthPoint
nwa-martian-meteorite,2 DELUXE EDITIONS-MOON & MARS METEORITE ROCK DISPLAYS +EASELS +CERTIFICATES Mc,31.95,2023-02-07,,,WorthPoint
nwa-martian-meteorite,.224 Grams 10x6x2mm NWA 13187 Martian Shergottite Meteorite Fragment- Mars + COA,41.99,2023-02-05,224,0.19,WorthPoint
nwa-martian-meteorite,NWA 14714 Martian 0.35g Shergottite Slice From Planet Mars,27.7,2023-02-04,0.35,79.14,WorthPoint
nwa-martian-meteorite,.217 Grams NWA 1110 Martian Shergottite Meteorite From Mars Fragments With A COA,49.99,2023-02-04,217,0.23,WorthPoint
nwa-martian-meteorite,.073 Grams NWA 12594 Martian Shergottite Meteorite From Mars Fragments With COA,14.99,2023-02-04,73,0.21,WorthPoint
nwa-martian-meteorite,.041 Grams 3x3x2mm NWA 1110 Martian Shergottite Meteorite From Mars Fragment COA,14.99,2023-02-04,41,0.37,WorthPoint
nwa-martian-meteorite,NWA 2737 Achondrite Martian Chassignite Meteorite - 2737-0030 - Micro - 1 Of 3,200,2023-02-01,,,WorthPoint
nwa-martian-meteorite,.082 Grams 5x4x3mm NWA 13237 Martian METEORITE Shergottite Mars - TKW 36.5 Grams,19.99,2023-01-31,82,0.24,WorthPoint
nwa-martian-meteorite,1.50 Gram - NWA 7397 Meteorite -Martian Shergottite - Thin Slice - 2012 Find,299,2023-01-30,1.5,199.33,WorthPoint
nwa-martian-meteorite,NWA 12269 Martian Shergottite 0.53g Chip Of A Meteorite From The Planet Mars!,111,2023-01-29,0.53,209.43,WorthPoint
nwa-martian-meteorite,.320 Grams 10x8x2mm NWA 13187 Martian Shergottite Meteorite Fragment- Mars + COA,39.99,2023-01-24,320,0.12,WorthPoint
nwa-martian-meteorite,0.88 Gram - NWA 12241 Martian Meteorite (shergottite) SMALL FRAGMENT,119,2023-01-24,0.88,135.23,WorthPoint
nwa-martian-meteorite,Geat Deal! Magnificent Nwa 7397 Martian Shergottite Meteorite! 2.376 Gms,251.25,2023-01-23,2.376,105.74,WorthPoint
nwa-martian-meteorite,RARE MARS ROCK! 0.09 Gr PIECE NWA 7755 MARTIAN LEHRZOLITIC SHERGOTTITE METEORITE,25,2023-01-23,0.09,277.78,WorthPoint
nwa-martian-meteorite,.128 Grams NWA 1110 Martian Shergottite Meteorite From Mars Fragments With A COA,30,2023-01-23,128,0.23,WorthPoint
nwa-martian-meteorite,NWA 15364 Achondrite Martian Nakhlite Meteorite - 15364-0012 - NEWLY OFFICIAL,499.95,2023-01-22,,,WorthPoint
nwa-martian-meteorite,NWA 998 - Martian Nakhlite -- EXTREMELY RARE & Scientifically Important -- 0.33g,250,2023-01-21,0.33,757.58,WorthPoint
nwa-martian-meteorite,1.95 Gram - NWA 7397 Meteorite -Martian Shergottite - Slice - 2012 Find,175,2023-01-21,1.95,89.74,WorthPoint
nwa-martian-meteorite,4.00 Gram - NWA 7397 Meteorite -Martian Shergottite - Slice - 2012 Find,315,2023-01-19,4,78.75,WorthPoint
nwa-martian-meteorite,2.67 Gram - NWA 7397 Meteorite -Martian Shergottite - Slice - 2012 Find,210,2023-01-19,2.67,78.65,WorthPoint
nwa-martian-meteorite,1.90 Gram - NWA 7397 Meteorite -Martian Shergottite - Thin Slice - 2012 Find,265.3,2023-01-19,1.9,139.63,WorthPoint
nwa-martian-meteorite,2.38 Gram - NWA 7397 Meteorite Shergottite - Cutting Dust - 2012 Find,209.3,2023-01-19,2.38,87.94,WorthPoint
nwa-martian-meteorite,2.75 Gram - NWA 7397 Meteorite -Martian Shergottite - Cutting Dust - 2012 Find,140,2023-01-19,2.75,50.91,WorthPoint
nwa-martian-meteorite,.164 Grams NWA 13187 Martian Shergottite Meteorite Fragments - Mars With A COA,14.99,2023-01-17,164,0.09,WorthPoint
nwa-martian-meteorite,"Meteorite**NWA 14714 Martian Shergottite**1.925 Gram Slice, PLANET MARS!",128.5,2023-01-16,1.925,66.75,WorthPoint
nwa-martian-meteorite,"Meteorite**NEW NWA Unc., Martian Nakhlite**1.181 Gram, Extremely Rare Martian!!!",316.11,2023-01-16,1.181,267.66,WorthPoint
nwa-martian-meteorite,0.44 Gram - NWA 7397 Meteorite -Martian Shergottite - Thin Slice - 2012 Find,83.3,2023-01-15,0.44,189.32,WorthPoint
nwa-martian-meteorite,.039 Grams 4x3x2mm Wide - NWA 6963 Martian Shergottite Meteorite Mars With COA,15.99,2023-01-14,39,0.41,WorthPoint
nwa-martian-meteorite,"Meteorite**NWA 2737, MARTIAN CHASSIGINITE**0.362 Grams Slice, THE MOST RARE!!!!!",1399.99,2023-01-12,0.362,3867.38,WorthPoint
nwa-martian-meteorite,Meteorite**NWA 14899; Martian Olivine Gabbroic Sherg.**6.298 Gram;GOLDEN MARTIAN,1399.99,2023-01-12,6.298,222.29,WorthPoint
nwa-martian-meteorite,"Meteorite**NWA 2737, MARTIAN CHASSIGINITE**0.217 Grams Slice, THE MOST RARE!!!!!",999.99,2023-01-09,0.217,4608.25,WorthPoint
nwa-martian-meteorite,Meteorite**NWA Unclassified Meteorite**31.673 Gram Flight Shaped Individual!!!,49.99,2023-01-09,31.673,1.58,WorthPoint
nwa-martian-meteorite,.736 Grams 12x10x2mm NWA 13187 Martian Shergottite Meteorite Slice Of Mars + COA,129,2023-01-08,736,0.18,WorthPoint
nwa-martian-meteorite,.012 Grams Micro Fragments NWA 6963 Martian Shergottite Meteorite Mars With COA,8.99,2023-01-07,12,0.75,WorthPoint
nwa-martian-meteorite,Meteorite NWA 6963 Achondrite Martian Shergottite - G201-0492 - Micro - Fragment,7.3,2023-01-07,,,WorthPoint
nwa-martian-meteorite,NWA 14714 Martian 2.18g Shergottite Slice From Planet Mars,273,2023-01-07,2.18,125.23,WorthPoint
nwa-martian-meteorite,NWA 15200 (0.173g) Meteorite NEWEST MARTIAN NAKHLITE Fresh Fusion Crust A+ IMCA,130,2023-01-02,0.173,751.45,WorthPoint
nwa-martian-meteorite,"Meteorite**NWA 14607 Martian Shergottite**1.531 Grams, PLANET MARS!! LAST SLICE!",213,2023-01-02,1.531,139.12,WorthPoint
nwa-martian-meteorite,"Meteorite**NEW NWA Unc., Martian Nakhlite**1.756 Gram, Extremely Rare Martian!!!",414.61,2023-01-02,1.756,236.11,WorthPoint
nwa-martian-meteorite,"Meteorite**NWA 14714 Martian Shergottite**3.331 Gram Slice, PLANET MARS!",599.99,2023-01-02,3.331,180.12,WorthPoint
nwa-martian-meteorite,.155 Grams 5x4x4mm NWA 13237 Martian METEORITE Shergottite Mars Low TKW 35.5gram,59,2023-01-01,155,0.38,WorthPoint
nwa-martian-meteorite,2.46 Gram - NWA 12241 Martian Meteorite (shergottite) - Small FRAGMENT,224,2022-12-31,2.46,91.06,WorthPoint
nwa-martian-meteorite,7.21 Gram - NWA 7397 Meteorite -Martian Shergottite - Wedge Cut - 2012 Find,595,2022-12-31,7.21,82.52,WorthPoint
nwa-martian-meteorite,.277 Grams 8x8x2mm NWA 13187 Martian Shergottite Meteorite Fragment Mars + COA,46,2022-12-31,277,0.17,WorthPoint
nwa-martian-meteorite,MARTIAN SHERGOTTITE - NWA 12269 MARS METEORITE W/COA - Found In Africa 2018,19,2022-12-29,,,WorthPoint
nwa-martian-meteorite,.246 Grams 11x7x2mm NWA 13187 Martian Shergottite Meteorite Slice Of Mars + COA,40.99,2022-12-28,246,0.17,WorthPoint
nwa-martian-meteorite,.132 Grams 5x4x2mm NWA 13237 Martian METEORITE Shergottite Mars - TKW 36.5 Grams,29,2022-12-28,132,0.22,WorthPoint
nwa-martian-meteorite,.117 Grams 4x4x3mm Fragment Of NWA 1068 MARTIAN SHERGOTTITE METEORITE From Mars,35.99,2022-12-28,117,0.31,WorthPoint
nwa-martian-meteorite,.081 Grams 6x4x3mm NWA 4878 Martian Shergottite Meteorite Fragment From Mars,31.99,2022-12-28,81,0.39,WorthPoint
nwa-martian-meteorite,.094 Grams 4x3x3mm NWA 12594 Martian Shergottite Meteorite From Mars With A COA,35.99,2022-12-28,94,0.38,WorthPoint
nwa-martian-meteorite,.127 Grams NWA 1110 Martian Shergottite Meteorite From Mars Fragments With A COA,29.99,2022-12-28,127,0.24,WorthPoint
nwa-martian-meteorite,Meteorite NWA 10441 Achondrite Martian Shergottite - G613-0097 - Micro - Rare,9.95,2022-12-28,,,WorthPoint
nwa-martian-meteorite,2.09 Gram - NWA 7397 Meteorite -Martian Shergottite - End Cut - 2012 Find,175,2022-12-28,2.09,83.73,WorthPoint
nwa-martian-meteorite,"Meteorite**NWA 8159, Martian Augite Basalt**0.146 Gram, RAREST METEORITE EVER!!!",532,2022-12-26,0.146,3643.84,WorthPoint
nwa-martian-meteorite,Lunar (moon) And Martian Meteorite (2 Meteorites),19,2022-12-25,,,WorthPoint
nwa-martian-meteorite,"Meteorite**NWA 14714 Martian Shergottite**0.865 Gram Frag. Slice, PLANET MARS!!!",149.99,2022-12-25,0.865,173.4,WorthPoint
nwa-martian-meteorite,.746 Grams 20x10x2mm NWA 13187 Martian Shergottite Meteorite Fragment- Mars +COA,129.99,2022-12-24,746,0.17,WorthPoint
nwa-martian-meteorite,NWA 14714 Martian 1.16g Shergottite Slice From Planet Mars,145,2022-12-24,1.16,125,WorthPoint
nwa-martian-meteorite,"Meteorite**NWA 14714 Martian Shergottite**2.765 Gram Slice, PLANET MARS!",213.5,2022-12-21,2.765,77.22,WorthPoint
nwa-martian-meteorite,2.28 Gram - NWA 7397 Meteorite -Martian Shergottite - End Cut - 2012 Find,210,2022-12-21,2.28,92.11,WorthPoint
nwa-martian-meteorite,2017 1 Oz Silver $1 Niue Solar System MARS Antiqued With Meteorite NWA 7397 Coin,269.95,2022-12-20,28.35,9.52,WorthPoint
nwa-martian-meteorite,"Meteorite**NEW NWA Unc., Martian Nakhlite**1.738 Gram, Extremely Rare Martian!!!",425,2022-12-19,1.738,244.53,WorthPoint
nwa-martian-meteorite,NWA 14714 Martian 1.03g Shergottite Slice From Planet Mars,129,2022-12-17,1.03,125.24,WorthPoint
nwa-martian-meteorite,Sample #1 - 2mm Wide - NWA 6963 Martian Shergottite Meteorite From Mars With COA,9.99,2022-12-17,,,WorthPoint
nwa-martian-meteorite,Mars Meteorite Framed Print + Martian Specimen NWA-7397 Piece Landed In Morocco,262,2022-12-16,,,WorthPoint
nwa-martian-meteorite,.0492 Gram 7x4x1mm Slice NWA 7397 MARTIAN SHERGOTTITE Mars Meteorite With A COA,27.99,2022-12-16,492,0.06,WorthPoint
nwa-martian-meteorite,"Meteorite**NWA 14714 Martian Shergottite**7.565 Gram Slice, PLANET MARS!",466,2022-12-12,7.565,61.6,WorthPoint
nwa-martian-meteorite,"Meteorite**NEW NWA Unc., Martian Nakhlite**2.065 Gram, Extremely Rare Martian!!!",523,2022-12-12,2.065,253.27,WorthPoint
nwa-martian-meteorite,"Meteorite**NWA 14607 Martian Shergottite**2.138 Grams, PLANET MARS!! LAST SLICE!",164.5,2022-12-12,2.138,76.94,WorthPoint
nwa-martian-meteorite,Meteorite: Martian Shergottite NWA 7397 Whole Individual 0.416 Grams #534,84,2022-12-11,0.416,201.92,WorthPoint
nwa-martian-meteorite,2.22 Gram - NWA 12241 Martian Meteorite (shergottite) SMALL FRAGMENT,196,2022-12-11,2.22,88.29,WorthPoint
nwa-martian-meteorite,Meteorite NWA 6963 Achondrite Martian Shergottite - G201-0483 - Micro - Fragment,20.5,2022-12-09,,,WorthPoint
nwa-martian-meteorite,.047 Grams 4x3x3mm Fragment Of NWA 1068 MARTIAN SHERGOTTITE METEORITE From Mars,13.99,2022-12-09,47,0.3,WorthPoint
nwa-martian-meteorite,.135 Grams 8x6x2mm NWA 13187 Martian Shergottite Meteorite Fragment- Mars + COA,26.99,2022-12-08,135,0.2,WorthPoint
nwa-martian-meteorite,1.87 Gram - NWA 7397 Meteorite -Martian Shergottite - Slice - 2012 Find,176,2022-12-08,1.87,94.12,WorthPoint
nwa-martian-meteorite,0.90 Gram - NWA 7397 Meteorite -Martian Shergottite - Slice - 2012 Find,100,2022-12-08,0.9,111.11,WorthPoint
nwa-martian-meteorite,0.33 Gram - NWA 12241 Martian Meteorite (shergottite) SMALL FRAGMENT,80,2022-12-07,0.33,242.42,WorthPoint
nwa-martian-meteorite,NWA 4468 MARTIAN Meteorite Mars Rock Fragment Small But Genuine With COA,24,2022-12-05,,,WorthPoint
nwa-martian-meteorite,.026 Grams 5x2x1mm Slice Fragment NWA 7397 MARTIAN SHERGOTTITE Mars Meteorite,23.99,2022-12-04,26,0.92,WorthPoint
nwa-martian-meteorite,"Nwa 6963 Martian Meteorite, Nwa 6963",7.5,2022-12-04,,,WorthPoint
nwa-martian-meteorite,NWA 14714 Martian 2.41g Shergottite Slice From Planet Mars,250,2022-12-03,2.41,103.73,WorthPoint
nwa-martian-meteorite,NWA 14714 Martian 0.55g Shergottite Slice From Planet Mars,65,2022-12-03,0.55,118.18,WorthPoint
nwa-martian-meteorite,1.79 Gram - NWA 7397 Meteorite -Martian Shergottite - Slice - 2012 Find,225,2022-12-02,1.79,125.7,WorthPoint
nwa-martian-meteorite,Shergotite Martian Meteorite Fragment Of NWA 1068.,297.5,2022-12-02,,,WorthPoint
nwa-martian-meteorite,.663 Grams 17x12x2mm NWA 13187 Martian Shergottite Meteorite Fragment- Mars +COA,109.99,2022-11-30,663,0.17,WorthPoint
nwa-martian-meteorite,0.30 Gram - NWA 12241 Martian Meteorite (shergottite) Actual Dust From Mars!,40,2022-11-28,0.3,133.33,WorthPoint
nwa-martian-meteorite,"Meteorite**NWA 14714 Martian Shergottite**22.661 Gram Slice, PLANET MARS!",1320,2022-11-28,22.661,58.25,WorthPoint
nwa-martian-meteorite,"Meteorite**NWA 8159, Martian Augite Basalt**0.272 Gram, RAREST METEORITE EVER!!!",815,2022-11-28,0.272,2996.32,WorthPoint
nwa-martian-meteorite,"Meteorite**NWA 2737, MARTIAN CHASSIGINITE**0.073 Grams Lot, ULTRA RARE MARTIAN!!",154.5,2022-11-28,0.073,2116.44,WorthPoint
nwa-martian-meteorite,1.47 Grams 25x13x2mm NWA 13187 Martian Shergottite Meteorite Slice- Mars + COA,199.99,2022-11-27,1.47,136.05,WorthPoint
nwa-martian-meteorite,NWA 7034 Black Beauty Martian Meteorite Rare Mars Rock MG Fragment RARE,100,2022-11-27,,,WorthPoint
nwa-martian-meteorite,.015 Grams 4x2x2mm Fragment Of NWA 1068 MARTIAN SHERGOTTITE METEORITE From Mars,6.99,2022-11-26,15,0.47,WorthPoint
nwa-martian-meteorite,.121 Grams 6x5x3mm - NWA 14607 Martian Shergottite Meteorite From Mars With COA,29.99,2022-11-25,121,0.25,WorthPoint
nwa-martian-meteorite,You Get All 1x .5x .5mm NWA 7397 MARTIAN SHERGOTTITE Mars Meteorites + COA #13,7.99,2022-11-25,,,WorthPoint
nwa-martian-meteorite,18.59 Gram - NWA 12241 Martian Meteorite (shergottite) LARGE FRAGMENT- 2018 Find,1480,2022-11-25,18.59,79.61,WorthPoint
nwa-martian-meteorite,HUGE 67 Pc Space Meteorite Apollo 11 World Coin & Round Lot W/ 36 Oz .999 Silver,1399.99,2022-11-23,1020.6,1.37,WorthPoint
nwa-martian-meteorite,"Melrose (a) Meteorite - RARE/ HISTORIC - Dr. Harvey H. Nininger, 1933 - IMCA",85,2022-11-22,,,WorthPoint
nwa-martian-meteorite,#2 - Fragment 2x2x2mm NWA 12594 Martian Shergottite Meteorite In Glass Top Case,5.99,2022-11-21,,,WorthPoint
nwa-martian-meteorite,#3 - Fragment 2x2x2mm NWA 12594 Martian Shergottite Meteorite In Glass Top Case,6.99,2022-11-21,,,WorthPoint
nwa-martian-meteorite,#1 - Fragment 2x2x2mm NWA 12594 Martian Shergottite Meteorite In Glass Top Case,5.99,2022-11-21,,,WorthPoint
nwa-martian-meteorite,.161 Grams 6x5x3mm NWA 13237 Martian METEORITE Shergottite Mars - TKW 36.5 Grams,29.99,2022-11-21,161,0.19,WorthPoint
nwa-martian-meteorite,"Meteorite**NWA 14714 Martian Shergottite**28.892 Gram Endcut, PLANET MARS!",2150.55,2022-11-21,28.892,74.43,WorthPoint
nwa-martian-meteorite,"NWA 12241 Ultra-rare, Low-shock, Gravelly, Mars Shergottite Meteorite. 3.3g End",291,2022-11-21,3.3,88.18,WorthPoint
nwa-martian-meteorite,.454 Grams 9x8x4mm NWA 12594 Martian Shergottite Meteorite From Mars With A COA,149.99,2022-11-20,454,0.33,WorthPoint
nwa-martian-meteorite,0.08 Gram - NWA 7397 Meteorite -Martian Shergottite - Fragment - 2012 Find,20,2022-11-20,0.08,250,WorthPoint
nwa-martian-meteorite,3.25 Gram - NWA 12241 Martian Meteorite (shergottite) SMALL FRAGMENT W/crust,300,2022-11-20,3.25,92.31,WorthPoint
nwa-martian-meteorite,0.08 Gram - NWA 12241 Martian Meteorite (shergottite) Small Fragment,25,2022-11-19,0.08,312.5,WorthPoint
nwa-martian-meteorite,.097 Grams 5x5x3mm - NWA 12564 Martian Shergottite Meteorite From Mars With COA,24.99,2022-11-18,97,0.26,WorthPoint
nwa-martian-meteorite,"Meteorite**NWA 13276, Martian Poikilitic Sherg.**0.774 Gram Gorgeous Fragments!!",28.1,2022-11-18,0.774,36.3,WorthPoint
nwa-martian-meteorite,1.74 Gram - NWA 7397 Meteorite -Martian Shergottite - Wedge Cut - 2012 Find,225,2022-11-17,1.74,129.31,WorthPoint
nwa-martian-meteorite,11.4 Gram - NWA 12241 Martian Meteorite (shergottite) LARGE FRAGMENT W/crust,1200,2022-11-15,11.4,105.26,WorthPoint
nwa-martian-meteorite,NWA 14713 Mars 0.79g Slice Of Martian Lherzolitic Shergottite Meteorite,186,2022-11-15,0.79,235.44,WorthPoint
nwa-martian-meteorite,.210 Grams 8x6x3mm - NWA 12564 Martian Shergottite Meteorite From Mars With COA,43.99,2022-11-14,210,0.21,WorthPoint
nwa-martian-meteorite,.129 Grams 5x4x3mm NWA 1110 Martian Shergottite Meteorite From Mars Fragment COA,39,2022-11-14,129,0.3,WorthPoint
nwa-martian-meteorite,Authentic Mars Rock - Nakhlite Martian Meteorite NWA 998 WITH,19.5,2022-11-13,,,WorthPoint
nwa-martian-meteorite,.921 Grams NWA 13227 Martian 20x15x3mm METEORITE Shergottite Mars - With COA,189.99,2022-11-11,921,0.21,WorthPoint
nwa-martian-meteorite,.046 Grams 4mm NWA 13237 Martian METEORITE Shergottite Mars - TKW 36.5 Grams,9.99,2022-11-10,46,0.22,WorthPoint
nwa-martian-meteorite,.301 Grams 11x5x2mm NWA 13187 Martian Shergottite Meteorite Fragment Mars + COA,69,2022-11-09,301,0.23,WorthPoint
nwa-martian-meteorite,NWA 13440 Martian Meteorite,10000,2022-11-04,,,WorthPoint
nwa-martian-meteorite,NWA 12269 Martian Meteorite End Cut,4875,2022-11-04,,,WorthPoint
nwa-martian-meteorite,NWA 13366 Martian Meteorite Slice,1562.5,2022-11-04,,,WorthPoint
nwa-martian-meteorite,NWA 13669 Martian Meteorite,12500,2022-11-04,,,WorthPoint
nwa-martian-meteorite,.176 Grams 6x5x3mm NWA 13237 Martian METEORITE Shergottite Mars - TKW 36.5 Grams,49.99,2022-11-03,176,0.28,WorthPoint
nwa-martian-meteorite,.148 Grams 6x5x3mm - NWA 14607 Martian Shergottite Meteorite From Mars With COA,37.99,2022-11-03,148,0.26,WorthPoint
nwa-martian-meteorite,1.05 Gram - NWA 7397 Meteorite -Martian Shergottite - Thin Slice - 2012 Find,167.2,2022-11-01,1.05,159.24,WorthPoint
nwa-martian-meteorite,"Meteorite**NWA 13276, Martian Poikilitic Sherg.**1.108 Gram Gorgeous Fragments!!",107.5,2022-10-31,1.108,97.02,WorthPoint
nwa-martian-meteorite,"Meteorite**NWA 13187 Martian Diabasic Shergottite**1.786 Gram Slice,PLANET MARS!",178,2022-10-31,1.786,99.66,WorthPoint
nwa-martian-meteorite,.126 Grams 7x5x3mm - NWA 12564 Martian Shergottite Meteorite From Mars With COA,29.99,2022-10-30,126,0.24,WorthPoint
nwa-martian-meteorite,"Meteorite**NWA 2737, MARTIAN CHASSIGINITE**0.183 Grams Slice, THE MOST RARE!!!!!",305,2022-10-24,0.183,1666.67,WorthPoint
nwa-martian-meteorite,"Meteorite**NWA 14607 Martian Shergottite**1.220 Grams Fragment, PLANET MARS!!",140.48,2022-10-24,1.22,115.15,WorthPoint
nwa-martian-meteorite,Fragment .041 Grams 4x3x3mm NWA 12594 Martian Shergottite Meteorite,15,2022-10-23,41,0.37,WorthPoint
nwa-martian-meteorite,NWA 14713 Mars 0.72g Slice Of Martian Lherzolitic Shergottite Meteorite,130,2022-10-22,0.72,180.56,WorthPoint
nwa-martian-meteorite,"Meteorite**NWA 2737, MARTIAN CHASSIGINITE**0.031 Grams Frag Lot, THE MOST RARE!",149.99,2022-10-17,0.031,4838.39,WorthPoint
nwa-martian-meteorite,NWA 14713 Mars 1.11g Slice Of Martian Lherzolitic Shergottite Meteorite,199,2022-10-15,1.11,179.28,WorthPoint
nwa-martian-meteorite,Fragment .037 Grams 4x4x4mm NWA 12594 Martian Shergottite Meteorite,16.99,2022-10-11,37,0.46,WorthPoint
nwa-martian-meteorite,.060 Grams 4x3x3mm NWA 4878 Martian Shergottite Meteorite Fragment From Mars,29,2022-10-11,60,0.48,WorthPoint
nwa-martian-meteorite,0.48 Gram - NWA 7397 Meteorite -Martian Shergottite - Thin Slice - 2012 Find,79.2,2022-10-11,0.48,165,WorthPoint
nwa-martian-meteorite,14 Gram - NWA 12564 METEORITE - THIN SLICE - Martian (shergottite),2000,2022-10-11,14,142.86,WorthPoint
nwa-martian-meteorite,"NWA 12241 Ultra-rare, Low-shock, Mars Shergottite Meteorite. 5.58g Slice",475,2022-10-11,5.58,85.13,WorthPoint
nwa-martian-meteorite,.298 Grams 10x6x3mm NWA 13187 Martian Shergottite Meteorite Fragment- Mars + COA,57,2022-10-10,298,0.19,WorthPoint
nwa-martian-meteorite,.061 Grams NWA 4878 Martian Shergottite Meteorite 1mm Size Fragments From Mars,13.99,2022-10-09,61,0.23,WorthPoint
nwa-martian-meteorite,.161 Grams 8x5x3mm - NWA 14607 Martian Shergottite Meteorite From Mars With COA,30.99,2022-10-08,161,0.19,WorthPoint
nwa-martian-meteorite,3.36 Gram - NWA 12241 Martian Meteorite (shergottite) Actual Fragment From Mars!,300,2022-10-08,3.36,89.29,WorthPoint
nwa-martian-meteorite,RARE MARS ROCK! 5.119 Gr NWA 7755 MARTIAN LHERZOLITIC SHERGOTTITE METEORITE,800,2022-10-03,5.119,156.28,WorthPoint
nwa-martian-meteorite,.072 Grams 6x4x1mm Slice Fragment NWA 7397 MARTIAN SHERGOTTITE Mars Meteorite,54,2022-10-03,72,0.75,WorthPoint
nwa-martian-meteorite,.033 Grams 3x3x2mm Wide - NWA 6963 Martian Shergottite Meteorite Mars With COA,14.99,2022-09-29,33,0.45,WorthPoint
nwa-martian-meteorite,.052 Grams 4mm Wide - NWA 6963 Martian Shergottite Meteorite From Mars With COA,19.99,2022-09-29,52,0.38,WorthPoint
nwa-martian-meteorite,"Meteorite**NWA 14607 Martian Shergottite**1.443 Grams, PLANET MARS!! LAST SLICE!",299.99,2022-09-29,1.443,207.89,WorthPoint
nwa-martian-meteorite,"NWA 6963 Martian Shergottite, Shock Melted! 0.272 Grams",50,2022-09-27,0.272,183.82,WorthPoint
nwa-martian-meteorite,"Meteorite**NWA 14607 Martian Shergottite**0.538 Grams, PLANET MARS!! LAST SLICE!",82.77,2022-09-26,0.538,153.85,WorthPoint
nwa-martian-meteorite,NWA 14713 Mars 0.27g Slice Of Martian Lherzolitic Shergottite Meteorite,49,2022-09-24,0.27,181.48,WorthPoint
nwa-martian-meteorite,NWA 4880 MARTIAN Shergottite Meteorite RARE MARS SNC Africa Space Planet IMCA,24.99,2022-09-24,,,WorthPoint
nwa-martian-meteorite,"Rare Meteorite Collection! Pallasite, Diogenite, Lunar, Martian, Carbonaceous!",250,2022-09-23,,,WorthPoint
nwa-martian-meteorite,NWA 15200 (0.244g) Meteorite NEWEST MARTIAN NAKHLITE Fresh Fusion Crust A+ IMCA,186,2022-09-22,0.244,762.3,WorthPoint
nwa-martian-meteorite,NWA 15200 (0.237g) Meteorite NEWEST MARTIAN NAKHLITE Fresh Fusion Crust A+ IMCA,182,2022-09-22,0.237,767.93,WorthPoint
nwa-martian-meteorite,NWA 15200 (0.243g) Meteorite NEWEST MARTIAN NAKHLITE Fresh Fusion Crust A+ IMCA,185,2022-09-22,0.243,761.32,WorthPoint
nwa-martian-meteorite,NWA 15200 (0.186g) Meteorite NEWEST MARTIAN NAKHLITE Fresh Fusion Crust A+ IMCA,143,2022-09-22,0.186,768.82,WorthPoint
nwa-martian-meteorite,"Meteorite**NWA 13276, Martian Poikilitic Sherg.**4.901 Gram Gorgeous Endcut!!!",899.99,2022-09-22,4.901,183.63,WorthPoint
nwa-martian-meteorite,"Meteorite**NWA 14607 Martian Shergottite**6.169 Grams, PLANET MARS!! LAST SLICE!",949.99,2022-09-22,6.169,153.99,WorthPoint
nwa-martian-meteorite,Meteorite**NWA 14899; Martian Olivine Gabbroic Sherg.**4.088 Gram;GOLDEN MARTIAN,799.99,2022-09-22,4.088,195.69,WorthPoint
nwa-martian-meteorite,NWA 15200 (0.434g) Meteorite- NEWEST MARTIAN NAKHLITE Fresh Fusion Crust! A+,328,2022-09-22,0.434,755.76,WorthPoint
nwa-martian-meteorite,NWA 15200 (0.439g) Meteorite- NEWEST MARTIAN NAKHLITE Fresh Fusion Crust! A+,330,2022-09-22,0.439,751.71,WorthPoint
nwa-martian-meteorite,"1.25 Gr SLICE NWA 12269 MARS SHERGOTTITE METEORITE, 2018 RECOVERY",200,2022-09-20,1.25,160,WorthPoint
nwa-martian-meteorite,Mars Solar System,139,2022-09-20,,,WorthPoint
nwa-martian-meteorite,.551 Grams 11x9x2mm NWA 13187 Martian Shergottite Meteorite Fragment Mars + COA,149,2022-09-19,551,0.27,WorthPoint
nwa-martian-meteorite,NWA 15200 (0.347g) Meteorite- NEWEST MARTIAN NAKHLITE Fresh Fusion Crust! (IMCA),242,2022-09-19,0.347,697.41,WorthPoint
nwa-martian-meteorite,"Meteorite**NWA 13366, Martian Peridotitic Sherg.**4.735 Gram Gorgeous Endcut!!",899.99,2022-09-18,4.735,190.07,WorthPoint
nwa-martian-meteorite,Sample #2 - Fragments NWA 6963 Martian Shergottite Meteorite From Mars With COA,7.99,2022-09-17,,,WorthPoint
nwa-martian-meteorite,.046 Grams 4x4x1mm Slice Fragment NWA 7397 MARTIAN SHERGOTTITE Mars Meteorite,28,2022-09-17,46,0.61,WorthPoint
nwa-martian-meteorite,.131 Grams NWA 1110 Martian Shergottite Meteorite From Mars Fragments With A COA,17.99,2022-09-17,131,0.14,WorthPoint
nwa-martian-meteorite,.121 Grams NWA 4878 Martian Shergottite Meteorite Fragments From Mars With COA,14.99,2022-09-17,121,0.12,WorthPoint
nwa-martian-meteorite,NWA 6963 Mars Rock 5-9mg Crumb Martian By Meteorite Men Steve,14.99,2022-09-17,,,WorthPoint
nwa-martian-meteorite,2016 Niue Island Martian Meteorite NWA 6963-1oz. Silver Coin,149.99,2022-09-17,28.35,5.29,WorthPoint
nwa-martian-meteorite,.049 Gram 5x5x2mm Slice NWA 7397 MARTIAN SHERGOTTITE Mars Meteorite With A COA,27.99,2022-09-16,49,0.57,WorthPoint
nwa-martian-meteorite,"Meteorite**NWA 13366, Martian Peridotitic Sherg.**1.440 Gram Gorgeous Slice!!!",349.99,2022-09-13,1.44,243.05,WorthPoint
nwa-martian-meteorite,Meteorite**NWA 14899; Martian Olivine Gabbroic Sherg.**4.387 Gram;GOLDEN MARTIAN,530,2022-09-12,4.387,120.81,WorthPoint
nwa-martian-meteorite,Authentic MARS Meteorite - Nakhlite Martian Meteorite NWA 998 W/COA - RARE!,27.5,2022-09-06,,,WorthPoint
nwa-martian-meteorite,Meteorite**NWA 14899; Martian Olivine Gabbroic Sherg.**0.268 Gram;GOLDEN MARTIAN,48,2022-09-05,0.268,179.1,WorthPoint
nwa-martian-meteorite,"Meteorite**NWA 13276, Martian Poikilitic Sherg.**0.500 Gram Gorgeous Frag. Lot!!",54.75,2022-09-05,0.5,109.5,WorthPoint
nwa-martian-meteorite,"Meteorite**NWA 13366, Martian Peridotitic Sherg.**0.570 Gram Slice, Almost Gone!",60.76,2022-09-05,0.57,106.6,WorthPoint
nwa-martian-meteorite,Martian Meteorite Nwa 12269,36,2022-09-04,,,WorthPoint
nwa-martian-meteorite,Meteorite: Martian Shergottite NWA 7397 Whole Individual 0.535 Grams #507,107,2022-09-02,0.535,200,WorthPoint
nwa-martian-meteorite,Meteorite**NWA 14899; Martian Olivine Gabbroic Sherg.**2.151 Gram;GOLDEN MARTIAN,649.99,2022-08-29,2.151,302.18,WorthPoint
nwa-martian-meteorite,"Meteorite**NWA 13031, Martian Shergottite**2.437 Gram Slice, VERY UNIQUE!!!!",599,2022-08-29,2.437,245.79,WorthPoint
nwa-martian-meteorite,NWA X Martian 1.14g LAST ONE Nakhlite Meteorite Fragment,338,2022-08-27,1.14,296.49,WorthPoint
nwa-martian-meteorite,.122 Grams 5x4x2mm NWA 13237 Martian METEORITE Shergottite Mars - TKW 36.5 Grams,29,2022-08-22,122,0.24,WorthPoint
nwa-martian-meteorite,Meteorite: Martian Shergottite NWA 7397 Whole Individual 0.3 Grams #525,60,2022-08-22,0.3,200,WorthPoint
nwa-martian-meteorite,Martian Meteorite Nwa 12269 + Nwa 7401 El6 Enstatite Chondrite+ Nwa 869,22,2022-08-21,,,WorthPoint
nwa-martian-meteorite,NWA 14713 Mars 0.74g Slice Of Martian Lherzolitic Shergottite Meteorite,173,2022-08-20,0.74,233.78,WorthPoint
nwa-martian-meteorite,NWA 4468 MARTIAN Shergottite Meteorite Mars RARE SNC Planet SPACE IMCA Genuine,24.99,2022-08-20,,,WorthPoint
nwa-martian-meteorite,NWA X Martian 0.30g Lot Of RARE Nakhlite Meteorite Fragments J,27,2022-08-20,0.3,90,WorthPoint
nwa-martian-meteorite,3 Fragments .040 Grams Total NWA 12594 Martian Shergottite Meteorite,12.99,2022-08-20,40,0.32,WorthPoint
nwa-martian-meteorite,.172 Grams 6x5x3mm - NWA 14607 Martian Shergottite Meteorite From Mars With COA,33,2022-08-20,172,0.19,WorthPoint
nwa-martian-meteorite,.272 Grams 8x6x3mm - NWA 14607 Martian Shergottite Meteorite From Mars With COA,41.99,2022-08-17,272,0.15,WorthPoint
nwa-martian-meteorite,"Meteorite**NWA 13276, Martian Poikilitic Sherg.**0.321 Gram Gorgeous Fragment!!!",72,2022-08-15,0.321,224.3,WorthPoint
nwa-martian-meteorite,"Meteorite**NWA 13366, Martian Peridotitic Sherg.**0.574 Gram Gorgeous Slice!!!",139.5,2022-08-15,0.574,243.03,WorthPoint
nwa-martian-meteorite,"Meteorite**NWA 13276, Martian Poikilitic Sherg.**2.074 Gram Gorgeous Slice!!!",549.99,2022-08-13,2.074,265.18,WorthPoint
nwa-martian-meteorite,"Meteorite**NWA 13366, Martian Peridotitic Sherg.**4.422 Gram Gorgeous Slice!!!",899.99,2022-08-13,4.422,203.53,WorthPoint
nwa-martian-meteorite,NWA X Martian 0.33g Fusion Crusted Nakhlite Meteorite Fragment,140.5,2022-08-13,0.33,425.76,WorthPoint
nwa-martian-meteorite,.148 Grams 7mm Fragment Of NWA 1068 MARTIAN SHERGOTTITE METEORITE From Mars,37,2022-08-08,148,0.25,WorthPoint
nwa-martian-meteorite,"Meteorite**NWA 13366, Martian Peridotitic Sherg.**0.821 Gram Gorgeous Slice!!!",82.56,2022-08-08,0.821,100.56,WorthPoint
nwa-martian-meteorite,NWA X Martian 0.10g Lot Of 2 RARE Nakhlite Meteorite Fragment,36,2022-08-06,0.1,360,WorthPoint
nwa-martian-meteorite,NWA X Martian 0.50g Lot Of RARE Nakhlite Meteorite Fragments G,93,2022-08-06,0.5,186,WorthPoint
nwa-martian-meteorite,.111 Grams 6x5x4mm NWA 13237 Martian METEORITE Shergottite Mars - TKW 36.5 Grams,23,2022-08-04,111,0.21,WorthPoint
nwa-martian-meteorite,.026 Grams 3x2x2mm Fragment Of NWA 1068 MARTIAN SHERGOTTITE METEORITE From Mars,9.99,2022-08-01,26,0.38,WorthPoint
nwa-martian-meteorite,.016 Grams 2x2x2mm Fragment Of NWA 1068 MARTIAN SHERGOTTITE METEORITE From Mars,6.99,2022-08-01,16,0.44,WorthPoint
nwa-martian-meteorite,.138 Grams 6x4x3mm NWA 13187 Martian Shergottite Meteorite Fragment- Mars + COA,19.99,2022-07-31,138,0.14,WorthPoint
nwa-martian-meteorite,NWA 13366 GENUINE MARS ROCK 0.274g Martian Part Slice By Meteorite MEN Steve,96.9,2022-07-28,13366,0.01,WorthPoint
nwa-martian-meteorite,Mars Meteorite Nwa 6963 + Meteorite Nwa 11205 Chondrite L5,14,2022-07-26,,,WorthPoint
nwa-martian-meteorite,"Meteorite**NWA 13276, Martian Poikilitic Shergottite**1.248 Gram Gorgeous Slice!",125.5,2022-07-25,1.248,100.56,WorthPoint
nwa-martian-meteorite,Crusted Slice .409 Grams 11x8x3mm NWA 13187 Martian Shergottite Meteorite Mars,82.99,2022-07-24,409,0.2,WorthPoint
nwa-martian-meteorite,.197 Grams 10x4x2mm - NWA 12564 Martian Shergottite Meteorite From Mars With COA,26.99,2022-07-24,197,0.14,WorthPoint
nwa-martian-meteorite,NWA 14713 Mars 0.55g Slice Of Martian Lherzolitic Shergottite Meteorite,105,2022-07-23,0.55,190.91,WorthPoint
nwa-martian-meteorite,NWA X Martian 0.30g Fusion Crusted Nakhlite Meteorite Fragments,70,2022-07-23,0.3,233.33,WorthPoint
nwa-martian-meteorite,.201 Grams Fragments NWA 12564 Martian Shergottite Meteorite From Mars With COA,14.99,2022-07-23,201,0.07,WorthPoint
nwa-martian-meteorite,.008 Grams 3x2x1mm NWA 1110 Martian Shergottite Meteorite From Mars Fragment COA,6,2022-07-23,8,0.75,WorthPoint
nwa-martian-meteorite,Meteorite: Black Beauty Martian Polymict Breccia NWA11921 - 1.355 Grams 579#,4100,2022-07-22,1.355,3025.83,WorthPoint
nwa-martian-meteorite,Meteorite: Black Beauty Martian Polymict Breccia NWA11921 Slice 0.283 Grams 564#,890,2022-07-22,0.283,3144.88,WorthPoint
nwa-martian-meteorite,Meteorite: Martian Shergottite NWA13467 Full Slice 6.633 Grams #559,1660,2022-07-22,6.633,250.26,WorthPoint
nwa-martian-meteorite,.202 Grams 15x3x3mm NWA 13187 Martian Shergottite Meteorite Fragment- Mars + COA,37,2022-07-21,202,0.18,WorthPoint
nwa-martian-meteorite,MUSEUM EDITION -3 MARS ROCK DISPLAY -25mg- MARTIAN METEORITE-Jumbo Display+Easel,29.95,2022-07-20,,,WorthPoint
nwa-martian-meteorite,"Meteorite**NWA 13276, Martian Poikilitic Sherg.**0.289 Gram Gorgeous Fragment!!!",104.5,2022-07-18,0.289,361.59,WorthPoint
nwa-martian-meteorite,Meteorite**NWA 14899; Martian Olivine Gabbroic Sherg.**0.333 Gram;GOLDEN MARTIAN,56,2022-07-18,0.333,168.17,WorthPoint
nwa-martian-meteorite,.277 Grams 8x7x2mm - NWA 12564 Martian Shergottite Meteorite From Mars With COA,36.99,2022-07-17,277,0.13,WorthPoint
nwa-martian-meteorite,Fragment .017 Grams 2x2x2mm NWA 12594 Martian Shergottite Meteorite,6.99,2022-07-16,17,0.41,WorthPoint
nwa-martian-meteorite,NWA X Martian 0.07g RARE Fusion Crusted Nakhlite Meteorite Fragment,33,2022-07-16,0.07,471.43,WorthPoint
nwa-martian-meteorite,NWA X Martian 0.35g Nakhlite Internal Meteorite Fragment,99.6,2022-07-16,0.35,284.57,WorthPoint
nwa-martian-meteorite,Super Rare - 0.121 Gram NWA 7034 METEORITE Slice -Martian (polymict Breccia),600,2022-07-14,0.121,4958.68,WorthPoint
nwa-martian-meteorite,"Meteorite**NWA 13366, Martian Peridotitic Sherg.**1.877 Gram Gorgeous Slice!!!",140,2022-07-11,1.877,74.59,WorthPoint
nwa-martian-meteorite,NWA X Martian 0.27g RARE Fusion Crusted Nakhlite Meteorite Frag,163,2022-07-10,0.27,603.7,WorthPoint
nwa-martian-meteorite,"Meteorite**NWA 13366, Martian Peridotitic Sherg.**2.802 Gram Gorgeous Slice!!!",499.99,2022-07-09,2.802,178.44,WorthPoint
nwa-martian-meteorite,NWA 14713 Mars 1.20g Slice Of Martian Lherzolitic Shergottite Meteorite,215,2022-07-09,1.2,179.17,WorthPoint
nwa-martian-meteorite,NWA X Martian 0.39g Fusion Crusted Nakhlite Meteorite Fragments,100,2022-07-09,0.39,256.41,WorthPoint
nwa-martian-meteorite,Crusted Fragment .122 Grams 5x5x4mm NWA 12594 Martian Shergottite Meteorite,57,2022-07-08,122,0.47,WorthPoint
nwa-martian-meteorite,Crusted Fragment .100 Grams 5x4x3mm NWA 12594 Martian Shergottite Meteorite,55,2022-07-08,100,0.55,WorthPoint
nwa-martian-meteorite,Fragment .073 Grams 4x3x3mm NWA 12594 Martian Shergottite Meteorite,20,2022-07-06,73,0.27,WorthPoint
nwa-martian-meteorite,"VERY UNIQUE Martian Meteorite NWA 13031 Shergottite, 0.476 G Slice From MARS!",149,2022-07-03,0.476,313.03,WorthPoint
nwa-martian-meteorite,NWA X Martian 0.14g RARE Nakhlite Meteorite Fragment,64,2022-07-02,0.14,457.14,WorthPoint
nwa-martian-meteorite,NWA 14713 Mars 0.96g Slice Of Martian Lherzolitic Shergottite Meteorite,175,2022-07-02,0.96,182.29,WorthPoint
nwa-martian-meteorite,NWA 14713 Mars 0.30g Slice Of Martian Lherzolitic Shergottite Meteorite,60,2022-07-02,0.3,200,WorthPoint
nwa-martian-meteorite,NWA X Martian 0.65g RARE Fusion Crusted Nakhlite Meteorite Frag,299,2022-07-02,0.65,460,WorthPoint
nwa-martian-meteorite,NWA X Martian 0.11g RARE Fusion Crusted Nakhlite Meteorite Frag,50,2022-07-02,0.11,454.55,WorthPoint
nwa-martian-meteorite,Meteorite: Martian Shergottite Olivine Gabbroic NWA13938 Full Slice 0.328gr #441,65,2022-06-30,0.328,198.17,WorthPoint
nwa-martian-meteorite,NWA X Martian 0.19g RARE Fusion Crusted Nakhlite Meteorite Frag,99,2022-06-30,0.19,521.05,WorthPoint
nwa-martian-meteorite,Meteorite: Martian Fine-grained Gabbroic Shergottite NWA13467 Slice 0.057gr #451,19,2022-06-29,0.057,333.33,WorthPoint
nwa-martian-meteorite,Meteorite: Martian Olivine-phyric Shergottite NWA13775 Full Slice 0.173gr #446,35,2022-06-29,0.173,202.31,WorthPoint
nwa-martian-meteorite,"Meteorite**NWA 2737, MARTIAN CHASSIGINITE**0.168 Grams Slice, THE MOST RARE!!!!!",256,2022-06-29,0.168,1523.81,WorthPoint
nwa-martian-meteorite,Meteorite**NWA 14899; Martian Olivine Gabbroic Sherg.**0.296 Gram;GOLDEN MARTIAN,41,2022-06-29,0.296,138.51,WorthPoint
nwa-martian-meteorite,NWA X Martian 0.92g RARE Fusion Crusted Nakhlite Meteorite Frag,423,2022-06-25,0.92,459.78,WorthPoint
nwa-martian-meteorite,NWA X Martian 0.06g RARE Fusion Crusted Nakhlite Meteorite Frag,43,2022-06-25,0.06,716.67,WorthPoint
nwa-martian-meteorite,Meteorite**NWA 14899; Martian Olivine Gabbroic Sherg.**0.585 Gram;GOLDEN MARTIAN,71,2022-06-22,0.585,121.37,WorthPoint
nwa-martian-meteorite,"Meteorite**NWA 2737, MARTIAN CHASSIGINITE**0.086 Grams Frag., THE MOST RARE!!!!!",168.5,2022-06-22,0.086,1959.3,WorthPoint
nwa-martian-meteorite,"Meteorite**NWA 13031, Martian Shergottite**0.476 Gram Slice, VERY UNIQUE!!!!",68,2022-06-22,0.476,142.86,WorthPoint
nwa-martian-meteorite,"Meteorite**NWA 13366, Martian Peridotitic Sherg.**1.515 Gram Gorgeous Slice!!!",132.5,2022-06-22,1.515,87.46,WorthPoint
nwa-martian-meteorite,Crusted Fragment .061 Grams 5x3x2mm NWA 12594 Martian Shergottite Meteorite,34,2022-06-19,61,0.56,WorthPoint
nwa-martian-meteorite,NWA 14713 Mars 0.17g Slice Of Martian Lherzolitic Shergottite Meteorite,45,2022-06-19,0.17,264.71,WorthPoint
nwa-martian-meteorite,.027 Grams 4mm NWA 13237 Martian METEORITE Shergottite Mars - TKW 36.5 Grams,11.99,2022-06-19,27,0.44,WorthPoint
nwa-martian-meteorite,.017 Grams 2x2x2mm Fragment Of NWA 1068 MARTIAN SHERGOTTITE METEORITE From Mars,6.99,2022-06-18,17,0.41,WorthPoint
nwa-martian-meteorite,Sample #3 - Fragments NWA 6963 Martian Shergottite Meteorite From Mars With COA,8.99,2022-06-18,,,WorthPoint
nwa-martian-meteorite,NWA X Martian 0.57g RARE Nakhlite Meteorite Fragment,199,2022-06-18,0.57,349.12,WorthPoint
nwa-martian-meteorite,2.8g Martian Shergottite Meteorite - NWA 14269 - IMCA #3950,308,2022-06-18,2.8,110,WorthPoint
nwa-martian-meteorite,0.34 Gram - NWA 6963 Martian Meteorite Fragment (Shergottite),119,2022-06-18,0.34,350,WorthPoint
nwa-martian-meteorite,.008 Grams 2x2x1mm NWA 13237 Martian METEORITE Shergottite Mars Low TKW 35.5gram,6,2022-06-16,8,0.75,WorthPoint
nwa-martian-meteorite,Meteorite**NWA 14899; Martian Olivine Gabbroic Sherg.**0.764 Gram;GOLDEN MARTIAN,169.99,2022-06-13,0.764,222.5,WorthPoint
nwa-martian-meteorite,.277 Grams 8x6x2mm - NWA 12564 Martian Shergottite Meteorite From Mars With COA,37.99,2022-06-13,277,0.14,WorthPoint
nwa-martian-meteorite,Meteorite**NWA 14899; Martian Olivine Gabbroic Sherg.**1.211 Gram;GOLDEN MARTIAN,142.5,2022-06-13,1.211,117.67,WorthPoint
nwa-martian-meteorite,NWA X Martian 0.62g RARE Fusion Crusted Nakhlite Meteorite Frag,377,2022-06-12,0.62,608.06,WorthPoint
nwa-martian-meteorite,NWA X Martian 0.16g RARE Fusion Crusted Nakhlite Meteorite Frag,98,2022-06-12,0.16,612.5,WorthPoint
nwa-martian-meteorite,.0614 Grams 5mm NWA 4878 Martian Shergottite Meteorite Fragment From Mars,28,2022-06-10,614,0.05,WorthPoint
nwa-martian-meteorite,.354 Grams 9x7x3mm - NWA 14607 Martian Shergottite Meteorite From Mars With COA,47.99,2022-06-07,354,0.14,WorthPoint
nwa-martian-meteorite,.057 Grams 4mm NWA 1110 Martian Shergottite Meteorite From Mars Fragment W/COA,27,2022-06-06,57,0.47,WorthPoint
nwa-martian-meteorite,.074 Grams 7x4x2mm Slice Fragment NWA 7397 MARTIAN SHERGOTTITE Mars Meteorite,48,2022-06-06,74,0.65,WorthPoint
nwa-martian-meteorite,"Meteorite**NWA 13366, Martian Peridotitic Sherg.**0.957 Gram Gorgeous Slice!!!",158.05,2022-06-06,0.957,165.15,WorthPoint
nwa-martian-meteorite,"Meteorite**NWA 13276, Martian Poikilitic Shergottite**1.228 Gram Gorgeous Slice!",168.5,2022-06-06,1.228,137.21,WorthPoint
nwa-martian-meteorite,Meteorite**NWA 14899; Martian Olivine Gabbroic Sherg.**0.215 Gram;GOLDEN MARTIAN,29,2022-06-06,0.215,134.88,WorthPoint
nwa-martian-meteorite,.099 Grams 7x5x1mm Slice Fragment NWA 7397 MARTIAN SHERGOTTITE Mars Meteorite,50,2022-06-05,99,0.51,WorthPoint
nwa-martian-meteorite,.009 Grams 2x2x1mm NWA 13237 Martian METEORITE Shergottite Mars Low TKW 35.5gram,6,2022-06-04,9,0.67,WorthPoint
nwa-martian-meteorite,Mars Rock - Nakhlite Martian Meteorite Authentic With COA,29.95,2022-05-29,,,WorthPoint
nwa-martian-meteorite,.459 Grams 10x8x3mm - NWA 14607 Martian Shergottite Meteorite From Mars With COA,59.99,2022-05-28,459,0.13,WorthPoint
nwa-martian-meteorite,"Meteorite**NWA 13031, Martian Shergottite**4.620 Gram Slice, VERY UNIQUE!!!!",1299.99,2022-05-27,4.62,281.38,WorthPoint
nwa-martian-meteorite,.594 Grams NWA 13227 Martian 12x10x3mm METEORITE Shergottite Mars - With COA,89.99,2022-05-27,594,0.15,WorthPoint
nwa-martian-meteorite,"Meteorite**NWA 13366, Martian Peridotitic Sherg.**4.114 Gram Gorgeous Slice!!!",899.99,2022-05-24,4.114,218.76,WorthPoint
nwa-martian-meteorite,Meteorite**NWA 14899; Martian Olivine Gabbroic Sherg.**6.340 Gram;GOLDEN MARTIAN,1199.99,2022-05-24,6.34,189.27,WorthPoint
nwa-martian-meteorite,"Meteorite**NWA 13366, Martian Peridotitic Sherg.**1.196 Gram Gorgeous Slice!!!",199.99,2022-05-23,1.196,167.22,WorthPoint
nwa-martian-meteorite,"Meteorite**NWA 13366, Martian Peridotitic Sherg.**3.770 Gram Gorgeous Endcut!!",749.99,2022-05-23,3.77,198.94,WorthPoint
nwa-martian-meteorite,Meteorite**NWA 14899; Martian Olivine Gabbroic Sherg.**0.269 Gram;GOLDEN MARTIAN,92,2022-05-23,0.269,342.01,WorthPoint
nwa-martian-meteorite,Meteorite**NWA 14899; Martian Olivine Gabbroic Sherg.**1.062 Gram;GOLDEN MARTIAN,282,2022-05-23,1.062,265.54,WorthPoint
nwa-martian-meteorite,"Meteorite**NWA 13366, Martian Peridotitic Sherg.**1.164 Gram Gorgeous Slice!!!",111.5,2022-05-23,1.164,95.79,WorthPoint
nwa-martian-meteorite,.305 Grams NWA 13227 Martian 10x4x3mm METEORITE Shergottite Mars - With COA,59.99,2022-05-19,305,0.2,WorthPoint
nwa-martian-meteorite,.121 Grams 6mm Fragment Of NWA 1068 MARTIAN SHERGOTTITE METEORITE From Mars,36.99,2022-05-18,121,0.31,WorthPoint
nwa-martian-meteorite,.145 Grams 7x4x3mm - NWA 12564 Martian Shergottite Meteorite From Mars With COA,33,2022-05-16,145,0.23,WorthPoint
nwa-martian-meteorite,"Meteorite**NWA 13366, Martian Peridotitic Sherg.**0.366 Gram Gorgeous Slice!!!",36,2022-05-16,0.366,98.36,WorthPoint
nwa-martian-meteorite,"Meteorite**NWA 13276, Martian Poikilitic Shergottite**0.339 Gram Gorgeous Frag.!",31.17,2022-05-16,0.339,91.95,WorthPoint
nwa-martian-meteorite,Meteorite: Martian Shergottite *Classification Pending* 6.67 Grams + COA,610,2022-05-15,6.67,91.45,WorthPoint
nwa-martian-meteorite,"Meteorite**NWA 13276, Martian Poikilitic Shergottite**0.513 Gram Gorgeous Slice!",139.99,2022-05-15,0.513,272.88,WorthPoint
nwa-martian-meteorite,.063 Grams 4x4x3mm Wide - NWA 6963 Martian Shergottite Meteorite Mars With COA,23.99,2022-05-11,63,0.38,WorthPoint
nwa-martian-meteorite,.191 Grams Fragments NWA 13237 Martian METEORITE Shergottite Mars TKW 36.5 Grams,39.99,2022-05-08,191,0.21,WorthPoint
nwa-martian-meteorite,.059 Grams 4mm Fragment Of NWA 1068 MARTIAN SHERGOTTITE METEORITE From Mars,17.99,2022-05-08,59,0.3,WorthPoint
nwa-martian-meteorite,.069 Gram 6x5x2mm Crusted Side Slice NWA 7397 MARTIAN SHERGOTTITE Mars Meteorite,42.99,2022-05-07,69,0.62,WorthPoint
nwa-martian-meteorite,.124 Grams 7x6x2mm - NWA 12564 Martian Shergottite Meteorite From Mars With COA,19.99,2022-05-07,124,0.16,WorthPoint
nwa-martian-meteorite,"Meteorite**NWA 13031, Martian Shergottite**0.607 Gram Slice, VERY UNIQUE!!!!",179.99,2022-05-07,0.607,296.52,WorthPoint
nwa-martian-meteorite,NWA 6550 Official Meteorite - LL3.7 Type 3 Chondrite - G065-0206 - 1.60g W/COA,9.5,2022-05-04,1.6,5.94,WorthPoint
nwa-martian-meteorite,Martian Meteorite Slice - 0.62 Gram Of NWA 13366 - Mars Shergottite,350,2022-04-30,0.62,564.52,WorthPoint
nwa-martian-meteorite,.113 Grams 6x5x4mm NWA 4878 Martian Shergottite Meteorite Fragment From Mars,44,2022-04-29,113,0.39,WorthPoint
nwa-martian-meteorite,"Meteorite**NWA 13276, Martian Poikilitic Shergottite**0.227 Gram Gorgeous Frag.!",39.99,2022-04-26,0.227,176.17,WorthPoint
nwa-martian-meteorite,"Meteorite**NWA 13276, Martian Poikilitic Shergottite**1.342 Gram Gorgeous Slice!",125.05,2022-04-26,1.342,93.18,WorthPoint
nwa-martian-meteorite,"Meteorite**NWA 13031, Martian Shergottite**0.637 Gram Slice, VERY UNIQUE!!!!",117.5,2022-04-26,0.637,184.46,WorthPoint
nwa-martian-meteorite,Real Mars Meteorite Necklace (From Martian Meteorite NWA 6963) In 18k Rose Gold,209.95,2022-04-24,,,WorthPoint
nwa-martian-meteorite,"Meteorite**NWA 13276, Martian Poikilitic Shergottite**0.410 Gram Gorgeous Slice!",120,2022-04-21,0.41,292.68,WorthPoint
nwa-martian-meteorite,2016 Niue 1$ Mars Martian Meteorite NWA 6963 1oz Silver Coin W/box & COA,200,2022-04-21,28.35,7.05,WorthPoint
nwa-martian-meteorite,2 Space Collectible Mars & Moon Rock Martian Meteorite 4468 11788 W/ Stands &COA,31.95,2022-04-20,,,WorthPoint
nwa-martian-meteorite,"Meteorite**NWA 14607 Martian Shergottite**1.467 Grams Slice, PLANET MARS!!! NEW!",299.99,2022-04-19,1.467,204.49,WorthPoint
nwa-martian-meteorite,NWA 11201 Official Meteorite LL4-S3-W2 Chondrite - G682-0009 - 21.87g COA - End,99.95,2022-04-18,21.87,4.57,WorthPoint
nwa-martian-meteorite,NWA 11201 Official Meteorite LL4-S3-W2 Chondrite - G682-0011 - 5.73g COA - Frag,49.95,2022-04-18,5.73,8.72,WorthPoint
nwa-martian-meteorite,"Meteorite**NWA 13276, Martian Poikilitic Shergottite**0.645 Gram Gorgeous Slice!",179.99,2022-04-16,0.645,279.05,WorthPoint
nwa-martian-meteorite,Meteorite NWA 6963 Achondrite Martian Shergottite - G201-0451 - Micro - Fragment,5.5,2022-04-16,,,WorthPoint
nwa-martian-meteorite,.403 Grams 15x5x3mm - NWA 12564 Martian Shergottite Meteorite From Mars With COA,99.99,2022-04-15,403,0.25,WorthPoint
nwa-martian-meteorite,"Meteorite**NWA 13276, Martian Poikilitic Sherg.**0.376 Gram Gorgeous Slice!!!",99.99,2022-04-13,0.376,265.93,WorthPoint
nwa-martian-meteorite,"Meteorite**NWA 13031, Martian Shergottite**0.319 Gram Slice, VERY UNIQUE!!!!",99.99,2022-04-13,0.319,313.45,WorthPoint
nwa-martian-meteorite,Meteorite NWA 6963 Achondrite Martian Shergottite - G201-0447 - Micro - Fragment,7.5,2022-04-10,,,WorthPoint
nwa-martian-meteorite,"Mars! NWA 14269, Martian Meteorite 17.13g, Full Slice",2550,2022-04-07,17.13,148.86,WorthPoint
nwa-martian-meteorite,"Meteorite**NWA 14607 Martian Shergottite**0.963 Grams Slice, PLANET MARS!!! NEW!",169.78,2022-04-06,0.963,176.3,WorthPoint
nwa-martian-meteorite,"Meteorite**NWA 2737, MARTIAN CHASSIGINITE**0.228 Grams Slice, THE MOST RARE!!!!!",256.51,2022-04-06,0.228,1125.04,WorthPoint
nwa-martian-meteorite,Meteorite: NWA 14713 Martian Shergottite Polished Slice 9.11 Grams + COA,665,2022-04-02,9.11,73,WorthPoint
nwa-martian-meteorite,.029 Grams 6mm Wide - NWA 6963 Martian Shergottite Meteorite From Mars With COA,9.99,2022-03-30,29,0.34,WorthPoint
nwa-martian-meteorite,"Meteorite**NWA 14607 Martian Shergottite**0.197 Grams Slice, PLANET MARS!!! NEW!",22.5,2022-03-28,0.197,114.21,WorthPoint
nwa-martian-meteorite,"Meteorite**NWA 13031, Martian Shergottite**0.681 Gram Slice, VERY UNIQUE!!!!",134.98,2022-03-28,0.681,198.21,WorthPoint
nwa-martian-meteorite,.226 Grams NWA 13227 Martian 8x6x3mm METEORITE Shergottite Mars - With COA,41.99,2022-03-26,226,0.19,WorthPoint
nwa-martian-meteorite,.246 Grams NWA 13227 Martian 6x6x3mm METEORITE Shergottite Mars - With COA,44.99,2022-03-26,246,0.18,WorthPoint
nwa-martian-meteorite,NWA 12335 Martian Meteorite,87500,2022-03-25,,,WorthPoint
nwa-martian-meteorite,.088 Grams 6x5x1mm Slice Fragment NWA 7397 MARTIAN SHERGOTTITE Mars Meteorite,48,2022-03-24,88,0.55,WorthPoint
nwa-martian-meteorite,.059 Grams 7x6x1mm Wide - NWA 6963 Martian Shergottite Meteorite Mars With COA,17.99,2022-03-24,59,0.3,WorthPoint
nwa-martian-meteorite,.075 Grams 5x4x4mm - NWA 6963 Martian Shergottite Meteorite From Mars With COA,35.99,2022-03-24,75,0.48,WorthPoint
nwa-martian-meteorite,Meteorite NWA 1950 Achondrite Martian Lherzolite - 1950-0014 - 0.11g Part Slice,109.95,2022-03-22,0.11,999.55,WorthPoint
nwa-martian-meteorite,.048 Grams 4mm NWA 13237 Martian METEORITE Shergottite Mars - TKW 36.5 Grams,19.99,2022-03-21,48,0.42,WorthPoint
nwa-martian-meteorite,MARTIAN CHASSIGNITE - NWA 6737 MARS METEORITE W/COA - Found In Morocco 2000,39,2022-03-21,,,WorthPoint
nwa-martian-meteorite,"Meteorite**NWA 14607 Martian Shergottite**1.003 Grams Slice, PLANET MARS!!! NEW!",128.05,2022-03-21,1.003,127.67,WorthPoint
nwa-martian-meteorite,"Meteorite**NWA 2737, MARTIAN CHASSIGINITE**0.181 Grams Slice, THE MOST RARE!!!!!",699.99,2022-03-14,0.181,3867.35,WorthPoint
nwa-martian-meteorite,"MARS! NWA 13366, 2.9g Martian Meteorite. End Cut, Polished",398.58,2022-03-14,2.9,137.44,WorthPoint
nwa-martian-meteorite,.037 Grams 4mm Wide - NWA 6963 Martian Shergottite Meteorite From Mars With COA,11,2022-03-11,37,0.3,WorthPoint
nwa-martian-meteorite,.042 Grams 7mm Wide - NWA 6963 Martian Shergottite Meteorite From Mars With COA,11.99,2022-03-11,42,0.29,WorthPoint
nwa-martian-meteorite,Crusted .069 Grams 4x4x3mm NWA 12594 Martian Shergottite Meteorite,14.99,2022-03-10,69,0.22,WorthPoint
nwa-martian-meteorite,NWA 7778 Official Meteorite LL4-6 Chondrite - G344-0017 - 0.22g COA - Very Rare,6.95,2022-03-10,0.22,31.59,WorthPoint
nwa-martian-meteorite,.485 Grams NWA 13227 Martian 8x6x3mm METEORITE Shergottite Mars - With COA,79.99,2022-03-09,485,0.16,WorthPoint
nwa-martian-meteorite,"Meteorite**NWA 2737, 4XMARTIAN CHASSIGINITE**,WIEGHT AT 11.78g Extremely Rare!",9,2022-03-08,11.78,0.76,WorthPoint
nwa-martian-meteorite,"NEW! NWA 12564 MARTIAN, Shergottite (aphyric, Diabasic) Part Slice, 0.38 Grams",94.99,2022-03-07,0.38,249.97,WorthPoint
nwa-martian-meteorite,"Meteorite**NWA 14607 Martian Shergottite**0.997 Grams Slice, PLANET MARS!!! NEW!",192.5,2022-03-07,0.997,193.08,WorthPoint
nwa-martian-meteorite,"MARS! NWA 13366, 2.3g Martian Meteorite. End Cut, Polished",306.99,2022-03-07,2.3,133.47,WorthPoint
nwa-martian-meteorite,MARTIAN SHERGOTTITE - NWA 13716 MARS METEORITE - ONLY 53.5g TKW - Africa 2020,39,2022-03-03,53.5,0.73,WorthPoint
nwa-martian-meteorite,.241 Grams 9x8x3mm - NWA 14607 Martian Shergottite Meteorite From Mars With COA,62.99,2022-03-03,241,0.26,WorthPoint
nwa-martian-meteorite,.110 Grams 5mm Fragment Of NWA 1068 MARTIAN SHERGOTTITE METEORITE From Mars,27,2022-03-03,110,0.25,WorthPoint
nwa-martian-meteorite,"Meteorite**NWA 14607 Martian Shergottite**2.185 Grams Slice, PLANET MARS!!! NEW!",399.99,2022-02-28,2.185,183.06,WorthPoint
nwa-martian-meteorite,"Meteorite**NWA 2737, MARTIAN CHASSIGINITE**0.014 Grams Slice, THE MOST RARE!!!!!",49,2022-02-28,0.014,3500,WorthPoint
nwa-martian-meteorite,"Meteorite**NWA 14607 Martian Shergottite**0.617 Grams Slice, PLANET MARS!!! NEW!",101.99,2022-02-28,0.617,165.3,WorthPoint
nwa-martian-meteorite,Meteorite NWA 6963 Achondrite Martian Shergottite - G201-0424 - 0.01g - Fragment,6.9,2022-02-26,,,WorthPoint
nwa-martian-meteorite,0.75 Gram - NWA 6963 Martian Shergottite Meteorite - 2011 Find From Morocco,151.2,2022-02-24,0.75,201.6,WorthPoint
nwa-martian-meteorite,Meteorite NWA 6963 Achondrite Martian Shergottite - G201-0404 - 0.63g - Crusted,188.95,2022-02-24,0.63,299.92,WorthPoint
nwa-martian-meteorite,23.5 Gram - NWA 12564 Martian Meteorite - Thin Slice - Shergottite Specimen,1880,2022-02-24,23.5,80,WorthPoint
nwa-martian-meteorite,"Meteorite**NWA 14607 Martian Shergottite**1.647 Grams Slice, PLANET MARS!!! NEW!",299.99,2022-02-23,1.647,182.14,WorthPoint
nwa-martian-meteorite,"Meteorite**NWA 2737, MARTIAN CHASSIGINITE**0.370 Grams Slice, THE MOST RARE!!!!!",720,2022-02-22,0.37,1945.95,WorthPoint
nwa-martian-meteorite,"Meteorite**NWA 14607 Martian Shergottite**1.998 Grams Slice, PLANET MARS!!! NEW!",229.5,2022-02-22,1.998,114.86,WorthPoint
nwa-martian-meteorite,"Meteorite**NWA 2737, MARTIAN CHASSIGINITE**0.050 Grams Slice, THE MOST RARE!!!!!",81,2022-02-22,0.05,1620,WorthPoint
nwa-martian-meteorite,Crusted Fragment .357 Grams 10x7x3mm NWA 12594 Martian Shergottite Meteorite,149,2022-02-17,357,0.42,WorthPoint
nwa-martian-meteorite,NWA 2046 Meteorite Fragment Found 2003 Martian Shergottite TKW 63 Grams,35,2022-02-17,63,0.56,WorthPoint
nwa-martian-meteorite,Authentic Mars Nakhlite Martian Meteorite Rock NWA 998 COA,17.5,2022-02-17,,,WorthPoint
nwa-martian-meteorite,0.19 Gram - NWA 6963 Martian Shergottite Meteorite - 2011 Find From Morocco,39.2,2022-02-16,0.19,206.32,WorthPoint
nwa-martian-meteorite,.041 Grams 4x3x2mm NWA 1110 Martian Shergottite Meteorite From Mars Fragment COA,19,2022-02-16,41,0.46,WorthPoint
nwa-martian-meteorite,.081 Grams 4mm Fragment Of NWA 1068 MARTIAN SHERGOTTITE METEORITE From Mars,22,2022-02-16,81,0.27,WorthPoint
nwa-martian-meteorite,Own Mars!! NWA 11220 Black Beauty Martian Meteorite Part Slice In Display Box,77,2022-02-14,,,WorthPoint
nwa-martian-meteorite,NWA 7518 Official Meteorite LL4-W2 Chondrite - G248-0065 - 1.11g COA - PartSlice,16.95,2022-02-13,1.11,15.27,WorthPoint
nwa-martian-meteorite,"Meteorite**NWA 2737, MARTIAN CHASSIGINITE**0.772 Grams Slice, THE MOST RARE!!!!!",2999.99,2022-02-13,0.772,3886,WorthPoint
nwa-martian-meteorite,Meteorite NWA 6963 Achondrite Martian Shergottite - G201-0419 - 0.01g - Fragment,6.83,2022-02-12,,,WorthPoint
nwa-martian-meteorite,"Meteorite**NWA 14607 Martian Shergottite**0.921 Grams Slice, PLANET MARS!!! NEW!",189.99,2022-02-11,0.921,206.29,WorthPoint
nwa-martian-meteorite,.430 Grams 10x9x2mm NWA 13187 Martian Shergottite Meteorite Fragment- Mars + COA,79,2022-02-10,430,0.18,WorthPoint
nwa-martian-meteorite,0.09 Gram - NWA 6963 Martian Shergottite Meteorite - 2011 Find From Morocco,29,2022-02-09,0.09,322.22,WorthPoint
nwa-martian-meteorite,Rare MOON & MARS Genuine Meteorite Set Lunar Martian NWA 5000 & NWA 1110 IMCA,249.99,2022-02-08,,,WorthPoint
nwa-martian-meteorite,0.08 Gram - NWA 6963 Martian Shergottite Meteorite - 2011 Find From Morocco,25,2022-02-08,0.08,312.5,WorthPoint
nwa-martian-meteorite,NWA 7778 Official Meteorite LL4-6 Chondrite - G344-0015 - 0.21g COA - Very Rare,6.95,2022-02-07,0.21,33.1,WorthPoint
nwa-martian-meteorite,"Martian Meteorite NWA 13187 Shergottite FULL 28g Slice, Real Piece Of Mars!",2790,2022-02-03,28,99.64,WorthPoint
nwa-martian-meteorite,NWA 14269 Martian Shergottite Meteorite - 4.0g - OWN A PIECE OF MARS! IMCA #3950,445,2022-01-31,4,111.25,WorthPoint
nwa-martian-meteorite,"Meteorite**NWA 14607 Martian Shergottite**32.585 Grams Endcut, PLANET MARS!!!",5999.99,2022-01-31,32.585,184.13,WorthPoint
nwa-martian-meteorite,"Meteorite**NWA 14607 Martian Shergottite**1.761 Grams Slice, PLANET MARS!!! NEW!",325,2022-01-31,1.761,184.55,WorthPoint
nwa-martian-meteorite,"Meteorite**NWA 14607 Martian Shergottite**0.640 Grams Slice, PLANET MARS!!! NEW!",104.5,2022-01-31,0.64,163.28,WorthPoint
nwa-martian-meteorite,"Meteorite**NWA 14607 Martian Shergottite**5.212 Grams Slice, PLANET MARS!!! NEW!",699.99,2022-01-31,5.212,134.3,WorthPoint
nwa-martian-meteorite,"Meteorite**NWA 14607 Martian Shergottite**1.711 Grams Slice, PLANET MARS!!! NEW!",299.99,2022-01-26,1.711,175.33,WorthPoint
nwa-martian-meteorite,.284 Grams 9x6x2mm NWA 13187 Martian Shergottite Meteorite Fragment - Mars + COA,42,2022-01-26,284,0.15,WorthPoint
nwa-martian-meteorite,.598 Grams 12x9x2mm NWA 13187 Martian Shergottite Meteorite Fragment- Mars + COA,99,2022-01-23,598,0.17,WorthPoint
nwa-martian-meteorite,"Meteorite**NWA 13366, Martian Peridotitic Shergottite**9.167 Gram, Individual!!",1899.99,2022-01-21,9.167,207.26,WorthPoint
nwa-martian-meteorite,.109 Grams 7x3x3mm NWA 13187 Martian Shergottite Meteorite Fragment- Mars + COA,23.99,2022-01-20,109,0.22,WorthPoint
nwa-martian-meteorite,NWA 7919 Achondrite Diogenite Meteorite - Official - G375-0007 - 0.07g VERY RARE,9.95,2022-01-20,0.07,142.14,WorthPoint
nwa-martian-meteorite,0.13 Gram - NWA 6963 Martian Shergottite Meteorite - 2011 Find From Morocco,25.6,2022-01-19,0.13,196.92,WorthPoint
nwa-martian-meteorite,0.15 Gram - NWA 6963 Martian Shergottite Meteorite - 2011 Find From Morocco,32,2022-01-17,0.15,213.33,WorthPoint
nwa-martian-meteorite,"2.0 Gram NWA 12262 METEORITE - Specimen - Martian (shergottite, Diabasic)",239.2,2022-01-16,2,119.6,WorthPoint
nwa-martian-meteorite,NWA 13187 1.41g Martian Meteorite Slice Of Shergottite Sweetness,150,2022-01-15,1.41,106.38,WorthPoint
nwa-martian-meteorite,.248 Grams NWA 13227 Martian 8x4x3mm METEORITE Shergottite Mars - With COA,46,2022-01-15,248,0.19,WorthPoint
nwa-martian-meteorite,.024 Grams 3x3x2mm NWA 13237 Martian METEORITE Shergottite Mars Low TKW 35.5gram,7,2022-01-15,24,0.29,WorthPoint
nwa-martian-meteorite,Fragment .044 Grams 4x3x3mm NWA 12594 Martian Shergottite Meteorite,15.99,2022-01-13,44,0.36,WorthPoint
nwa-martian-meteorite,.042 Grams NWA 13227 Martian 5x3x2mm METEORITE Shergottite Mars - With COA,14.99,2022-01-13,42,0.36,WorthPoint
nwa-martian-meteorite,NWA 13187 0.92g Martian Meteorite Slice Of Shergottite Sweetness,99,2022-01-08,0.92,107.61,WorthPoint
nwa-martian-meteorite,.311 Grams 10x6x2mm NWA 13187 Martian Shergottite Meteorite Fragment- Mars + COA,48,2022-01-06,311,0.15,WorthPoint
nwa-martian-meteorite,Niue 2017 1 Oz Silver Coin With MARS NWA 7397 Meteorite - Solar System Series,175,2022-01-02,28.35,6.17,WorthPoint
nwa-martian-meteorite,Niue 1 Dollar Space Series Martian Meteorite NWA 6963 Silver Coin 2016 W Box+COA,149.95,2022-01-01,,,WorthPoint
nwa-martian-meteorite,Sample #2 - 2mm Wide - NWA 6963 Martian Shergottite Meteorite From Mars With COA,8.99,2021-12-31,,,WorthPoint
nwa-martian-meteorite,2017 Heliocentric Theory Johannes Kepler 1 Oz Silver Coin 1000 Francs,169.99,2021-12-27,28.35,6,WorthPoint
nwa-martian-meteorite,NWA 11201 Official Meteorite LL4-S3-W2 Chondrite - G682-0010 - 5.26g COA - Slice,49.95,2021-12-26,5.26,9.5,WorthPoint
nwa-martian-meteorite,.023 Grams 3x3x2mm NWA 13237 Martian METEORITE Shergottite Mars Low TKW 35.5gram,7.49,2021-12-26,23,0.33,WorthPoint
nwa-martian-meteorite,.134 Grams Fragments NWA 13237 Martian METEORITE Shergottite Mars TKW 36.5 Grams,32.99,2021-12-23,134,0.25,WorthPoint
nwa-martian-meteorite,Meteorite NWA 6963 Achondrite Martian Shergottite - G201-0399 - 0.05g - Cut Frag,6.8,2021-12-22,0.05,136,WorthPoint
nwa-martian-meteorite,MUSEUM EDITION - 3 MARS ROCK DISPLAY - MARTIAN METEORITE - Jumbo Display+Easel,27.95,2021-12-20,,,WorthPoint
nwa-martian-meteorite,Heart-shaped Martian Shergottite 1.2g Meteorite - NWA 14269 - IMCA #3950,125,2021-12-20,1.2,104.17,WorthPoint
nwa-martian-meteorite,0.36 Gram - NWA 6963 Martian Shergottite Meteorite - 2011 Find From Morocco,75,2021-12-17,0.36,208.33,WorthPoint
nwa-martian-meteorite,Great Deal! Sensational Slice! Nwa 6963 Martian Shergottite Meteorite! .839 Gms,261.75,2021-12-16,839,0.31,WorthPoint
nwa-martian-meteorite,Meteorite NWA 1950 Achondrite Martian Shergottite - 1950-0010 - 0.12g Part Slice,119.95,2021-12-13,0.12,999.58,WorthPoint
nwa-martian-meteorite,SUPER RARE - 0.15 Gram - NWA 10720 Martian - Nakhlite METEORITE Fragment,240,2021-12-09,0.15,1600,WorthPoint
nwa-martian-meteorite,3.32 Gram - NWA 6963 Martian Shergottite Meteorite - 2011 Find From Morocco,464,2021-12-05,3.32,139.76,WorthPoint
nwa-martian-meteorite,.069 Grams 4x3x3mm NWA 13237 Martian METEORITE Shergottite Mars - TKW 36.5 Grams,37,2021-12-03,69,0.54,WorthPoint
nwa-martian-meteorite,.125 Grams 5x4x4mm NWA 4878 Martian Shergottite Meteorite Fragment From Mars,49,2021-12-03,125,0.39,WorthPoint
nwa-martian-meteorite,.256 Grams 7x7x2mm NWA 13187 Martian Shergottite Meteorite Fragment - Mars + COA,39,2021-12-03,256,0.15,WorthPoint
nwa-martian-meteorite,.045 Grams 4x4x1mm Slice Fragment NWA 7397 MARTIAN SHERGOTTITE Mars Meteorite,35,2021-12-02,45,0.78,WorthPoint
nwa-martian-meteorite,.027 Grams 3mm Wide - NWA 6963 Martian Shergottite Meteorite From Mars With COA,17.99,2021-11-29,27,0.67,WorthPoint
nwa-martian-meteorite,10.52 Gram - FANTASTIC MARTIAN SHERGOTTITE METEORITE SLICE - NWA 13366,1275,2021-11-26,10.52,121.2,WorthPoint
nwa-martian-meteorite,0.23 Gram - NWA 6963 Martian Shergottite Meteorite - 2011 Find From Morocco,48.45,2021-11-24,0.23,210.65,WorthPoint
nwa-martian-meteorite,.013 Grams 2mm Wide - NWA 6963 Martian Shergottite Meteorite From Mars With COA,12.99,2021-11-24,13,1,WorthPoint
nwa-martian-meteorite,Sample #3 - 2mm Wide - NWA 6963 Martian Shergottite Meteorite From Mars With COA,12.99,2021-11-24,,,WorthPoint
nwa-martian-meteorite,"Meteorite**NWA 13187, Martian Shergottite**0.066 Gram Fragments, Planet Mars!!!",10.5,2021-11-24,0.066,159.09,WorthPoint
nwa-martian-meteorite,"Meteorite**NWA 13366, Martian Peridotitic Shergottite**0.214 Gram,Mini Endcut!!",21.5,2021-11-24,0.214,100.47,WorthPoint
nwa-martian-meteorite,"1.92 Gram NWA 12262 METEORITE - Specimen - Martian (shergottite, Diabasic)",246.5,2021-11-23,1.92,128.39,WorthPoint
nwa-martian-meteorite,SUPER RARE - 0.09 Gram - NWA 10720 Martian - Nakhlite METEORITE Fragment,153,2021-11-22,0.09,1700,WorthPoint
nwa-martian-meteorite,"1.42 Gram NWA 12262 METEORITE - SLICE - Martian (shergottite, Diabasic)",181.05,2021-11-20,1.42,127.5,WorthPoint
nwa-martian-meteorite,0.22 Gram - NWA 6963 Martian Shergottite Meteorite - 2011 Find From Morocco,55,2021-11-19,0.22,250,WorthPoint
nwa-martian-meteorite,.226 Grams NWA 6693 Meteorite Achondrite-ung -fragment Found In NorthWest Africa,8.99,2021-11-15,226,0.04,WorthPoint
nwa-martian-meteorite,Martian Meteorite NWA 14107 Olivine-Phyric Basalt - My Classification -IMCA#3950,128,2021-11-15,,,WorthPoint
nwa-martian-meteorite,"Meteorite**NWA 13187, Martian Shergottite**0.066 Gram Frag Slice! Planet Mars!!!",26,2021-11-15,0.066,393.94,WorthPoint
nwa-martian-meteorite,.422 Grams NWA 13227 Martian 10x4x3mm METEORITE Shergottite Mars - With COA,69,2021-11-14,422,0.16,WorthPoint
nwa-martian-meteorite,"1.163 Gr SLICE NWA 12269 MARS SHERGOTTITE METEORITE, 2018 RECOVERY",275,2021-11-13,1.163,236.46,WorthPoint
nwa-martian-meteorite,"1.6 Gram NWA 12262 METEORITE - Specimen - Martian (shergottite, Diabasic)",208.25,2021-11-09,1.6,130.16,WorthPoint
nwa-martian-meteorite,"Meteorite**NWA 13366, Martian Peridotitic Shergottite**11.999 Gram, Individual!!",1899.99,2021-11-09,11.999,158.35,WorthPoint
nwa-martian-meteorite,.017 Grams 4x2x2mm NWA 4878 Martian Shergottite Meteorite Fragment From Mars,10,2021-11-07,17,0.59,WorthPoint
nwa-martian-meteorite,.015 Grams 3x3x1mm Slice Fragment NWA 7397 MARTIAN SHERGOTTITE Mars Meteorite,17,2021-11-07,15,1.13,WorthPoint
nwa-martian-meteorite,.114 Grams 5mm Fragment Of NWA 1068 MARTIAN SHERGOTTITE METEORITE From Mars,29,2021-11-07,114,0.25,WorthPoint
nwa-martian-meteorite,0.78 Gram - NWA 6963 - Martian Shergottite - Meteorite - From Mars,169.15,2021-11-06,0.78,216.86,WorthPoint
nwa-martian-meteorite,"1.61 Gram NWA 12262 METEORITE - Specimen - Martian (shergottite, Diabasic)",208.25,2021-11-04,1.61,129.35,WorthPoint
nwa-martian-meteorite,.045 Grams 4mm Fragment Of NWA 1068 MARTIAN SHERGOTTITE METEORITE From Mars,12.5,2021-11-04,45,0.28,WorthPoint
nwa-martian-meteorite,Martian Mini-Meteorite Complete And Uncut.,840,2021-11-04,,,WorthPoint
nwa-martian-meteorite,.491 Grams 12x7x2mm NWA 13187 Martian Shergottite Meteorite Fragment- Mars + COA,89,2021-11-03,491,0.18,WorthPoint
nwa-martian-meteorite,.069 Grams NWA 13227 Martian 4x3x2mm METEORITE Shergottite Mars - With COA,7.5,2021-11-03,69,0.11,WorthPoint
nwa-martian-meteorite,2.95 Gram - MARTIAN PERIDOTITIC SHERGOTTITE METEORITE SLICE - NWA 13366,382.5,2021-11-01,2.95,129.66,WorthPoint
nwa-martian-meteorite,.149 Grams NWA 13227 Martian 5x5x3mm METEORITE Shergottite Mars - With COA,28,2021-10-31,149,0.19,WorthPoint
nwa-martian-meteorite,.029 Grams 3mm Fragment Of NWA 1068 MARTIAN SHERGOTTITE METEORITE From Mars,9.99,2021-10-31,29,0.34,WorthPoint
nwa-martian-meteorite,NWA 998 MARTIAN Meteorite VERY RARE Nakhlite MARS Planet Space SNC Genuine IMCA,14.99,2021-10-31,,,WorthPoint
nwa-martian-meteorite,NEW CLASSIFICATION! Martian Meteorite NWA 14107 Olivine Phyric Basalt IMCA 3950,1675,2021-10-30,,,WorthPoint
nwa-martian-meteorite,.047 Grams 4x3x2mm NWA 1110 Martian Shergottite Meteorite From Mars Fragment COA,22,2021-10-28,47,0.47,WorthPoint
nwa-martian-meteorite,"Mars Rock, Authentic Piece Of Martian Meteorite",43.07,2021-10-24,,,WorthPoint
nwa-martian-meteorite,"Small Maritan Fragments -NWA 12262 METEORITE - Martian (shergottite, Diabasic)",16.15,2021-10-21,,,WorthPoint
nwa-martian-meteorite,Meteorite NWA 6963 Achondrite Martian Shergottite - G201-0372 - 0.42g - Crusted,59.95,2021-10-21,0.42,142.74,WorthPoint
nwa-martian-meteorite,.132 Grams 5x5x3mm NWA 6963 Martian Shergottite Meteorite Fragment From Mars,25,2021-10-20,132,0.19,WorthPoint
nwa-martian-meteorite,.215 Grams 5x4x4mm NWA 13237 Martian METEORITE Shergottite Mars Low TKW 35.5gram,107,2021-10-14,215,0.5,WorthPoint
nwa-martian-meteorite,Meteorite:17.14g Part Slice Beautiful NWA 13366 Lherzolitic Martian Shergottite,915,2021-10-10,17.14,53.38,WorthPoint
nwa-martian-meteorite,1.89 Gram - NWA 12269 - Martian Meteorite Slice - Shergottite,285,2021-10-10,1.89,150.79,WorthPoint
nwa-martian-meteorite,"Meteorite**NWA 13187, Martian Shergottite**0.490 Gram Slice!! Planet Mars!!!",52,2021-10-04,0.49,106.12,WorthPoint
nwa-martian-meteorite,"1.61 Gram NWA 12262 METEORITE - Thick Slice - Martian (shergottite, Diabasic)",250,2021-10-03,1.61,155.28,WorthPoint
nwa-martian-meteorite,Meteorite:13.67 Gram Part Slice Beautiful Rare NWA 13366 Lherzolitic Shergottite,879.69,2021-10-03,13.67,64.35,WorthPoint
nwa-martian-meteorite,.181 Grams 6mm Fragment Of NWA 1068 MARTIAN SHERGOTTITE METEORITE From Mars,43,2021-10-03,181,0.24,WorthPoint
nwa-martian-meteorite,"1.04 Gram NWA 12262 METEORITE - Specimen - Martian (shergottite, Diabasic)",160,2021-10-02,1.04,153.85,WorthPoint
nwa-martian-meteorite,NWA 1110 MARTIAN Shergottite Meteorite Mars VERY RARE SNC Northwest Africa IMCA,99.99,2021-09-27,,,WorthPoint
nwa-martian-meteorite,"Meteorite**Erg Chech 002, Lunar Poly, Martian**Jesper's Lot...RARE PLANETARY LOT",300,2021-09-26,,,WorthPoint
nwa-martian-meteorite,"1.69 Gram NWA 12262 METEORITE - Specimen - Martian (shergottite, Diabasic)",250,2021-09-24,1.69,147.93,WorthPoint
nwa-martian-meteorite,"1.53 Gram NWA 12262 METEORITE - SLICE - Martian (shergottite, Diabasic)",230,2021-09-21,1.53,150.33,WorthPoint
nwa-martian-meteorite,Meteorite: 43.5 Gram Full Slice Beautiful Rare NWA 13366 Lherzolitic Shergottite,2326,2021-09-19,43.5,53.47,WorthPoint
nwa-martian-meteorite,Mars Meteorite Print With Specimen Includes Certificate Of Authenticity Attached,199.95,2021-09-19,,,WorthPoint
nwa-martian-meteorite,Martian Meteorite 1.4g NWA 7397 Partially Crusted Fragment! OWN A PIECE OF MARS!,280,2021-09-19,1.4,200,WorthPoint
nwa-martian-meteorite,.050 Grams 4mm Fragment Of NWA 1068 MARTIAN SHERGOTTITE METEORITE From Mars,13,2021-09-18,50,0.26,WorthPoint
nwa-martian-meteorite,"Meteorite**Erg Chech 002, Lunar Poly, Martian**3.319 Grams, RARE PLANETARY LOT",429.99,2021-09-14,3.319,129.55,WorthPoint
nwa-martian-meteorite,.076 Grams 5x5x2mm NWA 6963 Martian Shergottite Meteorite Fragment From Mars,20,2021-09-12,76,0.26,WorthPoint
nwa-martian-meteorite,Meteorite:8.83 Gram Part Slice Beautiful Rare NWA 13366 Lherzolitic Shergottite,735,2021-09-12,8.83,83.24,WorthPoint
nwa-martian-meteorite,Crusted Fragment .101 Grams 5x5x3mm NWA 12594 Martian Shergottite Meteorite,52,2021-09-10,101,0.51,WorthPoint
nwa-martian-meteorite,.237 Grams NWA 13227 Martian 7x6x3mm METEORITE Shergottite Mars - With COA,39,2021-09-10,237,0.16,WorthPoint
nwa-martian-meteorite,.381 Grams NWA 6693 Meteorite Achondrite-ung -fragment Found In NorthWest Africa,13.5,2021-09-06,381,0.04,WorthPoint
nwa-martian-meteorite,Great Deal! Exquisite End Cut! Nwa 6963 Martian Shergottite Meteorite! 1.953 Gms,475.3,2021-09-06,1.953,243.37,WorthPoint
nwa-martian-meteorite,"Meteorite**Erg Chech 002, Lunar Melt, Martian**3.644 Grams, RARE PLANETARY LOT",131.11,2021-09-06,3.644,35.98,WorthPoint
nwa-martian-meteorite,"Meteorite**NWA 13187, Martian Shergottite**0.804 Gram Slice!! Planet Mars!!!",41.76,2021-09-06,0.804,51.94,WorthPoint
nwa-martian-meteorite,Meteorite: 27.82 Gram Thin NWA 13187 Martian Shergottite Slice,979.69,2021-09-05,27.82,35.22,WorthPoint
nwa-martian-meteorite,Meteorite:12.22 Gram Part Slice Beautiful Rare NWA 13366 Lherzolitic Shergottite,810,2021-09-05,12.22,66.28,WorthPoint
nwa-martian-meteorite,.048 Grams 4mm Fragment Of NWA 1068 MARTIAN SHERGOTTITE METEORITE From Mars,10,2021-09-02,48,0.21,WorthPoint
nwa-martian-meteorite,.233 Grams 9mm NWA 13187 Martian Shergottite Meteorite Fragment From Mars + COA,21,2021-08-31,233,0.09,WorthPoint
nwa-martian-meteorite,.125 Grams 8mm NWA 13187 Martian Shergottite Meteorite Fragment From Mars + COA,14,2021-08-31,125,0.11,WorthPoint
nwa-martian-meteorite,Authentic Mars Rock - Nakhlite Martian Meteorite NWA 998 M1a,6.5,2021-08-31,,,WorthPoint
nwa-martian-meteorite,Meteorite: 32.4 Gram Thin NWA 13187 Martian Shergottite Slice,1575,2021-08-29,32.4,48.61,WorthPoint
nwa-martian-meteorite,1.96 Gram - NWA 12269 - Martian Meteorite Slice - Shergottite,300,2021-08-29,1.96,153.06,WorthPoint
nwa-martian-meteorite,NWA 6963 Mars Rock 1.37g Martian Part Slice By Meteorite Men Steve,239.99,2021-08-29,1.37,175.18,WorthPoint
nwa-martian-meteorite,.263 Grams NWA 13227 Martian 7x6x3mm METEORITE Shergottite Mars - With COA,44.01,2021-08-27,263,0.17,WorthPoint
nwa-martian-meteorite,Rare Shocked Fragment! Amazing Nwa Martian Shergottite Meteorite! 6.9 Gms,2501,2021-08-26,6.9,362.46,WorthPoint
nwa-martian-meteorite,Crusted .059 Grams 4x4x2mm NWA 12594 Martian Shergottite Meteorite From Mars,35,2021-08-24,59,0.59,WorthPoint
nwa-martian-meteorite,Martian Meteorite NWA 14107 + Martian Meteorite Currently Under Classification,200,2021-08-24,,,WorthPoint
nwa-martian-meteorite,.396 Grams 8x7x4mm Fragment Of NWA 1068 MARTIAN SHERGOTTITE METEORITE From Mars,59,2021-08-24,396,0.15,WorthPoint
nwa-martian-meteorite,.072 Grams 9mm NWA 13187 Martian Shergottite Meteorite Fragment From Mars + COA,10,2021-08-23,72,0.14,WorthPoint
nwa-martian-meteorite,.275 Grams 11mm NWA 13187 Martian Shergottite Meteorite Fragment From Mars + COA,24,2021-08-23,275,0.09,WorthPoint
nwa-martian-meteorite,"Meteorite**Erg Chech 002, Lunar Brecc, Martian**2.775 Grams, RARE PLANETARY LOT!",182.5,2021-08-23,2.775,65.77,WorthPoint
nwa-martian-meteorite,.347 Grams 12mm NWA 13187 Martian Shergottite Meteorite Fragment From Mars + COA,32,2021-08-20,347,0.09,WorthPoint
nwa-martian-meteorite,Authentic Mars Rock - Nakhlite Martian Meteorite NWA 998 M2a,6.61,2021-08-19,,,WorthPoint
nwa-martian-meteorite,.115 Grams 8mm NWA 13187 Martian Shergottite Meteorite Fragment From Mars + COA,12.9,2021-08-18,115,0.11,WorthPoint
nwa-martian-meteorite,.106 Grams 5x4x3mm Fragment Of NWA 13237 Martian METEORITE Shergottite From Mars,53,2021-08-17,106,0.5,WorthPoint
nwa-martian-meteorite,Meteorite NWA 6963 Achondrite Martian Shergottite - G201-0368 - 0.37g - Crust,36.95,2021-08-16,0.37,99.86,WorthPoint
nwa-martian-meteorite,0.77 Gram - NWA 12269 - Martian Meteorite Slice/Frag - Shergottite,140,2021-08-16,0.77,181.82,WorthPoint
nwa-martian-meteorite,SUPER RARE - 0.14 Gram - NWA 10720 Martian - Nakhlite METEORITE Fragment,252,2021-08-15,0.14,1800,WorthPoint
nwa-martian-meteorite,Meteorite: 20.58 Gram Thin NWA 13187 Martian Shergottite Slice,892,2021-08-15,20.58,43.34,WorthPoint
nwa-martian-meteorite,.066 Grams 7mm NWA 13187 Martian Shergottite Meteorite Fragment From Mars + COA,8.8,2021-08-13,66,0.13,WorthPoint
nwa-martian-meteorite,NWA 13187 Martian Shergottite 7.05 Gram Full Slice! Meteorite Africa,529,2021-08-11,7.05,75.04,WorthPoint
nwa-martian-meteorite,"Classified Nova 009 Meteorite - *RARE* - 38.7 Grams, Polished, Full Slice - IMCA",149,2021-08-10,38.7,3.85,WorthPoint
nwa-martian-meteorite,"Meteorite**NWA 13187, Martian Shergottite**2.469 Gram Slice!! Planet Mars!!!",167,2021-08-09,2.469,67.64,WorthPoint
nwa-martian-meteorite,Meteorite: 32.08 Gram Thin NWA 13187 Martian Shergottite Slice,1377,2021-08-08,32.08,42.92,WorthPoint
nwa-martian-meteorite,1.91 Gram - NWA 12269 - Martian Meteorite Slice - Shergottite,285,2021-08-08,1.91,149.21,WorthPoint
nwa-martian-meteorite,"Own Mars! NWA 13187, 6.16g Slice Of Martian Shergottite Meteorite.",276,2021-08-03,6.16,44.81,WorthPoint
nwa-martian-meteorite,"Meteorite**NWA 13366, Martian Peridotitic Shergottite**2.247 Gram, Nice Endcut!!",399.99,2021-08-02,2.247,178.01,WorthPoint
nwa-martian-meteorite,"Meteorite**Erg Chech 002, Lunar Anorth, Martian**1.724 Grams, RARE PLANETARY LOT",188.05,2021-08-02,1.724,109.08,WorthPoint
nwa-martian-meteorite,"Meteorite**Rare Martian Lot**.046g Nakhlite, .24g Peridotitic, .134g Shergottite",86,2021-08-02,46,1.87,WorthPoint
nwa-martian-meteorite,Meteorite: 16.93 Gram Thin NWA 13187 Martian Shergottite Slice,1000,2021-08-01,16.93,59.07,WorthPoint
nwa-martian-meteorite,Meteorite: 20.81 Gram Thin NWA 13187 Martian Shergottite Slice,920,2021-07-25,20.81,44.21,WorthPoint
nwa-martian-meteorite,"Meteorite**NWA 13366, MARTIAN PERIDOTITIC**0.493 Gram, Very Rare, Gorgeous Slice",129.99,2021-07-24,0.493,263.67,WorthPoint
nwa-martian-meteorite,2017 1 Oz Silver MARS Solar System Antique Finish Coin With Meteorite NWA 7397,91,2021-07-20,28.35,3.21,WorthPoint
nwa-martian-meteorite,Meteorite: 31.4 Gram NWA 13187 Martian Shergottite Slice,1187,2021-07-18,31.4,37.8,WorthPoint
nwa-martian-meteorite,.237 Grams 6x5x5mm NWA 4878 Martian Shergottite Meteorite Fragment From Mars,209,2021-07-15,237,0.88,WorthPoint
nwa-martian-meteorite,Meteorite: 20.14 Gram NWA 13187 Martian Shergottite Slice,911,2021-07-11,20.14,45.23,WorthPoint
nwa-martian-meteorite,"NEW RARE!! NWA 10645 Nakhlite MARTIAN Meteorite, Fragment, 0.49 Grams",319.99,2021-07-08,0.49,653.04,WorthPoint
nwa-martian-meteorite,12.09g Martian Meteorite NWA 1950 - Martian Lherzallitic Shergottite SNC - TOP,13900,2021-06-30,12.09,1149.71,WorthPoint
nwa-martian-meteorite,"Meteorite**Erg Chech 002, Lunar FAN & Martian**0.923 Grams, RARE PLANETARY LOT",191.31,2021-06-28,0.923,207.27,WorthPoint
nwa-martian-meteorite,Meteorite: 23.5 Gram NWA 13187 Martian Shergottite Slice,1225,2021-06-27,23.5,52.13,WorthPoint
nwa-martian-meteorite,.086 Grams 6x4x3mm NWA 4878 Martian Shergottite Meteorite Fragment From Mars,47,2021-06-26,86,0.55,WorthPoint
nwa-martian-meteorite,.094 Grams 8x6x1mm Slice NWA 7397 MARTIAN SHERGOTTITE Meteorite - Glass Top Case,74,2021-06-26,94,0.79,WorthPoint
nwa-martian-meteorite,6.1 Gram - NWA 6963 - Martian Shergottite - Meteorite From Mars End Cut W/crust,1799,2021-06-25,6.1,294.92,WorthPoint
nwa-martian-meteorite,NWA 2737 CHASSIGNITE Martian Meteorite - .560g - Huge Surface Area! Mars,1600,2021-06-25,560,2.86,WorthPoint
nwa-martian-meteorite,SUPER RARE - 0.18 Gram - NWA 10720 Martian - Nakhlite METEORITE Fragment,380,2021-06-22,0.18,2111.11,WorthPoint
nwa-martian-meteorite,Meteorite: 39.32 Gram NWA 13187 Martian Shergottite Slice,1725,2021-06-20,39.32,43.87,WorthPoint
nwa-martian-meteorite,NWA 13366 Mars Rock 0.642g Martian Part Slice By Meteorite Men Steve,225,2021-06-19,0.642,350.47,WorthPoint
nwa-martian-meteorite,2x1x1mm NWA 6963 Martian Shergottite Meteorite Fragment From Mars Sample #1,8,2021-06-18,,,WorthPoint
nwa-martian-meteorite,NWA 13441 Martian Meteorite,9375,2021-06-17,,,WorthPoint
nwa-martian-meteorite,NWA 6342 Martian Meteorite,2750,2021-06-17,,,WorthPoint
nwa-martian-meteorite,"Meteorite**NWA 13366, Martian Peridotitic Shergottite**1.757 Gram, Endcut,Last 1",179.5,2021-06-14,1.757,102.16,WorthPoint
nwa-martian-meteorite,"1.65 Gram NWA 12262 METEORITE - Specimen - Martian (shergottite, Diabasic)",250,2021-06-13,1.65,151.52,WorthPoint
nwa-martian-meteorite,2 DELUXE EDITIONS-MOON & MARS ROCK METEORITE DISPLAYS +EASELS +CERTIFICATES Mc,31.95,2021-06-13,,,WorthPoint
nwa-martian-meteorite,Tiny Martian Specimen - Rare Meteorite - Only $10 Or Best Offer,10,2021-06-12,,,WorthPoint
nwa-martian-meteorite,.078 Grams 5mm NWA 12594 Martian Shergottite Meteorite From Mars Fragment,32,2021-06-12,78,0.41,WorthPoint
nwa-martian-meteorite,NWA 13366 Mars Rock 0.461g Martian Part Slice By Meteorite Men Steve,161.35,2021-06-11,0.461,350,WorthPoint
nwa-martian-meteorite,Meteorite: 56.88 Gram NWA 13227 Martian End Piece.,2553,2021-06-06,56.88,44.88,WorthPoint
nwa-martian-meteorite,Meteorite: 17.06 Gram NWA 13187 Martian Shergottite 1.5mm Thin Slice,1025,2021-06-06,17.06,60.08,WorthPoint
nwa-martian-meteorite,0.279g NAKHLITE Martian Meteorite NWA 13669 - Rare Martian Meteorite - TOP,335,2021-06-04,0.279,1200.72,WorthPoint
nwa-martian-meteorite,Meteorite: 24.36 Gram NWA 13187 Martian Shergottite 1.8mm Thin Slice,1475,2021-05-30,24.36,60.55,WorthPoint
nwa-martian-meteorite,"NEW RARE!! NWA 10645 Nakhlite MARTIAN Meteorite, Lot Of Crumbs, 0.21 Grams",129.99,2021-05-28,0.21,619,WorthPoint
nwa-martian-meteorite,Collection Of Four Meteorite Medals With Meteorite Fragments.,172.8,2021-05-27,,,WorthPoint
nwa-martian-meteorite,"2016 *ONCE OF SPACE* SILVER EAGLE ""Martian Meteorite In 24kt Red Gold ISSUE#1000",163.5,2021-05-27,,,WorthPoint
nwa-martian-meteorite,Museum Quality! Whole Oriented Nwa 6963 Martian Shergottite Meteorite! 33.5 Gm,11246.2,2021-05-26,33.5,335.71,WorthPoint
nwa-martian-meteorite,Authentic Mars Rock - Nakhilite Martian Meteor W/COA,17.75,2021-05-24,,,WorthPoint
nwa-martian-meteorite,*Just In*- Super Rare .10 Gram NWA 10720 Martian Nakhlite Meteorite Fragment COA,31,2021-05-24,10,3.1,WorthPoint
nwa-martian-meteorite,"Meteorite**NWA 13366, MARTIAN PERIDOTITIC**0.941Gram, Very Rare Gorgeous Endcut!",179.5,2021-05-24,0.941,190.75,WorthPoint
nwa-martian-meteorite,"Meteorite**NWA 13366, MARTIAN PERIDOTITIC**0.826 Gram, Rare Gorgeous Slice!!!",123.5,2021-05-24,0.826,149.52,WorthPoint
nwa-martian-meteorite,"Meteorite**NWA 12269, Martian Shergottite**0.112 Gram Slice!! Planet Mars!!!",13.57,2021-05-24,0.112,121.16,WorthPoint
nwa-martian-meteorite,Meteorite: 16.9 Gram NWA 13187 Martian Shergottite 1.5mm Thin Slice,1125,2021-05-23,16.9,66.57,WorthPoint
nwa-martian-meteorite,"Meteorite**NWA 13366, MARTIAN PERIDOTITIC**0.825 Gram, Rare Gorgeous Slice!!!",169.99,2021-05-20,0.825,206.05,WorthPoint
nwa-martian-meteorite,Meteorite Collection LOT 1 Lunar Martian HED Pallasite Mesosiderite Tektite RARE,599.99,2021-05-18,,,WorthPoint
nwa-martian-meteorite,"Meteorite**NWA 13366, Martian Peridotitic Shergottite**0.595 Gram, Endcut!!!",62.88,2021-05-17,0.595,105.68,WorthPoint
nwa-martian-meteorite,1.13 Gram - NWA 12269 - Martian Meteorite Slice - Shergottite,169.5,2021-05-16,1.13,150,WorthPoint
nwa-martian-meteorite,3.45 Grams Official Martian Meteorite Nwa 13366 Peridotitic Shergottite Coa,175.51,2021-05-15,3.45,50.87,WorthPoint
nwa-martian-meteorite,*Just In*- Super Rare .05 Gram NWA 10720 Martian Nakhlite Meteorite Fragment COA,31,2021-05-15,5,6.2,WorthPoint
nwa-martian-meteorite,11.73 Grams Official Martian Meteorite Nwa 13366 Peridotitic Shergottite Coa,541,2021-05-14,11.73,46.12,WorthPoint
nwa-martian-meteorite,SUPER RARE - 0.07 Gram - NWA 10720 Martian - Nakhlite METEORITE Fragment,150,2021-05-14,0.07,2142.86,WorthPoint
nwa-martian-meteorite,3.76 Grams Official Martian Meteorite Nwa 13366 Peridotitic Shergottite Coa,99,2021-05-12,3.76,26.33,WorthPoint
nwa-martian-meteorite,2x2x1mm NWA 6963 Martian Shergottite Meteorite Fragment From Mars Sample #3,9,2021-05-12,,,WorthPoint
nwa-martian-meteorite,"NANTAN IRON METEORITE - Classified Etched/ Polished Full Slice, 32.9 Grams- IMCA",59,2021-05-11,32.9,1.79,WorthPoint
nwa-martian-meteorite,"Meteorite**NWA 13366, MARTIAN PERIDOTITIC**0.485 Gram, Rare Gorgeous Mini Slice!",99.99,2021-05-10,0.485,206.16,WorthPoint
nwa-martian-meteorite,NWA 13366 Mars Rock 0.134g Martian Part Slice By Meteorite Men Steve,50.92,2021-05-09,0.134,380,WorthPoint
nwa-martian-meteorite,Meteorite: 42.8 Gram NWA 13366 Martian End Piece,2424,2021-05-09,42.8,56.64,WorthPoint
nwa-martian-meteorite,.099 Grams 6mm NWA 12594 Martian Shergottite Meteorite From Mars Fragment,40,2021-05-07,99,0.4,WorthPoint
nwa-martian-meteorite,0.387g NAKHLITE Martian Meteorite NWA 13669 - Rare Martian Meteorite - TOP,465,2021-05-04,0.387,1201.55,WorthPoint
nwa-martian-meteorite,"Meteorite**NWA 13366, Martian Peridotitic Shergottite**2.001 Gram, Endcut!!!",199,2021-05-03,2.001,99.45,WorthPoint
nwa-martian-meteorite,Meteorite: 8.1 Gram NWA 10645 Martian Nakhlite Fragment With Crust,2515,2021-05-02,8.1,310.49,WorthPoint
nwa-martian-meteorite,Meteorite: 3.97 Gram NWA 13366 Martian Slice,332,2021-05-02,3.97,83.63,WorthPoint
nwa-martian-meteorite,"Meteorite**NWA 12269, Martian Shergottite**23.769 Gram Endcut!! Planet Mars!!!",2899,2021-05-01,23.769,121.97,WorthPoint
nwa-martian-meteorite,0.726g NAKHLITE Martian Meteorite NWA 13669 - Rare Martian Meteorite - TOP,870,2021-05-01,0.726,1198.35,WorthPoint
nwa-martian-meteorite,NWA 13366 Mars Rock 0.245g Martian Part Slice By Meteorite Men Steve,85.75,2021-04-28,0.245,350,WorthPoint
nwa-martian-meteorite,Martian Meteorite - Gabbroic Shergottite 19g NWA 13440,1045,2021-04-28,19,55,WorthPoint
nwa-martian-meteorite,NWA 13366 Mars Rock 0.131g Martian Part Slice By Meteorite Men Steve,49.78,2021-04-27,0.131,380,WorthPoint
nwa-martian-meteorite,0.773g NAKHLITE Martian Meteorite NWA 13669 - Rare Martian Meteorite - TOP,925,2021-04-27,0.773,1196.64,WorthPoint
nwa-martian-meteorite,"Meteorite**NWA 13366, MARTIAN PERIDOTITIC**1.190 Gram, Rare Gorgeous Slice!!!",229.99,2021-04-27,1.19,193.27,WorthPoint
nwa-martian-meteorite,6.87g Mars Martian Shergottite Meteorite Indy * NWA 12564 -pairing * IMCA #6236,789,2021-04-26,6.87,114.85,WorthPoint
nwa-martian-meteorite,"Meteorite**NWA 13366, MARTIAN PERIDOTITIC**0.674 Gram, Rare Gorgeous Slice!!!",176.1,2021-04-26,0.674,261.28,WorthPoint
nwa-martian-meteorite,NWA 869 Meteorite 75.12 Gram Flight-marked / Sculpted Individual L3-6 Breccia,70,2021-04-25,75.12,0.93,WorthPoint
nwa-martian-meteorite,Low Price! Magnificent Nwa 12269 Martian Shergottite Meteorite! .81 Gms,93.75,2021-04-25,81,1.16,WorthPoint
nwa-martian-meteorite,Martian Meteorite - Olivine-Phyric Shergottite 10.36g NWA 13441,780,2021-04-23,10.36,75.29,WorthPoint
nwa-martian-meteorite,Martian Meteorite - Gabbroic Shergottite 91g NWA 13440,5915,2021-04-21,91,65,WorthPoint
nwa-martian-meteorite,NWA 1195 Martian Meteorite Part Slice 200mg,66,2021-04-21,,,WorthPoint
nwa-martian-meteorite,Martian Meteorite - Olivine-Phyric Shergottite 11.06g NWA 13441,829,2021-04-21,11.06,74.95,WorthPoint
nwa-martian-meteorite,Mars Meteorite Framed Print With Martian Specimen NWA-7397,115,2021-04-21,,,WorthPoint
nwa-martian-meteorite,"NEW RARE!! NWA 10720 Nakhlite MARTIAN Meteorite, Fragment, 0.38 Grams",227.99,2021-04-19,0.38,599.97,WorthPoint
nwa-martian-meteorite,"Meteorite**NWA 12269, Martian Shergottite**0.100 Gram Frag Lot! Planet Mars!!!",18.99,2021-04-19,0.1,189.9,WorthPoint
nwa-martian-meteorite,Martian Meteorite - Gabbroic Shergottite 4g NWA 13440,655,2021-04-16,4,163.75,WorthPoint
nwa-martian-meteorite,"Meteorite**NWA 12269, Martian Shergottite**5.640 Gram Slice!! Planet Mars!!!",629.99,2021-04-16,5.64,111.7,WorthPoint
nwa-martian-meteorite,NWA 13366 Mars Rock 0.411g Martian Part Slice By Meteorite Men Steve,144,2021-04-15,0.411,350.36,WorthPoint
nwa-martian-meteorite,NWA 13366 Mars Rock 0.492g Martian Part Slice By Meteorite Men Steve,172.2,2021-04-14,0.492,350,WorthPoint
nwa-martian-meteorite,.123 Grams 5x4x3mm Fragment Of NWA 1068 MARTIAN SHERGOTTITE METEORITE From Mars,34,2021-04-12,123,0.28,WorthPoint
nwa-martian-meteorite,NWA 13366 Mars Rock 0.272g Martian Part Slice By Meteorite Men Steve,95.2,2021-04-11,0.272,350,WorthPoint
nwa-martian-meteorite,NWA 13366 0.46g Mars Ultramafic Cumulate (Lherzolitic) Shergottite Meteorite,65,2021-04-10,0.46,141.3,WorthPoint
nwa-martian-meteorite,NWA 13366 Mars Rock 0.105g Martian Part Slice By Meteorite Men Steve,40,2021-04-09,0.105,380.95,WorthPoint
nwa-martian-meteorite,"1.51 Gram NWA 12262 METEORITE - Specimen - Martian (shergottite, Diabasic)",259,2021-04-07,1.51,171.52,WorthPoint
nwa-martian-meteorite,2016 Ounce Of Space American Silver Eagle $1 Mars & Moon Meteorite 2-Coin Set,250,2021-04-06,,,WorthPoint
nwa-martian-meteorite,"Meteorite**NWA 12269, Martian Shergottite**2.326 Gram Slice!! Planet Mars!!!",249.99,2021-04-01,2.326,107.48,WorthPoint
nwa-martian-meteorite,Martian The Legendary Nakhla Meteorite 322.5 Gram End Cut From NWA,9000,2021-04-01,322.5,27.91,WorthPoint
nwa-martian-meteorite,"Canyon Diablo Meteorite Spheroids - 2 VIALS - 1/2 Gram, 0.7mm & 1/2 Gram, 1.4mm",85,2021-03-29,2,42.5,WorthPoint
nwa-martian-meteorite,"Tonganoxie Iron Meteorite - *HISTORIC/ RARE* 1886 - 1.85 Gram, IIIAB- Kansas, US",137.5,2021-03-29,1.85,74.32,WorthPoint
nwa-martian-meteorite,"Meteorite**NWA 12269, Martian Shergottite**2.139 Gram Slice!! Planet Mars!!!",199.99,2021-03-29,2.139,93.5,WorthPoint
nwa-martian-meteorite,"Meteorite**NWA 12269, Martian Shergottite**0.912 Gram Slice!! Planet Mars!!!",75,2021-03-29,0.912,82.24,WorthPoint
nwa-martian-meteorite,NWA 13366 Mars Rock 0.960g Martian Part Slice By Meteorite Men Steve,288,2021-03-28,0.96,300,WorthPoint
nwa-martian-meteorite,NWA 13366 0.49g Mars Ultramafic Cumulate (Lherzolitic) Shergottite Meteorite,85,2021-03-28,0.49,173.47,WorthPoint
nwa-martian-meteorite,.1g Rare Nakhlite Martian Meteorite W/ Crust NWA 10645 - Own Mars! IMCA #3950,200,2021-03-28,1,200,WorthPoint
nwa-martian-meteorite,Meteorite: 2.08 Gram NWA 10645 Martian Nakhlite Piece,879.69,2021-03-28,2.08,422.93,WorthPoint
nwa-martian-meteorite,Meteorite: Huge 81.7 Gram NWA 13227 Martian Shergottite Slice With Shock Veins.,3050,2021-03-28,81.7,37.33,WorthPoint
nwa-martian-meteorite,NWA 13366 0.68g Mars Ultramafic Cumulate (Lherzolitic) Shergottite Meteorite,89,2021-03-27,0.68,130.88,WorthPoint
nwa-martian-meteorite,51.88 Gram NWA 7715 H6 Ordinary Chondrite Meteorite Complete Slice. Great Metal.,155,2021-03-24,51.88,2.99,WorthPoint
nwa-martian-meteorite,0.8 Gram - NWA 7397 - MARS METEORITE SLICE - Shergottite (Martian) Ex Schooler,270,2021-03-24,0.8,337.5,WorthPoint
nwa-martian-meteorite,.076 Gram 7mm NWA 13227 Martian Shergottite Meteorite Fragment From Mars,13,2021-03-23,76,0.17,WorthPoint
nwa-martian-meteorite,Two 2x1x1mm NWA 6963 Martian Shergottite Meteorite Fragment From Mars Sample #2,13,2021-03-23,,,WorthPoint
nwa-martian-meteorite,"Meteorite**NWA 4874; Brachinite**3.197 Grams, Primitive Achondrite!! Ultra Rare!",189.99,2021-03-22,3.197,59.43,WorthPoint
nwa-martian-meteorite,"Meteorite**NWA 12269, Martian Shergottite**0.511 Gram Slice!! Planet Mars!!!",49,2021-03-22,0.511,95.89,WorthPoint
nwa-martian-meteorite,"Meteorite**NWA 12269, Martian Shergottite**0.358 Gram Slice!! Planet Mars!!!",35.43,2021-03-22,0.358,98.97,WorthPoint
nwa-martian-meteorite,"Meteorite**NWA 12269, Martian Shergottite**1.089 Gram Slice!! Planet Mars!!!",109,2021-03-22,1.089,100.09,WorthPoint
nwa-martian-meteorite,"Park Forest Meteorite HAMMER - Winslow St. House, Park Forest, IL - 0.825 Grams",285,2021-03-20,0.825,345.45,WorthPoint
nwa-martian-meteorite,2x2x2mm NWA 6963 Martian Shergottite Meteorite Fragment From Mars Sample #5,10,2021-03-20,,,WorthPoint
nwa-martian-meteorite,NWA 1950 Martian Meteorite - Main Mass,187500,2021-03-19,,,WorthPoint
nwa-martian-meteorite,NWA 2737 Martian Meteorite - Main Mass,187500,2021-03-19,,,WorthPoint
nwa-martian-meteorite,"Meteorite**NWA 12269, Martian Shergottite**0.997 Gram Slice!! Planet Mars!!!",129.99,2021-03-18,0.997,130.38,WorthPoint
nwa-martian-meteorite,"Meteorite**NWA 12269, Martian Shergottite**3.131 Gram Slice!! Planet Mars!!!",329.99,2021-03-18,3.131,105.39,WorthPoint
nwa-martian-meteorite,"3.66 Gram NWA 12262 METEORITE - SLICE - Martian (shergottite, Diabasic)",550,2021-03-17,3.66,150.27,WorthPoint
nwa-martian-meteorite,.123 Gram 5x4x3mm NWA 6963 Martian Shergottite Meteorite Fragment From Mars,34,2021-03-15,123,0.28,WorthPoint
nwa-martian-meteorite,"Meteorite**NWA 12269, Martian Shergottite**3.340 Gram Slice!! Planet Mars!!!",329.99,2021-03-13,3.34,98.8,WorthPoint
nwa-martian-meteorite,"Meteorite**NWA 12269, Martian Shergottite**10.954 Gram Slice!! Planet Mars!!!",945,2021-03-13,10.954,86.27,WorthPoint
nwa-martian-meteorite,"Meteorite**NWA 12269, Martian Shergottite**11.842 Gram Slice!! Planet Mars!!!",1000,2021-03-13,11.842,84.45,WorthPoint
nwa-martian-meteorite,"Meteorite**NWA 12269, Martian Shergottite**6.874 Gram Slice!! Planet Mars!!!",699.99,2021-03-13,6.874,101.83,WorthPoint
nwa-martian-meteorite,Meteorite: 24.4 Gram NWA 13187 Martian Shergottite.,1425,2021-03-13,24.4,58.4,WorthPoint
nwa-martian-meteorite,Meteorite: 5.25 Gram NWA 13366 Martian Slice,382,2021-03-13,5.25,72.76,WorthPoint
nwa-martian-meteorite,NWA 13366 Mars Rock 0.438g Martian Part Slice By Meteorite Men Steve,153.3,2021-03-12,0.438,350,WorthPoint
nwa-martian-meteorite,Martian Meteorite NWA 12269 Pairing 1.5g Slice Confirmed By Prof. Irving!,139,2021-03-10,1.5,92.67,WorthPoint
nwa-martian-meteorite,NWA 13366 0.22g Mars Ultramafic Cumulate (Lherzolitic) Shergottite Meteorite,43,2021-03-09,0.22,195.45,WorthPoint
nwa-martian-meteorite,.172 Grams 7x4x4mm Fragment NWA 1110 Martian METEORITE Shergottite From Mars,99,2021-03-09,172,0.58,WorthPoint
nwa-martian-meteorite,SUPER RARE - 0.19 Gram - NWA 10720 Martian - Nakhlite METEORITE Fragment,380,2021-03-09,0.19,2000,WorthPoint
nwa-martian-meteorite,.052 Grams 5x3x1mm Slice Fragment NWA 7397 MARTIAN SHERGOTTITE Mars Meteorite,49,2021-03-08,52,0.94,WorthPoint
nwa-martian-meteorite,08877 - MARTIAN NWA 6963 Shergottite Mars Meteorite 0.368 G Crusted Fragment,128.8,2021-03-07,0.368,350,WorthPoint
nwa-martian-meteorite,.564 Gram 11x8x3mm NWA 13227 Martian Shergottite Meteorite Slice Fragment Mars,84,2021-03-07,564,0.15,WorthPoint
nwa-martian-meteorite,.006 Gram 3x2x1mm NWA 13227 Martian Shergottite Meteorite Fragment From Mars,10.5,2021-03-06,6,1.75,WorthPoint
nwa-martian-meteorite,2017 1 Oz Silver Mars Solar System Antique Finish With Meteorite NWA 7397. Niue.,279.95,2021-03-06,28.35,9.87,WorthPoint
nwa-martian-meteorite,.025 Grams 5x4x1mm Slice NWA 7397 MARTIAN SHERGOTTITE Meteorite - Glass Top Case,25,2021-03-06,25,1,WorthPoint
nwa-martian-meteorite,"1.26 Gram NWA 12262 METEORITE - SLICE - Martian (shergottite, Diabasic)",190,2021-03-03,1.26,150.79,WorthPoint
nwa-martian-meteorite,Rare Shocked End Cut! Amazing Nwa 6963 Martian Shergottite Meteorite! 1.538 Gms,524.25,2021-03-03,1.538,340.86,WorthPoint
nwa-martian-meteorite,Nice 3.51 Gram NWA 6963 Martian Shergottite Crusted Endcut - Meteorite From Mars,890,2021-03-02,3.51,253.56,WorthPoint
nwa-martian-meteorite,NWA 4930 MARTIAN Shergottite Meteorite Mars RARE SNC Northwest Africa IMCA A,149.99,2021-03-01,,,WorthPoint
nwa-martian-meteorite,08872 - MARTIAN NWA 6963 Shergottite Mars Meteorite 0.169 G Crusted Fragment,59.15,2021-02-27,0.169,350,WorthPoint
nwa-martian-meteorite,Meteorite: 18.73 Gram NWA 13366 End Piece,960,2021-02-27,18.73,51.25,WorthPoint
nwa-martian-meteorite,Meteorite: 21.11 Gram NWA 13187 Martian Shergottite.,1139,2021-02-27,21.11,53.96,WorthPoint
nwa-martian-meteorite,.185 Gram 10mm NWA 13227 Martian Shergottite Meteorite Slice Fragment From Mars,26,2021-02-26,185,0.14,WorthPoint
nwa-martian-meteorite,.297 Grams 8x7x5mm Fragment Of NWA 1068 MARTIAN SHERGOTTITE METEORITE From Mars,109,2021-02-25,297,0.37,WorthPoint
nwa-martian-meteorite,.056 Grams NWA 1110 Martian METEORITE Shergottite From Mars- You Get Them All,44,2021-02-25,56,0.79,WorthPoint
nwa-martian-meteorite,.081 Gram 7mm NWA 13227 Martian Shergottite Meteorite Fragment From Mars,14,2021-02-22,81,0.17,WorthPoint
nwa-martian-meteorite,.2g Rare Nakhlite Martian Meteorite W/ Crust NWA 10645 - Own Mars! IMCA #3950,275,2021-02-22,2,137.5,WorthPoint
nwa-martian-meteorite,"Meteorite**NWA 4874; Brachinite**2.068 Grams, Primitive Achondrite!! Ultra Rare!",27,2021-02-22,2.068,13.06,WorthPoint
nwa-martian-meteorite,"0.51 Gram NWA 12262 METEORITE - Specimen - Martian (shergottite, Diabasic)",99,2021-02-21,0.51,194.12,WorthPoint
nwa-martian-meteorite,NWA 13366 Mars Rock 0.259g Martian Part Slice By Meteorite Men Steve,90.65,2021-02-21,0.259,350,WorthPoint
nwa-martian-meteorite,NWA 13366 Mars Rock 0.215g Martian Part Slice By Meteorite Men Steve,75.25,2021-02-21,0.215,350,WorthPoint
nwa-martian-meteorite,NWA 13366 Mars Rock 0.274g Martian Part Slice By Meteorite Men Steve,95.9,2021-02-21,0.274,350,WorthPoint
nwa-martian-meteorite,Meteorite: 14.47 Gram NWA 13187 Martian Shergottite.,805,2021-02-20,14.47,55.63,WorthPoint
nwa-martian-meteorite,NWA 13366 0.81g Mars Ultramafic Cumulate (Lherzolitic) Shergottite Meteorite,102,2021-02-20,0.81,125.93,WorthPoint
nwa-martian-meteorite,NWA 13366 Mars Rock 0.223g Martian Part Slice By Meteorite Men Steve,78.05,2021-02-20,0.223,350,WorthPoint
nwa-martian-meteorite,NWA 13366 Mars Rock 0.142g Martian Part Slice By Meteorite Men Steve,49.7,2021-02-19,0.142,350,WorthPoint
nwa-martian-meteorite,Crusted Fragment .055 Grams 5x3x2mm NWA 12594 Martian Shergottite Meteorite,28,2021-02-18,55,0.51,WorthPoint
nwa-martian-meteorite,SUPER RARE - 0.10 Gram - NWA 10720 Martian - Nakhlite METEORITE Fragment,200,2021-02-18,0.1,2000,WorthPoint
nwa-martian-meteorite,LUNAR METEORITE ? Impact Breccia? Moon Rock ? Martian Magnetic NWA Unclassified,12.99,2021-02-15,,,WorthPoint
nwa-martian-meteorite,"Meteorite**NWA 12269, Martian Shergottite**5.638 Gram Endcut!!! Planet Mars!!!",420,2021-02-15,5.638,74.49,WorthPoint
nwa-martian-meteorite,Meteorite: 4.0 Gram NWA 13366 Thin Slice,350,2021-02-13,4,87.5,WorthPoint
nwa-martian-meteorite,Meteorite:38.71 Gram NWA 13366 Martian Shergottite End Piece,2300,2021-02-13,38.71,59.42,WorthPoint
nwa-martian-meteorite,"NWA 13367, 7.44 G, Polished Slice Of Martian Lherzolitic Shergottite Meteorite",740,2021-02-13,7.44,99.46,WorthPoint
nwa-martian-meteorite,Meteorite: 15.3 Gram NWA 13227 Martian Shergottite.,1100,2021-02-10,15.3,71.9,WorthPoint
nwa-martian-meteorite,Canyon Diablo Meteorite - Dr. Harvey Harlow Nininger Commemorative Coin - 2012,119,2021-02-10,,,WorthPoint
nwa-martian-meteorite,1.09 Gram - NWA 6963 - Martian Shergottite - Meteorite - From Mars,275,2021-02-09,1.09,252.29,WorthPoint
nwa-martian-meteorite,"NWA 13134 MARS SHERGOTTITE METEORITE SLICE, 2.43 GRAMS, 2013 FIND, TKW 15 Grams",500,2021-02-09,2.43,205.76,WorthPoint
nwa-martian-meteorite,.042 Grams 4mm NWA 12594 Martian Shergottite Meteorite From Mars Fragment,18,2021-02-08,42,0.43,WorthPoint
nwa-martian-meteorite,Crusted .164 Grams 6x5x4mm NWA 12594 Martian Shergottite Meteorite From Mars,68,2021-02-08,164,0.41,WorthPoint
nwa-martian-meteorite,"Meteorite**NWA 12269, Martian Shergottite**1.652 Gram Slice!! Planet Mars!!!",99.99,2021-02-08,1.652,60.53,WorthPoint
nwa-martian-meteorite,"2.03 Gram NWA 12262 METEORITE - SLICE - Martian (shergottite, Diabasic)",299,2021-02-07,2.03,147.29,WorthPoint
nwa-martian-meteorite,Meteorite: 3.86 Gram NWA 13366 Thin Slice,380,2021-02-06,3.86,98.45,WorthPoint
nwa-martian-meteorite,.031 Grams 3mm NWA 12594 Martian Shergottite Meteorite From Mars Fragment,14,2021-02-05,31,0.45,WorthPoint
nwa-martian-meteorite,Martian Meteorite - NWA 1068 Fragment With Polished Face - 0.97 Grams,249,2021-01-31,0.97,256.7,WorthPoint
nwa-martian-meteorite,Meteorite:10.78 Gram NWA 13366 Martian Shergottite Slice,731,2021-01-30,10.78,67.81,WorthPoint
nwa-martian-meteorite,Meteorite: 4.95 Gram NWA 13227 Martian Shergottite Part Slice,208.5,2021-01-30,4.95,42.12,WorthPoint
nwa-martian-meteorite,Meteorite: 0.32 Gram NWA 10645 Martian Nakhlite Slice,133.5,2021-01-30,0.32,417.19,WorthPoint
nwa-martian-meteorite,Meteorite: 3.69 Gram NWA 13366 Thin Slice,340,2021-01-29,3.69,92.14,WorthPoint
nwa-martian-meteorite,Crusted Fragment .216 Grams 6x6x5mm NWA 12594 Martian Shergottite Meteorite,92,2021-01-29,216,0.43,WorthPoint
nwa-martian-meteorite,.403 Grams 8x7x6mm Fragment Of NWA 1068 MARTIAN SHERGOTTITE METEORITE From Mars,149,2021-01-29,403,0.37,WorthPoint
nwa-martian-meteorite,"Meteorite**NWA 12269, Martian Shergottite**3.971 Gram Slice!! Planet Mars!!!",399.99,2021-01-28,3.971,100.73,WorthPoint
nwa-martian-meteorite,NWA 13366 0.36g Mars Ultramafic Cumulate (Lherzolitic) Shergottite Meteorite,59,2021-01-28,0.36,163.89,WorthPoint
nwa-martian-meteorite,.022 Grams 4mm NWA 12594 Martian Shergottite Meteorite From Mars,10,2021-01-27,22,0.45,WorthPoint
nwa-martian-meteorite,.006 Grams 2mm Fragment Sample NWA 1110 Martian METEORITE Shergottite From Mars,8,2021-01-27,6,1.33,WorthPoint
nwa-martian-meteorite,LUNAR METEORITE RING In Tungsten Carbide Size 8,225,2021-01-27,,,WorthPoint
nwa-martian-meteorite,.005 Grams 2mm Fragment Sample NWA 1110 Martian METEORITE Shergottite From Mars,7.5,2021-01-25,5,1.5,WorthPoint
nwa-martian-meteorite,"Meteorite**NWA 12269, Martian Shergottite**1.343 Gram Slice!! Planet Mars!!!",59,2021-01-25,1.343,43.93,WorthPoint
nwa-martian-meteorite,Unclassified NWA Meteorite 169.07 Gram Complete Crusted Individual,149,2021-01-24,169.07,0.88,WorthPoint
nwa-martian-meteorite,3.37g MARTIAN RARE NAKHLITE METEORITE NWA 10645 - OWN MARS!,3200,2021-01-21,3.37,949.55,WorthPoint
nwa-martian-meteorite,NWA 5000 LUNAR Meteorite BLACK BEAUTY MARTIAN Moon & Mars Rocks COA 40-50 MG,125,2021-01-20,,,WorthPoint
nwa-martian-meteorite,0.70 Gram - NWA 12269 - Martian Meteorite Slice - Shergottite,104,2021-01-19,0.7,148.57,WorthPoint
nwa-martian-meteorite,Martian Meteorite NWA 12269 Pairing 2.2g End Cut Confirmed By Prof. Irving!,198,2021-01-19,2.2,90,WorthPoint
nwa-martian-meteorite,Fresh Crust .013 Grams 3x3x1mm NWA 12594 Martian Shergottite Meteorite From Mars,16.5,2021-01-18,13,1.27,WorthPoint
nwa-martian-meteorite,Fresh Crust .016 Grams 4x2x2mm NWA 12594 Martian Shergottite Meteorite From Mars,14.99,2021-01-18,16,0.94,WorthPoint
nwa-martian-meteorite,.011 Grams 3mm Fragment Sample NWA 1110 Martian METEORITE Shergottite From Mars,9.5,2021-01-17,11,0.86,WorthPoint
nwa-martian-meteorite,.020 Grams 3x3x1mm Slice Fragment NWA 7397 MARTIAN SHERGOTTITE Mars Meteorite,23,2021-01-17,20,1.15,WorthPoint
nwa-martian-meteorite,.024 Gram 3x2x2mm NWA 6963 Martian Shergottite Meteorite Fragment From Mars,15,2021-01-17,24,0.63,WorthPoint
nwa-martian-meteorite,.026 Gram 4x2x1mm NWA 6963 Martian Shergottite Meteorite Fragment From Mars,16,2021-01-17,26,0.62,WorthPoint
nwa-martian-meteorite,.015 Grams 2x2x2mm NWA 4878 Martian Shergottite Meteorite Fragment From Mars,14,2021-01-17,15,0.93,WorthPoint
nwa-martian-meteorite,.011 Grams 3x2x1mm Fragment Of NWA 13237 Martian METEORITE Shergottite From Mars,14,2021-01-17,11,1.27,WorthPoint
nwa-martian-meteorite,.039 Grams 3x3x2mm Fragment Of NWA 13237 Martian METEORITE Shergottite From Mars,29,2021-01-17,39,0.74,WorthPoint
nwa-martian-meteorite,Fresh Crust .008 Grams 2x2x1mm NWA 12594 Martian Shergottite Meteorite From Mars,13,2021-01-16,8,1.63,WorthPoint
nwa-martian-meteorite,Fresh Crust .012 Grams 3x3x1mm NWA 12594 Martian Shergottite Meteorite From Mars,16.5,2021-01-16,12,1.38,WorthPoint
nwa-martian-meteorite,2mm Micro Sample NWA 12594 Martian Shergottite Meteorite Fragment From Mars,5.5,2021-01-16,,,WorthPoint
nwa-martian-meteorite,.010 Grams NWA 12594 Martian Shergottite Meteorite Fragment From Mars,8,2021-01-16,10,0.8,WorthPoint
nwa-martian-meteorite,"Nwa 12269 Mars Shergottite Meteorite Slice 0.917 Grams, End Cut",220,2021-01-16,0.917,239.91,WorthPoint
nwa-martian-meteorite,NWA 13366 0.53g Mars Ultramafic Cumulate (Lherzolitic) Shergottite Meteorite,65,2021-01-16,0.53,122.64,WorthPoint
nwa-martian-meteorite,.229 Grams 8x5x4mm NWA 12594 Martian Shergottite Meteorite Fragment From Mars,95,2021-01-12,229,0.41,WorthPoint
nwa-martian-meteorite,4.4g Mars Martian Shergottite Meteorite Indy * NWA 12269 -pairing * IMCA #6236,520,2021-01-12,4.4,118.18,WorthPoint
nwa-martian-meteorite,"Meteorite**NWA 4874; Brachinite**0.805 Grams, Primitive Achondrite!! Ultra Rare!",39.99,2021-01-11,0.805,49.68,WorthPoint
nwa-martian-meteorite,NWA 13187 2.85g Sale! Shergottite Meteorite Endcut Of Martian Madness,325,2021-01-11,2.85,114.04,WorthPoint
nwa-martian-meteorite,"Meteorite**NWA 12269, Martian Shergottite**1.083 Gram Slice!! Planet Mars!!!",102.5,2021-01-11,1.083,94.64,WorthPoint
nwa-martian-meteorite,"Meteorite**NWA 12269, Martian Shergottite**0.574 Gram Slice!! Planet Mars!!!",91,2021-01-11,0.574,158.54,WorthPoint
nwa-martian-meteorite,"Meteorite**NWA 12269, Martian Shergottite**0.537 Gram Slice!! Planet Mars!!!",36.77,2021-01-11,0.537,68.47,WorthPoint
nwa-martian-meteorite,"Meteorite**NWA 6963, Martian Shergottite**0.918 Gram, W/Fusion Crust!!!",91,2021-01-11,0.918,99.13,WorthPoint
nwa-martian-meteorite,NWA 13366 0.31g Mars Ultramafic Cumulate (Lherzolitic) Shergottite Meteorite,39,2021-01-09,0.31,125.81,WorthPoint
nwa-martian-meteorite,0.64 Gram - NWA 6963 - Martian Shergottite - Meteorite - From Mars,190,2021-01-05,0.64,296.88,WorthPoint
nwa-martian-meteorite,Shocked Martian!! RARE Olivine-bearing Shergottite Meteorite NWA 13227 Big 5.2g,499,2021-01-04,5.2,95.96,WorthPoint
nwa-martian-meteorite,Meteorite Mars Martian 3.72gm Shergottite NWA 6963 Meteorite Men Steve Arnold,799.99,2021-01-04,3.72,215.05,WorthPoint
nwa-martian-meteorite,NWA 13366 1.20g Mars Ultramafic Cumulate (Lherzolitic) Shergottite Meteorite,138,2021-01-02,1.2,115,WorthPoint
nwa-martian-meteorite,"Koltsovo Meteorite - Classified - 2.698 Gram, H4 Chondrite - IMCA",145,2021-01-02,2.698,53.74,WorthPoint
nwa-martian-meteorite,METEORITE Impactite/ Tektite - LIBYAN DESERT GLASS- 582.5 CTS- 116.5 Grms - IMCA,249,2020-12-31,116.5,2.14,WorthPoint
nwa-martian-meteorite,METEORITE Impactite/ Tektite - LIBYAN DESERT GLASS- 645.5 CTS- 129.1 Grams- IMCA,263.55,2020-12-31,129.1,2.04,WorthPoint
nwa-martian-meteorite,Meteorite NWA 817 Achondrite Martian Nakhlite - 0817-0004 - Micro - Very Rare,19.95,2020-12-31,,,WorthPoint
nwa-martian-meteorite,NWA 13187 0.37g Martian Meteorite Slice Of Shergottite Sweetness,55,2020-12-31,0.37,148.65,WorthPoint
nwa-martian-meteorite,NWA 13366 Mars Rock 0.953g Martian Part Slice By Meteorite Men Steve,171.54,2020-12-30,0.953,180,WorthPoint
nwa-martian-meteorite,"Meteorite**NWA 6963, Martian Shergottite**0.539 Gram, W/Fusion Crust!!!",59.99,2020-12-29,0.539,111.3,WorthPoint
nwa-martian-meteorite,Rare Martian Olivine-bearing Gabbroic Shergottite Meteorite NWA 13227 0.79g,75.95,2020-12-29,0.79,96.14,WorthPoint
nwa-martian-meteorite,"0.91 Gram NWA 12262 METEORITE - SLICE - Martian (shergottite, Diabasic)",169,2020-12-28,0.91,185.71,WorthPoint
nwa-martian-meteorite,.010 Grams 2mm Fragment Sample NWA 1110 Martian METEORITE Shergottite From Mars,9,2020-12-27,10,0.9,WorthPoint
nwa-martian-meteorite,"Meteorite**NWA 6963, Martian Shergottite**0.930 Gram, W/Fusion Crust!!!",99.99,2020-12-27,0.93,107.52,WorthPoint
nwa-martian-meteorite,NWA 13366 0.60g Mars Ultramafic Cumulate (Lherzolitic) Shergottite Meteorite,85,2020-12-26,0.6,141.67,WorthPoint
nwa-martian-meteorite,1.73 Gram - NWA 12269 - Martian Meteorite SLICE - Shergottite,260,2020-12-25,1.73,150.29,WorthPoint
nwa-martian-meteorite,NWA 13366 Mars Rock 0.242g Martian Part Slice By Meteorite Men Steve,43.56,2020-12-19,0.242,180,WorthPoint
nwa-martian-meteorite,NWA 13366 3.83g SALE Mars Ultramafic Cumulate (Lherzolitic) Shergottite Meteorit,399,2020-12-19,3.83,104.18,WorthPoint
nwa-martian-meteorite,Nice 0.37 Gram - NWA 6963 - Martian Shergottite Slice - Meteorite From Mars,84,2020-12-19,0.37,227.03,WorthPoint
nwa-martian-meteorite,NWA 13366 Mars Rock 0.278g Martian Part Slice By Meteorite Men Steve,50.04,2020-12-18,0.278,180,WorthPoint
nwa-martian-meteorite,NWA 13366 Mars Rock 0.251g Martian Part Slice By Meteorite Men Steve,45.18,2020-12-17,0.251,180,WorthPoint
nwa-martian-meteorite,"NEW RARE!! NWA 10720 Nakhlite MARTIAN Meteorite, Lot Of 3 Fragments, 0.23 Grams",149.99,2020-12-17,0.23,652.13,WorthPoint
nwa-martian-meteorite,NWA 13366 Mars Rock 0.224g Martian Part Slice By Meteorite Men Steve,40.32,2020-12-16,0.224,180,WorthPoint
nwa-martian-meteorite,Nice 1.65 Gram - NWA 6963 - Martian Shergottite Slice - Meteorite From Mars,288.4,2020-12-16,1.65,174.79,WorthPoint
nwa-martian-meteorite,NWA 13366 Mars Rock 1.29g Martian Part Slice By Meteorite Men Steve,232,2020-12-16,1.29,179.84,WorthPoint
nwa-martian-meteorite,NWA 13366 Mars Rock 0.396g Martian Part Slice By Meteorite Men Steve,71.28,2020-12-16,0.396,180,WorthPoint
nwa-martian-meteorite,NWA 13366 Mars Rock 0.292g Martian Part Slice By Meteorite Men Steve,52.56,2020-12-16,0.292,180,WorthPoint
nwa-martian-meteorite,"NWA 6496 Meteorite, 8.029 Gram End Cut, LL3 S1 W3, Good Chondrules",40,2020-12-15,8.029,4.98,WorthPoint
nwa-martian-meteorite,"Meteorite**NWA 4874; Brachinite**1.579 Grams, Primitive Achondrite!! Ultra Rare!",71,2020-12-14,1.579,44.97,WorthPoint
nwa-martian-meteorite,Meteorite Nwa 12262 Martian Shergottite 1.45 Gram Slice Ex. Garcia,75,2020-12-13,1.45,51.72,WorthPoint
nwa-martian-meteorite,NWA 13366 Mars Rock 0.639g Martian Part Slice By Meteorite Men Steve,115.02,2020-12-13,0.639,180,WorthPoint
nwa-martian-meteorite,Nice 0.43 Gram - NWA 6963 - Martian Shergottite Slice - Meteorite From Mars,90.3,2020-12-13,0.43,210,WorthPoint
nwa-martian-meteorite,NWA 13366 Mars Rock 0.343g Martian Part Slice By Meteorite Men Steve,61.74,2020-12-13,0.343,180,WorthPoint
nwa-martian-meteorite,.11 Grams Official Martian Meteorite Nwa 6963 From Planet Mars Coa Free Shipping,18.7,2020-12-12,11,1.7,WorthPoint
nwa-martian-meteorite,NWA 13366 0.12g Mars Ultramafic Cumulate (Lherzolitic) Shergottite Meteorite,11.5,2020-12-12,0.12,95.83,WorthPoint
nwa-martian-meteorite,NWA 13366 0.25g Mars Ultramafic Cumulate (Lherzolitic) Shergottite Meteorite,38,2020-12-12,0.25,152,WorthPoint
nwa-martian-meteorite,NWA 13366 Mars Rock 0.312g Martian Part Slice By Meteorite Men Steve,56.16,2020-12-12,0.312,180,WorthPoint
nwa-martian-meteorite,Martian Mars Meteorite 2.7g - Lherzolitic/Poikilitic End Cut - NWA 13366,280,2020-12-11,2.7,103.7,WorthPoint
nwa-martian-meteorite,NWA 13366 Mars Rock 0.304g Martian Part Slice By Meteorite Men Steve,54.72,2020-12-09,0.304,180,WorthPoint
nwa-martian-meteorite,14.3 G Martian Meteorite NWA 13257 -- Perfect Large Full Slice!,1199,2020-12-09,14.3,83.85,WorthPoint
nwa-martian-meteorite,Rare Shocked Full Slice! Amazing Nwa 6963 Martian Shergottite Meteorite! .89 Gms,333.75,2020-12-09,89,3.75,WorthPoint
nwa-martian-meteorite,.135 Grams 5x4x3mm NWA 13237 Martian METEORITE Shergottite Mars Low TKW 35.5gram,79,2020-12-09,135,0.59,WorthPoint
nwa-martian-meteorite,NWA 13187 0.89g Martian Meteorite Slice Of Shergottite Sweetness,129,2020-12-07,0.89,144.94,WorthPoint
nwa-martian-meteorite,Meteorite Nwa 13187 Mars Shergottite Nice Slice!,22.99,2020-12-06,,,WorthPoint
nwa-martian-meteorite,Meteorite Nwa 12269 Martian (shergottite) .69 Gram Slice,42.55,2020-12-06,69,0.62,WorthPoint
nwa-martian-meteorite,One 1mm Micro Fragment Of NWA 7397 MARTIAN SHERGOTTITE METEORITE From Mars,5.99,2020-12-06,,,WorthPoint
nwa-martian-meteorite,Nwa 6963 Martian (shergottite) .51 Grams Meteorite Slice,24.99,2020-12-06,51,0.49,WorthPoint
nwa-martian-meteorite,Martian Meteorite NWA 12269 Pairing 1.4g End Cut Confirmed By Prof. Irving!,129,2020-12-05,1.4,92.14,WorthPoint
nwa-martian-meteorite,1.12 Gram NWA 12262 - Martian Meteorite (shergottite Diabasic) Nice Thin Slice,126.75,2020-12-02,1.12,113.17,WorthPoint
nwa-martian-meteorite,NWA 13366 0.23g Mars Ultramafic Cumulate (Lherzolitic) Shergottite Meteorite,46,2020-11-29,0.23,200,WorthPoint
nwa-martian-meteorite,Meteorite Nwa 12965 Martian Shergottite .47 Grams,24.99,2020-11-28,47,0.53,WorthPoint
nwa-martian-meteorite,NWA 13187 0.12g Martian Meteorite Slice Lot Of Shergottite Sweetness,15.5,2020-11-28,0.12,129.17,WorthPoint
nwa-martian-meteorite,Nice Martian Micro Olivine-bearing Gabbroic Shergottite Meteorite NWA 13227 0.1g,18,2020-11-28,0.1,180,WorthPoint
nwa-martian-meteorite,NWA 2047 (Issinen) 1.9g DIO-Polymict Sep 2003 Jay Piatek Meteorite Collection,69,2020-11-26,1.9,36.32,WorthPoint
nwa-martian-meteorite,NWA 13366 Martian Shergottite Mars Meteorite Lherzolitic 2.70g Full Slice,525,2020-11-25,2.7,194.44,WorthPoint
nwa-martian-meteorite,"METEORITE Impactite/ Tektite - LIBYAN DESERT GLASS - 1,100 CTS - 220 Grams -IMCA",357.85,2020-11-23,220,1.63,WorthPoint
nwa-martian-meteorite,NWA 13187 0.34g Shergottite Slice Of Martian Madness,51,2020-11-22,0.34,150,WorthPoint
nwa-martian-meteorite,NWA 13187 0.18g Martian Meteorite Slice Of Shergottite Sweetness,22.61,2020-11-21,0.18,125.61,WorthPoint
nwa-martian-meteorite,55.32 Gram NWA 7715 H6 Ordinary Chondrite Meteorite Complete Slice. Great Metal.,115,2020-11-21,55.32,2.08,WorthPoint
nwa-martian-meteorite,NWA 13187 0.44g Martian Meteorite Slice Of Shergottite Sweetness,65,2020-11-21,0.44,147.73,WorthPoint
nwa-martian-meteorite,.030 Grams 5x2x2mm Fragment Of NWA 13237 Martian METEORITE Shergottite From Mars,23,2020-11-20,30,0.77,WorthPoint
nwa-martian-meteorite,1.04 Gram - NWA 12269 - Martian Meteorite Slice - Shergottite,116.25,2020-11-20,1.04,111.78,WorthPoint
nwa-martian-meteorite,NWA 2737 Martian Chassignite Found 2000 Northwest Africa 0.166 Grams,82,2020-11-19,0.166,493.98,WorthPoint
nwa-martian-meteorite,"End-cut Crust!! MARTIAN Shergottite Meteorite, NWA 6963 W/ Display, .173 Gram",29.7,2020-11-19,173,0.17,WorthPoint
nwa-martian-meteorite,NWA 2737 Chassignite Martian Meteorite .002 Gram Micro TKW 611 Gram Found 2000,49,2020-11-16,2,24.5,WorthPoint
nwa-martian-meteorite,METEORITE Impactite/ Tektite - LIBYAN DESERT GLASS- 717 CTS - 143.4 Grams - IMCA,90,2020-11-15,143.4,0.63,WorthPoint
nwa-martian-meteorite,Meteorite NWA 998 Achondrite Martian Nakhlite - 0998-0007 - Micro - Very Rare,19.95,2020-11-15,,,WorthPoint
nwa-martian-meteorite,.101 Grams 7mm Fragment Of NWA 1068 MARTIAN SHERGOTTITE METEORITE From Mars,42,2020-11-15,101,0.42,WorthPoint
nwa-martian-meteorite,NWA 13366 Martian Shergottite Mars Meteorite Lherzolitic 2.32g Full Slice,419,2020-11-15,2.32,180.6,WorthPoint
nwa-martian-meteorite,NWA 13366 0.67g Mars Ultramafic Cumulate (Lherzolitic) Shergottite Meteorite,69,2020-11-14,0.67,102.99,WorthPoint
nwa-martian-meteorite,NWA 13366 0.28g Mars Ultramafic Cumulate (Lherzolitic) Shergottite Meteorite,41,2020-11-14,0.28,146.43,WorthPoint
nwa-martian-meteorite,NWA 13187 0.16g Martian Meteorite Slice Of Shergottite Sweetness,20.5,2020-11-14,0.16,128.13,WorthPoint
nwa-martian-meteorite,NWA 13187 0.48g Martian Meteorite Slice Of Shergottite Sweetness,65,2020-11-14,0.48,135.42,WorthPoint
nwa-martian-meteorite,.390 Grams 8x7x6mm Fragment Of NWA 1068 MARTIAN SHERGOTTITE METEORITE From Mars,129,2020-11-13,390,0.33,WorthPoint
nwa-martian-meteorite,"0.94 Gram NWA 12262 METEORITE - Specimen - Martian (shergottite, Diabasic)",116.25,2020-11-13,0.94,123.67,WorthPoint
nwa-martian-meteorite,"Meteorite From Mars, Nwa 7397 Amazing Crust Martian Shergottie, Found In Smara",229,2020-11-12,,,WorthPoint
nwa-martian-meteorite,"Nwa 12269 Mars Shergottite Meteorite Slice 2.392 Gr, Fresh 2018",499,2020-11-12,2.392,208.61,WorthPoint
nwa-martian-meteorite,NWA 817 Martian Meteorite Slice,1625,2020-11-10,,,WorthPoint
nwa-martian-meteorite,NWA 13250 Martian Meteorite,2875,2020-11-10,,,WorthPoint
nwa-martian-meteorite,1.21 Gram NWA 12262 - Martian Meteorite (shergottite Diabasic) Nice Thin Slice,134.25,2020-11-09,1.21,110.95,WorthPoint
nwa-martian-meteorite,.116 Gram 6x4x4mm NWA 6963 Martian Shergottite Meteorite Fragment From Mars,58,2020-11-04,116,0.5,WorthPoint
nwa-martian-meteorite,NWA 6963 Martian Meteorite .07 Grams Fusion Crusted,13,2020-11-03,7,1.86,WorthPoint
nwa-martian-meteorite,NWA 11901 Lodranite Meteorite 58.4g End Cut Of Super Rare Type Of Achondrite,1700,2020-11-01,58.4,29.11,WorthPoint
nwa-martian-meteorite,Meteorite NWA 6963 Achondrite Martian Shergottite - G201-0326 - 0.56g - P/Slice,139.95,2020-11-01,0.56,249.91,WorthPoint
nwa-martian-meteorite,"Nwa 12269 Mars Shergottite Meteorite Slice 1.123 Grams, Fresh 2018",250,2020-10-31,1.123,222.62,WorthPoint
nwa-martian-meteorite,.098 Grams 5x4x3mm NWA 13237 Martian METEORITE Shergottite Mars Low TKW 35.5gram,70,2020-10-31,98,0.71,WorthPoint
nwa-martian-meteorite,NWA 13366 0.20g Mars Ultramafic Cumulate (Lherzolitic) Shergottite Meteorite,17.5,2020-10-31,0.2,87.5,WorthPoint
nwa-martian-meteorite,NWA 13187 0.20g Martian Meteorite Slice Lot Of Shergottite Sweetness,29,2020-10-31,0.2,145,WorthPoint
nwa-martian-meteorite,0.87 Gram - NWA 6963 - Martian Shergottite - Meteorite - From Mars,161.25,2020-10-29,0.87,185.34,WorthPoint
nwa-martian-meteorite,NWA 13366 2.01g SALE Mars Ultramafic Cumulate Shergottite Meteorite,250,2020-10-24,2.01,124.38,WorthPoint
nwa-martian-meteorite,NWA 13366 0.16g Mars Ultramafic Cumulate (Lherzolitic) Shergottite Meteorite,20.5,2020-10-24,0.16,128.13,WorthPoint
nwa-martian-meteorite,RARE Martian W/ Crust!! Olivine-bearing Gabbroic Shergottite Meteorite 0.61g,85,2020-10-20,0.61,139.34,WorthPoint
nwa-martian-meteorite,NWA 13366 Martian Shergottite Mars Meteorite Lherzolitic Translucent Slice,59.95,2020-10-17,,,WorthPoint
nwa-martian-meteorite,NWA 13366 1.71g SALE Mars Ultramafic Cumulate Shergottite Meteorite,227.5,2020-10-17,1.71,133.04,WorthPoint
nwa-martian-meteorite,NWA 6963 Mars Rock 18 Mg Martian Meteorite Specimen See Label For More Info,56.25,2020-10-17,,,WorthPoint
nwa-martian-meteorite,NWA 2626 MARTIAN Shergottite Meteorite VERY RARE Mars Northwest Africa IMCA,20.99,2020-10-14,,,WorthPoint
nwa-martian-meteorite,"SNC MARTIAN METEORITE Set Shergottite Nakhlite Chassignite NWA 998, 2626, 2737",199.99,2020-10-13,,,WorthPoint
nwa-martian-meteorite,.047 Grams 5x3x3mm NWA 4878 Martian Shergottite Meteorite Fragment From Mars,30,2020-10-13,47,0.64,WorthPoint
nwa-martian-meteorite,.039 Grams 5x4x1mm Cut Slice NWA 7397 MARTIAN SHERGOTTITE METEORITE From Mars,29,2020-10-13,39,0.74,WorthPoint
nwa-martian-meteorite,.117 Grams 6x4x3mm Fragment Of NWA 1110 Martian METEORITE Shergottite From Mars,75,2020-10-13,117,0.64,WorthPoint
nwa-martian-meteorite,NWA 13187 0.22g Martian Meteorite Slice Of Shergottite Sweetness,33,2020-10-13,0.22,150,WorthPoint
nwa-martian-meteorite,NWA 13366 0.24g Mars Ultramafic Cumulate (Lherzolitic) Shergottite Meteorite,47,2020-10-13,0.24,195.83,WorthPoint
nwa-martian-meteorite,.290 Gram 11x11x1mm Slice NWA 7397 MARTIAN SHERGOTTITE Meteorite -glass Top Case,149,2020-10-13,290,0.51,WorthPoint
nwa-martian-meteorite,.072 Grams 4x4x3mm NWA 4878 Martian Shergottite Meteorite Fragment From Mars,55,2020-10-10,72,0.76,WorthPoint
nwa-martian-meteorite,NWA 13366 Martian Shergottite Mars Meteorite Polished Lherzolitic 3.56g Slice,595,2020-10-10,3.56,167.13,WorthPoint
nwa-martian-meteorite,NWA 13187 0.18g Shergottite Slice Of Martian Madness Meteorite,23,2020-10-10,0.18,127.78,WorthPoint
nwa-martian-meteorite,NWA 13187 0.96g Martian Meteorite Slice Of Shergottite Sweetness,129,2020-10-10,0.96,134.38,WorthPoint
nwa-martian-meteorite,.081 Gram 5x3x3mm NWA 6963 Martian Shergottite Meteorite Fragment From Mars,45,2020-10-09,81,0.56,WorthPoint
nwa-martian-meteorite,1.81 Gram - NWA 12269 - Martian Meteorite Slice - Shergottite,203.25,2020-10-07,1.81,112.29,WorthPoint
nwa-martian-meteorite,NWA 13366 0.15g Mars Ultramafic Cumulate (Lherzolitic) Shergottite Meteorite,23,2020-10-03,0.15,153.33,WorthPoint
nwa-martian-meteorite,NWA 13187 0.40g Martian Meteorite Slice Of Shergottite Sweetness,52,2020-10-03,0.4,130,WorthPoint
nwa-martian-meteorite,.188 Grams 7mm Fragment Of NWA 1068 MARTIAN SHERGOTTITE METEORITE From Mars,69,2020-10-01,188,0.37,WorthPoint
nwa-martian-meteorite,"Cook Islands 2009 $5 Mars Meteorite, Copper On Sterling Silver Commemorative",174.95,2020-09-30,,,WorthPoint
nwa-martian-meteorite,"Meteorite**NWA 4874; Brachinite**4.971 Grams, Primitive Achondrite, Ultra Rare!!",189.99,2020-09-29,4.971,38.22,WorthPoint
nwa-martian-meteorite,"Meteorite**NWA 13257, Martian Shergottite**0.719 Grams; W/Fusion Crust!!!",53.01,2020-09-29,0.719,73.73,WorthPoint
nwa-martian-meteorite,1.85 Gram - NWA 12269 - Martian Meteorite Slice - Shergottite,223.6,2020-09-26,1.85,120.86,WorthPoint
nwa-martian-meteorite,Martian Meteorite NWA 12269 Pairing 1.0g Slice Confirmed By Prof. Irving!,99,2020-09-22,1,99,WorthPoint
nwa-martian-meteorite,.049 Grams 6x5x1mm Slice NWA 7397 MARTIAN SHERGOTTITE Meteorite - Glass Top Case,37.5,2020-09-22,49,0.77,WorthPoint
nwa-martian-meteorite,NWA 13366 0.55g Mars Ultramafic Cumulate (Lherzolitic) Shergottite Meteorite,108,2020-09-22,0.55,196.36,WorthPoint
nwa-martian-meteorite,"CAMPO DEL CIELO METEORITE - Large 51.367 POUNDS - 23,300 Grams - An IMCA Member",3585,2020-09-21,300,11.95,WorthPoint
nwa-martian-meteorite,GENUINE MARS ROCK! Display Case + FREE Campo Crystal Meteorite. Martian NWA13227,18,2020-09-21,,,WorthPoint
nwa-martian-meteorite,2.86 Gram - NWA 6963 - Martian Shergottite - Meteorite - From Mars,360,2020-09-21,2.86,125.87,WorthPoint
nwa-martian-meteorite,.036 Grams 3x3x3mm NWA 4878 Martian Shergottite Meteorite Fragment From Mars,18,2020-09-19,36,0.5,WorthPoint
nwa-martian-meteorite,.016 Grams 5x3x1mm Slice NWA 7397 MARTIAN SHERGOTTITE Meteorite - Glass Top Case,17.5,2020-09-19,16,1.09,WorthPoint
nwa-martian-meteorite,NWA 998 Martian Nakhlite Found 2001 Northwest Africa 0.05 Grams,20.5,2020-09-17,0.05,410,WorthPoint
nwa-martian-meteorite,Great Deal! Fabulous Fragments! Nwa 6963 Martian Shergottite Meteorite! .246 Gms,89.25,2020-09-17,246,0.36,WorthPoint
nwa-martian-meteorite,Authentic Mars Shergottite Martian Meteorite Rock NWA 2975 Pairing 0.13 Grams,39.99,2020-09-16,0.13,307.62,WorthPoint
nwa-martian-meteorite,5.7g NWA 13366 Martian Lherzolitic Shergottite Mars Meteorite,814,2020-09-15,5.7,142.81,WorthPoint
nwa-martian-meteorite,.026 Grams 3x3x2mm NWA 4878 Martian Shergottite Meteorite Fragment From Mars,21,2020-09-15,26,0.81,WorthPoint
nwa-martian-meteorite,"Al Haggounia 001 Meteorite - Classified Enstatite - 2.048 POUNDS, 928.02 Grams",265,2020-09-13,928.02,0.29,WorthPoint
nwa-martian-meteorite,NWA 13187 0.50g Martian Meteorite Slice Of Shergottite Sweetness,63,2020-09-12,0.5,126,WorthPoint
nwa-martian-meteorite,0.18 Gram - NWA 6963 - Martian Shergottite - Meteorite - From Mars,48.75,2020-09-10,0.18,270.83,WorthPoint
nwa-martian-meteorite,Martian Meteorite Slice 14.946g - Peridotitic Shergottite Lherzallitic - TOP,3700,2020-09-09,14.946,247.56,WorthPoint
nwa-martian-meteorite,"BURKINA FASO 2017 1 Oz Silver JOHANNES KEPLER, 3 Martian Meteorites Coin.",135,2020-09-09,28.35,4.76,WorthPoint
nwa-martian-meteorite,"0.47 Gram NWA 12262 METEORITE - Specimen - Martian (shergottite, Diabasic)",74.25,2020-09-09,0.47,157.98,WorthPoint
nwa-martian-meteorite,Nice 0.89 Gram - NWA 6963 - Martian Shergottite Slice - Meteorite From Mars,149.25,2020-09-09,0.89,167.7,WorthPoint
nwa-martian-meteorite,"1.511 Gram NWA 10645 Meteorite, A Rare Martian Nakhlite.",455,2020-09-06,1.511,301.13,WorthPoint
nwa-martian-meteorite,NWA 13187 0.14g Shergottite Slice Of Martian Meteorite Madness,19,2020-09-05,0.14,135.71,WorthPoint
nwa-martian-meteorite,RARE Martian!! Olivine-bearing Gabbroic Shergottite Meteorite NWA 13227 0.79g,95,2020-09-05,0.79,120.25,WorthPoint
nwa-martian-meteorite,NWA 1068 Martian Shergottite Found 2001 Northwest Africa 0.268 Grams,15.01,2020-09-03,0.268,56.01,WorthPoint
nwa-martian-meteorite,Rare Meteorite. Rare Lunar Meteorite. Rare Martian Meteorite. Unclassified Look!,61,2020-09-02,,,WorthPoint
nwa-martian-meteorite,"Meteorie**NWA 11921, Martian Poly. Breccia**0.405 Grams ""Black Beauty"" Rarest!!!",699.99,2020-08-31,0.405,1728.37,WorthPoint
nwa-martian-meteorite,NWA 13366 0.09g Mars Ultramafic Cumulate (Lherzolitic) Shergottite Meteorite,20,2020-08-29,0.09,222.22,WorthPoint
nwa-martian-meteorite,"1.51 Gram NWA 12262 METEORITE - SLICE - Martian (shergottite, Diabasic)",168.75,2020-08-28,1.51,111.75,WorthPoint
nwa-martian-meteorite,"1.77 Gram NWA 12262 METEORITE - Specimen - Martian (shergottite, Diabasic)",191.25,2020-08-26,1.77,108.05,WorthPoint
nwa-martian-meteorite,Shocked Martian!! Olivine-bearing Gabbroic Shergottite Meteorite NWA 13227 0.47g,67.5,2020-08-25,0.47,143.62,WorthPoint
nwa-martian-meteorite,NWA 13366 0.62g Mars Ultramafic Cumulate (Lherzolitic) Shergottite Meteorite,156,2020-08-25,0.62,251.61,WorthPoint
nwa-martian-meteorite,Meteorite NWA 6963 Achondrite Martian Shergottite - G201-0380 - 0.58g - Crust,64,2020-08-24,0.58,110.34,WorthPoint
nwa-martian-meteorite,"Meteorite**NWA 13257, Martian Shergottite**0.414 Grams",69.99,2020-08-24,0.414,169.06,WorthPoint
nwa-martian-meteorite,.029 Gram 4x3x2mm NWA 6963 Martian Shergottite Meteorite Fragment From Mars,19,2020-08-24,29,0.66,WorthPoint
nwa-martian-meteorite,"Meteorite**NWA 4874; Brachinite**2.620 Grams, Extremely Rare Primitive!!!",79.99,2020-08-24,2.62,30.53,WorthPoint
nwa-martian-meteorite,NWA 13366 0.41g Mars Ultramafic Cumulate (Lherzolitic) Shergottite Meteorite,79,2020-08-22,0.41,192.68,WorthPoint
nwa-martian-meteorite,1.17 Gram - NWA 12269 - Martian Meteorite Slice - Shergottite,138.75,2020-08-16,1.17,118.59,WorthPoint
nwa-martian-meteorite,"0.30 Gram NWA 12262 METEORITE - SLICE - Martian (shergottite, Diabasic)",51.75,2020-08-16,0.3,172.5,WorthPoint
nwa-martian-meteorite,"Nwa 12269 Mars Shergottite Meteorite Slice 0.277 Grams, Fresh 2018 Find",95,2020-08-15,0.277,342.96,WorthPoint
nwa-martian-meteorite,NWA 13366 0.39g Mars Ultramafic Cumulate (Lherzolitic) Shergottite Meteorite,75,2020-08-15,0.39,192.31,WorthPoint
nwa-martian-meteorite,NWA 6963 Mars Rock 0.763g Martian Part Slice By Meteorite Men Steve,139.99,2020-08-15,0.763,183.47,WorthPoint
nwa-martian-meteorite,6.6g NWA 13366 Martian Lherzolitic Shergottite Mars Meteorite - Translucent!,1100,2020-08-14,6.6,166.67,WorthPoint
nwa-martian-meteorite,"Nwa 12269 Mars Shergottite Meteorite Slice 0.621 Grams, Fresh 2018 Find",150,2020-08-13,0.621,241.55,WorthPoint
nwa-martian-meteorite,"Meteorite**NWA 12269, Martian Shergottite**0.890 Gram Endcut, Planet Mars!!!",21,2020-08-10,0.89,23.6,WorthPoint
nwa-martian-meteorite,3.943 Gram NWA 8753 Lunar Feldspathic Breccia Moon Meteorite Windowed Fragment,645,2020-08-10,3.943,163.58,WorthPoint
nwa-martian-meteorite,2.15 Gram - NWA 12269 - Martian Meteorite Slice - Shergottite,322,2020-08-09,2.15,149.77,WorthPoint
nwa-martian-meteorite,"4.06 Gram NWA 12262 METEORITE - Nice Slice - Martian (shergottite, Diabasic)",456.75,2020-08-09,4.06,112.5,WorthPoint
nwa-martian-meteorite,Low Price! Low Tkw! Nice Nwa 11668 Martian Shergottite Meteorite! 2.15 Gms,486.75,2020-08-09,2.15,226.4,WorthPoint
nwa-martian-meteorite,NWA 13366 0.56g Mars Ultramafic Cumulate (Lherzolitic) Shergottite Meteorite,85,2020-08-08,0.56,151.79,WorthPoint
nwa-martian-meteorite,NWA 13187 1.02g Martian Meteorite Slice Of Shergottite Sweetness,130.5,2020-08-08,1.02,127.94,WorthPoint
nwa-martian-meteorite,NWA 12222 Martian Meteorite,2500,2020-08-07,,,WorthPoint
nwa-martian-meteorite,NWA 6963 Martian Meteorite,5000,2020-08-07,,,WorthPoint
nwa-martian-meteorite,40.38 Gram NWA 7715 H6 Ordinary Chondrite Meteorite Complete Slice. Great Metal.,120,2020-08-05,40.38,2.97,WorthPoint
nwa-martian-meteorite,MARTIAN Meteorite NWA 998 50mg Vial (.05g),50,2020-08-04,5,10,WorthPoint
nwa-martian-meteorite,NWA 1950 Poss Pairing 0.20g Slice Ultramafic (Lherzolitic) Martian Meteorite,36,2020-08-01,0.2,180,WorthPoint
nwa-martian-meteorite,"Mars Rock! 1.38g End Cut NWA 12269, Martian Shergottite, Plus Xtra Piece, FREE",150,2020-07-28,1.38,108.7,WorthPoint
nwa-martian-meteorite,.032 Grams 3x3x2mm NWA 4878 Martian Shergottite Meteorite Fragment From Mars,21,2020-07-26,32,0.66,WorthPoint
nwa-martian-meteorite,NWA 13187 1.84g Shergottite Meteorite Slice Of Martian Madness,225,2020-07-25,1.84,122.28,WorthPoint
nwa-martian-meteorite,MARTIAN METEORITE ZAGAMI - 0.974 Gms - MARS BASALTIC SHERGOTTITE - IMCA Member,375,2020-07-23,0.974,385.01,WorthPoint
nwa-martian-meteorite,.061 Gram 5x4x3mm NWA 6963 Martian Shergottite Meteorite Fragment From Mars,37,2020-07-22,61,0.61,WorthPoint
nwa-martian-meteorite,.057 Grams 4mm Fragment Of NWA 1068 MARTIAN SHERGOTTITE METEORITE From Mars,22,2020-07-22,57,0.39,WorthPoint
nwa-martian-meteorite,.054 Grams 4mm Fragment Of NWA 1068 MARTIAN SHERGOTTITE METEORITE From Mars,21,2020-07-22,54,0.39,WorthPoint
nwa-martian-meteorite,0.47 Gram - NWA 6963 - Martian Shergottite - Meteorite - From Mars,93.75,2020-07-21,0.47,199.47,WorthPoint
nwa-martian-meteorite,"Meteorite**NWA 4874; Brachinite**2.197 Grams, Primitive!!!",32,2020-07-20,2.197,14.57,WorthPoint
nwa-martian-meteorite,"1.49 Gram NWA 12262 METEORITE - SLICE - Martian (shergottite, Diabasic)",225,2020-07-19,1.49,151.01,WorthPoint
nwa-martian-meteorite,NWA 1950 Poss Pairing 1.24g Slice Ultramafic (Lherzolitic) Martian Meteorite,186,2020-07-18,1.24,150,WorthPoint
nwa-martian-meteorite,NWA 1950 Poss Pairing 0.33g Slice Ultramafic (Lherzolitic) Martian Meteorite,50,2020-07-18,0.33,151.52,WorthPoint
nwa-martian-meteorite,NWA 13187 0.47g Martian Meteorite Slice Of Shergottite Sweetness,59,2020-07-18,0.47,125.53,WorthPoint
nwa-martian-meteorite,Naryilco 26.18g LL6 1975 Queensland Australia Jay Piatek MeteoriteCollection IOM,349,2020-07-16,26.18,13.33,WorthPoint
nwa-martian-meteorite,Northwest Africa (NWA) 11228 Mars Meteorite,1258.75,2020-07-16,,,WorthPoint
nwa-martian-meteorite,NWA 1950 Poss Pairing 0.26g Slice Ultramafic (Lherzolitic) Martian Meteorite,51,2020-07-12,0.26,196.15,WorthPoint
nwa-martian-meteorite,NWA 1950 Poss Pairing 0.38g Slice Ultramafic (Lherzolitic) Martian Meteorite,81,2020-07-11,0.38,213.16,WorthPoint
nwa-martian-meteorite,56.08 Gram NWA 7715 H6 Ordinary Chondrite Meteorite Complete Slice. Great Metal.,168,2020-07-10,56.08,3,WorthPoint
nwa-martian-meteorite,"4.17 Gram NWA 12262 METEORITE - SLICE - Martian (shergottite, Diabasic)",468.75,2020-07-08,4.17,112.41,WorthPoint
nwa-martian-meteorite,3.89 Gram - NWA 6963 - Martian Shergottite - Meteorite - From Mars,812,2020-07-07,3.89,208.74,WorthPoint
nwa-martian-meteorite,"0.34 Gram NWA 12262 METEORITE - Specimen - Martian (shergottite, Diabasic)",52.5,2020-07-05,0.34,154.41,WorthPoint
nwa-martian-meteorite,NWA 1950 Poss Pairing 0.58g Slice Ultramafic (Lherzolitic) Martian Meteorite,104,2020-07-04,0.58,179.31,WorthPoint
nwa-martian-meteorite,NWA 13187 0.60g Martian Meteorite Slice Of Shergottite Sweetness,88.12,2020-07-04,0.6,146.87,WorthPoint
nwa-martian-meteorite,21.59 Gram NWA 7715 H6 Ordinary Chondrite Meteorite Complete Slice. Great Metal.,60,2020-07-01,21.59,2.78,WorthPoint
nwa-martian-meteorite,Nice 0.70 Gram - NWA 6963 - Martian Shergottite - Meteorite From Mars,155,2020-06-30,0.7,221.43,WorthPoint
nwa-martian-meteorite,"0.51 Gram NWA 12262 METEORITE - SLICE - Martian (shergottite, Diabasic)",74.25,2020-06-29,0.51,145.59,WorthPoint
nwa-martian-meteorite,CARANCAS Meteorite HAMMER - Classified 3.31 Grams - H4-5 Chondrite - IMCA MEMBER,179,2020-06-27,3.31,54.08,WorthPoint
nwa-martian-meteorite,Great Deal! Fabulous Fragment! Nwa 6963 Martian Shergottite Meteorite! .41 Gms,119.25,2020-06-20,41,2.91,WorthPoint
nwa-martian-meteorite,NWA 13187 0.61g Martian Meteorite Slice Of Shergottite Sweetness,82,2020-06-20,0.61,134.43,WorthPoint
nwa-martian-meteorite,NWA 4468 MARTIAN Basaltic Shergottite Meteorite Mars RARE Northwest Africa IMCA,192.49,2020-06-18,,,WorthPoint
nwa-martian-meteorite,"Campo Del Cielo Meteorite - 153.0 Gram INDIVIDUAL SILICATE ""NODULE"" - IMCA",229,2020-06-17,153,1.5,WorthPoint
nwa-martian-meteorite,"NWA 6947 Meteorite -Classified 3rd LARGEST MAIN MASS - 19.039 POUNDS- 8,636 Gms",979,2020-06-16,636,1.54,WorthPoint
nwa-martian-meteorite,1.45 Gram NWA 12262 - Martian Meteorite (shergottite Diabasic) Nice Thin Slice,149.25,2020-06-15,1.45,102.93,WorthPoint
nwa-martian-meteorite,Meteorite: MARTIAN NWA-6963 .167g,50,2020-06-15,167,0.3,WorthPoint
nwa-martian-meteorite,"NEW RARE!! NWA 10720 Nakhlite MARTIAN Meteorite, Lot Of Crumbs, 0.2 Grams #1",33,2020-06-14,0.2,165,WorthPoint
nwa-martian-meteorite,"NEW RARE!! NWA 10720 Nakhlite MARTIAN Meteorite, Lot Of 5 Fragments, 0.12 Grams",89.99,2020-06-14,0.12,749.92,WorthPoint
nwa-martian-meteorite,"NEW RARE!! NWA 10720 Nakhlite MARTIAN Meteorite, Lot Of 6 Fragments, 0.15 Grams",99.99,2020-06-14,0.15,666.6,WorthPoint
nwa-martian-meteorite,NWA 1950 Poss Pairing 0.15g Slice Ultramafic (Lherzolitic) Martian Meteorite,18,2020-06-13,0.15,120,WorthPoint
nwa-martian-meteorite,NWA 13187 0.34g Martian Meteorite Slice Of Shergottite Sweetness,43,2020-06-13,0.34,126.47,WorthPoint
nwa-martian-meteorite,1.0 Gram - NWA 12269 - Martian Meteorite Slice/Frag - Shergottite,120,2020-06-12,1,120,WorthPoint
nwa-martian-meteorite,Julesburg 7.99g L3.6 1983 Colorado USA Jay Piatek Meteorite Collection L3,149.99,2020-06-11,7.99,18.77,WorthPoint
nwa-martian-meteorite,1.2 Gram - NWA 6963 - Martian Shergottite - Meteorite From Mars W/crust,299.25,2020-06-09,1.2,249.38,WorthPoint
nwa-martian-meteorite,"NEW RARE!! NWA 10720 Nakhlite MARTIAN Meteorite, Fragment, 1.30 Grams",779.99,2020-06-09,1.3,599.99,WorthPoint
nwa-martian-meteorite,.166 Grams 11x6x1mm Slice NWA 7397 MARTIAN SHERGOTTITE Meteorite -glass Top Case,98,2020-06-08,166,0.59,WorthPoint
nwa-martian-meteorite,.054 Gram 4x4x3mm NWA 6963 Martian Shergottite Meteorite Fragment From Mars,22,2020-06-08,54,0.41,WorthPoint
nwa-martian-meteorite,Great Deal! Fragment With Crust! Nwa 6963 Martian Shergottite Meteorite! .119 Gm,29.25,2020-06-08,119,0.25,WorthPoint
nwa-martian-meteorite,"Meteorite**NWA 4874; Brachinite**1.270 Grams, Primitive Achondrite!!!",31.6,2020-06-08,1.27,24.88,WorthPoint
nwa-martian-meteorite,2017 Mars Nwa 7397 Meteorite $ 1.oo .999 Silver Coin,145,2020-06-07,,,WorthPoint
nwa-martian-meteorite,NWA 1950 Poss Pairing 0.10g Slice Lherzolitic Shergottite Martian Meteorite,19,2020-06-06,0.1,190,WorthPoint
nwa-martian-meteorite,Nice .39 Gram - NWA 6963 - Martian Shergottite Slice - Meteorite From Mars,74.25,2020-06-05,39,1.9,WorthPoint
nwa-martian-meteorite,0.69 Gram - NWA 12269 - Martian Meteorite Slice - Shergottite,78.75,2020-06-03,0.69,114.13,WorthPoint
nwa-martian-meteorite,Perryton 20.23g LL6 Texas USA 1975 Ochiltree Co. Jay Piatek Meteorite Collection,249,2020-06-01,20.23,12.31,WorthPoint
nwa-martian-meteorite,NWA 1950 Pairing 0.83g Slice Lherzolitic Shergottite Martian Meteorite Under Stu,149,2020-05-30,0.83,179.52,WorthPoint
nwa-martian-meteorite,NWA 1950 Pairing 0.67g Slice Lherzolitic Shergottite Martian Meteorite Under Stu,120,2020-05-30,0.67,179.1,WorthPoint
nwa-martian-meteorite,Nice 1.06 Gram - NWA 6963 - Martian Shergottite Slice - Meteorite From Mars,164.25,2020-05-26,1.06,154.95,WorthPoint
nwa-martian-meteorite,Nice 0.49 Gram - NWA 6963 - Martian Shergottite Slice - Meteorite From Mars,109,2020-05-24,0.49,222.45,WorthPoint
nwa-martian-meteorite,NWA 1950 Pairing 1.24g Slice Lherzolitic Shergottite Martian Meteorite Under Stu,215,2020-05-23,1.24,173.39,WorthPoint
nwa-martian-meteorite,NWA 1950 Pairing 0.09g Slice Lherzolitic Shergottite Martian Meteorite Under Stu,19,2020-05-23,0.09,211.11,WorthPoint
nwa-martian-meteorite,NWA 12269 MARTIAN SHERGOTTITE METEORITE - 0.38g In Display,34.99,2020-05-21,0.38,92.08,WorthPoint
nwa-martian-meteorite,.51 Gram NWA 12262 - Martian Meteorite (shergottite Diabasic) Nice Thin Slice,99,2020-05-20,51,1.94,WorthPoint
nwa-martian-meteorite,"Meteorite**NWA 12534, LL7**0.521 Grams Lot, Recrytallized, Ultra Rare!!!",21,2020-05-18,0.521,40.31,WorthPoint
nwa-martian-meteorite,"Meteorite**NWA 12269, Martian Shergottite**1.211 Gram, Planet Mars! W/Crust!!",96,2020-05-18,1.211,79.27,WorthPoint
nwa-martian-meteorite,19.76 Gram NWA 13187 Martian Shergottite Meteorite Slice.,660,2020-05-17,19.76,33.4,WorthPoint
nwa-martian-meteorite,5.3 Gram NWA 10645 (paired) Martian Nakhlite Meteorite Piece. Very Rare.,1350,2020-05-17,5.3,254.72,WorthPoint
nwa-martian-meteorite,0.718 Gram NWA 10645 (paired) Martian Nakhlite Meteorite Piece. Very Rare.,182.5,2020-05-17,0.718,254.18,WorthPoint
nwa-martian-meteorite,0.69 Gram - NWA 6963 - Martian Shergottite - Meteorite - From Mars,131.25,2020-05-17,0.69,190.22,WorthPoint
nwa-martian-meteorite,"NWA 6947 Meteorite - Classified 2nd LARGEST MAIN MASS- 21.043 POUNDS- 9,545 GMS",1075,2020-05-16,545,1.97,WorthPoint
nwa-martian-meteorite,NWA 1950 Pairing 0.71g Slice Lherzolitic Shergottite Martian Meteorite Under Stu,185,2020-05-16,0.71,260.56,WorthPoint
nwa-martian-meteorite,Henbury Iron Meteorite - Beautiful 57.75 Gram Australian Meteorite Specimen,289,2020-05-15,57.75,5,WorthPoint
nwa-martian-meteorite,.034 Grams 5x4x1mm Slice NWA 7397 MARTIAN SHERGOTTITE Meteorite - Glass Top Case,27.5,2020-05-14,34,0.81,WorthPoint
nwa-martian-meteorite,NWA 1950 Pairing 0.08g Slice Lherzolitic Shergottite Martian Meteorite Under Stu,21,2020-05-13,0.08,262.5,WorthPoint
nwa-martian-meteorite,.185 Grams 6x5x3mm Fragment Of NWA 1068 MARTIAN SHERGOTTITE METEORITE From Mars,59,2020-05-13,185,0.32,WorthPoint
nwa-martian-meteorite,NWA 11220 Martian Meteorite (Black Beauty Pairing) 0.10g Part Slice,110,2020-05-12,0.1,1100,WorthPoint
nwa-martian-meteorite,.069 Gram 5x3x2mm NWA 6963 Martian Shergottite Meteorite Fragment From Mars,15,2020-05-07,69,0.22,WorthPoint
nwa-martian-meteorite,HERITAGE Natural History -- Gems Gold Meteorite Fossils Dinosaur Green River,19.95,2020-05-06,,,WorthPoint
nwa-martian-meteorite,.073 Grams 5mm Fragment Of NWA 1110 Martian METEORITE Shergottite Rock From Mars,40,2020-05-06,73,0.55,WorthPoint
nwa-martian-meteorite,Naryilco 7.93g LL6 1975 Queensland Australia Jay Piatek MeteoriteCollection IOM,169,2020-05-05,7.93,21.31,WorthPoint
nwa-martian-meteorite,NWA X 1.22g Slice Lherzolitic Shergottite Martian Meteorite Under Study,316,2020-05-05,1.22,259.02,WorthPoint
nwa-martian-meteorite,Nice 0.80 Gram - NWA 6963 - Martian Shergottite Slice - Meteorite From Mars,169,2020-05-05,0.8,211.25,WorthPoint
nwa-martian-meteorite,"3.01 Gram NWA 12262 METEORITE - SUPER THIN - Martian (shergottite, Diabasic)",374.25,2020-05-04,3.01,124.34,WorthPoint
nwa-martian-meteorite,Nice .23 Gram - NWA 6963 - Martian Shergottite Slice - Meteorite From Mars,51.75,2020-05-01,23,2.25,WorthPoint
nwa-martian-meteorite,"Extremely Rare, Lherzolitic Shergottite, 1.52g Slice Of Martian Meteorite",157.5,2020-04-29,1.52,103.62,WorthPoint
nwa-martian-meteorite,"Meteorite**NWA 12269, Martian Shergottite**2.083 Gram Endcut, Planet Mars!!!",123.5,2020-04-27,2.083,59.29,WorthPoint
nwa-martian-meteorite,"NWA Meteorite Chondrite - 12.247 POUNDS - 5,555.2 Grams - IMCA",459,2020-04-26,555.2,0.83,WorthPoint
nwa-martian-meteorite,"Extremely Rare, Lherzolitic Shergottite, 1.35g Slice Of Martian Meteorite",94.25,2020-04-26,1.35,69.81,WorthPoint
nwa-martian-meteorite,NWA 13187 0.31g Martian Meteorite Slice Of Shergottite Sweetness,43,2020-04-25,0.31,138.71,WorthPoint
nwa-martian-meteorite,Nova Petropolis 60.05g IIIAB Do Sul Brazil 1967 Jay Piatek Meteorite Collection,899,2020-04-24,60.05,14.97,WorthPoint
nwa-martian-meteorite,Nice 1.23 Gram - NWA 6963 - Martian Shergottite Slice - Meteorite From Mars,309,2020-04-21,1.23,251.22,WorthPoint
nwa-martian-meteorite,MUSEUM EDITION- AUTHENTICATED MARS METEORITE- 3 Mars Rocks- Jumbo Display+Easel,25.95,2020-04-21,,,WorthPoint
nwa-martian-meteorite,NWA 13187 0.18g Shergottite Meteorite Slice Of Martian Madness,23,2020-04-18,0.18,127.78,WorthPoint
nwa-martian-meteorite,"4.2 Gram NWA 12262 METEORITE - Cutting Dust - Martian (shergottite, Diabasic)",374.25,2020-04-17,4.2,89.11,WorthPoint
nwa-martian-meteorite,"4.1 Gram NWA 12262 METEORITE - Cutting Dust - Martian (shergottite, Diabasic)",499,2020-04-17,4.1,121.71,WorthPoint
nwa-martian-meteorite,.128 Gram 6x4x3mm NWA 6963 Martian Shergottite Meteorite Fragment From Mars,29,2020-04-16,128,0.23,WorthPoint
nwa-martian-meteorite,Admire Meteorite Pallasite - Meteorite Men Limited Specimen Edition - IMCA,159,2020-04-15,,,WorthPoint
nwa-martian-meteorite,"Classified Campo Del Cielo Iron Meteorite - 9,960.0 Grams - 22.00 POUNDS - IMCA",2575,2020-04-14,960,2.68,WorthPoint
nwa-martian-meteorite,"Meteorite**NWA 12534, LL7**1.645 Grams, Recrytallized, Ultra Rare!!!",69.99,2020-04-13,1.645,42.55,WorthPoint
nwa-martian-meteorite,56.92 Gram NWA 13227 Martian Shergottite Meteorite End Cut. Just Classified.,1950,2020-04-11,56.92,34.26,WorthPoint
nwa-martian-meteorite,.063 Grams 4x4x3mm Fragment Of NWA 1068 MARTIAN SHERGOTTITE METEORITE From Mars,29,2020-04-10,63,0.46,WorthPoint
nwa-martian-meteorite,"4.87 Gram NWA 12262 METEORITE - Nice Slice - Martian (shergottite, Diabasic)",547.5,2020-04-10,4.87,112.42,WorthPoint
nwa-martian-meteorite,"0.60 Gram NWA 12262 METEORITE - Thick Slice - Martian (shergottite, Diabasic)",99,2020-04-10,0.6,165,WorthPoint
nwa-martian-meteorite,"0.87 Gram NWA 12262 METEORITE - SLICE - Martian (shergottite, Diabasic)",97.5,2020-04-08,0.87,112.07,WorthPoint
nwa-martian-meteorite,Sacramento Mountains 18.23g IIIA 1890 New Mexico USA JayPiatek MeteoriteCollectn,299,2020-04-06,18.23,16.4,WorthPoint
nwa-martian-meteorite,"Classified Nova 009 Meteorite - 13.4 Gram Polished (2 Sides), Full Slice - IMCA",129,2020-04-05,13.4,9.63,WorthPoint
nwa-martian-meteorite,"NWA 6947 Meteorite - Classified *MAIN MASS* - 25.552 POUNDS - 11,590 GMS",1275,2020-04-05,590,2.16,WorthPoint
nwa-martian-meteorite,NWA 11901 Lodranite Meteorite 7 Gram Slice Of Super Rare Primitive Achondrite,245,2020-04-05,7,35,WorthPoint
nwa-martian-meteorite,"6.61 Gram NWA 12262 Meteorite - Thin Full Slice - Martian Shergottite, Diabasic",699,2020-04-04,6.61,105.75,WorthPoint
nwa-martian-meteorite,RARE!! NWA 7755 MARS METEORITE 4.53 Gr LHERZOLITIC SHERGOTTITE,1000,2020-04-03,4.53,220.75,WorthPoint
nwa-martian-meteorite,.057 Grams 4mm Fragment Of NWA 1110 Martian METEORITE Shergottite Rock From Mars,25,2020-04-02,57,0.44,WorthPoint
nwa-martian-meteorite,.234 Grams 9x6x3mm Fragment Of NWA 1068 MARTIAN SHERGOTTITE METEORITE From Mars,99,2020-04-01,234,0.42,WorthPoint
nwa-martian-meteorite,.074 Grams 7x5x1mm Cut Slice NWA 7397 MARTIAN SHERGOTTITE METEORITE From Mars,47,2020-04-01,74,0.64,WorthPoint
nwa-martian-meteorite,.064 Grams 6x5x1mm Cut Slice NWA 7397 MARTIAN SHERGOTTITE METEORITE From Mars,44,2020-04-01,64,0.69,WorthPoint
nwa-martian-meteorite,.093 Gram 5x5x3mm NWA 6963 Martian Shergottite Meteorite Fragment From Mars,19.99,2020-04-01,93,0.21,WorthPoint
nwa-martian-meteorite,.054 Gram 5x3x2mm NWA 6963 Martian Shergottite Meteorite Fragment From Mars,13.99,2020-04-01,54,0.26,WorthPoint
nwa-martian-meteorite,NWA 6963 Mars Rock 0.418g Martian Part Slice By Meteorite Men Steve,82.99,2020-03-31,0.418,198.54,WorthPoint
nwa-martian-meteorite,Mars Rock Authenticated Martian Meteorite NWA 7397 Certified Authentic,27.99,2020-03-29,,,WorthPoint
nwa-martian-meteorite,.161 Gram 6x5x4mm NWA 6963 Martian Shergottite Meteorite Fragment From Mars,41,2020-03-29,161,0.25,WorthPoint
nwa-martian-meteorite,3.3 Gram NWA 10645 (paired) Martian Nakhlite Meteorite Piece. Very Rare.,1025,2020-03-28,3.3,310.61,WorthPoint
nwa-martian-meteorite,NWA 13187 0.13g Shergottite Meteorite Slice Of Martian Madness,21,2020-03-28,0.13,161.54,WorthPoint
nwa-martian-meteorite,1.85 Gram NWA 12262 - Martian Meteorite (shergottite Diabasic) Nice Thin Slice,219,2020-03-27,1.85,118.38,WorthPoint
nwa-martian-meteorite,Nice 0.17 Gram - NWA 6963 - Martian Shergottite - Meteorite From Mars,37.5,2020-03-26,0.17,220.59,WorthPoint
nwa-martian-meteorite,1.16 Gram NWA 12262 - Martian Meteorite (shergottite Diabasic) Nice Thin Slice,119.25,2020-03-26,1.16,102.8,WorthPoint
nwa-martian-meteorite,.038 Grams 4mm Fragment Of NWA 1110 Martian METEORITE Shergottite Rock From Mars,19,2020-03-25,38,0.5,WorthPoint
nwa-martian-meteorite,Martian Mini-Meteorite Complete And Uncut With Fusion Crust.,600,2020-03-21,,,WorthPoint
nwa-martian-meteorite,Melrose (a) 14.41g L5 1933 New Mexico Jay Piatek Meteorite Collection - IOM,129,2020-03-17,14.41,8.95,WorthPoint
nwa-martian-meteorite,"NWA Meteorite- Unclassified LARGE 3.253 POUNDS- 1,475.4 Grams- Chondule Specimen",475,2020-03-15,475.4,1,WorthPoint
nwa-martian-meteorite,18.25 Gram NWA 13187 Martian Shergottite Meteorite Slice.,810,2020-03-14,18.25,44.38,WorthPoint
nwa-martian-meteorite,NWA 6963 Mars Rock ~ 12-19mg Martian Crumb By Meteorite Men Steve,24.99,2020-03-11,,,WorthPoint
nwa-martian-meteorite,"2.14 Gram NWA 12262 METEORITE - Martian (shergottite, Diabasic) - Nice END CUT",299,2020-03-11,2.14,139.72,WorthPoint
nwa-martian-meteorite,.037 Grams 4x4x2mm Fragment Of NWA 1068 MARTIAN SHERGOTTITE METEORITE From Mars,14,2020-03-10,37,0.38,WorthPoint
nwa-martian-meteorite,"Classified Nova 009 Meteorite - 16.3 Gram Polished (2 Sides), Full Slice - IMCA",145,2020-03-09,16.3,8.9,WorthPoint
nwa-martian-meteorite,NWA 6963 Mars Rock ~ 20-29 Mg Martian Crumb By Meteorite Men Steve,29.99,2020-03-09,,,WorthPoint
nwa-martian-meteorite,"2017 $20 Cook Islands MARS, RED PLANET 3oz 999 Silver Coin W/REAL MARS ROCK",369,2020-03-09,85.05,4.34,WorthPoint
nwa-martian-meteorite,08884 - MARTIAN NWA 6963 Shergottite Meteorite 0.176 G Thin Section,61.5,2020-03-09,0.176,349.43,WorthPoint
nwa-martian-meteorite,08871 - MARTIAN NWA 6963 Shergottite Meteorite 0.441 G Thin Section,29.05,2020-03-08,0.441,65.87,WorthPoint
nwa-martian-meteorite,0.42g NWA 10645. Martian Nakhlite Meteorite Slice. Partial Crust. Very Rare.,205.5,2020-03-07,0.42,489.29,WorthPoint
nwa-martian-meteorite,0.71 Gram NWA 2737. Martian Chassignite Meteorite Piece. Extremely Rare.,1125,2020-03-07,0.71,1584.51,WorthPoint
nwa-martian-meteorite,"Huge Lunar And Martian Meteorite Slice Set. 66.9g NWA 13227, 47 Gram NWA 12592.",3900,2020-03-07,66.9,58.3,WorthPoint
nwa-martian-meteorite,NWA 6963 Mars Rock 0.170g Martian Part Slice By Meteorite Men Steve,34.99,2020-03-05,0.17,205.82,WorthPoint
nwa-martian-meteorite,"2016 Niue .999 1 Oz Silver Martian Meteorite NWA 6963 Coin, 35/500 Mintage.",63,2020-03-05,28.35,2.22,WorthPoint
nwa-martian-meteorite,3.33 Gram NWA 12262 - Martian Meteorite (shergottite Diabasic) Cutting Dust,266.4,2020-03-04,3.33,80,WorthPoint
nwa-martian-meteorite,2.90 Gram NWA 12262 - Martian Meteorite (shergottite Diabasic) Cutting Dust,232,2020-03-04,2.9,80,WorthPoint
nwa-martian-meteorite,08880 - MARTIAN NWA 6963 Shergottite Meteorite 0.186 G Thin Section With Crust,65.5,2020-03-04,0.186,352.15,WorthPoint
nwa-martian-meteorite,Genuine Martian Meteorite!! Nwa 6963 *authenticated By Meteoritical Society,35,2020-03-03,,,WorthPoint
nwa-martian-meteorite,NWA 6963 Mars Rock 0.191g Martian Part Slice By Meteorite Men Steve,37.99,2020-03-02,0.191,198.9,WorthPoint
nwa-martian-meteorite,"Meteorite**NWA 12269, Martian Shergottite**1.085 Gram Slice, Planet Mars!!!",119.99,2020-03-02,1.085,110.59,WorthPoint
nwa-martian-meteorite,Very Rare NWA 2737 MARTIAN CHASSIGNITE Meteorite Mars SNC Northwest Africa IMCA,35.97,2020-03-01,,,WorthPoint
nwa-martian-meteorite,0.21 Gram Martian Polymict Breccia. Same Material As Black Beauty.,207.5,2020-02-29,0.21,988.1,WorthPoint
nwa-martian-meteorite,0.55 Gram NWA 10645. Martian Nakhlite Meteorite Piece. Extremely Rare.,278.33,2020-02-29,0.55,506.05,WorthPoint
nwa-martian-meteorite,0.12 Gram NWA 2737. Martian Chassignite Meteorite Piece. Extremely Rare.,255,2020-02-29,0.12,2125,WorthPoint
nwa-martian-meteorite,18.85 Gram NWA 13187 Martian Shergottite Meteorite Slice.,1009,2020-02-29,18.85,53.53,WorthPoint
nwa-martian-meteorite,33.59g NWA 13227 (prov) Rare Subtype Martian Meteorite Slice,1450,2020-02-29,33.59,43.17,WorthPoint
nwa-martian-meteorite,0.39 Gram NWA 8159. Martian Augite Basalt Meteorite. Most Coveted NWA!,1000,2020-02-29,0.39,2564.1,WorthPoint
nwa-martian-meteorite,NWA 13187 0.46g Shergottite Meteorite Slice Of Martian Madness,61.55,2020-02-29,0.46,133.8,WorthPoint
nwa-martian-meteorite,NWA 13187 0.17g Shergottite Meteorite Slice Of Martian Madness,21,2020-02-29,0.17,123.53,WorthPoint
nwa-martian-meteorite,NWA 13187 0.08g Shergottite Meteorite Slice Of Martian Madness,20.09,2020-02-29,0.08,251.13,WorthPoint
nwa-martian-meteorite,.074 Grams 5mm Fragment Of NWA 1110 Martian METEORITE Shergottite Rock From Mars,41,2020-02-29,74,0.55,WorthPoint
nwa-martian-meteorite,08874 - MARTIAN NWA 6963 Shergottite Meteorite 0.477 G Thin Section,167.5,2020-02-29,0.477,351.15,WorthPoint
nwa-martian-meteorite,0.89 Gram NWA 12262 - Martian Meteorite (shergottite Diabasic) Nice Thin Slice,119,2020-02-27,0.89,133.71,WorthPoint
nwa-martian-meteorite,Authentic Mars Rock - Nakhlite Martian Meteorite NWA 998 M3a,15,2020-02-26,,,WorthPoint
nwa-martian-meteorite,1.05 Gram NWA 12262 - Martian Meteorite (shergottite Diabasic) Nice Thin Slice,139,2020-02-25,1.05,132.38,WorthPoint
nwa-martian-meteorite,Sikhote-Alin 53.95g IIAB FELL 1947 Russia Jay Piatek Meteorite Collection IRON,199,2020-02-24,53.95,3.69,WorthPoint
nwa-martian-meteorite,NWA 13187 0.72g Shergottite Meteorite Slice Of Martian Madness,90,2020-02-22,0.72,125,WorthPoint
nwa-martian-meteorite,56.92 Gram Martian Shergottite Meteorite End Cut. Under Classification!,2900,2020-02-22,56.92,50.95,WorthPoint
nwa-martian-meteorite,NWA 13187 0.17g Martian Meteorite Slice Of Shergottite Sweetness,21,2020-02-22,0.17,123.53,WorthPoint
nwa-martian-meteorite,1.44 Gram - NWA 12269 - Martian Meteorite Slice - Shergottite,172,2020-02-21,1.44,119.44,WorthPoint
nwa-martian-meteorite,Classified NWA 2053 Meteorite - Polished End Cut - 68.0 Grams - *RARE - IMCA,165,2020-02-21,68,2.43,WorthPoint
nwa-martian-meteorite,NWA 13187 0.21g Shergottite Meteorite Slice Of Martian Madness,34,2020-02-17,0.21,161.9,WorthPoint
nwa-martian-meteorite,"Meteorite**NWA 12534, LL7**0.755 Gram Lot, Recrytallized, Ultra Rare!!!",15.99,2020-02-17,0.755,21.18,WorthPoint
nwa-martian-meteorite,NWA 12269 0.54g Shergottite Meteorite Pairing Slice Of Martian Madness,59,2020-02-15,0.54,109.26,WorthPoint
nwa-martian-meteorite,NWA 12269 0.34g Shergottite Meteorite Pairing Slice Of Martian Madness,51,2020-02-15,0.34,150,WorthPoint
nwa-martian-meteorite,NWA 11901 Lodranite Meteorite 1g Windowed Frag Of Uber Rare Primitive Achondrite,12.02,2020-02-14,1,12.02,WorthPoint
nwa-martian-meteorite,.472 Grams 8x6x5mm Fragment Of NWA 1068 MARTIAN SHERGOTTITE METEORITE From Mars,265.99,2020-02-13,472,0.56,WorthPoint
nwa-martian-meteorite,NWA 12269 0.28g Martian Meteorite Pairing Slice Of Shergottite Sweetness,39,2020-02-11,0.28,139.29,WorthPoint
nwa-martian-meteorite,NWA 11901 Lodranite Meteorite 14.2g End Cut Of Uber Rare Primitive Achondrite,51.22,2020-02-10,14.2,3.61,WorthPoint
nwa-martian-meteorite,NWA 12269 0.46g Martian Meteorite Pairing Slice Of Shergottite Sweetness,64,2020-02-08,0.46,139.13,WorthPoint
nwa-martian-meteorite,7.05 Gram Martian Shergottite Meteorite Slice. Under Classification!,540,2020-02-08,7.05,76.6,WorthPoint
nwa-martian-meteorite,NWA 12269 1.07g Martian Meteorite Pairing Slice Of Shergottite Sweetness,112.5,2020-02-08,1.07,105.14,WorthPoint
nwa-martian-meteorite,NWA 12269 0.84g Shergottite Meteorite Pairing Slice Of Martian Madness,85,2020-02-08,0.84,101.19,WorthPoint
nwa-martian-meteorite,NWA 12269 0.29g Martian Meteorite Pairing Slice Of Shergottite Sweetness,39,2020-02-08,0.29,134.48,WorthPoint
nwa-martian-meteorite,NWA 12269 0.29g Shergottite Meteorite Pairing Slice Of Martian Madness,31,2020-02-08,0.29,106.9,WorthPoint
nwa-martian-meteorite,Martian Meteorite 1.01g I Mars SHERGOTTITE - NWA 11668 - TOP,505,2020-02-04,1.01,500,WorthPoint
nwa-martian-meteorite,.053 Grams 4x4x2mm Fragment Of NWA 1068 MARTIAN SHERGOTTITE METEORITE From Mars,25.99,2020-02-02,53,0.49,WorthPoint
nwa-martian-meteorite,0.41g NWA 10645 Martian Crusted Nakhlite Meteorite Part Slice. Extremely Rare.,249.5,2020-02-02,0.41,608.54,WorthPoint
nwa-martian-meteorite,400th Anniv. Obs. Of Mars 1609-2009 Silver Coin W/NWA 4925 Martian Meteorite!!!!,159.5,2020-02-02,,,WorthPoint
nwa-martian-meteorite,NWA 12269 0.16g Martian Meteorite Paring Slice Of Shergottite Sweetness,24,2020-02-01,0.16,150,WorthPoint
nwa-martian-meteorite,NWA 12269 0.49g Shergottite Meteorite Pairing Slice Of Martian Madness,56,2020-02-01,0.49,114.29,WorthPoint
nwa-martian-meteorite,NWA 12269 0.40g Martian Meteorite Pairing Slice Of Shergottite Sweetness,46,2020-02-01,0.4,115,WorthPoint
nwa-martian-meteorite,NWA 1068 MARTIAN METEORITE From Mars 12 Mg W/stand,12,2020-02-01,,,WorthPoint
nwa-martian-meteorite,7.55 Gram Martian Shergottite Meteorite Slice. Under Classification!,580,2020-01-28,7.55,76.82,WorthPoint
nwa-martian-meteorite,NWA 12269 0.19g Martian Meteorite Pairing Slice Of Shergottite Sweetness,28,2020-01-27,0.19,147.37,WorthPoint
nwa-martian-meteorite,NWA 12269 0.13g Shergottite Meteorite Paring Slice Of Martian Madness,20,2020-01-27,0.13,153.85,WorthPoint
nwa-martian-meteorite,Classified FUKANG METEORITE PALLASITE - 7.45 Grams - A BEAUTIFUL Specimen- IMCA,299,2020-01-27,7.45,40.13,WorthPoint
nwa-martian-meteorite,NWA 12269 1.25g Martian Meteorite Pairing Slice Of Shergottite Sweetness,163,2020-01-26,1.25,130.4,WorthPoint
nwa-martian-meteorite,NWA 12269 0.72g Martian Meteorite Pairing Slice Of Shergottite Sweetness,103,2020-01-26,0.72,143.06,WorthPoint
nwa-martian-meteorite,"Martian Shergottite - NWA 6963 Meteorite From Mars, .29 Gram End-cut W/ Crust",46,2020-01-25,29,1.59,WorthPoint
nwa-martian-meteorite,22.07 Gram Martian Shergottite Meteorite Slice. Under Classification!,860,2020-01-25,22.07,38.97,WorthPoint
nwa-martian-meteorite,7.35 Gram Martian Shergottite Meteorite Slice. Under Classification!,480,2020-01-25,7.35,65.31,WorthPoint
nwa-martian-meteorite,1.2 Kilo Ghadamis (prov) Meteorite. Witnessed Fall From Libya.,1425,2020-01-25,,,WorthPoint
nwa-martian-meteorite,NWA 12269 0.50g Shergottite Meteorite Pairing Slice Of Martian Madness,65,2020-01-25,0.5,130,WorthPoint
nwa-martian-meteorite,NWA 12269 0.18g Martian Meteorite Paring Slice Of Shergottite Sweetness,26,2020-01-25,0.18,144.44,WorthPoint
nwa-martian-meteorite,NWA 12269 0.11g Shergottite Meteorite Paring Slice Of Martian Madness,17,2020-01-25,0.11,154.55,WorthPoint
nwa-martian-meteorite,NWA 12269 1.27g Martian Meteorite Pairing Slice Of Shergottite Sweetness,169,2020-01-24,1.27,133.07,WorthPoint
nwa-martian-meteorite,NWA 12269 0.38g Martian Meteorite Pairing Slice Of Shergottite Sweetness,52,2020-01-24,0.38,136.84,WorthPoint
nwa-martian-meteorite,NWA 12269 0.28g Shergottite Meteorite Pairing Slice Of Martian Madness,39,2020-01-20,0.28,139.29,WorthPoint
nwa-martian-meteorite,"Meteorite**NWA 12269, Martian Shergottite**0.246 Gram Lot, Planet Mars!!!",43,2020-01-20,0.246,174.8,WorthPoint
nwa-martian-meteorite,"Meteorite**NWA 12269, Martian Shergottite**0.33 Gram Lot, Planet Mars!!!",25,2020-01-20,0.33,75.76,WorthPoint
nwa-martian-meteorite,NWA 7397 Meteorite,125,2020-01-20,,,WorthPoint
nwa-martian-meteorite,NWA 12269 1.23g Martian Meteorite Pairing Slice Of Shergottite Sweetness,163,2020-01-19,1.23,132.52,WorthPoint
nwa-martian-meteorite,93.5g Aguas Zarcas (Costa Rica) Meteorite Individual. Rare Class Witnessed Fall,4250,2020-01-18,93.5,45.45,WorthPoint
nwa-martian-meteorite,0.89g NWA 10645 Martian Crusted Nakhlite Meteorite Slice. Extremely Rare.,315,2020-01-18,0.89,353.93,WorthPoint
nwa-martian-meteorite,The Original NWA 7034 MARS Planetary Achondrite Meteorite Martian 14mg,99.99,2020-01-17,,,WorthPoint
nwa-martian-meteorite,.093 Grams 9mm Fragment Of NWA 1110 Martian METEORITE Shergottite Rock From Mars,49.99,2020-01-17,93,0.54,WorthPoint
nwa-martian-meteorite,NWA 12269 0.39g Shergottite Meteorite Pairing Slice Of Martian Madness,52,2020-01-16,0.39,133.33,WorthPoint
nwa-martian-meteorite,NWA 12269 0.23g Martian Meteorite Pairing Slice Of Shergottite Sweetness,33,2020-01-16,0.23,143.48,WorthPoint
nwa-martian-meteorite,NWA 12269 0.05g Martian Meteorite Paring Slice Of Shergottite Sweetness,12,2020-01-15,0.05,240,WorthPoint
nwa-martian-meteorite,COLLECTOR EDITION- AUTHENTICATED MARTIAN METEORITE- 15mg Mars Rock Display+Easel,22.95,2020-01-13,,,WorthPoint
nwa-martian-meteorite,"Meteorite**NWA 12269, Martian Shergottite**1.297 Gram Slice, Planet Mars!!!",80,2020-01-13,1.297,61.68,WorthPoint
nwa-martian-meteorite,"Meteorite**NWA 12269, Martian Shergottite**2.474 Gram Piece, Planet Mars!!!",205.5,2020-01-13,2.474,83.06,WorthPoint
nwa-martian-meteorite,"Meteorite**NWA 12534, LL7**0.524 Gram Lot, Recrytallized, Ultra Rare!!!",21.49,2020-01-13,0.524,41.01,WorthPoint
nwa-martian-meteorite,Mars Meteorite 4.95 Gram Full Slice Shergottite - Top Meteorite,413,2020-01-12,4.95,83.43,WorthPoint
nwa-martian-meteorite,77.8 Gram Martian Shergottite Meteorite Slice. Under Classification!,3400,2020-01-12,77.8,43.7,WorthPoint
nwa-martian-meteorite,12.42 Gram Martian Shergottite Meteorite Slice. Under Classification!,688,2020-01-12,12.42,55.39,WorthPoint
nwa-martian-meteorite,9.7 Gram Martian Shergottite Meteorite Slice. Under Classification!,535.99,2020-01-12,9.7,55.26,WorthPoint
nwa-martian-meteorite,"NWA 12241 Martian 0.37g Olivine Gabbroic, Orthocumulate, Low Shock Meteorite",55,2020-01-11,0.37,148.65,WorthPoint
nwa-martian-meteorite,NWA 12269 0.65g Shergottite Meteorite Pairing Slice Of Martian Madness,66.01,2020-01-11,0.65,101.55,WorthPoint
nwa-martian-meteorite,NWA 12269 0.39g Martian Meteorite Pairing Slice Of Shergottite Sweetness,39,2020-01-11,0.39,100,WorthPoint
nwa-martian-meteorite,NWA 12269 0.09g Martian Meteorite Paring Slice Of Shergottite Sweetness,11,2020-01-11,0.09,122.22,WorthPoint
nwa-martian-meteorite,6.63g Mars Martian Shergottite Meteorite Slice * NWA 12269 -pairing * IMCA #6236,840,2020-01-07,6.63,126.7,WorthPoint
nwa-martian-meteorite,"Meteorite**NWA 12269, Martian Shergottite**2.171 Gram Piece, Planet Mars!!!",269.99,2020-01-06,2.171,124.36,WorthPoint
nwa-martian-meteorite,NWA 12269 0.27g Shergottite Meteorite Pairing Slice Of Martian Madness,36,2020-01-05,0.27,133.33,WorthPoint
nwa-martian-meteorite,4.33g Mars Martian Shergottite Meteorite Slice * NWA 12269 -pairing * IMCA #6236,547,2020-01-05,4.33,126.33,WorthPoint
nwa-martian-meteorite,NWA 6963 Martian Shergottite Meteorite Fragment Real Mars Meteorite! RARE! .99gm,274.99,2020-01-04,99,2.78,WorthPoint
nwa-martian-meteorite,NWA 12269 1.60g Shergottite Meteorite Pairing Full Slice Of Martian Madness,162.5,2020-01-04,1.6,101.56,WorthPoint
nwa-martian-meteorite,NWA 12269 0.64g Shergottite Meteorite Pairing Slice Of Martian Madness,64,2020-01-04,0.64,100,WorthPoint
nwa-martian-meteorite,Authentic 8mg Martian Rock In Case NWA 4766 Martian Shergottite,22,2020-01-04,,,WorthPoint
nwa-martian-meteorite,NWA 12269 0.23g Shergottite Meteorite Pairing Slice Of Martian Madness,30,2020-01-02,0.23,130.43,WorthPoint
nwa-martian-meteorite,NWA 12269 0.35g Martian Meteorite Pairing Slice Of Shergottite Sweetness,46,2020-01-02,0.35,131.43,WorthPoint
nwa-martian-meteorite,2 DELUXE EDITIONS -AUTHENTICATED MOON & MARS ROCK METEORITE DISPLAYS+Easels Rr,34.95,2020-01-02,,,WorthPoint
nwa-martian-meteorite,8.5 Gram Martian Shergottite Meteorite Slice. Under Classification!,650,2020-01-01,8.5,76.47,WorthPoint
nwa-martian-meteorite,NWA 12269 0.08g Martian Meteorite Paring Slice Of Shergottite Sweetness,13,2019-12-31,0.08,162.5,WorthPoint
nwa-martian-meteorite,"Nwa 12269 Mars Shergottite Meteorite Slice 0.21 Gram, Fresh 2018",60,2019-12-30,0.21,285.71,WorthPoint
nwa-martian-meteorite,NWA 998 MARTIAN NAKHLITE Meteorite Mars VERY RARE SNC Northwest Africa IMCA,44.99,2019-12-29,,,WorthPoint
nwa-martian-meteorite,1.16 Gram - NWA 12269 - Martian Meteorite Slice - Shergottite,148,2019-12-29,1.16,127.59,WorthPoint
nwa-martian-meteorite,76.7 Gram Martian Shergottite Meteorite End Cut. Under Classification!,2750,2019-12-28,76.7,35.85,WorthPoint
nwa-martian-meteorite,NWA 12269 Shergottite 1.48g Full Slice Of Martian Madness,167.5,2019-12-28,1.48,113.18,WorthPoint
nwa-martian-meteorite,NWA 12269 1.26g Martian Meteorite Pairing Full Slice Of Shergottite Sweetness,132.5,2019-12-28,1.26,105.16,WorthPoint
nwa-martian-meteorite,0.72 Gram - NWA 12269 - Martian Meteorite Slice - Shergottite,87.6,2019-12-27,0.72,121.67,WorthPoint
nwa-martian-meteorite,Northwest Africa NWA 2986 Martian Meteorite Medal Embedded Fragment 2006 Numbere,99.99,2019-12-27,,,WorthPoint
nwa-martian-meteorite,Authentic Mars Rock - Nakhlite Martian Meteorite With COA,17.95,2019-12-27,,,WorthPoint
nwa-martian-meteorite,MARTIAN Meteorite NWA 4930 TKW 117.5g (.360g),110,2019-12-26,117.5,0.94,WorthPoint
nwa-martian-meteorite,Meteorite NWA 12269 Martian Shergottite - 12269-0023 - 0.53g HAPPY HOLIDAYS!!,37,2019-12-25,0.53,69.81,WorthPoint
nwa-martian-meteorite,Meteorite NWA 6963 Martian Shergottite - G201-0366 - 0.28g - HAPPY HOLIDAYS!!,18,2019-12-25,0.28,64.29,WorthPoint
nwa-martian-meteorite,0.57 Gram - NWA 6963 - Martian Shergottite - Meteorite - 4 Fragments From Mars,145,2019-12-24,0.57,254.39,WorthPoint
nwa-martian-meteorite,"NWA Unclassified Meteorite Chondrite - 14.15 POUNDS (6,420g) - Northwest Africa",1450,2019-12-24,420,3.45,WorthPoint
nwa-martian-meteorite,"Meteorite**NWA 12269, Martian Shergottite**1.103 Gram Endcut, Planet Mars!!!",102.5,2019-12-23,1.103,92.93,WorthPoint
nwa-martian-meteorite,"Meteorite**NWA 12269, Martian Shergottite**1.269 Gram Endcut, Planet Mars!!!",151,2019-12-23,1.269,118.99,WorthPoint
nwa-martian-meteorite,NWA 12269 0.15g Martian Meteorite Paring Slice Of Shergottite Sweetness,20,2019-12-22,0.15,133.33,WorthPoint
nwa-martian-meteorite,NWA 12269 0.67g Shergottite Meteorite Pairing Slice Of Martian Madness,88,2019-12-21,0.67,131.34,WorthPoint
nwa-martian-meteorite,NWA 12269 0.24g Shergottite Meteorite Pairing Slice Of Martian Madness,32,2019-12-21,0.24,133.33,WorthPoint
nwa-martian-meteorite,0.23 Gram NWA 8159. Martian Augite Basalt Meteorite. Most Coveted NWA!,770,2019-12-21,0.23,3347.83,WorthPoint
nwa-martian-meteorite,1.06g NWA 10645 Martian Crusted Nakhlite Meteorite Slice. Extremely Rare.,355,2019-12-21,1.06,334.91,WorthPoint
nwa-martian-meteorite,45.68 Gram Martian Shergottite Meteorite Slice. Under Classification!,2309,2019-12-21,45.68,50.55,WorthPoint
nwa-martian-meteorite,38.61gram Martian Shergottite Meteorite Slice. Under Classification!,1925,2019-12-21,38.61,49.86,WorthPoint
nwa-martian-meteorite,20.7 Gram Martian Shergottite Meteorite Slice. Under Classification!,860,2019-12-21,20.7,41.55,WorthPoint
nwa-martian-meteorite,21.3 Gram Martian Shergottite Meteorite Slice. Under Classification!,910,2019-12-21,21.3,42.72,WorthPoint
nwa-martian-meteorite,NWA 12269 0.33g Martian Meteorite Pairing Slice Of Shergottite Sweetness,43,2019-12-21,0.33,130.3,WorthPoint
nwa-martian-meteorite,Translucent Slice Of NWA 7831 Diogenite Meteorite. 103 Grams.,601,2019-12-21,103,5.83,WorthPoint
nwa-martian-meteorite,NWA 12269 1.74g Martian Meteorite Pairing Slice Of Shergottite Sweetness,170,2019-12-21,1.74,97.7,WorthPoint
nwa-martian-meteorite,NWA 12269 Martian 0.34g Sweet Shergottite Slice,57,2019-12-21,0.34,167.65,WorthPoint
nwa-martian-meteorite,.46 Gram - NWA 12269 Martian Meteorite Cutting Fragments - Shergottite,75,2019-12-20,46,1.63,WorthPoint
nwa-martian-meteorite,"4.76 Gram Martian Shergottite Meteorite Slice, Under Classification.",400,2019-12-20,4.76,84.03,WorthPoint
nwa-martian-meteorite,3.34 Gram - NWA 12269 - Martian Meteorite (cutting Dust) - Shergottite,268,2019-12-20,3.34,80.24,WorthPoint
nwa-martian-meteorite,.013 Grams 3x2x1mm NWA 4878 Martian Shergottite Meteorite Fragment From Mars,12,2019-12-19,13,0.92,WorthPoint
nwa-martian-meteorite,.015 Grams 3mm Cut Fragment Of NWA 7397 MARTIAN SHERGOTTITE METEORITE From Mars,16,2019-12-19,15,1.07,WorthPoint
nwa-martian-meteorite,.018 Grams 3x2x2mm Fragment Of NWA 1068 MARTIAN SHERGOTTITE METEORITE From Mars,17,2019-12-19,18,0.94,WorthPoint
nwa-martian-meteorite,.012 Grams 2x2x2mm NWA 4878 Martian Shergottite Meteorite Fragment From Mars,12,2019-12-19,12,1,WorthPoint
nwa-martian-meteorite,NWA 12269 Martian 0.26g Slice Of Shergottite Sweetness,34,2019-12-17,0.26,130.77,WorthPoint
nwa-martian-meteorite,NWA 1068 MARTIAN SHERGOTTITE METEORITE From Mars 12 Mg,12,2019-12-17,,,WorthPoint
nwa-martian-meteorite,NWA 12269 Martian 1.76g Slice Of Shergottite Sweetness,190.02,2019-12-14,1.76,107.97,WorthPoint
nwa-martian-meteorite,NWA 12269 Martian 0.43g Slice Of Shergottite Sweetness,54.98,2019-12-14,0.43,127.86,WorthPoint
nwa-martian-meteorite,7.54 Gram - NWA 6963 - Martian Shergottite - Meteorite - From Mars -cutting Dust,800,2019-12-14,7.54,106.1,WorthPoint
nwa-martian-meteorite,1.39 Gram - NWA 6963 - Martian Shergottite - Meteorite - From Mars Dust/Frags,150,2019-12-14,1.39,107.91,WorthPoint
nwa-martian-meteorite,"556 Gram Sikhote-Alin Iron Meteorite ""shrapnel"" Fragment Specimen.",361.4,2019-12-08,556,0.65,WorthPoint
nwa-martian-meteorite,73.83 Gram Sikhote-Alin Iron Meteorite Slice.,340,2019-12-08,73.83,4.61,WorthPoint
nwa-martian-meteorite,34.75 Gram Maslyanino Iron Meteorite Slice. Rare Type.,262.88,2019-12-08,34.75,7.56,WorthPoint
nwa-martian-meteorite,47.27 Gram Seymchan Pallasite Translucent Meteorite Slice. Top Quality!,355,2019-12-08,47.27,7.51,WorthPoint
nwa-martian-meteorite,2.83 Gram Martian Shergottite Meteorite Slice. Under Classification!,215,2019-12-08,2.83,75.97,WorthPoint
nwa-martian-meteorite,3.43gram Martian Shergottite Meteorite Slice. Under Classification!,202.5,2019-12-08,3.43,59.04,WorthPoint
nwa-martian-meteorite,"4.25 Gram Martian Shergottite Meteorite End Piece, Under Classification.",300,2019-12-08,4.25,70.59,WorthPoint
nwa-martian-meteorite,2.58 Gram Martian Shergottite Meteorite Slice. Under Classification!,200,2019-12-08,2.58,77.52,WorthPoint
nwa-martian-meteorite,32 Mg Specimen From NWA 7397 MARTIAN SHERGOTTITE METEORITE From Mars,20,2019-12-08,,,WorthPoint
nwa-martian-meteorite,5.62g Martian Polymict Breccia Meteorite Set. Same Material As Black Beauty.,4700,2019-12-07,5.62,836.3,WorthPoint
nwa-martian-meteorite,5g Vial Of Tatahouine Diogenite Meteorite. Rare 1931 Witnessed Fall.,30,2019-12-07,5,6,WorthPoint
nwa-martian-meteorite,133 Gram Imilac Pallasite Translucent Meteorite Slice.,2025,2019-12-07,133,15.23,WorthPoint
nwa-martian-meteorite,6.57g Aguas Zarcas (Costa Rica) Meteorite End Cut. Rare Class Witnessed Fall,418,2019-12-07,6.57,63.62,WorthPoint
nwa-martian-meteorite,78.47g Vinales (cuba) Meteorite Individual. Witnessed Fall.,260,2019-12-07,78.47,3.31,WorthPoint
nwa-martian-meteorite,84.88g Vinales (cuba) Meteorite Individual. Witnessed Fall.,285,2019-12-07,84.88,3.36,WorthPoint
nwa-martian-meteorite,36.63g Vinales (cuba) Meteorite Individual. Witnessed Fall.,151.8,2019-12-07,36.63,4.14,WorthPoint
nwa-martian-meteorite,1.5g Tagish Lake Meteorite Pieces. Witnessed Fall. Very Important To Science.,810,2019-12-07,1.5,540,WorthPoint
nwa-martian-meteorite,1.34g NWA 10645 Martian Crusted Nakhlite Meteorite Slice. Extremely Rare.,736.51,2019-12-07,1.34,549.63,WorthPoint
nwa-martian-meteorite,38.25 Gram Martian Shergottite Meteorite Slice. Under Classification!,2125,2019-12-07,38.25,55.56,WorthPoint
nwa-martian-meteorite,25.04 Gram Ozerki Meteirote Individual. Russian Witnessed Fall. Low TKW.,229.5,2019-12-07,25.04,9.17,WorthPoint
nwa-martian-meteorite,189 Gram CV3 Meteorite Endcut. Under Classification.,414.99,2019-12-07,189,2.2,WorthPoint
nwa-martian-meteorite,636 Gram Dronino Ungrouped Iron Meteorite End Cut.,222.5,2019-12-07,636,0.35,WorthPoint
nwa-martian-meteorite,Translucent Slice Of NWA 7831 Diogenite Meteorite. 64.45 Grams.,762.99,2019-12-07,64.45,11.84,WorthPoint
nwa-martian-meteorite,850 Gram Campo Del Cielo Iron Meteorite Individual,268.33,2019-12-07,850,0.32,WorthPoint
nwa-martian-meteorite,Translucent Slice Of NWA 7831 Diogenite Meteorite. 14.93 Grams.,107.5,2019-12-07,14.93,7.2,WorthPoint
nwa-martian-meteorite,71.68 Gram Sikhote-Alin Iron Meteorite Individual,100,2019-12-07,71.68,1.4,WorthPoint
nwa-martian-meteorite,Translucent Slice Of NWA 7831 Diogenite Meteorite. 24.64 Grams.,179.5,2019-12-07,24.64,7.28,WorthPoint
nwa-martian-meteorite,Translucent Slice Of NWA 7831 Diogenite Meteorite. 37.55 Grams.,261,2019-12-07,37.55,6.95,WorthPoint
nwa-martian-meteorite,15.86 Grams NWA 11303 Lunar Meteorite Pieces.,415,2019-12-07,15.86,26.17,WorthPoint
nwa-martian-meteorite,3.92 Gram Lunar Meteorite End Piece.,154.75,2019-12-07,3.92,39.48,WorthPoint
nwa-martian-meteorite,3.92 Gram Lunar Meteorite Slice. Lahmada 20. My First Classification.,117.5,2019-12-07,3.92,29.97,WorthPoint
nwa-martian-meteorite,CHINGA Meteorite - 18.5 Gm Polished Full Slice - Iron Ataxite Specimen - IMCA,149,2019-12-07,18.5,8.05,WorthPoint
nwa-martian-meteorite,Museum Quality! Marvelous Nwa 6963 Martian Shergottite Meteorite! 6.55 Gms,1274.25,2019-12-05,6.55,194.54,WorthPoint
nwa-martian-meteorite,.009 Grams 3mm Cut Fragment Of NWA 7397 MARTIAN SHERGOTTITE METEORITE From Mars,12,2019-12-02,9,1.33,WorthPoint
nwa-martian-meteorite,1.07 Gram - NWA 6963 - Martian Shergottite - Meteorite - From Mars,248.8,2019-12-02,1.07,232.52,WorthPoint
nwa-martian-meteorite,0.09 Gram - NWA 6963 - Martian Shergottite - Meteorite - From Mars,68,2019-12-02,0.09,755.56,WorthPoint
nwa-martian-meteorite,1.15 Gram - NWA 12269 Martian Meteorite Slice - Shergottite,140,2019-12-02,1.15,121.74,WorthPoint
nwa-martian-meteorite,NWA 2626 Martian Meteorite 46mg Shergottite,20.5,2019-12-01,,,WorthPoint
nwa-martian-meteorite,3.03g Martian Shergotite Meteorite - Commonly Sold As NWA 12269,165.5,2019-12-01,3.03,54.62,WorthPoint
nwa-martian-meteorite,4.08 Martian Shergotite Meteorite - Commonly Sold As NWA 12269,202.5,2019-12-01,,,WorthPoint
nwa-martian-meteorite,.021 Grams 4mm Cut Fragment Of NWA 7397 MARTIAN SHERGOTTITE METEORITE From Mars,22,2019-12-01,21,1.05,WorthPoint
nwa-martian-meteorite,.023 Grams 4mm Cut Fragment Of NWA 7397 MARTIAN SHERGOTTITE METEORITE From Mars,25,2019-12-01,23,1.09,WorthPoint
nwa-martian-meteorite,BRENHAM METEORITE PALLASITE - 41.8 Gram Pallasite Meteorite Slice Specimen- IMCA,259,2019-11-29,41.8,6.2,WorthPoint
nwa-martian-meteorite,.063 Gram 5x4x3mm NWA 6963 Martian Shergottite Meteorite Fragment From Mars,24,2019-11-29,63,0.38,WorthPoint
nwa-martian-meteorite,0.37 Gram - NWA 12269 Martian Meteorite Slice - Shergottite,65,2019-11-29,0.37,175.68,WorthPoint
nwa-martian-meteorite,AFFORDABLE - 0.45 Gram - NWA 12269 MARTIAN Meteorite Slice - Shergottite,56,2019-11-28,0.45,124.44,WorthPoint
nwa-martian-meteorite,0.53 Gram - NWA 12269 Martian Meteorite Slice - Shergottite,64,2019-11-28,0.53,120.75,WorthPoint
nwa-martian-meteorite,.039 Grams 3x3x2mm NWA 4878 Martian Shergottite Meteorite Fragment From Mars,32,2019-11-28,39,0.82,WorthPoint
nwa-martian-meteorite,Alien Martian Iron Nickel Meteorite Fusion Crust And THUMBPRINT NWA,250,2019-11-27,,,WorthPoint
nwa-martian-meteorite,1.20 Gram - NWA 12269 Martian Meteorite Cutting Dust - Shergottite,140,2019-11-27,1.2,116.67,WorthPoint
nwa-martian-meteorite,.048 Gram 3x3x3mm NWA 6963 Martian Shergottite Meteorite Fragment From Mars,20,2019-11-25,48,0.42,WorthPoint
nwa-martian-meteorite,Meteorite NWA 6963 Achondrite Martian Shergottite - G201-0318 - 0.36g - Crust,35.95,2019-11-24,0.36,99.86,WorthPoint
nwa-martian-meteorite,11.82 Gram Lunar Meteorite Slice. Lahmada 20. My First Classification.,493,2019-11-23,11.82,41.71,WorthPoint
nwa-martian-meteorite,Endpiece Of NWA 7831 Diogenite Meteorite. 86.65 Grams.,444.98,2019-11-23,86.65,5.14,WorthPoint
nwa-martian-meteorite,79.73 Gram NWA 12269 Martian Shergottite Meteorite Slice,3550,2019-11-23,79.73,44.53,WorthPoint
nwa-martian-meteorite,44.86 Gram NWA 12269 Martian Shergottite Meteorite Slice,2225,2019-11-23,44.86,49.6,WorthPoint
nwa-martian-meteorite,Isheyevo Meteorite 55.16g Slice. Bencubbinite. Only CB-CH Known!,1705,2019-11-23,55.16,30.91,WorthPoint
nwa-martian-meteorite,170.5 Gram Endpiece NWA 1465 Meteorite. CV3-anom Extremely Rare Class.,365,2019-11-23,170.5,2.14,WorthPoint
nwa-martian-meteorite,126.2 G Vinales (cuba) Meteorite Individual. Witnessed Fall.,285,2019-11-23,126.2,2.26,WorthPoint
nwa-martian-meteorite,58.42g Vinales (cuba) Meteorite Individual. Witnessed Fall.,180,2019-11-23,58.42,3.08,WorthPoint
nwa-martian-meteorite,93.8g Vinales (cuba) Meteorite Individual. Witnessed Fall.,233.5,2019-11-23,93.8,2.49,WorthPoint
nwa-martian-meteorite,451g Vinales (cuba) Meteorite Individual. Witnessed Fall.,1175,2019-11-23,451,2.61,WorthPoint
nwa-martian-meteorite,.031 Grams 4mm Fragment Of NWA 1068 MARTIAN SHERGOTTITE METEORITE From Mars,11,2019-11-21,31,0.35,WorthPoint
nwa-martian-meteorite,NWA 6963 Mars Rock 3.37g Part Slice W/ Crust Martian By Meteorite Men Steve,725,2019-11-20,3.37,215.13,WorthPoint
nwa-martian-meteorite,Northwest Africa 2986 Piece Of Meteorite From Mars L.e. #183/250 Medal,19.99,2019-11-19,,,WorthPoint
nwa-martian-meteorite,Meteorite NWA 2737 Achondrite Martian Chassignite - 2737-0009 - Micro - RARE,19.95,2019-11-19,,,WorthPoint
nwa-martian-meteorite,1.22 Gram - NWA 6963 - Martian Shergottite - Meteorite - From Mars,292,2019-11-19,1.22,239.34,WorthPoint
nwa-martian-meteorite,Cat Mountain 1.57g L5 1981 Arizona USA Jay Piatek Meteorite Collection - HTF,229,2019-11-18,1.57,145.86,WorthPoint
nwa-martian-meteorite,Serra Pelada 3.93g Eucrite FALL Para Brazil 2017 Jay Piatek Meteorite Collection,325.25,2019-11-18,3.93,82.76,WorthPoint
nwa-martian-meteorite,Meteorite NWA 6963 Achondrite Martian Shergottite - G201-0349 - 0.14g - Great 1,18.6,2019-11-16,0.14,132.86,WorthPoint
nwa-martian-meteorite,.095 Grams 5mm Fragment Of NWA 1068 MARTIAN SHERGOTTITE METEORITE From Mars,31,2019-11-15,95,0.33,WorthPoint
nwa-martian-meteorite,.024 Grams 4mm Cut Fragment Of NWA 7397 MARTIAN SHERGOTTITE METEORITE From Mars,15,2019-11-15,24,0.63,WorthPoint
nwa-martian-meteorite,.047 Grams 5mm Cut Fragment Of NWA 7397 MARTIAN SHERGOTTITE METEORITE From Mars,30,2019-11-15,47,0.64,WorthPoint
nwa-martian-meteorite,Meteorite NWA 6963 Achondrite Martian Shergottite - G201-0339 - 0.04g - Great 1,11.33,2019-11-15,0.04,283.25,WorthPoint
nwa-martian-meteorite,Great Deal! Fragment W/ Crust! Nwa 6963 Martian Shergottite Meteorite! 1.129 Gms,296.25,2019-11-15,1.129,262.4,WorthPoint
nwa-martian-meteorite,.028 Grams 5mm Cut Fragment Of NWA 7397 MARTIAN SHERGOTTITE METEORITE From Mars,16,2019-11-13,28,0.57,WorthPoint
nwa-martian-meteorite,.053 Grams 6mm Cut Fragment Of NWA 7397 MARTIAN SHERGOTTITE METEORITE From Mars,32,2019-11-12,53,0.6,WorthPoint
nwa-martian-meteorite,"NWA 8716 Martian Shergottite, Meteorite Thin Section, High Quality, Discounted",285,2019-11-11,,,WorthPoint
nwa-martian-meteorite,Huge Slice Of Seymchan Pallasite Meteorite. 678.00 Grams.,1275,2019-11-09,678,1.88,WorthPoint
nwa-martian-meteorite,Translucent Slice Of NWA 7831 Diogenite Meteorite. 69.00 Grams.,612,2019-11-09,69,8.87,WorthPoint
nwa-martian-meteorite,Translucent Slice Of NWA 7831 Diogenite Meteorite. 21.88 Grams.,265,2019-11-09,21.88,12.11,WorthPoint
nwa-martian-meteorite,22.08g Elbogen Iron Meteorite Slice. 1400 AD Find. Amazing History. From Museum.,1375,2019-11-09,22.08,62.27,WorthPoint
nwa-martian-meteorite,293g CV3 Meteorite End Cut.,700,2019-11-09,293,2.39,WorthPoint
nwa-martian-meteorite,19.21 Gram NWA 6963 Martian Shergottite Meteorite Individual. Great Crust!,1325,2019-11-09,19.21,68.97,WorthPoint
nwa-martian-meteorite,13.9 Kilogram Saint Aubin Iron Meteorite. Great Sculpting.,2850,2019-11-09,,,WorthPoint
nwa-martian-meteorite,"26.11 Gram NWA 10961 Beautiful, Unique Martian Shergottite Meteorite Slice.",2325,2019-11-09,26.11,89.05,WorthPoint
nwa-martian-meteorite,60.59 Gram NWA 12269 Martian Shergottite Meteorite Slice,4150,2019-11-09,60.59,68.49,WorthPoint
nwa-martian-meteorite,"2016 1 Oz Silver MARS MARTIAN METEORITE $1 NWA 6963 Coin,Niue.",249,2019-11-08,28.35,8.78,WorthPoint
nwa-martian-meteorite,"Unclassified 189 Gram Oriented Meteorite Fragment From Morocco, Good Sculpting",240,2019-11-06,189,1.27,WorthPoint
nwa-martian-meteorite,Very Small Samples NWA 6963 Martian Shergottite Meteorite Fragment From Mars,14.99,2019-11-06,,,WorthPoint
nwa-martian-meteorite,Martian Meteorite 1.61g I Mars SHERGOTTITE - NWA 11668 - TOP,805,2019-11-03,1.61,500,WorthPoint
nwa-martian-meteorite,Mosquero H4 10.71g 1963 New Mexico JayPiatek Meteorite Collection - IOM,99,2019-11-03,10.71,9.24,WorthPoint
nwa-martian-meteorite,Sikhote-Alin 54.66g IIAB FELL 1947 Russia Jay Piatek Meteorite Collection IRON,199,2019-11-03,54.66,3.64,WorthPoint
nwa-martian-meteorite,.017 Grams 4mm Cut Fragment Of NWA 7397 MARTIAN SHERGOTTITE METEORITE From Mars,10.45,2019-11-02,17,0.61,WorthPoint
nwa-martian-meteorite,Meteorite NWA 6963 Achondrite Martian Shergottite - G201-0303 - 0.19g - Crust,30,2019-11-02,0.19,157.89,WorthPoint
nwa-martian-meteorite,.082 Grams 5mm Fragment Of NWA 1068 MARTIAN SHERGOTTITE METEORITE From Mars,23,2019-11-01,82,0.28,WorthPoint
nwa-martian-meteorite,Chinga 236g IRUNGR 1913 Iron Ataxite Russia Jay Piatek Meteorite Collection,399,2019-10-31,236,1.69,WorthPoint
nwa-martian-meteorite,Fresh Fusion Crust! 911g NWA Unclassified 2014 Jay Piatek Meteorite Collection,9880.25,2019-10-30,911,10.85,WorthPoint
nwa-martian-meteorite,Meteorite NWA 817 Achondrite Martian Nakhlite - 0817-0005 - Micro - Very Rare,19.95,2019-10-30,,,WorthPoint
nwa-martian-meteorite,BASIC EDITION- AUTHENTICATED MARTIAN METEORITE-5mg Mars Rock Display+Certificate,11.95,2019-10-29,,,WorthPoint
nwa-martian-meteorite,Melrose (a) 114.97g L5 1933 New Mexico Jay Piatek Meteorite Collection - IOM,1139.25,2019-10-28,114.97,9.91,WorthPoint
nwa-martian-meteorite,DELUXE EDITION- AUTHENTICATED MARTIAN METEORITE- 12mg Mars Rock Display+Easel H,15.95,2019-10-27,,,WorthPoint
nwa-martian-meteorite,Maltahohe 293g IAB-sHL 1991 Great Namaland Namibia JayPiatek MeteoriteCollection,5999.99,2019-10-26,293,20.48,WorthPoint
nwa-martian-meteorite,Meteorite NWA 6963 Achondrite Martian Shergottite - G201-0032 - 0.10g - Crust,29.95,2019-10-24,0.1,299.5,WorthPoint
nwa-martian-meteorite,"Large Slice Of Mars! 2.22g, NWA 12269 Martian Shergottite Meteorite. Full Slice!",320,2019-10-24,2.22,144.14,WorthPoint
nwa-martian-meteorite,2 COLLECTOR EDITIONS - AUTHENTICATED MOON & MARS ROCK METEORITE DISPLAYS+Easels,39.95,2019-10-23,,,WorthPoint
nwa-martian-meteorite,.051 Gram 4x3x3mm NWA 4878 Martian Shergottite Meteorite Fragment From Mars,40,2019-10-21,51,0.78,WorthPoint
nwa-martian-meteorite,Bellsbank 4.26g IIG 1955 Cape Prov. South Africa JayPiatek MeteoriteColln USNM,549,2019-10-18,4.26,128.87,WorthPoint
nwa-martian-meteorite,NWA 7397 Martian Meteorite Fragment,807.5,2019-10-17,,,WorthPoint
nwa-martian-meteorite,NWA 6963 Martian Meteorite End Cut,20000,2019-10-17,,,WorthPoint
nwa-martian-meteorite,2017 $20 Cook Islands Mars The Red Planet 3 Oz. Silver Coin PCGS MS70 FD,201.5,2019-10-16,85.05,2.37,WorthPoint
nwa-martian-meteorite,"2012, NWA 7397 Martian (Shergottite) Meteorite, Northwest Africa .736 Grams",179.5,2019-10-16,736,0.24,WorthPoint
nwa-martian-meteorite,"Nwa 12269 Mars Shergottite Meteorite Slice 1.369 Grams, Fresh 2018",300,2019-10-06,1.369,219.14,WorthPoint
nwa-martian-meteorite,"Large Slice Of Mars! 2.54g, NWA 12269 Martian Shergottite Meteorite. Full Slice!",380,2019-10-05,2.54,149.61,WorthPoint
nwa-martian-meteorite,.066 Gram 4x4x3mm NWA 4878 Martian Shergottite Meteorite Fragment From Mars,48,2019-10-04,66,0.73,WorthPoint
nwa-martian-meteorite,NWA 6963 Martian Meteorite 0.18 Grams Fusion Crusted,40,2019-10-02,0.18,222.22,WorthPoint
nwa-martian-meteorite,NWA 6963 Mars Rock 1.11g Part End Cut Martian By Meteorite Men Steve,288.99,2019-09-30,1.11,260.35,WorthPoint
nwa-martian-meteorite,"Large Slice Of Mars! 1.14g, NWA 12269 Martian Meteorite. Huge Surface For Wt.",117.5,2019-09-30,1.14,103.07,WorthPoint
nwa-martian-meteorite,NWA 10720 Martian Nakhlite Meteorite Fragment 0.78gm Real Mars Meteorite! RARE!,449.99,2019-09-29,0.78,576.91,WorthPoint
nwa-martian-meteorite,Sombrerete 12.03g IAB-sHL 1958 Zacatecas Mexico Jay Piatek Meteorite Collection,502.79,2019-09-26,12.03,41.79,WorthPoint
nwa-martian-meteorite,0.85 Gram - NWA 6963 - Martian Shergottite - Meteorite - From Mars,204,2019-09-25,0.85,240,WorthPoint
nwa-martian-meteorite,Museum Quality! Marvelous Crust! Nwa 6963 Martian Shergottite Meteorite! .77 Gm,201.75,2019-09-21,77,2.62,WorthPoint
nwa-martian-meteorite,.086 Gram 5x4x3mm NWA 4878 Martian Shergottite Meteorite Fragment From Mars,65,2019-09-18,86,0.76,WorthPoint
nwa-martian-meteorite,.033 Gram 4x3x2mm NWA 6963 Martian Shergottite Meteorite Fragment From Mars,18.05,2019-09-16,33,0.55,WorthPoint
nwa-martian-meteorite,Gujba Bencubbinite Meteorite. 5.0g Endcut. Witnessed Fall.,375,2019-09-16,5,75,WorthPoint
nwa-martian-meteorite,54.52 Gram Aguas Zarcas CM2 Meteorite Endpiece,2400,2019-09-16,54.52,44.02,WorthPoint
nwa-martian-meteorite,54.83 Gram Udei Station Meteorite Slice. Rare Class. Witnessed Fall.,308.77,2019-09-15,54.83,5.63,WorthPoint
nwa-martian-meteorite,980 Gram Alamo Breccia Slice From Meteorite Impact.,210,2019-09-15,980,0.21,WorthPoint
nwa-martian-meteorite,Almahata Sitta M-181 Bencubbinite Inclusion Meteorite. 0.86g Slice.,810,2019-09-15,0.86,941.86,WorthPoint
nwa-martian-meteorite,NWA 4025 Bencubbinite Meteorite. 7.77g End Cut. Very Rare.,670,2019-09-15,7.77,86.23,WorthPoint
nwa-martian-meteorite,NWA 1814 Bencubbinite Meteorite. 6.74g Slice. Only Three Slices Ever Made.,930,2019-09-15,6.74,137.98,WorthPoint
nwa-martian-meteorite,Quebrada Chimborazo 001 Bencubbinite Meteorite. 4.42 Gram Slice. Very Rare.,495,2019-09-15,4.42,111.99,WorthPoint
nwa-martian-meteorite,Hammadah Al Hamra 237 Bencubbinite Meteorite. 2.21 Gram Slice. Very Rare.,468.33,2019-09-15,2.21,211.91,WorthPoint
nwa-martian-meteorite,1.076 Kilogram Ghubara Meteorite Skull,1425,2019-09-15,,,WorthPoint
nwa-martian-meteorite,Several Kilogram Iron Meteorite Collection. One Day Auction.,1250,2019-09-15,,,WorthPoint
nwa-martian-meteorite,243.59g CV3 Meteorite End Cut.,445,2019-09-15,243.59,1.83,WorthPoint
nwa-martian-meteorite,185.8g Vinales (cuba) Meteorite Individual. Witnessed Fall.,504,2019-09-15,185.8,2.71,WorthPoint
nwa-martian-meteorite,4.33 Gram NWA 12269 Martian Shergottite Meteorite Slice,255,2019-09-15,4.33,58.89,WorthPoint
nwa-martian-meteorite,3.07 Gram NWA 12269 Martian Shergottite Meteorite Slice,275,2019-09-15,3.07,89.58,WorthPoint
nwa-martian-meteorite,25.46 Gram NWA 1465 Meteorite Extremely Rare CV3 Anomalous Slice,76,2019-09-15,25.46,2.99,WorthPoint
nwa-martian-meteorite,93 Gram Translucent NWA 7831 Diogenite Meteorite Slice,870,2019-09-15,93,9.35,WorthPoint
nwa-martian-meteorite,17.82 Kilogram Campo Del Cielo Meteorite,1950,2019-09-15,,,WorthPoint
nwa-martian-meteorite,.052 Gram 4x3x3mm NWA 6963 Martian Shergottite Meteorite Fragment From Mars,27,2019-09-15,52,0.52,WorthPoint
nwa-martian-meteorite,.040 Gram 3x3x2mm NWA 4878 Martian Shergottite Meteorite Fragment From Mars,30.4,2019-09-15,40,0.76,WorthPoint
nwa-martian-meteorite,.084 Gram 4x4x3mm NWA 6963 Martian Shergottite Meteorite Fragment From Mars,37.05,2019-09-15,84,0.44,WorthPoint
nwa-martian-meteorite,Meteorite NWA 6963 Achondrite Martian Shergottite - G201-0164 - 0.16g - Great 1,19.5,2019-09-14,0.16,121.88,WorthPoint
nwa-martian-meteorite,1.35 Gram - NWA 6963 - Martian Shergottite - Meteorite - From Mars,411,2019-09-11,1.35,304.44,WorthPoint
nwa-martian-meteorite,1.8 Gram - NWA 6963 - Martian Shergottite - Meteorite End Cut - From Mars,580,2019-09-08,1.8,322.22,WorthPoint
nwa-martian-meteorite,Meteorite NWA 6963 Achondrite Martian Shergottite - G201-0018 - 0.20g - Great 1,35,2019-09-07,0.2,175,WorthPoint
nwa-martian-meteorite,.057 Grams 4x3x3mm Fragment Of NWA 1068 MARTIAN SHERGOTTITE METEORITE From Mars,16.15,2019-09-07,57,0.28,WorthPoint
nwa-martian-meteorite,Moon And Mars Meteorite Ring - Genuine Lunar And Martian Meteorite Jewelry - TOP,900,2019-09-04,,,WorthPoint
nwa-martian-meteorite,.012 Gram 2x2x1mm NWA 4878 Martian Shergottite Meteorite Fragment From Mars,11.4,2019-09-02,12,0.95,WorthPoint
nwa-martian-meteorite,.088 Grams 5x5x3mm Fragment Of NWA 1068 MARTIAN SHERGOTTITE METEORITE From Mars,22.8,2019-09-02,88,0.26,WorthPoint
nwa-martian-meteorite,.090 Grams 4x4x4mm Fragment Of NWA 1068 MARTIAN SHERGOTTITE METEORITE From Mars,25,2019-08-28,90,0.28,WorthPoint
nwa-martian-meteorite,.097 Gram 6x3x3mm NWA 6963 Martian Shergottite Meteorite Fragment From Mars,44,2019-08-27,97,0.45,WorthPoint
nwa-martian-meteorite,.048 Grams 5x3x3mm Fragment Of NWA 1068 MARTIAN SHERGOTTITE METEORITE From Mars,16,2019-08-26,48,0.33,WorthPoint
nwa-martian-meteorite,.044 Grams 5x3x2mm Fragment Of NWA 1068 MARTIAN SHERGOTTITE METEORITE From Mars,15,2019-08-26,44,0.34,WorthPoint
nwa-martian-meteorite,2017 MARS THE RED PLANET 3 Oz. .999 Silver Coin $20 Cook Islands,249,2019-08-20,85.05,2.93,WorthPoint
nwa-martian-meteorite,NWA 1110 MARTIAN Shergottite Meteorite 202mg Part Slice With Hupe Collection COA,43,2019-08-19,,,WorthPoint
nwa-martian-meteorite,"Nwa 12269 Mars Shergottite Meteorite End Slice 0.952 Grams, Fresh 2018",220,2019-08-19,0.952,231.09,WorthPoint
nwa-martian-meteorite,0.50 Gram - NWA 6963 - Martian Shergottite - Meteorite - From Mars,155,2019-08-16,0.5,310,WorthPoint
nwa-martian-meteorite,Low Price! Nice Nwa 2986 Martian Shergottite Meteorite With Crust! .623 Gms,258.75,2019-08-16,623,0.42,WorthPoint
nwa-martian-meteorite,0.12 Gram - NWA 6963 - Martian Shergottite - Meteorite - From Mars,60,2019-08-14,0.12,500,WorthPoint
nwa-martian-meteorite,2016 Niue Martian Meteorite NWA 6963 1 Oz Silver Coin Only 500 Minted #220/500,169,2019-08-13,28.35,5.96,WorthPoint
nwa-martian-meteorite,15.2g Martian Shergottite NWA 6963 With Over 60% Fusion Crust MARS - IMCA 6236,1825,2019-08-13,15.2,120.07,WorthPoint
nwa-martian-meteorite,2.32 Gram - NWA 6963 - Martian Shergottie - Meteorite - From Mars,520,2019-08-12,2.32,224.14,WorthPoint
nwa-martian-meteorite,NWA 6963 Martian Shergottite Meteorite A Rock From The Planet Mars Insane!,135.19,2019-08-09,,,WorthPoint
nwa-martian-meteorite,NWA 7397 Meteorite Slice 2.59 Grams Full Slice MARTIAN METEORITE!,673.2,2019-08-06,2.59,259.92,WorthPoint
nwa-martian-meteorite,2.3 Gram - NWA 6963 - Martian Shergottite - Meteorite From Mars W/crust,519.2,2019-08-01,2.3,225.74,WorthPoint
nwa-martian-meteorite,NWA 4880 MARTIAN Shergottite Meteorite Mars VERY RARE SNC Northwest Africa IMCA,39.49,2019-08-01,,,WorthPoint
nwa-martian-meteorite,Linwood 121g IAB-MG Nebraska 1940 USA Jay Piatek Meteorite Collection - IRON,2750.49,2019-07-30,121,22.73,WorthPoint
nwa-martian-meteorite,NWA 6963 Mars Rock 0.24g Part Slice Martian By Meteorite Men Steve,89.99,2019-07-27,0.24,374.96,WorthPoint
nwa-martian-meteorite,NWA 11668 - NEW MARS Meteorite - Shergottite Specimen - 2.1 Gram With Crust!,600,2019-07-21,2.1,285.71,WorthPoint
nwa-martian-meteorite,10.3 Gram NWA 6963 Martian Shergottite - Meteorite CRUSTED END CUT From Mars,2320,2019-07-21,10.3,225.24,WorthPoint
nwa-martian-meteorite,NWA 11288 Martian Meteorite,1375,2019-07-20,,,WorthPoint
nwa-martian-meteorite,NWA 12691 (Provisional) Lunar Sphere - The Moon In Miniature,18750,2019-07-20,,,WorthPoint
nwa-martian-meteorite,NWA 12241 Shergottite 0.33g Unusual Low Shock Martian Meteorite,123,2019-07-20,0.33,372.73,WorthPoint
nwa-martian-meteorite,Low Price! Sensational Slice! Magnificent Nwa 11228 Lunar Meteorite! .134 Gms,29,2019-07-19,134,0.22,WorthPoint
nwa-martian-meteorite,NWA 8159 Martian Meteorite,500,2019-07-18,,,WorthPoint
nwa-martian-meteorite,Nova Petropolis 32.27g IIIAB Do Sul Brazil 1967 Jay Piatek Meteorite Collection,489,2019-07-16,32.27,15.15,WorthPoint
nwa-martian-meteorite,NWA 6963 Martian Meteorite 0.08 Grams,20,2019-07-11,0.08,250,WorthPoint
nwa-martian-meteorite,NWA 1068 MARTIAN Shergottite Meteorite RARE Mars SNC Northwest Africa IMCA A,18.75,2019-07-08,,,WorthPoint
nwa-martian-meteorite,Cat Mountain 1.95g L5 1981 Arizona USA Jay Piatek Meteorite Collection - HTF,249,2019-07-07,1.95,127.69,WorthPoint
nwa-martian-meteorite,NWA 6963 Martian Meteorite 1.33 Grams Fusion Crusted With Flow Lines,215,2019-07-02,1.33,161.65,WorthPoint
nwa-martian-meteorite,NWA 6963 Mars Rock 0.145g Part Slice Martian By Meteorite Men Steve,50,2019-06-23,0.145,344.83,WorthPoint
nwa-martian-meteorite,NWA 11288 Martian Meteorite Slice,1708.75,2019-06-20,,,WorthPoint
nwa-martian-meteorite,Chico 2.83g L6 January 1954 New Mexico Jay Piatek Meteorite Collection - IOM,34,2019-06-17,2.83,12.01,WorthPoint
nwa-martian-meteorite,Low Price! Exquisite End Cut! Magnificent Nwa 11228 Lunar Meteorite! .987 Gms,111.75,2019-06-17,987,0.11,WorthPoint
nwa-martian-meteorite,Martian Shergottite Meteorite Crusted Individual. 10.2g NWA 6963.,1500,2019-06-16,10.2,147.06,WorthPoint
nwa-martian-meteorite,NWA 12241 Shergottite 0.13g Unusual Low Shock Martian Meteorite,37,2019-06-15,0.13,284.62,WorthPoint
nwa-martian-meteorite,0.37 Gram - NWA 6963 - Martian Shergottite - Meteorite - From Mars,95.2,2019-06-14,0.37,257.3,WorthPoint
nwa-martian-meteorite,0.27 Gram - NWA 6963 - Martian Shergottite - Meteorite - From Mars,79.2,2019-06-14,0.27,293.33,WorthPoint
nwa-martian-meteorite,Low Price! Many Specimens! Magnificent Nwa 11228 Lunar Meteorite! .74 Gms,96.75,2019-06-14,74,1.31,WorthPoint
nwa-martian-meteorite,1.6 Gram - NWA 6963 Martian Shergottite - Meteorite CRUSTED Slice - From Mars,384,2019-06-13,1.6,240,WorthPoint
nwa-martian-meteorite,Martian Shergottite Meteorite End Piec. 4.65 Grams. NWA 12269. 3 Day Auction!,345,2019-06-12,4.65,74.19,WorthPoint
nwa-martian-meteorite,Martian Shergottite Meteorite Slice. 5.25 Grams. NWA 12269. 3 Day Auction!,455,2019-06-12,5.25,86.67,WorthPoint
nwa-martian-meteorite,Martian Shergottite Meteorite Slice. 6.25 Grams. NWA 12269. 3 Day Auction!,787,2019-06-12,6.25,125.92,WorthPoint
nwa-martian-meteorite,Meteorite NWA 1950 Achondrite Martian Shergottite - 1950-0009 - 0.12g Part Slice,119.95,2019-06-10,0.12,999.58,WorthPoint
nwa-martian-meteorite,Navajo 6.09g IIAB July 10 1921 Arizona USA Jay Piatek Meteorite Collection HTF,189.99,2019-06-09,6.09,31.2,WorthPoint
nwa-martian-meteorite,0.80 Gram - NWA 6963 - Martian Shergottite - Meteorite - From Mars,204,2019-06-08,0.8,255,WorthPoint
nwa-martian-meteorite,0.59 Gram - NWA 6963 - Martian Shergottite - Meteorite - From Mars,153,2019-06-06,0.59,259.32,WorthPoint
nwa-martian-meteorite,NWA 6963 Mars Rock 0.647g Part Slice W/ Crust Martian By Meteorite Men Steve,193.99,2019-06-05,0.647,299.83,WorthPoint
nwa-martian-meteorite,Museum Quality! Marvelous Crusted Nwa 6963 Martian Shergottite Meteorite! .92 Gm,239.25,2019-06-05,92,2.6,WorthPoint
nwa-martian-meteorite,NWA 1068 MARTIAN Shergottite Meteorite Mars VERY RARE SNC Northwest Africa IMCA,49.99,2019-06-03,,,WorthPoint
nwa-martian-meteorite,Hamilton (Queensland) 22.45g L6 1966 Australia Jay Piatek Meteorite Clltn - IOM,229,2019-06-03,22.45,10.2,WorthPoint
nwa-martian-meteorite,Great Deal! 3 Nice Fragments! Nwa 6963 Martian Shergottite Meteorite! .177 Gm,75,2019-06-03,177,0.42,WorthPoint
nwa-martian-meteorite,Meteorite NWA 1110,20,2019-06-03,,,WorthPoint
nwa-martian-meteorite,Pinon 29.8g IRUNGR 1928 New Mexico USA Jay Piatek Meteorite Collection,349,2019-05-31,29.8,11.71,WorthPoint
nwa-martian-meteorite,Sacramento Mountains 96.37g IIIA 1890 New Mexico USA JayPiatek MeteoriteCollectn,1095,2019-05-31,96.37,11.36,WorthPoint
nwa-martian-meteorite,2017 1 Oz Silver Mars Solar System Antique Finish With Mars Meteorite NWA 7397,150,2019-05-29,28.35,5.29,WorthPoint
nwa-martian-meteorite,0.13 Gram - NWA 6963 - Martian Shergottie - Meteorite - From Mars,51,2019-05-27,0.13,392.31,WorthPoint
nwa-martian-meteorite,Martian Nakhlite 0.2g Slice - NWA 10645 - TKW: Only 12g - IMCA #6236 **AUCTION**,101,2019-05-26,0.2,505,WorthPoint
nwa-martian-meteorite,NWA 12241 Shergottite 0.17g Unusual Low Shock Martian Meteorite,49,2019-05-25,0.17,288.24,WorthPoint
nwa-martian-meteorite,108.85 Gram Dar El Kahal H5-6 Meteorite Fragment,90,2019-05-25,108.85,0.83,WorthPoint
nwa-martian-meteorite,Hamilton (Queensland) 2.25g L6 1966 Australia Jay Piatek Meteorite Clltn - IOM,45,2019-05-24,2.25,20,WorthPoint
nwa-martian-meteorite,0.07 Gram - NWA 6963 - Martian Shergottie - Meteorite - From Mars,27,2019-05-21,0.07,385.71,WorthPoint
nwa-martian-meteorite,CHRISTIE‚ÄôS Meteorites ‚Äì Martian Meteorite Zagami,19.95,2019-05-21,,,WorthPoint
nwa-martian-meteorite,Martian Shergottite Meteorite Slice. 0.94 Grams. NWA 6963. COA. 3 Day Auction!,117.5,2019-05-16,0.94,125,WorthPoint
nwa-martian-meteorite,Martian Shergottite Meteorite Slice. 1.05 Grams. NWA 6963. COA. 3 Day Auction!,123,2019-05-16,1.05,117.14,WorthPoint
nwa-martian-meteorite,Martian Meteorite Slice. Black Beauty NWA 7034 Pairing.0.16g COA 3 Day Auction!,238,2019-05-16,0.16,1487.5,WorthPoint
nwa-martian-meteorite,Martian Meteorite Slice. Black Beauty NWA 7034 Pairing.0.25g COA 3 Day Auction!,317.5,2019-05-16,0.25,1270,WorthPoint
nwa-martian-meteorite,Martian Meteorite Slice. Black Beauty NWA 7034 Pairing.0.17g COA 3 Day Auction!,201,2019-05-16,0.17,1182.35,WorthPoint
nwa-martian-meteorite,41.82 Gram Dar El Kahal H5-6 Meteorite Complete Individual,40,2019-05-15,41.82,0.96,WorthPoint
nwa-martian-meteorite,NWA Diogenite Meteorite Individual 136 Grams. 3-Day Auction.,255,2019-05-12,136,1.88,WorthPoint
nwa-martian-meteorite,Martian Nakhlite Meteorite Slice. 0.27 Grams. NWA 10645. COA. 3 Day Auction.,71,2019-05-11,0.27,262.96,WorthPoint
nwa-martian-meteorite,Martian Augite Basalt Slice. 0.64 Grams. NWA 8159 COA. 3 Day Auction.,2225,2019-05-11,0.64,3476.56,WorthPoint
nwa-martian-meteorite,Martian Chassignite Meteorite Slice. 0.28 Grams. NWA 2737. COA. 3 Day Auction.,405,2019-05-11,0.28,1446.43,WorthPoint
nwa-martian-meteorite,Martian Meteorite Slice. Black Beauty NWA 7034 Pairing.0.24g COA 3 Day Auction!,390,2019-05-11,0.24,1625,WorthPoint
nwa-martian-meteorite,Martian Nakhlite Meteorite Slice. 0.44 Grams. NWA 10645. COA. 3 Day Auction.,145.56,2019-05-11,0.44,330.82,WorthPoint
nwa-martian-meteorite,Martian Shergottite Meteorite Slice. 1.9 Grams. NWA 6963. COA. 3 Day Auction!,212.6,2019-05-11,1.9,111.89,WorthPoint
nwa-martian-meteorite,Martian Meteorite Slice. Black Beauty NWA 7034 Pairing.0.26g COA 3 Day Auction!,383,2019-05-11,0.26,1473.08,WorthPoint
nwa-martian-meteorite,NWA Lunar Meteorite Slice. 4.17 Grams. 3 Day Auction.,162.5,2019-05-11,4.17,38.97,WorthPoint
nwa-martian-meteorite,Esquel Pallasite Meteorite Fragments 16.27 Grams. 3 Day Auction.,335,2019-05-11,16.27,20.59,WorthPoint
nwa-martian-meteorite,Martian Shergottite Meteorite Slice. 1.81 Grams. NWA 6963. COA. 3 Day Auction!,255,2019-05-11,1.81,140.88,WorthPoint
nwa-martian-meteorite,Costa Rica Meteorite Fragments 0.44 Grams. 3 Day Auction.,74.98,2019-05-11,0.44,170.41,WorthPoint
nwa-martian-meteorite,Martian Nakhlite Meteorite Slice. 0.81 Grams. NWA 10645. COA. 3 Day Auction.,190.48,2019-05-11,0.81,235.16,WorthPoint
nwa-martian-meteorite,Martian Meteorite Slice. Black Beauty NWA 7034 Pairing.0.28g COA 3 Day Auction!,377,2019-05-11,0.28,1346.43,WorthPoint
nwa-martian-meteorite,Martian Shergottite Meteorite Slice. 1.66 Grams. NWA 6963. COA. 3 Day Auction!,247.5,2019-05-11,1.66,149.1,WorthPoint
nwa-martian-meteorite,NWA 6963 Mars Martian Meteorite - 2.87 Gram Endcut,425,2019-05-10,2.87,148.08,WorthPoint
nwa-martian-meteorite,NWA 7831 Meteorite. Translucent Diogenite Slice. 28.12 Grams. 1-Day Auction!,257,2019-05-09,28.12,9.14,WorthPoint
nwa-martian-meteorite,NWA 7831 Meteorite. Translucent Diogenite Slice. 27.89 Grams. 1-Day Auction!,260,2019-05-09,27.89,9.32,WorthPoint
nwa-martian-meteorite,NWA 7831 Meteorite. Translucent Diogenite Slice. 19.0 Grams. 1-Day Auction!,212,2019-05-09,19,11.16,WorthPoint
nwa-martian-meteorite,NWA 7831 Meteorite. Translucent Diogenite Slice. 11.97 Grams. 3 Day Auction!,159.5,2019-05-08,11.97,13.32,WorthPoint
nwa-martian-meteorite,Costa Rica FALL! Aguas Zarcas 9.04g CM2 April 23 2019 Jay Piatek Meteorite Coll,904,2019-05-08,9.04,100,WorthPoint
nwa-martian-meteorite,0.06 Gram - NWA 6963 - Martian Shergottie - Meteorite - From Mars,21.25,2019-05-08,0.06,354.17,WorthPoint
nwa-martian-meteorite,0.15 Gram - NWA 6963 - Martian Shergottie - Meteorite - From Mars,60,2019-05-02,0.15,400,WorthPoint
nwa-martian-meteorite,0.16 Gram - NWA 6963 - Martian Shergottie - Meteorite - From Mars,51,2019-04-29,0.16,318.75,WorthPoint
nwa-martian-meteorite,NWA 6560 Howardite HED Meteorite Black Glossy Crust 22.79 Grams,228,2019-04-29,22.79,10,WorthPoint
nwa-martian-meteorite,Aouinet Legraa 9.36g Eucrite-unbr FELL July2013 Algeria Jay Piatek MeteoriteColl,240,2019-04-28,9.36,25.64,WorthPoint
nwa-martian-meteorite,Great Deal! 2 Nice Fragments! Nwa 6963 Martian Shergottite Meteorite! .086 Gm,39,2019-04-26,86,0.45,WorthPoint
nwa-martian-meteorite,Great Deal! Many Fragments! Nwa 6963 Martian Shergottite Meteorite! .109 Gm,49,2019-04-26,109,0.45,WorthPoint
nwa-martian-meteorite,Great Deal! 4 Nice Fragments! Nwa 6963 Martian Shergottite Meteorite! .099 Gm,45,2019-04-26,99,0.45,WorthPoint
nwa-martian-meteorite,Navajo 3.16g IIAB July 10 1921 Arizona USA Jay Piatek Meteorite Collection HTF,79.99,2019-04-26,3.16,25.31,WorthPoint
nwa-martian-meteorite,1.2 Gram - NWA 6963 Martian Shergottie - Meteorite CRUSTED Slice - From Mars,314.5,2019-04-24,1.2,262.08,WorthPoint
nwa-martian-meteorite,Martian Meteorite Kit I Amazing Piece Of MARS I TOP,28.5,2019-04-23,,,WorthPoint
nwa-martian-meteorite,NWA 2986 MARS Meteorite Medal (second Series),80,2019-04-23,,,WorthPoint
nwa-martian-meteorite,MARS METEORITE Genuine Martian Space Rock Meteor W/ WATER BEARING MINERALS ! NR,17.99,2019-04-22,,,WorthPoint
nwa-martian-meteorite,Great Deal! 9 Fragments! Nwa 6963 Martian Shergottite Meteorite! .089 Gm,45,2019-04-20,89,0.51,WorthPoint
nwa-martian-meteorite,NWA 6963 Mars Rock ~ 20-29 Mg Martian Meteorite-Steve Arnold,28,2019-04-20,,,WorthPoint
nwa-martian-meteorite,0.28 Gram - NWA 6963 - Martian Shergottie - Meteorite - From Mars,68,2019-04-19,0.28,242.86,WorthPoint
nwa-martian-meteorite,Martian Meteorite 0.82g I Mars SHERGOTTITE - NWA 11668 - TOP,410,2019-04-19,0.82,500,WorthPoint
nwa-martian-meteorite,Meteorite Collection,90,2019-04-15,,,WorthPoint
nwa-martian-meteorite,0.55 Gram - NWA 6963 - Martian Shergottie - Meteorite - From Mars,150,2019-04-15,0.55,272.73,WorthPoint
nwa-martian-meteorite,Plains 6.01g H5 1964 Yoakum County Texas USA Jay Piatek Meteorite Collection,99,2019-04-14,6.01,16.47,WorthPoint
nwa-martian-meteorite,Cat Mountain 2.26g L5 1981 Arizona USA Jay Piatek Meteorite Collection - HTF,280,2019-04-11,2.26,123.89,WorthPoint
nwa-martian-meteorite,.107 Grams 5x5x4mm MARS NWA 6963 Meteorite Martian (shergottite) In A Gem Case,28,2019-04-11,107,0.26,WorthPoint
nwa-martian-meteorite,NWA 6963 Mars Martian Meteorite - 0.7 Gram Cut Fragment,113,2019-04-10,0.7,161.43,WorthPoint
nwa-martian-meteorite,"Mars Fragment In Display Box, A Piece From The Red Planet",10,2019-04-08,,,WorthPoint
nwa-martian-meteorite,NWA 6963 Mars Rock 1.72g Part End Cut Martian By Meteorite Men Steve,384.99,2019-04-08,1.72,223.83,WorthPoint
nwa-martian-meteorite,Mars Or Martian Meteorite Slice NWA 6963 Comes With A COA No Reserve!,89,2019-04-07,,,WorthPoint
nwa-martian-meteorite,.189 Grams 6x5x4mm MARS NWA 6963 Meteorite Martian (shergottite) In A Gem Case,42,2019-04-06,189,0.22,WorthPoint
nwa-martian-meteorite,0.25 Gram - NWA 6963 - Martian Shergottie - Meteorite - From Mars,75,2019-04-04,0.25,300,WorthPoint
nwa-martian-meteorite,0.29 Gram - NWA 6963 - Martian Shergottie - Meteorite - From Mars,85,2019-03-30,0.29,293.1,WorthPoint
nwa-martian-meteorite,NWA 6963 Mars Martian Meteorite - 1.2 Gram Crusted Endcut,190,2019-03-30,1.2,158.33,WorthPoint
nwa-martian-meteorite,0.05 Gram - NWA 6963 - Martian Shergottie - Meteorite - From Mars,27,2019-03-29,0.05,540,WorthPoint
nwa-martian-meteorite,Odessa (iron) 2587.7g IAB-MG 1922 Texas USA Jay Piatek Meteorite Collection COMP,1200,2019-03-28,2587.7,0.46,WorthPoint
nwa-martian-meteorite,Aouinet Legraa 4.26g Eucrite-unbr FELL July 2013 Algeria JayPiatek MeteoriteColl,119.99,2019-03-28,4.26,28.17,WorthPoint
nwa-martian-meteorite,"Planetary (Lunar, Martian) Meteorites COLLECTION Including INDIVIDUALS",310,2019-03-27,,,WorthPoint
nwa-martian-meteorite,"Unclassified 77 Gram Oriented Meteorite Fragment From Morocco, Good Sculpting",114,2019-03-27,77,1.48,WorthPoint
nwa-martian-meteorite,Aouinet Legraa 15.78g Eucrite-unbr FELL July2013 Algeria JayPiatek MeteoriteColl,280,2019-03-26,15.78,17.74,WorthPoint
nwa-martian-meteorite,0.21 Gram - NWA 6963 - Martian Shergottie - Meteorite - From Mars,60,2019-03-25,0.21,285.71,WorthPoint
nwa-martian-meteorite,NWA 5025 Cabonaceous CK4 Meteorite 1.93 Gram Slice,40,2019-03-24,1.93,20.73,WorthPoint
nwa-martian-meteorite,.051 Grams MARS Fragments NWA 6963 Meteorite Martian (shergottite) In A Gem Case,31,2019-03-24,51,0.61,WorthPoint
nwa-martian-meteorite,Martian Shergottite Meteorite Crusted Individual. 5.58g NWA 6963. 1-DAY-AUCTION,650,2019-03-24,5.58,116.49,WorthPoint
nwa-martian-meteorite,.107 Grams 5x5x3mm MARS NWA 6963 Meteorite Martian (shergottite) In A Gem Case,26,2019-03-23,107,0.24,WorthPoint
nwa-martian-meteorite,Gebel Kamil 376g (End-Piece) IRUNGR Egypt 2009 Jay Piatek Meteorite Colln. IRON,350,2019-03-22,376,0.93,WorthPoint
nwa-martian-meteorite,Cat Mountain 2.34g L5 1981 Arizona USA Jay Piatek Meteorite Collection - HTF,234,2019-03-22,2.34,100,WorthPoint
nwa-martian-meteorite,.25 Gram - NWA 6963 - Martian Shergottie - Meteorite - From Mars,89,2019-03-22,25,3.56,WorthPoint
nwa-martian-meteorite,NWA 6963 Mars Martian Meteorite Micro,15,2019-03-22,,,WorthPoint
nwa-martian-meteorite,1.46 Gram - NWA 6963 - Martian Shergottie - Meteorite - From Mars,300,2019-03-21,1.46,205.48,WorthPoint
nwa-martian-meteorite,0.22 Gram - NWA 6963 - Martian Shergottie - Meteorite - From Mars,70,2019-03-21,0.22,318.18,WorthPoint
nwa-martian-meteorite,.111 Grams 5x4x3mm MARS NWA 6963 Meteorite Martian (shergottite) In A Gem Case,28,2019-03-21,111,0.25,WorthPoint
nwa-martian-meteorite,Scientifically Important! Black Beauty Martian Meteorite! End Cut! 2.53 Grams,3000,2019-03-19,2.53,1185.77,WorthPoint
nwa-martian-meteorite,9.17 Gram NWA 6511 L3.9 Meteorite Full Slice With Great Chondrules,37,2019-03-17,9.17,4.03,WorthPoint
nwa-martian-meteorite,Martian Nakhlite Meteorite Slice. 0.16 Grams. NWA 10645. COA. 3 Day Auction.,107.55,2019-03-16,0.16,672.19,WorthPoint
nwa-martian-meteorite,Martian Nakhlite Meteorite Slice. 0.3 Grams. NWA 10645. COA. 3 Day Auction.,162.5,2019-03-16,0.3,541.67,WorthPoint
nwa-martian-meteorite,Martian Nakhlite Meteorite Slice. 0.12 Grams. NWA 10645. COA. Crusted Edge.,61,2019-03-16,0.12,508.33,WorthPoint
nwa-martian-meteorite,Picacho 21.62g IIIA 1952 New Mexico USA Jay Piatek Meteorite Collection,275,2019-03-15,21.62,12.72,WorthPoint
nwa-martian-meteorite,Martian Shergottite Meteorite Slice. 1.20 Grams. NWA 6963. COA. 1 Day Auction!,169,2019-03-13,1.2,140.83,WorthPoint
nwa-martian-meteorite,Martian Shergottite Meteorite Slice. 0.97 Grams. NWA 6963. COA. 1 Day Auction!,140,2019-03-13,0.97,144.33,WorthPoint
nwa-martian-meteorite,Martian Shergottite Meteorite Slice. 0.77 Grams. NWA 6963. COA. 1 Day Auction!,110.65,2019-03-13,0.77,143.7,WorthPoint
nwa-martian-meteorite,NWA 6963 Mars Martian Meteorite - 1.06 Gram Crusted Individual,180,2019-03-12,1.06,169.81,WorthPoint
nwa-martian-meteorite,Martian Shergottite Meteorite Slice. 1.06 Grams. NWA 6963. COA. 1 Day Auction!,162.5,2019-03-12,1.06,153.3,WorthPoint
nwa-martian-meteorite,Martian Shergottite Meteorite Slice. 1.08 Grams. NWA 6963. COA. 1 Day Auction!,205,2019-03-12,1.08,189.81,WorthPoint
nwa-martian-meteorite,Martian Shergottite Meteorite Slice. 1.23 Grams. NWA 6963. COA. 1 Day Auction!,186.5,2019-03-12,1.23,151.63,WorthPoint
nwa-martian-meteorite,NWA 6963 Mars Rock 3.72g Part End Cut Martian By Meteorite Men Steve,530,2019-03-11,3.72,142.47,WorthPoint
nwa-martian-meteorite,Martian Shergottite Meteorite Slice. 1.24 Grams. NWA 6963. COA. 1 Day Auction!,260,2019-03-11,1.24,209.68,WorthPoint
nwa-martian-meteorite,Martian Shergottite Meteorite Slice. 0.99 Grams. NWA 6963. COA. 1 Day Auction!,178.5,2019-03-11,0.99,180.3,WorthPoint
nwa-martian-meteorite,Martian Shergottite Meteorite Slice. 0.85 Grams. NWA 6963. COA. 1 Day Auction!,263,2019-03-11,0.85,309.41,WorthPoint
nwa-martian-meteorite,Picacho 29.35g IIIA 1952 New Mexico USA Jay Piatek Meteorite Collection,420,2019-03-07,29.35,14.31,WorthPoint
nwa-martian-meteorite,Sombrerete 11.70g IAB-sHL 1958 Zacatecas Mexico Jay Piatek Meteorite Collection,475,2019-03-07,11.7,40.6,WorthPoint
nwa-martian-meteorite,"Martian Meteorite Collection: Shergottite, Nakhlite, And Black Beauty.",700,2019-03-07,,,WorthPoint
nwa-martian-meteorite,"MARS NWA 6963 2.45 Grams SLICE, MARTIAN SHERGOTTITE METEORITE",365,2019-03-04,2.45,148.98,WorthPoint
nwa-martian-meteorite,NWA 6963 Martian Meteorite .08 Grams Fusion Crusted,17.5,2019-02-27,8,2.19,WorthPoint
nwa-martian-meteorite,2017 $20 Cook Islands Mars The Red Planet 3 Oz. .999 Silver Coin,267.02,2019-02-25,85.05,3.14,WorthPoint
nwa-martian-meteorite,"NEW! NWA 12241 Martian 0.09g Olivine Gabbroic, Orthocumulate, Low Shock Meteorit",33,2019-02-21,0.09,366.67,WorthPoint
nwa-martian-meteorite,.031 Grams MARS NWA 6963 Meteorite Martian (shergottite) Fragment Glass Top Case,13,2019-02-21,31,0.42,WorthPoint
nwa-martian-meteorite,Covert 26g H5 Osborne Co Kansas 1896 USA Jay Piatek Meteorite Collection - LAST,90,2019-02-20,26,3.46,WorthPoint
nwa-martian-meteorite,"""the Tooth"" Sikhote-Alin 42.6g IIAB FELL 1947 Russia JayPiatek MeteoriteCollectn",350,2019-02-18,42.6,8.22,WorthPoint
nwa-martian-meteorite,NEW! NWA 12241 Shergottite 0.59g Unusual Low Shock Martian Meteorite,155,2019-02-16,0.59,262.71,WorthPoint
nwa-martian-meteorite,NWA 6963 Mars Rock 0.250g Part Slice Martian By Meteorite Men Steve,99.99,2019-02-16,0.25,399.96,WorthPoint
nwa-martian-meteorite,Melrose (a) 10.58g L5 1933 New Mexico Jay Piatek Meteorite Collection - IOM,175,2019-02-14,10.58,16.54,WorthPoint
nwa-martian-meteorite,Martian Meteorite 0.23g I Mars SHERGOTTITE - NWA 11668 - TOP,115,2019-02-14,0.23,500,WorthPoint
nwa-martian-meteorite,Martian Shergottite Meteorite. NWA.10441. 1.5g Cut With Crust. COA Sean Tutorow,122.5,2019-02-11,1.5,81.67,WorthPoint
nwa-martian-meteorite,Martian Shergottite Meteorite. NWA.10441. 1.22 Gram Cut.,130.5,2019-02-11,1.22,106.97,WorthPoint
nwa-martian-meteorite,1.7 Gram - NWA 6963 Martian Shergottie Meteorite - With Crust,450,2019-02-10,1.7,264.71,WorthPoint
nwa-martian-meteorite,NEW! NWA 12241 Shergottite 0.30g Unusual Low Shock Martian Meteorite,80,2019-02-09,0.3,266.67,WorthPoint
nwa-martian-meteorite,"NEW! NWA 12241 Martian 0.11g Olivine Gabbroic, Orthocumulate, Low Shock Meteorit",30,2019-02-09,0.11,272.73,WorthPoint
nwa-martian-meteorite,NWA 6963 Mars Rock 0.234g Part Slice Martian By Meteorite Men Steve,85,2019-02-05,0.234,363.25,WorthPoint
nwa-martian-meteorite,Martian Meteorite Slice. Shergottite. NWA 10441. 4.52 Grams. COA.,1076,2019-02-04,4.52,238.05,WorthPoint
nwa-martian-meteorite,Niue 2016 Martian Meteorite NWA 6963 $1 1oz Silver Proof Coin. ONLY 500 Minted!,79,2019-02-01,28.35,2.79,WorthPoint
nwa-martian-meteorite,Sikhote-Alin 61.56g IIAB FELL 1947 Russia Jay Piatek Meteorite Collection IRON,449.99,2019-01-29,61.56,7.31,WorthPoint
nwa-martian-meteorite,0.6 Gram - NWA 6963 - Martian Shergottie - Meteorite Slice From Mars,135,2019-01-26,0.6,225,WorthPoint
nwa-martian-meteorite,NEW! NWA 12241 Martian 0.09g Very Rare & Anomalous Low Shock Meteorite,25,2019-01-26,0.09,277.78,WorthPoint
nwa-martian-meteorite,NWA 6963 Mars Rock 0.244g Part Slice Martian By Meteorite Men Steve,97.99,2019-01-22,0.244,401.6,WorthPoint
nwa-martian-meteorite,NEW! NWA 12241 Shergottite 0.28g Fusion Crusted Unusual Low Shock Martian Meteor,111,2019-01-20,0.28,396.43,WorthPoint
nwa-martian-meteorite,MARS NWA 6963 1.29 Gram CRUSTED MARTIAN SHERGOTTITE METEORITE,225,2019-01-20,1.29,174.42,WorthPoint
nwa-martian-meteorite,NWA 11668 - NEW MARS Meteorite - Shergottite Specimen - .90 Gram Fragment,255.2,2019-01-18,90,2.84,WorthPoint
nwa-martian-meteorite,1.0 Gram - NWA 6963 - Martian Shergottie - Meteorite From Mars W/ Crust,299,2019-01-17,1,299,WorthPoint
nwa-martian-meteorite,"NEW! NWA 12241 Martian 0.14g Olivine Gabbroic, Orthocumulate, Low Shock Meteorit",51,2019-01-12,0.14,364.29,WorthPoint
nwa-martian-meteorite,NEW! NWA 12241 Shergottite 0.38g Fusion Crusted Unusual Low Shock Martian Meteor,150,2019-01-08,0.38,394.74,WorthPoint
nwa-martian-meteorite,NEW! NWA 12241 Shergottite 0.17g Unusual Low Shock Martian Meteorite,64,2019-01-08,0.17,376.47,WorthPoint
nwa-martian-meteorite,Martian Meteorite 0.31g I Mars SHERGOTTITE - NWA 11668 - TOP,155,2019-01-08,0.31,500,WorthPoint
nwa-martian-meteorite,0.5 Gram - NWA 6963 - Martian Shergottie - Meteorite From Mars - Slice,159,2019-01-08,0.5,318,WorthPoint
nwa-martian-meteorite,1.0 Gram - NWA 6963 Martian Shergottie - Meteorite Slice - From Mars,300,2019-01-07,1,300,WorthPoint
nwa-martian-meteorite,.60 Gram - NWA 6963 - Martian Shergottie Meteorite - End Cut Specimen,189,2019-01-05,60,3.15,WorthPoint
nwa-martian-meteorite,NWA 7034 ‚ÄúBlack Beauty‚Äù Meteorite .12 Gram Polished End Cut,199.99,2019-01-01,12,16.67,WorthPoint
nwa-martian-meteorite,NWA 11969 ‚ÄúThe Shield‚Äù 4.37g Eucrite-unbr 2015 Jay Piatek Meteorite Collection,219.99,2018-12-31,4.37,50.34,WorthPoint
nwa-martian-meteorite,NWA 2047 (Issinen) 1.5g DIO-Polymict Sep 2003 Jay Piatek Meteorite Collection,89.99,2018-12-29,1.5,59.99,WorthPoint
nwa-martian-meteorite,NWA 6963 Mars Rock 2.43g Part Slice W/ Crust Martian By Meteorite Men Steve,535,2018-12-29,2.43,220.16,WorthPoint
nwa-martian-meteorite,NEW! NWA 12241 Shergottite 0.11g Unusual Low Shock Martian Meteorite,34,2018-12-29,0.11,309.09,WorthPoint
nwa-martian-meteorite,Sikhote-Alin 13.8g IIAB FELL 1947 Russia Jay Piatek Meteorite Collection IRON,99.99,2018-12-28,13.8,7.25,WorthPoint
nwa-martian-meteorite,NWA 2651 9g URE Slice W/ Rare Pyroxene Inclusion Jay Piatek Meteorite Collection,350,2018-12-28,9,38.89,WorthPoint
nwa-martian-meteorite,"MARS NWA 6963 0,823 Gram, 3 PIECE LOT, MARTIAN SHERGOTTITE METEORITES, CRUSTED",125,2018-12-23,823,0.15,WorthPoint
nwa-martian-meteorite,Fusion Crusted NWA 4880 Martian 0.26 Grams Meteorite,52,2018-12-20,0.26,200,WorthPoint
nwa-martian-meteorite,0.7 Gram - NWA 6963 - Martian Shergottie - Meteorite From Mars End Cut,167.2,2018-12-18,0.7,238.86,WorthPoint
nwa-martian-meteorite,NWA 6963 Mars Rock 0.50g Part Slice W/ Crust Martian By Meteorite Men Steve,160,2018-12-17,0.5,320,WorthPoint
nwa-martian-meteorite,Martian Meteorite 0.40g I Mars SHERGOTTITE - NWA 11668 - TOP,200,2018-12-16,0.4,500,WorthPoint
nwa-martian-meteorite,Martian Meteorite 0.27g I Mars SHERGOTTITE - NWA 11668 - TOP,135,2018-12-16,0.27,500,WorthPoint
nwa-martian-meteorite,NWA 11804 Martian Meteorite (2 Pieces),9375,2018-12-15,,,WorthPoint
nwa-martian-meteorite,.90 Gram - NWA 6963 - Martian Shergottie - Meteorite From Mars - W/ Fusion Crust,239.2,2018-12-15,90,2.66,WorthPoint
nwa-martian-meteorite,"NEW! NWA 12241 Martian 0.50g Fusion Crusted Olivine Gabbroic, Orthocumulate Mete",195,2018-12-15,0.5,390,WorthPoint
nwa-martian-meteorite,HTF! Tucson 11.10g IRUNGR 1850 Arizona USA Jay Piatek Meteorite Collection - ASU,1799,2018-12-15,11.1,162.07,WorthPoint
nwa-martian-meteorite,HTF! Tucson 27.82g IRUNGR 1850 Arizona USA Jay Piatek Meteorite Collection - ASU,2999,2018-12-15,27.82,107.8,WorthPoint
nwa-martian-meteorite,"NEW! NWA 12241 Martian 0.60g Olivine Gabbroic, Orthocumulate, Low Shock Shergott",195,2018-12-15,0.6,325,WorthPoint
nwa-martian-meteorite,NWA 6963 Mars Rock 0.166g Part Slice Martian By Meteorite Men Steve,60.29,2018-12-14,0.166,363.19,WorthPoint
nwa-martian-meteorite,0.9 Gram - NWA 6963 - Martian Shergottie - Meteorite From Mars -endcut,259,2018-12-14,0.9,287.78,WorthPoint
nwa-martian-meteorite,Own A Piece Of Mars: Martian Meteorite Cut Section Of NWA 4857.,1440,2018-12-08,,,WorthPoint
nwa-martian-meteorite,Martian Meteorite 0.14g I Mars SHERGOTTITE - NWA 11668 - TOP,70,2018-12-04,0.14,500,WorthPoint
nwa-martian-meteorite,NWA 11668 - NEW MARS Meteorite - Shergottite Specimen - .30 Gram Fragment,95.2,2018-12-04,30,3.17,WorthPoint
nwa-martian-meteorite,NWA 11668 - NEW MARS Meteorite - Shergottite Specimen - .60 Gram 3 Fragments,219,2018-12-04,60,3.65,WorthPoint
nwa-martian-meteorite,NWA 6963 Mars Rock 0.152g Part Slice Martian By Meteorite Men Steve,60.99,2018-12-02,0.152,401.25,WorthPoint
nwa-martian-meteorite,HTF! Tucson 2.94g IRUNGR 1850 Arizona USA Jay Piatek Meteorite Collection - ASU,449,2018-12-01,2.94,152.72,WorthPoint
nwa-martian-meteorite,0.3 Gram - NWA 6963 - Martian Shergottie - Meteorite From Mars - W/crust,99,2018-12-01,0.3,330,WorthPoint
nwa-martian-meteorite,Low Price! Low Tkw! Nwa 11668 Martian Shergottite Meteorite With Crust! .189 Gm,63.75,2018-12-01,189,0.34,WorthPoint
nwa-martian-meteorite,.027 3x2x2mm Fragment Of NWA 4878 MARTIAN SHERGOTTITE METEORITE From Mars,18,2018-11-28,,,WorthPoint
nwa-martian-meteorite,(#0) MARS ROCK - 2mm Size Of NWA 7397 MARTIAN SHERGOTTITE METEORITE From Mars,13,2018-11-27,,,WorthPoint
nwa-martian-meteorite,"NWA 2986 Meteorite Coin, Only A Few Left. #195 Of 250 Pieces! MARS Meteorite",100,2018-11-25,,,WorthPoint
nwa-martian-meteorite,Belmont H6 13.17g 1958 Wisconsin Jay Piatek Meteorite Collection - IOM,189,2018-11-24,13.17,14.35,WorthPoint
nwa-martian-meteorite,1.2 Gram - NWA 6963 - Martian Shergottie - Meteorite From Mars - End Cut,319.2,2018-11-24,1.2,266,WorthPoint
nwa-martian-meteorite,.9 Gram - NWA 6963 - Martian Shergottie - Meteorite From Mars - End Cut,207.2,2018-11-24,9,23.02,WorthPoint
nwa-martian-meteorite,NWA 11668 - NEW MARS Meteorite - Shergottite Specimen - .40 Gram Fragment,135.2,2018-11-23,40,3.38,WorthPoint
nwa-martian-meteorite,NWA 6963 Mars Rock 0.15g Part Slice Martian By Meteorite Men Steve,59.99,2018-11-21,0.15,399.93,WorthPoint
nwa-martian-meteorite,NWA 6963 Mars Rock 0.153g Part Slice Martian By Meteorite Men Steve,61.49,2018-11-18,0.153,401.9,WorthPoint
nwa-martian-meteorite,2.2 Gram - NWA 6963 - Martian Shergottie - Meteorite Fragments From Mars,450,2018-11-17,2.2,204.55,WorthPoint
nwa-martian-meteorite,Martian Meteorite Slice - 0.99 Gram Of NWA 7397 - Mars Shergottite,600,2018-11-16,0.99,606.06,WorthPoint
nwa-martian-meteorite,NWA 6963 Mars Rock 0.139g Part Slice Martian By Meteorite Men Steve,55.99,2018-11-14,0.139,402.81,WorthPoint
nwa-martian-meteorite,.021 3x2x2mm Fragment Of NWA 4878 MARTIAN SHERGOTTITE METEORITE From Mars,13,2018-11-14,,,WorthPoint
nwa-martian-meteorite,NWA 11668 - NEW MARS Meteorite - Shergottite Specimen - .70 Gram 4 Fragments,186.15,2018-11-14,70,2.66,WorthPoint
nwa-martian-meteorite,HTF! Tucson 1.65g IRUNGR 1850 Arizona USA Jay Piatek Meteorite Collection - ASU,249,2018-11-14,1.65,150.91,WorthPoint
nwa-martian-meteorite,.032 3x3x2mm Fragment Of NWA 4878 MARTIAN SHERGOTTITE METEORITE From Mars,21,2018-11-14,,,WorthPoint
nwa-martian-meteorite,NWA 6963 Martian Meteorite .95 Grams Fusion Crusted,165,2018-11-09,95,1.74,WorthPoint
nwa-martian-meteorite,Harrisonville 19.9g L6 Missouri USA April 1933 JayPiatek MeteoriteCollection IOM,236.55,2018-11-07,19.9,11.89,WorthPoint
nwa-martian-meteorite,MARS NWA 6963 1.584 Gram LIGHTLY CRUSTED MARTIAN SHERGOTTITE METEORITE,350,2018-11-07,1.584,220.96,WorthPoint
nwa-martian-meteorite,NWA 11668 - NEW MARS Meteorite - Shergottite Specimen - .50 Gram Fragment,152.15,2018-11-04,50,3.04,WorthPoint
nwa-martian-meteorite,HTF! Tucson 41.51g IRUNGR 1850 Arizona USA Jay Piatek Meteorite Collection - ASU,4199,2018-11-03,41.51,101.16,WorthPoint
nwa-martian-meteorite,HTF! Tucson 1.64g IRUNGR 1850 Arizona USA Jay Piatek Meteorite Collection - ASU,219,2018-11-03,1.64,133.54,WorthPoint
nwa-martian-meteorite,NWA 6963 Martian 2.38 Gram Slice. Beautiful Frame Ready To Display The Meteorite,655,2018-11-01,2.38,275.21,WorthPoint
nwa-martian-meteorite,Ashmore 13.31g H5 Feb 1969 Gaines Co. Texas USA Jay Piatek Meteorite Collection,149,2018-10-30,13.31,11.19,WorthPoint
nwa-martian-meteorite,NWA 11668 - NEW MARS Meteorite - Shergottite Specimen - .501 Gram Fragment,179,2018-10-29,501,0.36,WorthPoint
nwa-martian-meteorite,Zacatecas 538.04g IIIB 1969 Zacatecas Mexico JayPiatek Meteorite Collection IRON,2205,2018-10-29,538.04,4.1,WorthPoint
nwa-martian-meteorite,.031 Very Small Fragment Of NWA 1068 MARTIAN SHERGOTTITE METEORITE From Mars,25,2018-10-26,,,WorthPoint
nwa-martian-meteorite,.038 Very Small Fragment Of NWA 1068 MARTIAN SHERGOTTITE METEORITE From Mars,25,2018-10-26,,,WorthPoint
nwa-martian-meteorite,.031 Grams 4x3x3mm Fragment Of NWA 6963 MARTIAN SHERGOTTITE METEORITE From Mars,16,2018-10-26,31,0.52,WorthPoint
nwa-martian-meteorite,Elenovka 8.49g L5 Fell Oct 17 1951 Ukraine FALL JayPiatekMeteoriteCollection IOM,469,2018-10-22,8.49,55.24,WorthPoint
nwa-martian-meteorite,.023 Grams 3x3x2mm Fragment Of NWA 6963 MARTIAN SHERGOTTITE METEORITE From Mars,12,2018-10-22,23,0.52,WorthPoint
nwa-martian-meteorite,2017 $20 Cook Islands Mars The Red Planet 3 Oz. Silver Coin,302,2018-10-22,85.05,3.55,WorthPoint
nwa-martian-meteorite,NWA 2047 (Issinen) 1.67g DIO-Polymict Sep 2003 Jay Piatek Meteorite Collection,82,2018-10-21,1.67,49.1,WorthPoint
nwa-martian-meteorite,Spade 14.33g H6 Oct 2000 Lamb County Texas USA Jay Piatek Meteorite Collection,109,2018-10-21,14.33,7.61,WorthPoint
nwa-martian-meteorite,Lost Creek 11.2g H3.8 1916 Kansas USA Jay Piatek Meteorite Collection,139,2018-10-21,11.2,12.41,WorthPoint
nwa-martian-meteorite,Covert 37g H5 Osborne Co Kansas 1896 USA Jay Piatek Meteorite Collection,99,2018-10-21,37,2.68,WorthPoint
nwa-martian-meteorite,NWA 6963 Mars Rock 0.189g Part Slice Martian By Meteorite Men Steve,75.99,2018-10-18,0.189,402.06,WorthPoint
nwa-martian-meteorite,Braunau 3.75g IIA FALL/FELL Czech Republic 1847 Jay Piatek Meteorite Collection,729,2018-10-16,3.75,194.4,WorthPoint
nwa-martian-meteorite,Grady (c) 8.8g H4 1970 New Mexico Jay Piatek Meteorite Collection - IOM #C110.2,99,2018-10-16,8.8,11.25,WorthPoint
nwa-martian-meteorite,.033 Grams 5x3x3mm Fragment Of NWA 6963 MARTIAN SHERGOTTITE METEORITE From Mars,17,2018-10-15,33,0.52,WorthPoint
nwa-martian-meteorite,NWA 2388 CK6 3.0g 2004 Jay Piatek Meteorite Collection - Low Total Known Weight,151.95,2018-10-14,3,50.65,WorthPoint
nwa-martian-meteorite,.026 Grams 4x3x2mm Fragment Of NWA 4878 MARTIAN SHERGOTTITE METEORITE From Mars,16,2018-10-12,26,0.62,WorthPoint
nwa-martian-meteorite,Genuine NWA6963Micro MARS Meteorite/ Display Case! Comes With Authenticity Card!,10,2018-10-12,,,WorthPoint
nwa-martian-meteorite,Wagon Mound 29g L6 Mora Co. New Mexico USA 1932 Jay Piatek Meteorite Collection,174,2018-10-11,29,6,WorthPoint
nwa-martian-meteorite,NWA 6963 Mars Rock 0.147g Part Slice Martian By Meteorite Men Steve,58.99,2018-10-11,0.147,401.29,WorthPoint
nwa-martian-meteorite,"Lunar Meteorite (breccia), Martian Shergottite, Martian Nakhlite, Black Beauty.",260.01,2018-10-10,,,WorthPoint
nwa-martian-meteorite,"Meteorite: NWA 6963, Martian Shergottite, 1.84 Gram Slice With Fusian Crust.",178.5,2018-10-10,1.84,97.01,WorthPoint
nwa-martian-meteorite,Seagraves (b) 10.34g H5 Gaines Co Texas USA 1976 Jay Piatek Meteorite Collection,99,2018-10-10,10.34,9.57,WorthPoint
nwa-martian-meteorite,Meteorites: NWA 11303 (lunar) And NWA 10441 (martian) Pieces.,107.5,2018-10-08,,,WorthPoint
nwa-martian-meteorite,.036 Very Small Fragment Of NWA 1068 MARTIAN SHERGOTTITE METEORITE From Mars,25,2018-10-08,,,WorthPoint
nwa-martian-meteorite,3.70 Gram NWA 6963 Martian Meteorite Individual - Shergottite Classification,800,2018-10-08,3.7,216.22,WorthPoint
nwa-martian-meteorite,(#B) MARS ROCK - 1mm Size Of NWA 7397 MARTIAN SHERGOTTITE METEORITE From Mars,10,2018-10-04,,,WorthPoint
nwa-martian-meteorite,1.0 Gram NWA 6963 Martian Meteorite Fragmentsd/dust - Shergottite Classification,225,2018-10-01,1,225,WorthPoint
nwa-martian-meteorite,5.80 Gram NWA 6963 Martian Meteorite Slice - Shergottite Classification,1088,2018-10-01,5.8,187.59,WorthPoint
nwa-martian-meteorite,.050 Grams 4x4x3mm Fragment Of NWA 4878 MARTIAN SHERGOTTITE METEORITE From Mars,23,2018-09-29,50,0.46,WorthPoint
nwa-martian-meteorite,(#H) MARS ROCK - 2mm Size Of NWA 7397 MARTIAN SHERGOTTITE METEORITE From Mars,10,2018-09-29,,,WorthPoint
nwa-martian-meteorite,NWA 7397 Martian (shergottite) Meteorite 4.10 Gram Specimen With Lots Of CRUST!,871.25,2018-09-29,4.1,212.5,WorthPoint
nwa-martian-meteorite,Huizopa 45.22g IVA Chihuahua Mexico 1907 Jay Piatek Meteorite Collection,449.99,2018-09-26,45.22,9.95,WorthPoint
nwa-martian-meteorite,Pampa (c) 5.92g L4 Antofagasta Chile 1986 Jay Piatek Meteorite Collection - IOM,79,2018-09-25,5.92,13.34,WorthPoint
nwa-martian-meteorite,.775 As Found 11x8x5mm NWA 6963 MARTIAN SHERGOTTITE METEORITE From Mars,135,2018-09-25,,,WorthPoint
nwa-martian-meteorite,(#M) MARS ROCK - 2mm Size Of NWA 7397 MARTIAN SHERGOTTITE METEORITE From Mars,10,2018-09-23,,,WorthPoint
nwa-martian-meteorite,NWA 6963 Martian Meteorite .20 Grams Fusion Crusted,35,2018-09-20,20,1.75,WorthPoint
nwa-martian-meteorite,Covert 47.8g H5 Osborne Co Kansas 1896 USA Jay Piatek Meteorite Collection,109,2018-09-18,47.8,2.28,WorthPoint
nwa-martian-meteorite,Covert 104.8g H5 Osborne Co Kansas 1896 USA Jay Piatek Meteorite Collection,259,2018-09-18,104.8,2.47,WorthPoint
nwa-martian-meteorite,"Gold Basin 34.26g L4 Nov 24, 1995 Arizona Jay Piatek Meteorite Collection - IOM",79,2018-09-18,34.26,2.31,WorthPoint
nwa-martian-meteorite,MARS NWA 6963 8.65g CRUSTED End Cut METEORITE SHERGOTTITE,2150,2018-09-15,8.65,248.55,WorthPoint
nwa-martian-meteorite,MUSEUM EDITION -AUTHENTICATED MARS METEORITE -3 Mars Rocks -Jumbo Display+Easel,25.95,2018-09-11,,,WorthPoint
nwa-martian-meteorite,Low Price! Great Deal! Nice Nwa 10441 Martian Shergottite Meteorite! .61 Gms,161.25,2018-08-30,61,2.64,WorthPoint
nwa-martian-meteorite,Allegan 1.04g H5 Michigan FELL July 10 1889 Jay PiatekMeteoriteCollection,79,2018-08-29,1.04,75.96,WorthPoint
nwa-martian-meteorite,NWA 6963 Martian Meteorite 0.02 Grams,10,2018-08-27,0.02,500,WorthPoint
nwa-martian-meteorite,Beaver Harrison 9.9g L6 Utah July 1979 USA JayPiatek MeteoriteCollection - IOM,179,2018-08-22,9.9,18.08,WorthPoint
nwa-martian-meteorite,Grady (c) 2.6g H4 1970 New Mexico Jay Piatek Meteorite Collection - IOM #C110.2,47,2018-08-21,2.6,18.08,WorthPoint
nwa-martian-meteorite,Low Price! Great Deal! Nice Nwa 6963 Martian Shergottite Meteorite! 1.08 Gms,284.25,2018-08-19,1.08,263.19,WorthPoint
nwa-martian-meteorite,NWA 6963 Mars Rock 0.148g Part Slice Martian By Meteorite Men Steve,58.99,2018-08-18,0.148,398.58,WorthPoint
nwa-martian-meteorite,Spade 14.63g H6 Oct 2000 Lamb County Texas USA Jay Piatek Meteorite Collection,89,2018-08-17,14.63,6.08,WorthPoint
nwa-martian-meteorite,Hamilton (Queensland) 5.0g L6 1966 Australia Jay Piatek Meteorite Clltn - IOM,79,2018-08-17,5,15.8,WorthPoint
nwa-martian-meteorite,St. Lawrence 5.17g LL6 Glasscock Co Texas USA 1965 JayPiatek MeteoriteCollection,72,2018-08-17,5.17,13.93,WorthPoint
nwa-martian-meteorite,Zacatecas 22.31g IIIB 1969 Zacatecas Mexico Jay Piatek Meteorite Collection IRON,149,2018-08-17,22.31,6.68,WorthPoint
nwa-martian-meteorite,Niue Island 2016 50$ Mars Martian Meteorite NWA 6963 1 Kilo Silver Coin #08/99,1255.55,2018-08-17,,,WorthPoint
nwa-martian-meteorite,Nwa Rare Martian Meteorites 8 1/2 Grams 3 Inch Long With Black Diamonds,14.06,2018-08-12,2,7.03,WorthPoint
nwa-martian-meteorite,2.93 Gram NWA 6963 Martian Meteorite Slice - Shergottite Classification,509.15,2018-08-10,2.93,173.77,WorthPoint
nwa-martian-meteorite,.022 Grams 4x3x2mm Fragment Of NWA 6963 MARTIAN SHERGOTTITE METEORITE From Mars,10,2018-08-09,22,0.45,WorthPoint
nwa-martian-meteorite,Meteorite NWA 10441 Achondrite Martian Shergottite - G613-065 - 0.81g Part Slice,99.95,2018-08-09,0.81,123.4,WorthPoint
nwa-martian-meteorite,3.81 Gram NWA 6963 Martian Meteorite Slice - Shergottite Classification,679.15,2018-08-09,3.81,178.25,WorthPoint
nwa-martian-meteorite,NWA 6963 Mars Rock 0.196g Part Slice Martian By Meteorite Men Steve,77.99,2018-08-08,0.196,397.91,WorthPoint
nwa-martian-meteorite,2017 Niue $1 Solar System - MARS 1oz Silver Copper Finish W/ Meteorite NWA 7397,192,2018-08-06,28.35,6.77,WorthPoint
nwa-martian-meteorite,Museum Quality! Amazing Nwa 6963 Martian Shergottite Meteorite! 2.734 Gms,486.85,2018-08-06,2.734,178.07,WorthPoint
nwa-martian-meteorite,MARS NWA 7755 Complete METEORITE 11 Gr LHERZOLITIC SHERGOTTITE W/ ORANGETTES,2900,2018-08-05,11,263.64,WorthPoint
nwa-martian-meteorite,NWA 6963 Martian Meteorite 1.07 Grams Fusion Crusted With Flow Lines,175,2018-08-04,1.07,163.55,WorthPoint
nwa-martian-meteorite,Extremely Rare Shock Melted NWA 6963 Martian Shergottite Meteorite 4.42g Slice,1104.15,2018-08-04,4.42,249.81,WorthPoint
nwa-martian-meteorite,Sandia Mountains 133g IIB 1925 New Mexico USA Jay Piatek Meteorite Collection,1739,2018-08-04,133,13.08,WorthPoint
nwa-martian-meteorite,.042 Grams 4x3x3mm Fragment Of NWA 4878 MARTIAN SHERGOTTITE METEORITE From Mars,22,2018-08-04,42,0.52,WorthPoint
nwa-martian-meteorite,Meteorite NWA 6963 Achondrite Martian Shergottite - G201-0153 - 6.23g Part Slice,599.95,2018-08-03,6.23,96.3,WorthPoint
nwa-martian-meteorite,Meteorite NWA 1068 Achondrite Martian Shergottite - 1068-0005 - 1.90g Fragment,295.95,2018-08-03,1.9,155.76,WorthPoint
nwa-martian-meteorite,Mosquero H4 36.82g 1963 New Mexico JayPiatek Meteorite Collection - IOM Collectn,399,2018-08-03,36.82,10.84,WorthPoint
nwa-martian-meteorite,Norton County 10.24g Aubrite FELL Feb 1948 Jay Piatek Meteorite Collection - IOM,234,2018-08-01,10.24,22.85,WorthPoint
nwa-martian-meteorite,Fusion Crusted NWA 4880 Martian 0.25 Grams Meteorite,48,2018-07-27,0.25,192,WorthPoint
nwa-martian-meteorite,Etter 40.67g L5 Moore Co. Texas USA 1965 Jay Piatek Meteorite Collection,99,2018-07-27,40.67,2.43,WorthPoint
nwa-martian-meteorite,NWA 7397 Meteorite - Really Nice Martian Shergottite Slice,60,2018-07-25,,,WorthPoint
nwa-martian-meteorite,Niue 2016 $1 MARTIAN METEORITE NWA 6963 1 Oz Antique Colored Silver Coin,249.99,2018-07-25,28.35,8.82,WorthPoint
nwa-martian-meteorite,NWA 7397 - 253 Martian Shergottite Meteorite 0.253 Grams,35,2018-07-23,0.253,138.34,WorthPoint
nwa-martian-meteorite,7.82 Gram NWA 6963 Martian Meteorite Thick Slice - Shergottite Classification,1599,2018-07-22,7.82,204.48,WorthPoint
nwa-martian-meteorite,NWA 6963 Mars Rock 0.136g Part Slice Martian By Meteorite Men Steve,54.99,2018-07-20,0.136,404.34,WorthPoint
nwa-martian-meteorite,MARS - SOLAR SYSTEM - 2017 1 Oz Silver Coin Copper Plated W/ Meteorite NWA 7397,209.95,2018-07-11,28.35,7.41,WorthPoint
nwa-martian-meteorite,Grady (1933) 44.2g L3-6 1933 New Mexico Jay Piatek Meteorite Collection - IOM,379,2018-07-09,44.2,8.57,WorthPoint
nwa-martian-meteorite,Rarest Martian Meteorite NWA 7034 Paired Black Beauty 0.05g Complete Individual,150,2018-07-09,0.05,3000,WorthPoint
nwa-martian-meteorite,NWA 7397 Meteorite - Really Nice Martian Shergottite Endcut,129,2018-07-07,,,WorthPoint
nwa-martian-meteorite,Rarest Martian Meteorite NWA 7034 Paired Black Beauty 0.18g Complete Individual,550,2018-07-07,0.18,3055.56,WorthPoint
nwa-martian-meteorite,Rarest Martian Meteorite NWA 7034 Paired Black Beauty 0.06g Complete Individual,180,2018-07-05,0.06,3000,WorthPoint
nwa-martian-meteorite,NWA 6963 Mars Rock 0.160g Part Slice Martian By Meteorite Men Steve,63.99,2018-07-04,0.16,399.94,WorthPoint
nwa-martian-meteorite,NWA 7397 - Martian Meteorite (shergottite) With Crust ! 0.79 Gram Fragment,154,2018-06-28,0.79,194.94,WorthPoint
nwa-martian-meteorite,.051 Grams 5x3x3mm Fragment Of NWA 6963 MARTIAN SHERGOTTITE METEORITE From Mars,12,2018-06-25,51,0.24,WorthPoint
nwa-martian-meteorite,.028 Grams 3x3x2mm Fragment Of NWA 4878 MARTIAN SHERGOTTITE METEORITE From Mars,18,2018-06-25,28,0.64,WorthPoint
nwa-martian-meteorite,Sierra County H5 15.9g 1962 New Mexico JayPiatek MeteoriteCollection- IOM Low Wt,249,2018-06-25,15.9,15.66,WorthPoint
nwa-martian-meteorite,Salaices 19.2g H4 Winter 1971 Chihuahua Mexico JayPiatekMeteoriteCollection -IOM,339,2018-06-25,19.2,17.66,WorthPoint
nwa-martian-meteorite,Mosquero H4 21.56g 1963 New Mexico JayPiatek Meteorite Collection - IOM Collectn,319,2018-06-25,21.56,14.8,WorthPoint
nwa-martian-meteorite,Bruderheim 42.84g L6 FELL Mar 4 1960 Canada JayPiatek Meteorite Collection - IOM,785,2018-06-20,42.84,18.32,WorthPoint
nwa-martian-meteorite,Grant IIIB 45.30g 1929 Cibola New Mexico Jay Piatek Meteorite Collection - IOM,679.99,2018-06-16,45.3,15.01,WorthPoint
nwa-martian-meteorite,Meteorite NWA 6963 Achondrite Martian Shergottite - G201-0267 - 0.82g Part Slice,102.5,2018-06-13,0.82,125,WorthPoint
nwa-martian-meteorite,.049 4x4x3mm Fragment Of NWA 4878 MARTIAN SHERGOTTITE METEORITE From Mars,25,2018-06-05,,,WorthPoint
nwa-martian-meteorite,0.07 Gram NWA 6963 Martian Meteorite Fragment - Shergottite Classification,24.65,2018-06-02,0.07,352.14,WorthPoint
nwa-martian-meteorite,"NWA 7397 Martian Shergottite, 1.96g Slice",199,2018-06-02,1.96,101.53,WorthPoint
nwa-martian-meteorite,Caddo County 345g IAB UNGR IRON 1987 Oklahoma USA JayPiatek Meteorite Collection,4199,2018-05-24,345,12.17,WorthPoint
nwa-martian-meteorite,.047 4x3x2mm Fragment Of NWA 4878 MARTIAN SHERGOTTITE METEORITE From Mars,32,2018-05-23,,,WorthPoint
nwa-martian-meteorite,DAG 1037 Martian Meteorite Slice Shock Melt And Large Vessicle 16x12mm,82,2018-05-23,,,WorthPoint
nwa-martian-meteorite,1.62 Gram NWA 6963 Martian Meteorite End Cut - Shergottite Classification,276.25,2018-05-23,1.62,170.52,WorthPoint
nwa-martian-meteorite,Martian Meteorite 0.4g | Mars Shergottite - NWA 6963 - TOP,148,2018-05-21,0.4,370,WorthPoint
nwa-martian-meteorite,"PRICE REDUCED! 30.83gm, NWA 6963 Martian Shergotite Meteorite. Heavy Flowlines!",4995,2018-05-21,30.83,162.02,WorthPoint
nwa-martian-meteorite,$120/GRAM!! Martian! 6.44 Gm NWA 6963 Meteorite Individual (crusted) Shergottite,750,2018-05-21,6.44,116.46,WorthPoint
nwa-martian-meteorite,Roy (1933) 23.42g L5 Spring 1933 New Mexico JayPiatek Meteorite Collection- IOM,209,2018-05-20,23.42,8.92,WorthPoint
nwa-martian-meteorite,Fusion Crusted NWA 4880 Martian 0.43 Grams Meteorite,85,2018-05-19,0.43,197.67,WorthPoint
nwa-martian-meteorite,0.36 Gram NWA 6963 Martian Meteorite Fragment - Shergottite Classification,99,2018-05-19,0.36,275,WorthPoint
nwa-martian-meteorite,.347 As Found Fragment Of NWA 6963 MARTIAN SHERGOTTITE METEORITE From Mars,75,2018-05-18,,,WorthPoint
nwa-martian-meteorite,0.06 Gram NWA 6963 Martian Meteorite Fragment - Shergottite Classification,25,2018-05-13,0.06,416.67,WorthPoint
nwa-martian-meteorite,.047 As Found Fragment Of NWA 6963 MARTIAN SHERGOTTITE METEORITE From Mars,18.5,2018-05-12,,,WorthPoint
nwa-martian-meteorite,.051 Crusted Fragment Of NWA 6963 MARTIAN SHERGOTTITE METEORITE From Mars,16.99,2018-05-09,,,WorthPoint
nwa-martian-meteorite,Martian Meteorite 0.28g | Mars Shergottite - NWA 6963 - TOP,103,2018-05-05,0.28,367.86,WorthPoint
nwa-martian-meteorite,Wickenburg 327.2g L6 1940 Maricopa Co. Arizona Jay Piatek Meteorite Collection,885,2018-04-30,327.2,2.7,WorthPoint
nwa-martian-meteorite,.027 As Found Fragment Of NWA 6963 MARTIAN SHERGOTTITE METEORITE From Mars,10.99,2018-04-29,,,WorthPoint
nwa-martian-meteorite,Zacatecas 90.43g IIIB 1969 Zacatecas Mexico Jay Piatek Meteorite Collection IRON,549,2018-04-29,90.43,6.07,WorthPoint
nwa-martian-meteorite,1.10 Gram NWA 6963 Martian Meteorite Slice - Shergottite Classification,299,2018-04-27,1.1,271.82,WorthPoint
nwa-martian-meteorite,PRICE DROP 3.16 Gram NWA 6963 Martian Meteorite Individual (crusted) Shergottite,395,2018-04-20,3.16,125,WorthPoint
nwa-martian-meteorite,DAG 1037 Martian Meteorite Great Shock Vein And Vesicles 51x49mm My Largest Left,2000,2018-04-20,,,WorthPoint
nwa-martian-meteorite,0.05 Gram NWA 6963 Martian Meteorite Fragment - Shergottite Classification,17,2018-04-17,0.05,340,WorthPoint
nwa-martian-meteorite,.174 Grams As Found Fragment Of NWA 6963 MARTIAN SHERGOTTITE METEORITE From Mars,49,2018-04-17,174,0.28,WorthPoint
nwa-martian-meteorite,Martian Meteorite I 0.11g I NWA 6963 I Shergottite I Mars - TOP,48,2018-04-16,0.11,436.36,WorthPoint
nwa-martian-meteorite,Martian Meteorite 0.81g | Mars Shergottite - NWA 6963 - TOP,325,2018-04-16,0.81,401.23,WorthPoint
nwa-martian-meteorite,.019 Grams Small Fragment Of NWA 6963 MARTIAN SHERGOTTITE METEORITE From Mars,16,2018-04-16,19,0.84,WorthPoint
nwa-martian-meteorite,Mars Meteorite NWA-6710 Gift Box - Real Marsrock ! - 9f520,16.38,2018-04-16,6710,0,WorthPoint
nwa-martian-meteorite,"No Reserve! 0.40 Gram NWA 6963 Martian Meteorite W/crust, Shergottite",46.1,2018-04-15,0.4,115.25,WorthPoint
nwa-martian-meteorite,Niue 2017 1$ Mars Solar System 1 Oz Ant Fin With Meteorite NWA 7397 Silver Coin,138.5,2018-04-14,28.35,4.89,WorthPoint
nwa-martian-meteorite,Niue 2017 1$ Mars Solar System 1oz Ant/fin With Meteorite NWA 7397 Ag Coin,132.5,2018-04-08,28.35,4.67,WorthPoint
nwa-martian-meteorite,Hunter LL5 1.6g 1962 Garfield Co. Oklahoma USA Jay Piatek Meteorite Collection,38.99,2018-04-08,1.6,24.37,WorthPoint
nwa-martian-meteorite,Black Beauty - Rarest Old Basaltic Breccia Martian Meteorite 0.17g,350,2018-04-08,0.17,2058.82,WorthPoint
nwa-martian-meteorite,Lueders 16.55g IAB-MG Texas USA 1973 Jay Piatek Meteorite Collection,189,2018-04-05,16.55,11.42,WorthPoint
nwa-martian-meteorite,Sombrerete 16.74g IAB-sHL 1958 Zacatecas Mexico Jay Piatek Meteorite Collection,769,2018-04-05,16.74,45.94,WorthPoint
nwa-martian-meteorite,St. Lawrence 6.91g LL6 Glasscock Co Texas USA 1965 JayPiatek MeteoriteCollection,99,2018-04-02,6.91,14.33,WorthPoint
nwa-martian-meteorite,0.73 Gram NWA 6963 Martian Meteorite Slice - Shergottite Classification,150,2018-04-02,0.73,205.48,WorthPoint
nwa-martian-meteorite,USA 2016 1$ Ounce Of Space Walking Liberty Eagle On Mars 1oz Meteorite NWA 6963,119.95,2018-04-02,28.35,4.23,WorthPoint
nwa-martian-meteorite,"No Reserve! 0.78 Gram NWA 6963 Martian Meteorite W/crust, Shergottite",112.5,2018-03-31,0.78,144.23,WorthPoint
nwa-martian-meteorite,Piece Of Mars! Martian Meteorite NWA 7397 1.19 Grams,350,2018-03-31,1.19,294.12,WorthPoint
nwa-martian-meteorite,1.04 Gram NWA 6963 Martian Meteorite Endcut W/crust Shergottite Classification,320,2018-03-27,1.04,307.69,WorthPoint
nwa-martian-meteorite,Grant IIIB 23.65g 1929 Cibola New Mexico Jay Piatek Meteorite Collection - IOM,339,2018-03-26,23.65,14.33,WorthPoint
nwa-martian-meteorite,Zegdou 42.1g H3 Algeria August 1998 Jay Piatek Meteorite Collection,199,2018-03-22,42.1,4.73,WorthPoint
nwa-martian-meteorite,1.63 Gram NWA 6963 Martian Meteorite Slice - Shergottite Classification,276.25,2018-03-22,1.63,169.48,WorthPoint
nwa-martian-meteorite,NWA 7034 Black Beauty Mars Rock 0.033g Part Slice Martian By Meteorite Men Steve,116.16,2018-03-19,0.033,3520,WorthPoint
nwa-martian-meteorite,NWA 7755 MARS LHERZOLITIC SHERGOTTITE METEORITE SLICE 2.073 Gr. CRUSTED,699,2018-03-16,2.073,337.19,WorthPoint
nwa-martian-meteorite,NWA 6456 Carbonaceous CK4 Chondrite - 6456-0004 - 1.18g W/COA - Beautiful Specmn,16.01,2018-03-16,1.18,13.57,WorthPoint
nwa-martian-meteorite,Martian Meteorite Slice - 1.65 Gram Of NWA 7397 - Mars Shergottite,850,2018-03-16,1.65,515.15,WorthPoint
nwa-martian-meteorite,0.45 Gram NWA 6963 Martian Meteorite Slice - Shergottite Classification,99,2018-03-16,0.45,220,WorthPoint
nwa-martian-meteorite,0.198g - Mars Nakhlite Meteorite W Crust NWA 10645 Martian Meteorite Fragment,205,2018-03-16,0.198,1035.35,WorthPoint
nwa-martian-meteorite,Own A Piece Of Mars!! 0.38 Gram NWA 6963 Martian Meteorite.Fully Crusted!,46,2018-03-13,0.38,121.05,WorthPoint
nwa-martian-meteorite,"Own A Piece Of Mars! 0.41 Gram NWA 6963 Martian Meteorite, Crusted, Shergottite",34.5,2018-03-13,0.41,84.15,WorthPoint
nwa-martian-meteorite,Lost Creek 15.3g H3.8 1916 Kansas USA Jay Piatek Meteorite Collection,159,2018-03-13,15.3,10.39,WorthPoint
nwa-martian-meteorite,NWA 7034 Black Beauty Mars 0.133g LAST Full Slice Martian By Meteorite Men Steve,399.9,2018-03-12,0.133,3006.77,WorthPoint
nwa-martian-meteorite,Valle De Allende 11.1g L4 1983 Chihuahua Mexico JayPiatek Meteorite Collection,184,2018-03-10,11.1,16.58,WorthPoint
nwa-martian-meteorite,NWA 6456 Carbonaceous CK4 Chondrite - 6456-0010 - 1.08g W/COA - Beautiful Specmn,14.5,2018-03-10,1.08,13.43,WorthPoint
nwa-martian-meteorite,Seagraves (b) 8.63g H5 Gaines Co Texas USA 1976 Jay Piatek Meteorite Collection,55,2018-03-09,8.63,6.37,WorthPoint
nwa-martian-meteorite,Valle De Allende 40.5g L4 1983 Chihuahua Mexico JayPiatek Meteorite Collection,425,2018-03-06,40.5,10.49,WorthPoint
nwa-martian-meteorite,Zacatecas 25.99g IIIB 1969 Zacatecas Mexico Jay Piatek Meteorite Collection IRON,119,2018-03-01,25.99,4.58,WorthPoint
nwa-martian-meteorite,Ingella Station H5 15.50g 1987 Queensland Australia Jay Piatek Meteorite - IOM,179,2018-03-01,15.5,11.55,WorthPoint
nwa-martian-meteorite,*** Meteorite NWA 7397 SNC (Martian) - 0.89 G ***,131.5,2018-02-27,0.89,147.75,WorthPoint
nwa-martian-meteorite,Covert 14.9g H5 Osborne Co Kansas 1896 USA Jay Piatek Meteorite Collection,44.99,2018-02-25,14.9,3.02,WorthPoint
nwa-martian-meteorite,Sombrerete 11.17g IAB-sHL 1958 Zacatecas Mexico Jay Piatek Meteorite Collection,509,2018-02-16,11.17,45.57,WorthPoint
nwa-martian-meteorite,La Lande 8.8g L5 1933 De Baca Co New Mexico Jay Piatek Meteorite Collection- IOM,139,2018-02-16,8.8,15.8,WorthPoint
nwa-martian-meteorite,Grady (1937) 23.6g H3.7 1937 New Mexico Jay Piatek Meteorite Collection - IOM,229,2018-02-15,23.6,9.7,WorthPoint
nwa-martian-meteorite,Belmont H6 5.97g Spring 1958 Wisconsin Jay Piatek Meteorite Collection - IOM,119,2018-02-15,5.97,19.93,WorthPoint
nwa-martian-meteorite,Lueders 11.92g IAB-MG Texas USA 1973 Jay Piatek Meteorite Collection IRON,129.95,2018-02-09,11.92,10.9,WorthPoint
nwa-martian-meteorite,Black Beauty Meteorite- Rarest Old Basaltic Breccia Martian Meteorite 0.10g,350,2018-02-09,0.1,3500,WorthPoint
nwa-martian-meteorite,NWA 3155 9.2g CK5 2005 Jay Piatek Meteorite Collection - Very Low Known Weight!,119,2018-02-07,9.2,12.93,WorthPoint
nwa-martian-meteorite,NWA 7397 Meteorite Shergottite Martian .64 Grams Slice,100,2018-02-06,64,1.56,WorthPoint
nwa-martian-meteorite,Meteorite NWA 2737 Achondrite Martian Chassignite - 2737-0011 - Micro - Gem Case,29.95,2018-02-06,,,WorthPoint
nwa-martian-meteorite,.114 Grams Fragment Of NWA 6963 MARTIAN SHERGOTTITE METEORITE From Mars,27,2018-02-05,114,0.24,WorthPoint
nwa-martian-meteorite,.113 Grams Small Fragment Of NWA 6963 MARTIAN SHERGOTTITE METEORITE From Mars,27,2018-02-05,113,0.24,WorthPoint
nwa-martian-meteorite,"Zaragoza 3,195g IVA 1950s Spain JayPiatek Meteorite Collection Iron Slice Cmplt",10995,2018-02-05,195,56.38,WorthPoint
nwa-martian-meteorite,Wells 13.97g LL3.3 Lynn Co. Texas USA 1985 Jay Piatek Meteorite Collection,409,2018-02-03,13.97,29.28,WorthPoint
nwa-martian-meteorite,Beaver Harrison 6.2g L6 Utah July 1979 USA Jay Piatek MeteoriteCollection - IOM,149,2018-02-03,6.2,24.03,WorthPoint
nwa-martian-meteorite,Martian Meteorite 17.6g | Mars Shergottite End Cut - NWA 6963 - TOP,6000,2018-02-02,17.6,340.91,WorthPoint
nwa-martian-meteorite,Yilmia 12.22g EL6 1969 Western Australia Jay Piatek Meteorite Collection - IOM,239,2018-02-02,12.22,19.56,WorthPoint
nwa-martian-meteorite,Macy 34.23g L6 New Mexico USA 1984 Roosevelt Co. Jay Piatek Meteorite Collection,115,2018-02-02,34.23,3.36,WorthPoint
nwa-martian-meteorite,Etter 30.83g L5 Moore Co. Texas USA 1965 Jay Piatek Meteorite Collection,139,2018-01-31,30.83,4.51,WorthPoint
nwa-martian-meteorite,Farley H5 10.9g 1936 Colfax Co. New Mexico Jay Piatek Meteorite Collection - IOM,99,2018-01-31,10.9,9.08,WorthPoint
nwa-martian-meteorite,EL Hammami 25.18g H5 Mauritania Jan 1997 Jay Piatek Meteorite Collection - IOM,75,2018-01-31,25.18,2.98,WorthPoint
nwa-martian-meteorite,Sierra County H5 1.4g 1962 New Mexico JayPiatek MeteoriteCollection- IOM Low Wt,49,2018-01-31,1.4,35,WorthPoint
nwa-martian-meteorite,NWA 7034 Black Beauty Mars Rock 0.027g Part Slice Martian By Meteorite Men Steve,108,2018-01-30,0.027,4000,WorthPoint
nwa-martian-meteorite,.145 Grams As Found Fragment Of NWA 6963 MARTIAN SHERGOTTITE METEORITE From Mars,31.99,2018-01-29,145,0.22,WorthPoint
nwa-martian-meteorite,.492 As Found Fragment Of NWA 6963 MARTIAN SHERGOTTITE METEORITE From Mars,119.67,2018-01-27,,,WorthPoint
nwa-martian-meteorite,TEXAS Meteorite Starter Collection Wells Lueders Gaines CtyPk Perryton Seagraves,299,2018-01-26,,,WorthPoint
nwa-martian-meteorite,.071 Very Small Fragment Of NWA 6963 MARTIAN SHERGOTTITE METEORITE From Mars,22,2018-01-24,,,WorthPoint
nwa-martian-meteorite,*** Meteorite NWA 7397 SNC (Martian) - 0.68 G ***,108.27,2018-01-23,0.68,159.22,WorthPoint
nwa-martian-meteorite,Grady (1937) 5.2g H3.7 1937 New Mexico Jay Piatek Meteorite Collection - IOM,99,2018-01-21,5.2,19.04,WorthPoint
nwa-martian-meteorite,"MARS 2011,CLASSIFIED,NWA 6963 4.7 G CRUSTED,COMPLETE,MARS METEORITE,SHERGOTTITE",725,2018-01-20,4.7,154.26,WorthPoint
nwa-martian-meteorite,Fusion Crusted NWA 4880 Martian 0.08 Grams Meteorite,20,2018-01-19,0.08,250,WorthPoint
nwa-martian-meteorite,0.059g Martian Meteorite | Mars SHERGOTTITE I NWA 6963 - TOP,25,2018-01-19,0.059,423.73,WorthPoint
nwa-martian-meteorite,NWA 2047 (Issinen) 2.19g DIO-Polymict Sep 2003 Jay Piatek Meteorite Collection,89,2018-01-18,2.19,40.64,WorthPoint
nwa-martian-meteorite,Harrisonville 4.0g L6 Missouri USA April 1933 Jay Piatek MeteoriteCollection IOM,79,2018-01-18,4,19.75,WorthPoint
nwa-martian-meteorite,Farley H5 6.2g 1936 Colfax Co. New Mexico Jay Piatek Meteorite Collection - IOM,69,2018-01-18,6.2,11.13,WorthPoint
nwa-martian-meteorite,Pinon 20.22g IRUNGR 1928/1930 New Mexico USA Jay Piatek Meteorite Collection,525,2018-01-18,20.22,25.96,WorthPoint
nwa-martian-meteorite,0.051g Martian Meteorite | Mars SHERGOTTITE I NWA 6963 - TOP,25,2018-01-18,0.051,490.2,WorthPoint
nwa-martian-meteorite,Hardtner 16.56g L6 Kansas USA Barber Co 1972 JayPiatek MeteoriteCollection - IOM,329,2018-01-10,16.56,19.87,WorthPoint
nwa-martian-meteorite,Beaver Harrison 3.4g L6 Utah July 1979 USA Jay Piatek MeteoriteCollection - IOM,119,2018-01-10,3.4,35,WorthPoint
nwa-martian-meteorite,Ingella Station H5 15.99g 1987 Queensland Australia Jay Piatek Meteorite - IOM,199,2018-01-10,15.99,12.45,WorthPoint
nwa-martian-meteorite,Beaver 7.2g L5 Beaver Co. Oklahoma USA 1940 Jay Piatek Meteorite Collection,69,2018-01-10,7.2,9.58,WorthPoint
nwa-martian-meteorite,Hamilton (Queensland) 6.80g L6 1966 Australia Jay Piatek Meteorite Clltn - IOM,89,2018-01-10,6.8,13.09,WorthPoint
nwa-martian-meteorite,Martian Meteorite 4.9g | Mars Shergottite - NWA 6963 - TOP,1925,2018-01-06,4.9,392.86,WorthPoint
nwa-martian-meteorite,Fusion Crusted NWA 4880 Martian 0.23 Grams Meteorite,55,2018-01-06,0.23,239.13,WorthPoint
nwa-martian-meteorite,Correo 43.3g H4 July/Aug 1979 New Mexico Jay Piatek Meteorite Collection - IOM,289,2018-01-05,43.3,6.67,WorthPoint
nwa-martian-meteorite,0.18g Martian Meteorite | Mars SHERGOTTITE - NWA 6963 - Top Meteorite,74,2018-01-04,0.18,411.11,WorthPoint
nwa-martian-meteorite,Braunau 1.97g IIA FALL/FELL Czech Republic 1847 Jay Piatek Meteorite Collection,399,2018-01-04,1.97,202.54,WorthPoint
nwa-martian-meteorite,Moon & Mars Rock Bundle (Lunar & Martian Meteorite),89.95,2018-01-04,,,WorthPoint
nwa-martian-meteorite,GENUINE Mars Dust Necklace (Vial),54.95,2018-01-04,,,WorthPoint
nwa-martian-meteorite,GENUINE Mars Dust Necklace (Tear),54.95,2018-01-04,,,WorthPoint
nwa-martian-meteorite,Bellsbank 9.84g IIG 1955 Cape Prov. South Africa JayPiatek MeteoriteColln USNM,999,2018-01-03,9.84,101.52,WorthPoint
nwa-martian-meteorite,NWA 6963 Achondrite Martian Shergottite Meteorite - G201-XXXX - Micro LOT Of 100,299.95,2018-01-02,,,WorthPoint
nwa-martian-meteorite,Leoville 2.7g CVS 1/3.4 Kansas USA 1961/1962 JayPiatek MeteoriteCollection - IOM,399,2018-01-02,2.7,147.78,WorthPoint
nwa-martian-meteorite,NWA 7034 Black Beauty Mars Rock 0.078g Full Slice Martian By Meteorite Men Steve,312,2017-12-31,0.078,4000,WorthPoint
nwa-martian-meteorite,0.65 Gram Martian Meteorite Slice - NWA 10441 - Shergottite -Only $200 Per Gram!,130,2017-12-30,0.65,200,WorthPoint
nwa-martian-meteorite,.023 Very Small Fragment Of NWA 1068 MARTIAN SHERGOTTITE METEORITE From Mars,10,2017-12-29,,,WorthPoint
nwa-martian-meteorite,AUTHENTICATED MOON & MARS METEORITE ROCK COMBO- 2 Deluxe Displays W/ Easels Em,33.95,2017-12-29,,,WorthPoint
nwa-martian-meteorite,AUTHENTICATED MARTIAN METEORITE- Deluxe 12mg Mars Rock Art Display With Easel H,15.95,2017-12-28,,,WorthPoint
nwa-martian-meteorite,0.067g Martian Meteorite | Mars SHERGOTTITE I NWA 6963 - TOP,25,2017-12-26,0.067,373.13,WorthPoint
nwa-martian-meteorite,0.078g Mars Nakhlite Meteorite | NWA 10645 I Martian Meteorite TM,46,2017-12-24,0.078,589.74,WorthPoint
nwa-martian-meteorite,0.650g - Mars Nakhlite Meteorite Fragment | NWA 10645 I Martian Meteorite TM,350,2017-12-24,0.65,538.46,WorthPoint
nwa-martian-meteorite,NWA 2737 Martian Chassignite Meteorite - 1 Of 3 - Low TKW 611g - Lot Of 3 Micros,17,2017-12-21,611,0.03,WorthPoint
nwa-martian-meteorite,.024 Very Small Fragment Of NWA 1068 MARTIAN SHERGOTTITE METEORITE From Mars,20.5,2017-12-17,,,WorthPoint
nwa-martian-meteorite,NWA 8656 Martian Shergottite 3.18g Meteorite Polished Endcut W/ Melt Pockets,599,2017-12-16,3.18,188.36,WorthPoint
nwa-martian-meteorite,La Lande 35.1g L5 1933 De Baca Co New Mexico Jay Piatek Meteorite Collection,350,2017-12-16,35.1,9.97,WorthPoint
nwa-martian-meteorite,Zacatecas 101.75g IIIB 1969 Zacatecas Mexico JayPiatek Meteorite Collection IRON,700,2017-12-16,101.75,6.88,WorthPoint
nwa-martian-meteorite,NWA 7034 Black Beauty Mars Rock 0.020g Part Slice Martian By Meteorite Men Steve,80,2017-12-16,0.02,4000,WorthPoint
nwa-martian-meteorite,0.19g Martian Meteorite | Mars SHERGOTTITE - NWA 6963 - Top Meteorite,78,2017-12-15,0.19,410.53,WorthPoint
nwa-martian-meteorite,0.50 Gram NWA 6963 Martian Meteorite Endcut W/crust Shergottite Classification,150,2017-12-13,0.5,300,WorthPoint
nwa-martian-meteorite,0.792g - Mars Nakhlite Meteorite Fragment With CRUST | NWA 10645 I Martian TOP,792,2017-12-12,0.792,1000,WorthPoint
nwa-martian-meteorite,.063 Very Small Fragment Of NWA 1068 MARTIAN SHERGOTTITE METEORITE From Mars,23,2017-12-12,,,WorthPoint
nwa-martian-meteorite,"NWA 11220 ""Black Beauty"" Martian Basaltic Breccia TKW 36.6 G - Micro Specimen",30,2017-12-11,36.6,0.82,WorthPoint
nwa-martian-meteorite,0.57 Gram Martian Meteorite Slice - NWA 10441 - Shergottite -Only $200 Per Gram!,97.75,2017-12-09,0.57,171.49,WorthPoint
nwa-martian-meteorite,0.44g Martian Meteorite | Mars SHERGOTTITE - NWA 6963 TM,88,2017-12-08,0.44,200,WorthPoint
nwa-martian-meteorite,Potter 3.86g L6 Brecciated Nebraska USA 1941 JayPiatek MeteoriteCollection - IOM,50,2017-12-08,3.86,12.95,WorthPoint
nwa-martian-meteorite,NWA 8251 LOD 4281g 2013 Lodranite Jay Piatek Meteorite Collection Low Known Wt!,999,2017-12-07,4281,0.23,WorthPoint
nwa-martian-meteorite,Martian Meteorite 1.0g | Mars Shergottite - NWA 6963 TM,280.5,2017-12-06,1,280.5,WorthPoint
nwa-martian-meteorite,8.14 Gram NWA 6963 Martian Meteorite Individual (crusted) Shergottite,1450,2017-12-05,8.14,178.13,WorthPoint
nwa-martian-meteorite,Beaver 13.02g L5 Beaver Co. Oklahoma USA 1940 Jay Piatek Meteorite Collection,125,2017-12-04,13.02,9.6,WorthPoint
nwa-martian-meteorite,Martian Meteorite 1.6g | Mars Shergottite - NWA 6963 TM,448.8,2017-12-04,1.6,280.5,WorthPoint
nwa-martian-meteorite,0.285g - Mars Nakhlite Meteorite | NWA 10645 I Martian Meteorite TM,279,2017-12-03,0.285,978.95,WorthPoint
nwa-martian-meteorite,(#c) MARS ROCK - 1mm Size Of NWA 7397 MARTIAN SHERGOTTITE METEORITE From Mars,11,2017-12-03,,,WorthPoint
nwa-martian-meteorite,"MARS 2011 CLASSIFIED,NWA 6963 1.798 Gr CRUSTED, MARS METEORITE, SHERGOTTITE",250,2017-12-02,1.798,139.04,WorthPoint
nwa-martian-meteorite,Martian Meteorite 0.32g | Mars Shergottite - NWA 6963,96,2017-11-29,0.32,300,WorthPoint
nwa-martian-meteorite,NWA 7034 Black Beauty Mars Rock 0.131g Full Slice Martian By Meteorite Men Steve,393,2017-11-28,0.131,3000,WorthPoint
nwa-martian-meteorite,.039 Nice Small Fragment Of NWA 1068 MARTIAN SHERGOTTITE METEORITE From Mars,22,2017-11-25,,,WorthPoint
nwa-martian-meteorite,.029 Nice Small Fragment Of NWA 1068 MARTIAN SHERGOTTITE METEORITE From Mars,13.99,2017-11-25,,,WorthPoint
nwa-martian-meteorite,0.64 Gram Martian Meteorite Slice - NWA 10441 - Shergottite -Only $200 Per Gram!,108.8,2017-11-25,0.64,170,WorthPoint
nwa-martian-meteorite,0.55 Gram Martian Meteorite Slice - NWA 10441 - Shergottite -Only $200 Per Gram!,93.5,2017-11-25,0.55,170,WorthPoint
nwa-martian-meteorite,Martian Meteorite 0.10g | Mars Shergottite - NWA 6963,30,2017-11-24,0.1,300,WorthPoint
nwa-martian-meteorite,Martian Meteorite Slice - 1.70 Gram Of NWA 7397 - Mars Shergottite,850,2017-11-23,1.7,500,WorthPoint
nwa-martian-meteorite,Martian Meteorite | Ultra Rare Mars Augite Basalt 0.13g - NWA 8159 TM,969.99,2017-11-23,0.13,7461.46,WorthPoint
nwa-martian-meteorite,Naryilco 2.24g LL6 1975 Queensland Australia JayPiatek MeteoriteCollection - IOM,75,2017-11-22,2.24,33.48,WorthPoint
nwa-martian-meteorite,NWA 7034 Black Beauty Mars Rock 0.167g Full Slice Martian By Meteorite Men Steve,501,2017-11-22,0.167,3000,WorthPoint
nwa-martian-meteorite,NWA 7034 Black Beauty Mars Rock 0.021g Part Slice Martian By Meteorite Men Steve,84,2017-11-22,0.021,4000,WorthPoint
nwa-martian-meteorite,.031 Nice Small Fragment Of NWA 1068 MARTIAN SHERGOTTITE METEORITE From Mars,14.99,2017-11-20,,,WorthPoint
nwa-martian-meteorite,MARTIAN METEORITE COMPLETE 3.53 GRAM STONE Lot 651,1000,2017-11-19,3.53,283.29,WorthPoint
nwa-martian-meteorite,Fremont Butte 4.88g L4 Colorado USA 1940 Jay Piatek Meteorite Collection,57,2017-11-18,4.88,11.68,WorthPoint
nwa-martian-meteorite,(#a) MARS ROCK - 1mm Size Of NWA 7397 MARTIAN SHERGOTTITE METEORITE From Mars,11,2017-11-14,,,WorthPoint
nwa-martian-meteorite,NWA 7034 Black Beauty Mars Rock 0.041g Part Slice Martian By Meteorite Men Steve,164,2017-11-12,0.041,4000,WorthPoint
nwa-martian-meteorite,NWA 7034 Black Beauty Mars Rock 0.016g Part Slice Martian By Meteorite Men Steve,64,2017-11-08,0.016,4000,WorthPoint
nwa-martian-meteorite,0.61 Gram NWA 6963 Martian Meteorite Endcut W/crust Shergottite Classification,160,2017-11-05,0.61,262.3,WorthPoint
nwa-martian-meteorite,Martian Meteorite NWA 6963,3125,2017-11-04,,,WorthPoint
nwa-martian-meteorite,NWA 5363 ACH-UNGR 10.3g 2008 Earth Jay Piatek MeteoriteClln - Paired To NWA 5400,275,2017-11-03,10.3,26.7,WorthPoint
nwa-martian-meteorite,0.55 Gram NWA 6963 Martian Meteorite Slice W/crust Shergottite Classification,150.3,2017-10-31,0.55,273.27,WorthPoint
nwa-martian-meteorite,Niue 2016 Mars Martian Meteorite NWA 6963 1oz $1 Silver Coin NEW!!!,199,2017-10-29,28.35,7.02,WorthPoint
nwa-martian-meteorite,NWA 6963 6.38 Grams CRUSTED MARS METEORITE SHERGOTTITE,800,2017-10-28,6.38,125.39,WorthPoint
nwa-martian-meteorite,NWA 6963 Shergottite Martian Meteorite - Fresh Fusion Crusted Individual - 2.9g,435,2017-10-28,2.9,150,WorthPoint
nwa-martian-meteorite,Niue Island 2016 - Martian Meteorite 1oz Silver Coin,180,2017-10-26,28.35,6.35,WorthPoint
nwa-martian-meteorite,Liberty Walking On Mars Ounce Of Space Meteorite Silver .999 Coin,89,2017-10-25,,,WorthPoint
nwa-martian-meteorite,0.62 Gram NWA 6963 Martian Meteorite Slice W/crust Shergottite Classification,168.3,2017-10-21,0.62,271.45,WorthPoint
nwa-martian-meteorite,Ybbsitz 15.5g H4 1977 Nieder-Osterreich Austria Jay Piatek Meteorite Collection,700,2017-10-16,15.5,45.16,WorthPoint
nwa-martian-meteorite,Harrisonville 7.0g L6 Missouri USA April 1933 Jay Piatek MeteoriteCollection IOM,112,2017-10-15,7,16,WorthPoint
nwa-martian-meteorite,NWA 7034 Black Beauty Mars Rock 0.136g Full Slice Martian By Meteorite Men Steve,544,2017-10-10,0.136,4000,WorthPoint
nwa-martian-meteorite,Floyd 12.77g L4 1966 Roosevelt Co New Mexico JayPiatek Meteorite Collection- IOM,189,2017-10-08,12.77,14.8,WorthPoint
nwa-martian-meteorite,Forrest 002 L6 54.9g 1980 Western Australia Jay Piatek Meteorite Collection- IOM,250,2017-10-06,54.9,4.55,WorthPoint
nwa-martian-meteorite,Acme 19.88g H5 1947 Chaves Co. New Mexico Jay Piatek Meteorite Collection - IOM,210,2017-10-06,19.88,10.56,WorthPoint
nwa-martian-meteorite,Mars Meteorite NWA 998 Nahklite 0.01 Grams,25,2017-10-05,,,WorthPoint
nwa-martian-meteorite,1.57 Gram NWA 6963 Martian Meteorite Endcut W/crust Shergottite Classification,450,2017-10-04,1.57,286.62,WorthPoint
nwa-martian-meteorite,0.39 Gram NWA 6963 Martian Meteorite Slice W/crust Shergottite Classification,99,2017-10-04,0.39,253.85,WorthPoint
nwa-martian-meteorite,NWA 7034 Black Beauty Mars Rock 0.044g Part Slice Martian By Meteorite Men Steve,176,2017-10-02,0.044,4000,WorthPoint
nwa-martian-meteorite,AUTHENTICATED MOON & MARS METEORITE COMBO- 2 Deluxe Rock Displays W/ Easels Al,33.95,2017-10-01,,,WorthPoint
nwa-martian-meteorite,Low Price! Great Deal! Nice Nwa 7397 Martian Shergottite Meteorite! .919 Grms,171.75,2017-09-30,919,0.19,WorthPoint
nwa-martian-meteorite,0.03 Gram NWA 6963 Martian Meteorite - MICRO SPECKS- Shergottite Classification,15,2017-09-30,0.03,500,WorthPoint
nwa-martian-meteorite,0.60 Gram NWA 6963 Martian Meteorite Endcut W/crust Shergottite Classification,125,2017-09-29,0.6,208.33,WorthPoint
nwa-martian-meteorite,Jalu 7.4g L6 Nov 1 2000 Hammadah Al Hamra Libya Jay Piatek Meteorite Collection,60,2017-09-29,7.4,8.11,WorthPoint
nwa-martian-meteorite,NWA 7034 Black Beauty Mars Rock 0.034g Part Slice Martian By Meteorite Men Steve,136,2017-09-29,0.034,4000,WorthPoint
nwa-martian-meteorite,0.53 Gram NWA 6963 Martian Meteorite Slice W/crust Shergottite Classification,120,2017-09-28,0.53,226.42,WorthPoint
nwa-martian-meteorite,NWA 7034 Black Beauty Mars Rock 0.032g Part Slice Martian By Meteorite Men Steve,128,2017-09-27,0.032,4000,WorthPoint
nwa-martian-meteorite,Ute Creek H4 1.50g 1936 New Mexico Jay Piatek Meteorite Collection - IOM,75,2017-09-26,1.5,50,WorthPoint
nwa-martian-meteorite,"Meteorite**Martian, NWA 6963**0.57 Grams; Crusted Slice!!!Rare; Last Piece!!!",51,2017-09-25,0.57,89.47,WorthPoint
nwa-martian-meteorite,Plainview (1917) 226.7g H5 Texas USA Jay Piatek Meteorite Collection ASU #92.538,900,2017-09-24,226.7,3.97,WorthPoint
nwa-martian-meteorite,Canyon Diablo 1852.8g IAB-MG 1891 Arizona Jay Piatek Meteorite Collection - IOM,1852,2017-09-23,1852.8,1,WorthPoint
nwa-martian-meteorite,"NEWEST!!! RARE MARTIAN Meteorite, NWA 10720 NAKHLITE !! 0.37 Grams",210,2017-09-21,0.37,567.57,WorthPoint
nwa-martian-meteorite,2017 Niue Solar System Mars NWA 7397 1oz .999 Silver Concave W/Martian Meteorite,150,2017-09-18,28.35,5.29,WorthPoint
nwa-martian-meteorite,Naryilco 1.33g LL6 1975 Queensland Australia JayPiatek MeteoriteCollection - IOM,49,2017-09-18,1.33,36.84,WorthPoint
nwa-martian-meteorite,NWA 8656 Martian Shergottite (diabasic) 0.34g Meteorite Slice,98,2017-09-16,0.34,288.24,WorthPoint
nwa-martian-meteorite,"Meteorite**Martian, NWA 6963**0.78 Grams; Crusted Slice!!!Rare",74,2017-09-15,0.78,94.87,WorthPoint
nwa-martian-meteorite,Plainview (1917) 45.03g H5 Texas USA JayPiatek Meteorite Collection - IOM #C33.7,270,2017-09-14,45.03,6,WorthPoint
nwa-martian-meteorite,Belmont H6 5.31g Spring 1958 Wisconsin Jay Piatek Meteorite Collection - IOM,159,2017-09-14,5.31,29.94,WorthPoint
nwa-martian-meteorite,Martian Meteorite | Mars Nakhlite 0.258g - NWA 10645,258,2017-09-13,0.258,1000,WorthPoint
nwa-martian-meteorite,HERITAGE Natural History - Gems Gold Meteorite Fossils Dinosaur Green River,19.95,2017-09-11,,,WorthPoint
nwa-martian-meteorite,AUTHENTICATED MARTIAN METEORITE- Deluxe 12mg Mars Rock Display With Easel L,17.95,2017-09-11,,,WorthPoint
nwa-martian-meteorite,Museum Quality! Big Nwa 7397 Martian Shergottite Meteorite! Fresh Crust! 2.5 Gm,620.1,2017-09-08,2.5,248.04,WorthPoint
nwa-martian-meteorite,"Meteorite**Martian, NWA 6963**1.41 Grams; Endcut W/crust",80.1,2017-09-06,1.41,56.81,WorthPoint
nwa-martian-meteorite,Martian Meteorite | Rare Mars Nakhlite 0.198g - NWA 10645,125,2017-09-04,0.198,631.31,WorthPoint
nwa-martian-meteorite,Kramer Creek 18.8g L4 Spring 1966 Colorado Jay Piatek Meteorite Collection - IOM,349,2017-09-01,18.8,18.56,WorthPoint
nwa-martian-meteorite,"Meteorite**Martian, NWA 6963**3.38 Grams; Crusted Slice!!!",350,2017-08-31,3.38,103.55,WorthPoint
nwa-martian-meteorite,NWA 998 Martian Nakhlite Meteorite - Contains Martian Water - Low TKW - RARE,25,2017-08-31,,,WorthPoint
nwa-martian-meteorite,Martian Meteorite | Mars Nakhlite 0.273g - NWA 10645,190,2017-08-25,0.273,695.97,WorthPoint
nwa-martian-meteorite,NWA 7034 Black Beauty Mars Rock 0.004g Part Slice Martian By Meteorite Men Steve,24.99,2017-08-25,,,WorthPoint
nwa-martian-meteorite,"Faucett H5 19.6g April, 1966 Missouri Jay Piatek Meteorite Collection - IOM",249,2017-08-23,19.6,12.7,WorthPoint
nwa-martian-meteorite,Elenovka 3.69g L5 Fell Oct 17 1951 Ukraine FALL JayPiatekMeteoriteCollection IOM,150,2017-08-22,3.69,40.65,WorthPoint
nwa-martian-meteorite,Weldona 14g H4 Morgan Co. Colorado USA 1934 Jay Piatek Meteorite Collection,299,2017-08-21,14,21.36,WorthPoint
nwa-martian-meteorite,Guffey 95.26g IRUNGR 1907 Park Co Colorado USA Jay Piatek Meteorite Collection,1500,2017-08-20,95.26,15.75,WorthPoint
nwa-martian-meteorite,"Set Of 3: Moon Rock, Mars Rock, And Fragment Of Asteroid Vesta",140,2017-08-17,,,WorthPoint
nwa-martian-meteorite,NWA 10441 Martian Shergottite - G613-0009 - 9.91g W/COA - SUPER HIGHLY SHOCKED!,999.95,2017-08-12,9.91,100.9,WorthPoint
nwa-martian-meteorite,"Meteorite**Martian, NWA 6963**9.15 Grams; Crusted Endcut!!!",1299,2017-08-12,9.15,141.97,WorthPoint
nwa-martian-meteorite,"MARS, NWA 7755 2.5 Gr CRUSTED SLICE MARS LHERZOLITIC SHERGOTTITE METEORITE",450,2017-08-11,2.5,180,WorthPoint
nwa-martian-meteorite,"Meteorite**Martian, NWA 6963**1.06 Grams;W/Fusion Crust!!!",71,2017-08-11,1.06,66.98,WorthPoint
nwa-martian-meteorite,Elenovka 9.48g L5 Fell Oct 17 1951 Ukraine FALL JayPiatekMeteoriteCollection IOM,665,2017-08-11,9.48,70.15,WorthPoint
nwa-martian-meteorite,"Meteorite**NWA 10450 Martian, Shergottite**6.87 Grams(Main Mass)",1050,2017-08-11,6.87,152.84,WorthPoint
nwa-martian-meteorite,NWA 10645 Martian Nakhlite Meteorite Micro - TKW 12 Grams - 1 Of 19 - Very Rare,24,2017-08-04,12,2,WorthPoint
nwa-martian-meteorite,Martian Meteorite | Mars Nakhlite 0.21g - NWA 10645,210,2017-08-02,0.21,1000,WorthPoint
nwa-martian-meteorite,Martian Meteorite Slice - 1.92 Gram Of NWA 7397 - Mars Shergottite,800,2017-07-31,1.92,416.67,WorthPoint
nwa-martian-meteorite,2016 - USA - Walking Liberty On Mars - Silver Meteorite Coin,45,2017-07-31,,,WorthPoint
nwa-martian-meteorite,NWA 7034 Black Beauty Mars Rock 0.003g Part Slice Martian By Meteorite Men Steve,24.99,2017-07-30,,,WorthPoint
nwa-martian-meteorite,"NWA 2986 Meteorite Coin, Only A Few Left. #188 Of 250 Pieces! MARS Meteorite",100,2017-07-28,,,WorthPoint
nwa-martian-meteorite,"Meteorite**Martian, NWA 6963**0.97 Grams;W/Fusion Crust!!!",99,2017-07-27,0.97,102.06,WorthPoint
nwa-martian-meteorite,Covert 6.44g H5 1896 Osbourne Co. Kansas USA Jay Piatek Meteorite Collection,30,2017-07-24,6.44,4.66,WorthPoint
nwa-martian-meteorite,"Meteorite**Martian, NWA 6963**0.27 Grams;W/Fusion Crust!!!",28,2017-07-24,0.27,103.7,WorthPoint
nwa-martian-meteorite,Northwest Africa 1195 Martian Meteorite,199,2017-07-23,,,WorthPoint
nwa-martian-meteorite,"Meteorite**Martian, NWA 6963**1.25 Grams;W/Fusion Crust!!!",189.99,2017-07-22,1.25,151.99,WorthPoint
