material_slug,title,price_usd,sale_date,weight_grams,price_per_gram,source
nwa-lunar-meteorite,Northwest Africa 16101 L3 Primitive Chondrite Meteorite With Visible Metal 15.3g,11.5,2026-01-22,15.3,0.75,WorthPoint
nwa-lunar-meteorite,NWA 2932 Mesosiderite Meteorite 4.4 Gram Windowed Showing Gleaming Metal,31,2026-01-22,4.4,7.05,WorthPoint
nwa-lunar-meteorite,NWA 13866 L6 Chondrite Meteorite 16.6 Gram Part Slice,13.5,2026-01-22,16.6,0.81,WorthPoint
nwa-lunar-meteorite,NWA 15335 R3 Primitive Rumuruti Meteorite 6.6 Gram Part Slice,36,2026-01-22,6.6,5.45,WorthPoint
nwa-lunar-meteorite,"4 Mars & Moon Rock Sets, Meteorite Displays W/ Authenticity Cards",250,2026-01-21,,,WorthPoint
nwa-lunar-meteorite,Lunar Meteorite NWA 17826 - Troctolite Melt Breccia,23.1,2026-01-20,,,WorthPoint
nwa-lunar-meteorite,"Kialara Silver Unloaded (Unfunded) ""To The Moon"" 2 Bitcoin (BTC) Cold Storage Bar 2017 Genuine PCGS,",6100,2026-01-19,2017,3.02,WorthPoint
nwa-lunar-meteorite,"NWA 13974 Moon/Lunar Meteorite, Feldspathic Breccia, Recent Find, 0.52 Grams",41.6,2026-01-19,0.52,80,WorthPoint
nwa-lunar-meteorite,"9.61 Grams~NWA 15373 LUNAR Meteorite End Cut \\\""Special No Reserve Auction\\\""",102.5,2026-01-19,9.61,10.67,WorthPoint
nwa-lunar-meteorite,"Meteorite**NWA 12227, Howardite Achondrite**3.712 Gram; Perfect Slice üî•",29.99,2026-01-18,3.712,8.08,WorthPoint
nwa-lunar-meteorite,Meteorite NWA 17869 Rare LUNAR Moon Low TKW 180g - Microscope Slide Thin Section,38.85,2026-01-18,180,0.22,WorthPoint
nwa-lunar-meteorite,NWA 18212 New Lunar Meteorite 3.7 G Slice Troctolite Melt Breccia Moon 1 Of 13,110,2026-01-16,3.7,29.73,WorthPoint
nwa-lunar-meteorite,NWA 15018 Lunar Meteorite Parcel,144,2026-01-15,,,WorthPoint
nwa-lunar-meteorite,"*** Meteorite NWA 17700, Lunar (troct. Melt Breccia) - 1.2 G ***",45,2026-01-14,1.2,37.5,WorthPoint
nwa-lunar-meteorite,"Meteorite**NEA 083, Lunar Gran. Breccia**1.282 Gram Part-slice, Rare!! üî• üåïüåë",24.5,2026-01-11,1.282,19.11,WorthPoint
nwa-lunar-meteorite,NWA 18212 New Lunar Meteorite 43.2 G Slice Troctolite Melt Breccia Moon 1 Of 13,865,2026-01-11,43.2,20.02,WorthPoint
nwa-lunar-meteorite,Meteorite NWA 18153 Rare Low TKW 67.6g LUNAR Moon Microscope Slide Thin Section,47,2026-01-11,67.6,0.7,WorthPoint
nwa-lunar-meteorite,"*** Meteorite NWA 17700, Lunar (troct. Melt Breccia) - 1.1 G ***",40,2026-01-11,1.1,36.36,WorthPoint
nwa-lunar-meteorite,NWA 17497 Lunar Feldspathic Breccia 4.3 Gram Meteorite Partial Slice Of The Moon,99,2026-01-10,4.3,23.02,WorthPoint
nwa-lunar-meteorite,"*** Meteorite NWA 17700, Lunar (troct. Melt Breccia) - 0.4 G ***",15,2026-01-09,0.4,37.5,WorthPoint
nwa-lunar-meteorite,"*** Meteorite NWA 177100, Lunar (troct. Melt Breccia) - 0.8 G ***",30,2026-01-09,0.8,37.5,WorthPoint
nwa-lunar-meteorite,"*** Meteorite NWA 177100, Lunar (troct. Melt Breccia) - 1.6 G ***",55,2026-01-08,1.6,34.38,WorthPoint
nwa-lunar-meteorite,NWA 18212 New Lunar Meteorite 3.0 G Slice Troctolite Melt Breccia Moon 1 Of 13,90,2026-01-06,3,30,WorthPoint
nwa-lunar-meteorite,Lunar Meteorite NWA 17471 - Mineral Clasts (Pyroxene And Plagioclase),46.99,2026-01-04,,,WorthPoint
nwa-lunar-meteorite,Lunar Meteorite NWA 17869 - Gabbroic And Feldspathic Clasts,46.99,2026-01-04,,,WorthPoint
nwa-lunar-meteorite,"Lunar Meteorite NWA 18153 - Fine Breccia (Gabbroic, Basaltic, And Melt Clasts)",53,2026-01-04,,,WorthPoint
nwa-lunar-meteorite,"Lunar Meteorite NWA 13788 - Feldspathic, Impact Melt Breccia (Vesicular)",37.99,2026-01-03,,,WorthPoint
nwa-lunar-meteorite,NWA 18212 New Lunar Meteorite 5.7 G Slice Troctolite Melt Breccia Moon 1 Of 13,170,2026-01-02,5.7,29.82,WorthPoint
nwa-lunar-meteorite,Meteorite NWA 15788 HED Achondrite Diogenite Polymict Breccia Meteorite,995,2026-01-01,,,WorthPoint
nwa-lunar-meteorite,.365 Grams 9mm NWA 13788 Lunar As Found Meteorite (melt Breccia) With A COA,18.99,2025-12-30,365,0.05,WorthPoint
nwa-lunar-meteorite,"Meteorite**NWA 16716, Lunar Fragmental Breccia**6.070 Grams, New Dark Lunar!!!",140.39,2025-12-29,6.07,23.13,WorthPoint
nwa-lunar-meteorite,"Meteorite**NEA 083, Lunar Gran. Breccia**2.296 Gram Part-slice, Rare!! üî• üåïüåë",34,2025-12-29,2.296,14.81,WorthPoint
nwa-lunar-meteorite,"Collection LOT Of 20 NWA,Lunar Meteorite Fragment,Slice ,Specimen COA,Pallasites",295,2025-12-28,,,WorthPoint
nwa-lunar-meteorite,2019 $5 Cook Islands Lunar Landing Commemorative 1 Oz .999 Silver Meteorite Coin,150,2025-12-28,28.35,5.29,WorthPoint
nwa-lunar-meteorite,NWA 13992 Lunar Fragmental Breccia 5.2 G Polished End Cut Of The Moon. 1 Of 48,650,2025-12-28,5.2,125,WorthPoint
nwa-lunar-meteorite,NWA 15373 Lunar 1.08g Dealer‚Äôs Lot Feldspathic Breccia Meteorite,31,2025-12-27,1.08,28.7,WorthPoint
nwa-lunar-meteorite,Meteorite Box Set NWA 4483 & NWA 7325 - Lunar And Possibly Mercury!,15.5,2025-12-27,,,WorthPoint
nwa-lunar-meteorite,Awesome Lunar Meteorite - NWA 11212 Part Slice .358 Grams With COA,59.99,2025-12-26,358,0.17,WorthPoint
nwa-lunar-meteorite,NWA 17270 1.26g Slice Of A Lunar Melt Breccia Meteorite,50,2025-12-25,1.26,39.68,WorthPoint
nwa-lunar-meteorite,"NWA 15373 (3.969g) Lunar Meteorite, Polished End Cut, IMCA Sellers #6236 & 7294",145,2025-12-25,3.969,36.53,WorthPoint
nwa-lunar-meteorite,.450 Grams 8x7x4mm NWA 14577 Lunar Fragmental Breccia Meteorite With COA,19.99,2025-12-24,450,0.04,WorthPoint
nwa-lunar-meteorite,NWA 8277 Lunar Meteorite Full Slice Ultra Thin Weight .400 Grams,60,2025-12-24,400,0.15,WorthPoint
nwa-lunar-meteorite,9.13g Lunar Meteorite Prism Shaped I NWA 14041 - TOP METEORITE,750,2025-12-23,9.13,82.15,WorthPoint
nwa-lunar-meteorite,Great Deal! Amazing Nwa 11474 Lunar Meteorite Cutting Dust! 3 Grams,224.25,2025-12-23,3,74.75,WorthPoint
nwa-lunar-meteorite,NWA 13185 Dark Lunar Breccia Meteorite Moon Rock 3.48 Gm,324.99,2025-12-23,3.48,93.39,WorthPoint
nwa-lunar-meteorite,NWA 15482 Lunar Meteorite Micro Weight .424 Grams Troct Anorth,21,2025-12-23,424,0.05,WorthPoint
nwa-lunar-meteorite,"Meteorite**NWA 479, Lunar Mare Basalt**0.059 Gram, WORLD-FAMOUS Ultra Rare! üåëüåã",43,2025-12-22,0.059,728.81,WorthPoint
nwa-lunar-meteorite,"Meteorite**NEA 083, Lunar Gran. Breccia**1.720 Gram Part-slice, Rare!! üî• üåïüåë",37,2025-12-22,1.72,21.51,WorthPoint
nwa-lunar-meteorite,"Beautiful Meteorite NWA 13788, LUNAR MELT BRECCIA 1.723 Gram Slice With COA Moon",89.99,2025-12-21,1.723,52.23,WorthPoint
nwa-lunar-meteorite,1.07 Grams 18x13x2mm NWA 11898 Lunar Slice Moon Meteorite Feldspathic Breccia,34.99,2025-12-21,1.07,32.7,WorthPoint
nwa-lunar-meteorite,Meteorite Rafsa 005 - Plutonic Angrite,30,2025-12-21,,,WorthPoint
nwa-lunar-meteorite,Rafsa 005 Meteorite Slice Angrite Weight .977 Grams .75 Inch Very Rare,49,2025-12-21,977,0.05,WorthPoint
nwa-lunar-meteorite,NWA17497 1.2g NWA17759 6.2 NWA17758 10.3g NWA17612 5.6g NWA17756 11.0g Marco L,125,2025-12-20,1.2,104.17,WorthPoint
nwa-lunar-meteorite,3.99 Grams 40x21x2mm NWA 17352 Lunar (frag. Breccia) Slice Moon Meteorite +COA,92.99,2025-12-20,3.99,23.31,WorthPoint
nwa-lunar-meteorite,NWA 14577 Lun 0.60g Slice Of Lunar Fragmental Breccia Meteorite,23,2025-12-20,0.6,38.33,WorthPoint
nwa-lunar-meteorite,CUTTING DUST - 9.21 Grams - NWA 16315 Lunar Anorthite Meteorite (melt Breccia),184,2025-12-20,9.21,19.98,WorthPoint
nwa-lunar-meteorite,NWA 17270 1.16g Slice Of A Lunar Fragmental Breccia Meteorite,31,2025-12-20,1.16,26.72,WorthPoint
nwa-lunar-meteorite,NWA 13788 Lunar Melt Breccia 3.8 Gram Polished End Piece. Of The Moon - 1 Of 43,295,2025-12-19,3.8,77.63,WorthPoint
nwa-lunar-meteorite,Mini Museum 5th Edition 1 Large 34 Rare Specimens Hans Fex + LED Stand $499 New,170.27,2025-12-19,,,WorthPoint
nwa-lunar-meteorite,"NWA 16520, Lunar (frag. Breccia), 5.56g, Meteorite Discounted, Buried Sample",100,2025-12-19,5.56,17.99,WorthPoint
nwa-lunar-meteorite,.619 Grams 13mm NWA 13974 Lunar As Found Meteorite Feldspathic Melt Breccia +COA,19.99,2025-12-18,619,0.03,WorthPoint
nwa-lunar-meteorite,NWA 14577 Lun 0.90g Slice Of Lunar Fragmental Breccia Meteorite,33,2025-12-18,0.9,36.67,WorthPoint
nwa-lunar-meteorite,Polished Rock Slice,40,2025-12-17,,,WorthPoint
nwa-lunar-meteorite,"Lunar Meteorite NWA 13788 - Feldsp., Impact Melt Breccia (Vesicular) - 12.71g",135.5,2025-12-17,12.71,10.66,WorthPoint
nwa-lunar-meteorite,Authentic Moon Dust/Fragments Infinity Earrings (From Lunar Meteorite NWA 11788),111.96,2025-12-16,,,WorthPoint
nwa-lunar-meteorite,3.23 Grams 34x16x2.5mm NWA 17352 Lunar (frag. Breccia) Slice Moon Meteorite +COA,79.99,2025-12-16,3.23,24.76,WorthPoint
nwa-lunar-meteorite,"NWA 17497 Lunar Feldspathic Breccia 28 Gram Full Slice Of The Moon, Polished.",580,2025-12-15,28,20.71,WorthPoint
nwa-lunar-meteorite,Northwest Africa NWA 482 Lunar Meteorite Fragment Specimen 26mg Crystalline,25,2025-12-14,,,WorthPoint
nwa-lunar-meteorite,.951 Grams 14mm NWA 15373 As Found Lunar Fragmental Breccia Meteorite With A COA,24.99,2025-12-14,951,0.03,WorthPoint
nwa-lunar-meteorite,.727 Grams 15mm NWA 11788 Lunar Meteorite (feldspathic Breccia) Comes With A COA,69,2025-12-12,727,0.09,WorthPoint
nwa-lunar-meteorite,NWA 8277 Lunar Meteorite Full Slice Ultra Thin Weight .117 Grams,18,2025-12-12,117,0.15,WorthPoint
nwa-lunar-meteorite,.744 Grams 11x9x6mm NWA 8455 Lunar Individual Moon Meteorite Northwest Africa,23.99,2025-12-12,744,0.03,WorthPoint
nwa-lunar-meteorite,Meteorite NWA 16372 LUNAR Trotolitic Anorthosite Very RARE In Display Box,46.84,2025-12-11,,,WorthPoint
nwa-lunar-meteorite,.340 Grams 15x10x2mm NWA 15583 Lunar Slice Meteorite Feldspathic Breccia W/ COA,14.99,2025-12-10,340,0.04,WorthPoint
nwa-lunar-meteorite,.787 Grams 14mm NWA 11474 Lunar Feldsp. Breccia Meteorite Individual W/COA,19.99,2025-12-10,787,0.03,WorthPoint
nwa-lunar-meteorite,.690 Grams 12x9x5mm NWA 8455 Lunar Individual Moon Meteorite Northwest Africa,37.99,2025-12-10,690,0.06,WorthPoint
nwa-lunar-meteorite,"NWA 16520, Lunar (frag. Breccia) 2.04g Meteorite Polished Face, Surface Sample",73,2025-12-09,2.04,35.78,WorthPoint
nwa-lunar-meteorite,.581 Grams About 13x10x5mm NWA 11788 Lunar Moon Northwest Africa Meteorite,50,2025-12-09,581,0.09,WorthPoint
nwa-lunar-meteorite,NWA 11788 Lunar Meteorite Slice! Weight .218 Grams (feldsp. Breccia),27,2025-12-08,218,0.12,WorthPoint
nwa-lunar-meteorite,3 Grams 24x20x2mm NWA 11182 Lunar Moon Slice Meteorite Feldsp. Breccia + COA,142.99,2025-12-07,3,47.66,WorthPoint
nwa-lunar-meteorite,Lunar Meteorite NWA 18147 - NEW Nice Diogenite Breccia,56,2025-12-07,,,WorthPoint
nwa-lunar-meteorite,Lunar Meteorite NWA 18153 - Feldspathic Melt Breccia (Fine Grained),29,2025-12-07,,,WorthPoint
nwa-lunar-meteorite,2.05 Grams 20x9x8mm NWA 8455 Lunar Individual Moon Meteorite Northwest Africa,44.99,2025-12-07,2.05,21.95,WorthPoint
nwa-lunar-meteorite,"1.92 Grams 14x12x7mm NWA 11788 Lunar Moon Meteorite - Sanded, Polished, Window",174,2025-12-07,1.92,90.63,WorthPoint
nwa-lunar-meteorite,1.75 Grams 14x13x5mm NWA 8455 Lunar Individual Moon Meteorite With A COA,63.99,2025-12-06,1.75,36.57,WorthPoint
nwa-lunar-meteorite,NWA 16894 Lunar Meteorite Necklace,400,2025-12-04,,,WorthPoint
nwa-lunar-meteorite,NWA 16684 Lunar Meteorite Necklace,159,2025-12-04,,,WorthPoint
nwa-lunar-meteorite,0.58 Gram - NWA 16315 - Lunar Anorthite Meteorite (melt Breccia) From Mauritania,26.1,2025-12-04,0.58,45,WorthPoint
nwa-lunar-meteorite,NWA 15373 Lunar Fragmental Breccia Meteorite Slice (0.60g) With COA,24.99,2025-12-04,0.6,41.65,WorthPoint
nwa-lunar-meteorite,1.40 Grams 21mm NWA 15373 Lunar Slice Fragmental Breccia Meteorite With A COA,31,2025-12-04,1.4,22.14,WorthPoint
nwa-lunar-meteorite,3 Grams 35x15x3mm NWA 16372 Lunar Troctolitic Anorthosite Meteorite Slice + COA,87.99,2025-12-03,3,29.33,WorthPoint
nwa-lunar-meteorite,NWA 15482 Lunar Meteorite Dust By The Gram (troctolitic Anorthosite),25,2025-12-03,,,WorthPoint
nwa-lunar-meteorite,NWA 15482 Lunar Meteorite Micro Weight .142 Grams Troct Anorth,8,2025-12-03,142,0.06,WorthPoint
nwa-lunar-meteorite,NWA 15482 Lunar Meteorite Micro Weight .162 Grams Troct Anorth,13,2025-12-03,162,0.08,WorthPoint
nwa-lunar-meteorite,"NWA 16520, Lunar (frag. Breccia) 2.06g Meteorite From Moon, Surface Collected",61,2025-12-03,2.06,29.61,WorthPoint
nwa-lunar-meteorite,NWA 10415 Lunar Meteorite Slice - 3.55 Grams,1125,2025-12-02,3.55,316.9,WorthPoint
nwa-lunar-meteorite,.713 Grams 11x7x4mm NWA 8455 Lunar Individual Moon Meteorite Northwest Africa,19.99,2025-12-02,713,0.03,WorthPoint
nwa-lunar-meteorite,1.30 Grams 30mm NWA 14685 Lunar Moon Meteorite One Side Polished Slice W/ COA,74.99,2025-12-02,1.3,57.68,WorthPoint
nwa-lunar-meteorite,1.08 Grams 16x9x5mm NWA 11303 Lunar Moon Meteorite With End Cut Window + COA,24.99,2025-12-02,1.08,23.14,WorthPoint
nwa-lunar-meteorite,1.93 Grams 26x15x2.5mm NWA 17352 Lunar (frag. Breccia) Slice Moon Meteorite +COA,49.99,2025-12-01,1.93,25.9,WorthPoint
nwa-lunar-meteorite,"Meteorite**NWA 13788, NEW LUNAR MELT BRECCIA**4.156 Gram Lunar Gorgeous Endcut!!",61,2025-12-01,4.156,14.68,WorthPoint
nwa-lunar-meteorite,Lunar Meteorite NWA 14358,35,2025-12-01,,,WorthPoint
nwa-lunar-meteorite,"Meteorite**NWA 479, Lunar Mare Basalt**0.072 Gram, WORLD-FAMOUS Ultra Rare! üåëüåã",46.45,2025-12-01,0.072,645.14,WorthPoint
nwa-lunar-meteorite,1 Gram 13mm NWA 11788 Lunar Meteorite (feldspathic Breccia) Comes With A COA,20.5,2025-12-01,1,20.5,WorthPoint
nwa-lunar-meteorite,1.70 Grams 14x13x7mm NWA 11273 Lunar Moon Meteorite End Cut Fragment With A COA,54.99,2025-12-01,1.7,32.35,WorthPoint
nwa-lunar-meteorite,1.38 Grams 23mm NWA 15373 Lunar Slice Fragmental Breccia Meteorite With A COA,28.99,2025-12-01,1.38,21.01,WorthPoint
nwa-lunar-meteorite,2.30 Grams 24x10x5mm Cut Polished NWA 14577 Lunar (frag. Breccia) Meteorite +COA,79.99,2025-12-01,2.3,34.78,WorthPoint
nwa-lunar-meteorite,"NWA 7611 Meteorite -Lunar Classification, Potential Mercurian Origin, 0.95g",60.8,2025-12-01,0.95,64,WorthPoint
nwa-lunar-meteorite,1.65 Grams 14mm NWA 15373 As Found Lunar Fragmental Breccia Meteorite With A COA,36,2025-12-01,1.65,21.82,WorthPoint
nwa-lunar-meteorite,.872 Grams 17x13x2mm NWA 11898 Lunar Slice Moon Meteorite Feldspathic Breccia,24.99,2025-11-29,872,0.03,WorthPoint
nwa-lunar-meteorite,1.94 Grams 24x10x5mm Cut Polished NWA 14577 Lunar (frag. Breccia) Meteorite +COA,59.99,2025-11-29,1.94,30.92,WorthPoint
nwa-lunar-meteorite,3.46 Grams 19mm NWA 15373 As Found Lunar Fragmental Breccia Meteorite With A COA,69.99,2025-11-29,3.46,20.23,WorthPoint
nwa-lunar-meteorite,""".913 Grams NWA 13951 """"starry Night"""" Lunar Meteorite Feldspathic Breccia With COA""",19.99,2025-11-28,913,0.02,WorthPoint
nwa-lunar-meteorite,NWA 14729 Lunar Meteorite Full Slice Weight 1.09 Grams Melt Breccia Rare,139.4,2025-11-28,1.09,127.89,WorthPoint
nwa-lunar-meteorite,0.642 Grams~NWA 17865 LUNAR METEORITE~RARE~Cut Fragment!,32.99,2025-11-27,0.642,51.39,WorthPoint
nwa-lunar-meteorite,Lunar Moon Meteorite NWA 15629 Northwest Africa 1.43g Bulletin MB113 COA 7218,109.95,2025-11-26,1.43,76.89,WorthPoint
nwa-lunar-meteorite,.741 Grams For All 4 NWA 11303 Lunar Feldspathic Breccia As Found Meteorites COA,17.99,2025-11-26,741,0.02,WorthPoint
nwa-lunar-meteorite,"Meteorite**NWA 11228, Lunar Felds. Breccia**3.977 Gram, Beautiful Best Endcut!!!",61,2025-11-24,3.977,15.34,WorthPoint
nwa-lunar-meteorite,"NWA 17679, Deep Field Lunar 3.521g Meteorite Slice, IMCA #s 6236 & 7294 Sellers",150,2025-11-23,3.521,42.6,WorthPoint
nwa-lunar-meteorite,0.80 Gram - NWA 16315 - Lunar Anorthite Meteorite (melt Breccia) From Mauritania,34.85,2025-11-23,0.8,43.56,WorthPoint
nwa-lunar-meteorite,Rare Meteorite NWA 16894 Lunar Basaltic Breccia - Thin Section,250,2025-11-23,,,WorthPoint
nwa-lunar-meteorite,NWA 17611 Diogenite Breccia Meteorite 12.7 Gram Full Slice Of Asteroid Vesta,80,2025-11-22,12.7,6.3,WorthPoint
nwa-lunar-meteorite,NWA 14686 Lun 4.96g Thin Slice Of Lunar Fragmental Breccia Meteorite,204.5,2025-11-22,4.96,41.23,WorthPoint
nwa-lunar-meteorite,1.16 Grams~NWA 17865 LUNAR METEORITE~RARE~Cut Fragment!,59.99,2025-11-21,1.16,51.72,WorthPoint
nwa-lunar-meteorite,NWA 14729 Lunar Meteorite Micro Weight .108 Grams Melt Breccia Rare,16,2025-11-20,108,0.15,WorthPoint
nwa-lunar-meteorite,"Nwa, 6950 Lunar Gabbro Metiorite Found 2011. Ôøº",200,2025-11-20,,,WorthPoint
nwa-lunar-meteorite,NWA 17611 Diogenite Breccia Meteorite 19.5 Gram Full Slice Of Asteroid Vesta,125,2025-11-19,19.5,6.41,WorthPoint
nwa-lunar-meteorite,Meteorite Group ~ Sale Of Nine (9) Meteorites ~ Cosmic Art In Miniature !!,27,2025-11-19,,,WorthPoint
nwa-lunar-meteorite,Lunar Meteorite Nwa 15018,29,2025-11-17,,,WorthPoint
nwa-lunar-meteorite,"SOLAR SYSTEM MOON NWA 8609 Lunar Meteorite Silver Coin, 2015, $1 Niue.",145.5,2025-11-16,,,WorthPoint
nwa-lunar-meteorite,"NWA 17679, Deep Field Lunar 2.216g Meteorite Slice, IMCA #s 6236 & 7294 Sellers",92,2025-11-16,2.216,41.52,WorthPoint
nwa-lunar-meteorite,1.52 Grams 19x18x3mm NWA 16372 Lunar Troctolitic Anorthosite Meteorite Slice COA,44.99,2025-11-16,1.52,29.6,WorthPoint
nwa-lunar-meteorite,NWA 17497 Lunar Feldspathic Breccia 1 Gram Part Slice Of The Moon,7.5,2025-11-13,1,7.5,WorthPoint
nwa-lunar-meteorite,NWA 15482 Lunar Meteorite Micro Weight .177 Grams Troct Anorth,14,2025-11-13,177,0.08,WorthPoint
nwa-lunar-meteorite,Meteorite: NWA 16286 - Weigh 0.530 Grams * Lunar Mare Basalt *,500,2025-11-13,0.53,943.4,WorthPoint
nwa-lunar-meteorite,NWA 14729 Lunar Meteorite Full Slice Weight 1.05 Grams Melt Breccia Rare,158,2025-11-13,1.05,150.48,WorthPoint
nwa-lunar-meteorite,2.39 Grams 15mm NWA 15373 As Found Lunar Fragmental Breccia Meteorite With A COA,51.99,2025-11-12,2.39,21.75,WorthPoint
nwa-lunar-meteorite,1.14 Grams 12mm NWA 11788 Lunar Meteorite (feldspathic Breccia) Comes With A COA,79.99,2025-11-12,1.14,70.17,WorthPoint
nwa-lunar-meteorite,2.11 Grams 26x18x2mm NWA 11182 Lunar Moon Slice Meteorite Feldsp. Breccia + COA,59.99,2025-11-11,2.11,28.43,WorthPoint
nwa-lunar-meteorite,8.72 Grams 61x30x3mm NWA 16372 Lunar Troctolitic Anorthosite Meteorite Slice COA,259,2025-11-11,8.72,29.7,WorthPoint
nwa-lunar-meteorite,"NEW!! RARE!! NWA 8743 Eucrite, Melt Breccia, 7.0 Grams Part Slice",20.5,2025-11-09,7,2.93,WorthPoint
nwa-lunar-meteorite,0.53 Gram - NWA 16315 - Lunar Anorthite Meteorite (melt Breccia) From Mauritania,27,2025-11-09,0.53,50.94,WorthPoint
nwa-lunar-meteorite,"NWA 16520, Lunar (frag. Breccia), 1.5g, Meteorite Discounted, Buried Sample",18,2025-11-09,1.5,12,WorthPoint
nwa-lunar-meteorite,"Kialara Silver Unloaded (Unfunded) ""To The Moon"" 0.1 Bitcoin (BTC) Cold Storage Bar 2017 Genuine PCGS,",1140,2025-11-07,2017,0.57,WorthPoint
nwa-lunar-meteorite,NWA 14729 Lunar Meteorite Micro Weight .098 Grams Melt Breccia Rare,15,2025-11-07,98,0.15,WorthPoint
nwa-lunar-meteorite,NWA 16894 Lunar Meteorite Slice,387.5,2025-11-06,,,WorthPoint
nwa-lunar-meteorite,"NWA 16520, Lunar (frag. Breccia) 4.3g Meteorite Polished Face, Surface Sample",154,2025-11-06,4.3,35.81,WorthPoint
nwa-lunar-meteorite,"NWA 13859 Lunar Meteorite (Feldsp. Breccia) Found In 2021, 2.25 Grams",200,2025-11-05,2.25,88.89,WorthPoint
nwa-lunar-meteorite,0.15 G - NWA 16315 - Lunar Anorthite Meteorite (melt Breccia) Tiny Fragments,15,2025-11-05,0.15,100,WorthPoint
nwa-lunar-meteorite,Lunar Breccia Meteorite 28.5g Of NWA 11273 End. Legendary Colors Extreme Polish,392,2025-11-03,28.5,13.75,WorthPoint
nwa-lunar-meteorite,"Lunar Breccia Meteorite 10.7g NWA 17680. Polished Slice, Phosphorescent!",168.5,2025-11-03,10.7,15.75,WorthPoint
nwa-lunar-meteorite,"NWA 17679, Deep Field Lunar 4.181g Meteorite Slice, IMCA #s 6236 & 7294 Sellers",175,2025-11-02,4.181,41.86,WorthPoint
nwa-lunar-meteorite,NWA 17352 0.71g Lunar Fragmental Breccia Meteorite,11,2025-11-01,0.71,15.49,WorthPoint
nwa-lunar-meteorite,1.20 Grams 14mm NWA 13974 Lunar As Found Meteorite Feldspathic Melt Breccia +COA,29.99,2025-11-01,1.2,24.99,WorthPoint
nwa-lunar-meteorite,"NWA 17679, Deep Field Lunar 4.603g Meteorite Slice, IMCA #s 6236 & 7294 Sellers",195,2025-10-31,4.603,42.36,WorthPoint
nwa-lunar-meteorite,Authentic Moon Rock Heart Series Necklace (From Lunar Meteorite NWA 11788),169.95,2025-10-31,,,WorthPoint
nwa-lunar-meteorite,NWA 16683 Lunar Meteorite Slice,475,2025-10-30,,,WorthPoint
nwa-lunar-meteorite,.832 Gram 17x8x2mm NWA 14681 Lunar RARE (troctolitic Anorthosite) Meteorite COA,69.99,2025-10-30,832,0.08,WorthPoint
nwa-lunar-meteorite,"""1.46 Grams NWA 13951 """"starry Night"""" Lunar Meteorite Feldspathic Breccia With COA""",69.99,2025-10-30,1.46,47.94,WorthPoint
nwa-lunar-meteorite,NWA 15373 - Lunar Fragmental Breccia -Moon - 7.6g - Meteorite Slice,220,2025-10-30,7.6,28.95,WorthPoint
nwa-lunar-meteorite,NWA 17497 Lunar Feldspathic Breccia 8.1 Gram Part Slice Of The Moon,50,2025-10-30,8.1,6.17,WorthPoint
nwa-lunar-meteorite,NWA 14729 Lunar Meteorite Micro Weight .549 Grams Melt Breccia Rare,83,2025-10-27,549,0.15,WorthPoint
nwa-lunar-meteorite,NWA 15482 Lunar Meteorite Micro Weight .505 Grams Troct Anorth,38,2025-10-27,505,0.08,WorthPoint
nwa-lunar-meteorite,"NEW!! RARE!! NWA 8743 Eucrite, Melt Breccia, 7.2 Grams Part Slice",16.26,2025-10-26,7.2,2.26,WorthPoint
nwa-lunar-meteorite,.493 Grams 14x8x3mm Slice NWA 14577 Lunar Fragmental Breccia Meteorite With COA,24.99,2025-10-26,493,0.05,WorthPoint
nwa-lunar-meteorite,NWA 17352 1.30g Lunar Fragmental Breccia Meteorite,38,2025-10-25,1.3,29.23,WorthPoint
nwa-lunar-meteorite,Lunar Meteorite Dust I One Gram - TOP METEORITE,160,2025-10-25,,,WorthPoint
nwa-lunar-meteorite,"NWA 17679, Deep Field Lunar 10.361g Meteorite Slice, IMCA #s 6236 & 7294 Sellers",435,2025-10-25,10.361,41.98,WorthPoint
nwa-lunar-meteorite,.261 Grams 9mm NWA 11421 Lunar Moon Meteorite As Found With C.O.A.,9.99,2025-10-21,261,0.04,WorthPoint
nwa-lunar-meteorite,0.63 Gram - NWA 16315 - Lunar Anorthite Meteorite (melt Breccia) From Mauritania,32,2025-10-21,0.63,50.79,WorthPoint
nwa-lunar-meteorite,NWA 17513 Eucrite Breccia Meteorite. Huge 232.3g Full Slice Of Vesta.,265,2025-10-21,232.3,1.14,WorthPoint
nwa-lunar-meteorite,"NWA 13917 Winonaite Meteorite 216.5g End Of Rare, Primitive, Achondrite",311.69,2025-10-21,216.5,1.44,WorthPoint
nwa-lunar-meteorite,Authentic Moon Dust Crescent Series Necklace (From Lunar Meteorite NWA 5000),20,2025-10-20,,,WorthPoint
nwa-lunar-meteorite,.416 Grams NWA 11237 Lunar Meteorite ( Feldspathic Breccia ) With A COA,12.99,2025-10-20,416,0.03,WorthPoint
nwa-lunar-meteorite,20.1 Gram-NWA 11898 Meteorite-Lunar Feldspathic Breccia-Polished Full Slice-Mali,440,2025-10-20,20.1,21.89,WorthPoint
nwa-lunar-meteorite,NWA 17352 1.52g Lunar Fragmental Breccia Meteorite,51,2025-10-18,1.52,33.55,WorthPoint
nwa-lunar-meteorite,"NWA 15373, Moon/Lunar Meteorite Slice, Moon Meteorite, Astronomy Gift, 8.17g",572,2025-10-17,8.17,70.01,WorthPoint
nwa-lunar-meteorite,"NWA 16520, Lunar (frag. Breccia) 1.39g Meteorite From Moon, Surface Collected",41,2025-10-17,1.39,29.5,WorthPoint
nwa-lunar-meteorite,Meteorite**NWA 11212 Lunar Breccia** Moon Rock,99.99,2025-10-16,,,WorthPoint
nwa-lunar-meteorite,"Gold Moon Rock Locket, Lunar Meteorite Necklace Jewelry With Authenticity Card",59.95,2025-10-15,,,WorthPoint
nwa-lunar-meteorite,"Moon Rock Pendant, Lunar Meteorite Necklace Jewelry With Authenticity Card",34.95,2025-10-15,,,WorthPoint
nwa-lunar-meteorite,Lunar Breccia Meteorite 10.7g Of NWA 11273. Legendary Colors Extreme Polish,425.69,2025-10-13,10.7,39.78,WorthPoint
nwa-lunar-meteorite,"NWA 17270 Lunar Breccia Meteorite 29.5g, Crazy Colorful, Full Slice Of The MOON",501,2025-10-13,29.5,16.98,WorthPoint
nwa-lunar-meteorite,"NEW!! RARE!! NWA 8743 Eucrite, Melt Breccia, 6.7 Grams Part Slice",7.5,2025-10-12,6.7,1.12,WorthPoint
nwa-lunar-meteorite,"NWA 16520, Lunar (frag. Breccia), 2.74g, Meteorite As Found, Buried Sample",65,2025-10-12,2.74,23.72,WorthPoint
nwa-lunar-meteorite,Special Listing With Eight Items For Y****_l******f,152.5,2025-10-12,,,WorthPoint
nwa-lunar-meteorite,.723 Grams 11x10x2.5mm NWA 6950 Lunar (gabbro) Meteorite Fragment With A COA,115,2025-10-12,723,0.16,WorthPoint
nwa-lunar-meteorite,NWA 14681 Lunar 1.37g Slice Of Troctolitic Anorthosite Moon Meteorite,43,2025-10-11,1.37,31.39,WorthPoint
nwa-lunar-meteorite,NWA 3163 Moon Meteorite ~ Certified Lunar Rock ~ SpaceRock,29.99,2025-10-11,,,WorthPoint
nwa-lunar-meteorite,1.72 Grams 28x15x3mm NWA 16372 Lunar Troctolitic Anorthosite Meteorite Slice COA,51,2025-10-10,1.72,29.65,WorthPoint
nwa-lunar-meteorite,.669 Grams 10mm NWA 11788 Lunar Meteorite (feldspathic Breccia) Comes With A COA,34.99,2025-10-10,669,0.05,WorthPoint
nwa-lunar-meteorite,NWA 7329 Achondrite Howardite Meteorite - G195-0052 - 1.04g - Crust - 100 CLUB,103.95,2025-10-09,1.04,99.95,WorthPoint
nwa-lunar-meteorite,"NWA 11182 (9.0g) Lunar Feldsp. Breccia Meteorite, Polished End Cut, Paired",375,2025-10-06,9,41.67,WorthPoint
nwa-lunar-meteorite,2.36 Grams 19x14x7mm NWA 11273 Lunar Moon Meteorite As Found Fragment With A COA,89,2025-10-06,2.36,37.71,WorthPoint
nwa-lunar-meteorite,"Meteorite**NWA 13992, Polymict Frag. Lunar Breccia**2.066 Gram, HARVAST MOON!!!",46.69,2025-10-06,2.066,22.6,WorthPoint
nwa-lunar-meteorite,Meteorite Group ~ Sale Of Thirteen (13) Meteorites ~ Cosmic Art In Miniature !!,45,2025-10-05,,,WorthPoint
nwa-lunar-meteorite,"NWA 16520, Lunar (frag. Breccia) 0.78g Meteorite From Moon, Surface Collected",24,2025-10-05,0.78,30.77,WorthPoint
nwa-lunar-meteorite,"NWA 16520, Lunar (frag. Breccia), 2.47g, Meteorite Polished Face, Buried Sample",75,2025-10-04,2.47,30.36,WorthPoint
nwa-lunar-meteorite,"NWA 11182, Moon/Lunar Meteorite Slice, Moon Meteorite, Astronomy Gift, 5.11g",399,2025-10-04,5.11,78.08,WorthPoint
nwa-lunar-meteorite,NWA 5000 Meteorite & Apollo 14 Silver Coin Flown Medal LUNAR MOON Franklin Mint,249.99,2025-10-04,,,WorthPoint
nwa-lunar-meteorite,"Rare! Nice METEORITE NWA 13758, Rumuruti Chondrite R3, Nice Endcut 27 Gram",119.99,2025-10-04,27,4.44,WorthPoint
nwa-lunar-meteorite,NWA 17352 1.670g Lunar Fragmental Breccia Meteorite,18.5,2025-10-04,1.67,11.08,WorthPoint
nwa-lunar-meteorite,"NWA 11182 Moon/Lunar Meteorite Slice, Moon Meteorite, Astronomy Gift, 3.64g",273,2025-10-03,3.64,75,WorthPoint
nwa-lunar-meteorite,"NWA 16520, Lunar (frag. Breccia) 4.05g Lot Of 8 Meteorites , Surface Samples",120,2025-10-03,4.05,29.63,WorthPoint
nwa-lunar-meteorite,"NWA 16520, Lunar (frag. Breccia), 0.5g, Meteorite Polished Face, Buried Sample",18,2025-10-03,0.5,36,WorthPoint
nwa-lunar-meteorite,"NWA 16520, Lunar (frag. Breccia), 0.72g, Meteorite Special Note- Discounted",16,2025-10-03,0.72,22.22,WorthPoint
nwa-lunar-meteorite,NWA 14041 Lunar Meteorite,300,2025-10-02,,,WorthPoint
nwa-lunar-meteorite,1.97 Grams 22x15x2.5mm NWA 17352 Lunar (frag. Breccia) Slice Moon Meteorite +COA,49.99,2025-10-02,1.97,25.38,WorthPoint
nwa-lunar-meteorite,"NWA 16520, Lunar (frag. Breccia), 0.8g, Meteorite Polished Face, Buried Sample",24,2025-09-30,0.8,30,WorthPoint
nwa-lunar-meteorite,Lunar-like NWA 4664 DIOGENITE(pm) Meteorite Part Slice - 2.98 G,39,2025-09-29,2.98,13.09,WorthPoint
nwa-lunar-meteorite,"Meteorite - NWA 13788, NEW LUNAR MELT BRECCIA-11.081 Gram Slice Museum Quality",399.99,2025-09-29,11.081,36.1,WorthPoint
nwa-lunar-meteorite,.732 Grams 13mm NWA 11303 Lunar Feldspathic Breccia As Found Meteorite With COA,23.99,2025-09-28,732,0.03,WorthPoint
nwa-lunar-meteorite,.342 Grams 10mm NWA 13788 Lunar As Found Meteorite (melt Breccia) With A COA,18.99,2025-09-27,342,0.06,WorthPoint
nwa-lunar-meteorite,1.19 Grams 18x15x2.5mm NWA 17352 Lunar (frag. Breccia) Slice Moon Meteorite +COA,24.99,2025-09-27,1.19,21,WorthPoint
nwa-lunar-meteorite,NWA 17352 1.56g Lunar Fragmental Breccia Meteorite,38,2025-09-27,1.56,24.36,WorthPoint
nwa-lunar-meteorite,2.21 Grams NWA 17509 Lunar Slice Fragment Moon Meteorite With A COA,65.99,2025-09-27,2.21,29.86,WorthPoint
nwa-lunar-meteorite,2016 Burkina Faso 1000 Francs - NANO Lunar Metorite NWA 10546 1 Oz Silver (moon),147.99,2025-09-27,28.35,5.22,WorthPoint
nwa-lunar-meteorite,NWA 11266 Lunar Feldspathic Breccia Meteorite 0.4 Gram Fragment,5.5,2025-09-26,0.4,13.75,WorthPoint
nwa-lunar-meteorite,2015 Mali 5000 Fr MOON LUNAR METEORITE NWA 8599 5 OZ SILVER COIN Mintage 031/130,475,2025-09-25,141.75,3.35,WorthPoint
nwa-lunar-meteorite,"Meteorite**NWA 17352, Lunar Frag. Breccia**15.612 Gram, W/Shock Melt Pockets!!!",999,2025-09-25,15.612,63.99,WorthPoint
nwa-lunar-meteorite,"NWA 16520g 8.96g Lunar (frag. Breccia) Meteorite, Polished Face, Buried Sample",270,2025-09-24,16520,0.02,WorthPoint
nwa-lunar-meteorite,NWA 15153 Official Meteorite LL4/5 Chondrite - G657-0004 - 8.49g COA Full Slice,68,2025-09-22,8.49,8.01,WorthPoint
nwa-lunar-meteorite,1.92 Grams NWA 17509 Lunar Slice Fragment Moon Meteorite With A COA,54.99,2025-09-20,1.92,28.64,WorthPoint
nwa-lunar-meteorite,"NWA 16520, Lunar (frag. Breccia), 2.26g, Meteorite Polished Face, Buried Sample",68,2025-09-20,2.26,30.09,WorthPoint
nwa-lunar-meteorite,Lunar-like NWA 4664 DIOGENITE(pm) Meteorite Part Slice - 1.3 G,25,2025-09-19,1.3,19.23,WorthPoint
nwa-lunar-meteorite,11.3 Gram Lunar Meteorite Slice - NWA 11273 - Moon Rock Nice Slice,1400,2025-09-19,11.3,123.89,WorthPoint
nwa-lunar-meteorite,2.23 Grams 19x18x4mm NWA 14577 Lunar Fragmental Breccia Meteorite With A COA,79.99,2025-09-16,2.23,35.87,WorthPoint
nwa-lunar-meteorite,Meteorite**NWA 13185** Dark Lunar Breccia Moon Rock 4.24 Gm,374.99,2025-09-15,4.24,88.44,WorthPoint
nwa-lunar-meteorite,NEW Lunar Breccia Meteorite 18.3g Slice Of ‚ÄúDeep Field Lunar‚Äù NWA 17679.,615,2025-09-15,18.3,33.61,WorthPoint
nwa-lunar-meteorite,"NEW!! RARE!! NWA 8743 Eucrite, Melt Breccia, 4.0 Grams Part Slice",5.1,2025-09-14,4,1.27,WorthPoint
nwa-lunar-meteorite,"NWA 15373 (1.508g) Polished Lunar Frag. Breccia Meteorite End Cut, IMCA Sellers",59,2025-09-14,1.508,39.12,WorthPoint
nwa-lunar-meteorite,2.78 Grams 16mm NWA 13974 Lunar Fragment Moon Meteorite Feldsp. Breccia With COA,66.99,2025-09-14,2.78,24.1,WorthPoint
nwa-lunar-meteorite,1.36 Grams 12x9x8mm NWA 13974 Lunar As Found Meteorite Feldsp. Breccia W/COA,50.99,2025-09-14,1.36,37.49,WorthPoint
nwa-lunar-meteorite,.292 Grams 8mm NWA 11421 Lunar Moon Meteorite As Found With C.O.A.,13.99,2025-09-13,292,0.05,WorthPoint
nwa-lunar-meteorite,"NWA 17679 Moon/Lunar Meteorite Slice, Newly Classified, Space, 3.18g",293,2025-09-12,3.18,92.14,WorthPoint
nwa-lunar-meteorite,1.52 Grams 21x16x2.5mm NWA 17352 Lunar (frag. Breccia) Slice Moon Meteorite +COA,39.99,2025-09-12,1.52,26.31,WorthPoint
nwa-lunar-meteorite,5.94 Grams 23x16x13mm NWA 8455 Lunar Individual Moon Meteorite NorthWest Africa,279,2025-09-11,5.94,46.97,WorthPoint
nwa-lunar-meteorite,12.4 Grams 70x31x3mm NWA 16372 Lunar Troctolitic Anorthosite Meteorite Slice COA,369,2025-09-11,12.4,29.76,WorthPoint
nwa-lunar-meteorite,NWA 11273 Lunar Meteorite,443.75,2025-09-11,,,WorthPoint
nwa-lunar-meteorite,8.47 Grams 43x30x3mm NWA 17352 Lunar (frag. Breccia) Slice Moon Meteorite +COA,179.99,2025-09-11,8.47,21.25,WorthPoint
nwa-lunar-meteorite,Meteorite NWA 17405 Lunar Frag. Breccia 7.0 Gram Hydrothermally Altered,350,2025-09-10,7,50,WorthPoint
nwa-lunar-meteorite,NWA 17353 16.0 Gram Slice Of Lunar Breccia Meteorite,400,2025-09-10,16,25,WorthPoint
nwa-lunar-meteorite,"Meteorite**NWA 13788, NEW LUNAR MELT BRECCIA**9.593 Gram Lunar Slice!!!",425,2025-09-09,9.593,44.3,WorthPoint
nwa-lunar-meteorite,NWA 17353 Lun 1.17g Slice Of Lunar Breccia Meteorite,42,2025-09-09,1.17,35.9,WorthPoint
nwa-lunar-meteorite,1.35 Grams 26mm NWA 15373 Lunar Slice Fragmental Breccia Meteorite With A COA,26.99,2025-09-09,1.35,19.99,WorthPoint
nwa-lunar-meteorite,.289 Grams 8x5x4mm NWA 8455 Lunar Individual Moon Meteorite Northwest Africa,9.99,2025-09-09,289,0.03,WorthPoint
nwa-lunar-meteorite,Nice 4.47 Gram - NWA 11182 Lunar (feldsp. Breccia) Meteorite Unpolished Specimen,178,2025-09-08,4.47,39.82,WorthPoint
nwa-lunar-meteorite,"Meteorite**NWA 17352, Lunar Frag. Breccia**10.955 Gram, W/Shock Melt Pockets!!!",197.5,2025-09-08,10.955,18.03,WorthPoint
nwa-lunar-meteorite,NWA 14729 Lunar Meteorite Micro Weight .015 Grams Melt Breccia Rare,6,2025-09-06,15,0.4,WorthPoint
nwa-lunar-meteorite,.234 Grams NWA 1123 Lunar Meteorite (feldspathic Breccia) Cut Fragment With COA,7.99,2025-09-06,234,0.03,WorthPoint
nwa-lunar-meteorite,"NWA 16520, Lunar (frag. Breccia), 0.53g, Meteorite Polished Face, Buried Sample",18,2025-09-05,0.53,33.96,WorthPoint
nwa-lunar-meteorite,Lunar And Martian Ring - Hand Crafted TOP METEORITE Jewelry - Size 7.25,2970,2025-09-04,,,WorthPoint
nwa-lunar-meteorite,.497 Grams 12x6x5mm NWA 8455 Lunar Individual Moon Meteorite Northwest Africa,14.99,2025-09-03,497,0.03,WorthPoint
nwa-lunar-meteorite,.573 Grams 14mm NWA 14685 Lunar Moon Meteorite Small Slice With A COA,17.99,2025-09-03,573,0.03,WorthPoint
nwa-lunar-meteorite,NWA 12345 Achondrite Howardite Meteorite - G689-0012 - 0.69g COA - Polymict-br,34.95,2025-09-03,0.69,50.65,WorthPoint
nwa-lunar-meteorite,4.80 Grams 40x26x2mm NWA 15373 Lunar Slice Fragmental Breccia Meteorite + COA,109.99,2025-09-03,4.8,22.91,WorthPoint
nwa-lunar-meteorite,1.17 Grams 14mm NWA 15373 As Found Lunar Fragmental Breccia Meteorite With A COA,27.99,2025-09-03,1.17,23.92,WorthPoint
nwa-lunar-meteorite,"""1.52 Grams NWA 13951 """"starry Night"""" Lunar Meteorite Feldspathic Breccia With COA""",42.99,2025-09-03,1.52,28.28,WorthPoint
nwa-lunar-meteorite,.937 Grams 13mm NWA 13974 Lunar As Found Meteorite Feldspathic Melt Breccia +COA,24.99,2025-09-03,937,0.03,WorthPoint
nwa-lunar-meteorite,Vintage Moon Dust Pendant Necklace NWA 4881 ‚ÄìGenuine Lunar Sample In Glass Globe,45,2025-09-03,,,WorthPoint
nwa-lunar-meteorite,CUTTING DUST - 18.30 Grams - NWA 16315 Lunar Anorthite Meteorite (melt Breccia),369,2025-09-02,18.3,20.16,WorthPoint
nwa-lunar-meteorite,1.39 Grams 26x15x2mm NWA 11898 Lunar Slice Moon Meteorite Feldspathic Breccia,34.99,2025-09-02,1.39,25.17,WorthPoint
nwa-lunar-meteorite,.534 Grams 12x9x2mm NWA 11898 Lunar Slice Moon Meteorite Feldspathic Breccia COA,19.99,2025-09-02,534,0.04,WorthPoint
nwa-lunar-meteorite,Meteorite**NWA 11407 Lunar Breccia** Moon Rock,74.99,2025-09-02,,,WorthPoint
nwa-lunar-meteorite,"Meteorite**NWA 13788, Lunar Melt Breccia**2.329 Gram, HIGHEST QUALITY SLICE!!!!",225,2025-09-01,2.329,96.61,WorthPoint
nwa-lunar-meteorite,"Meteorite**NWA 479, Lunar Mare Basalt**0.505 Gram, WORLD-FAMOUS Ultra Rare! üåëüåã",331.66,2025-09-01,0.505,656.75,WorthPoint
nwa-lunar-meteorite,.774 Grams 15x15x2mm NWA 15583 Lunar Slice Meteorite Feldspathic Breccia W/ COA,31.99,2025-08-31,774,0.04,WorthPoint
nwa-lunar-meteorite,0.74 Gram - NWA 16315 - Lunar Anorthite Meteorite (melt Breccia) From Mauritania,37,2025-08-31,0.74,50,WorthPoint
nwa-lunar-meteorite,2.75 Gram - NWA 16315 - Lunar Anorthite Meteorite (melt Breccia) From Mauritania,110,2025-08-31,2.75,40,WorthPoint
nwa-lunar-meteorite,3.02 Gram - NWA 16315 - Lunar Anorthite Meteorite (melt Breccia) From Mauritania,120,2025-08-31,3.02,39.74,WorthPoint
nwa-lunar-meteorite,Meteorite: RARE Lunar Troctolitic Anorthosite NWA 16683 Slice Of 12.14 Grams,325,2025-08-30,12.14,26.77,WorthPoint
nwa-lunar-meteorite,Nwa 11474 Lunar Meteorite! 5.0 Grams - Museum Quality Exqusite Slice!,179.99,2025-08-30,5,36,WorthPoint
nwa-lunar-meteorite,NWA 17270 Lunar Meteorite End Cut - 40.3 Grams,4750,2025-08-29,40.3,117.87,WorthPoint
nwa-lunar-meteorite,NWA 16894 Lunar Meteorite End Cut - 259.8 Grams,15625,2025-08-29,259.8,60.14,WorthPoint
nwa-lunar-meteorite,NWA 14456 Meteorite End Cut - 162.8 Grams,375,2025-08-29,162.8,2.3,WorthPoint
nwa-lunar-meteorite,NWA 17581 Lunar Meteorite Pendant,6000,2025-08-29,,,WorthPoint
nwa-lunar-meteorite,.353 Grams 10mm NWA 11788 Lunar Meteorite (feldspathic Breccia) Comes With A COA,23.99,2025-08-29,353,0.07,WorthPoint
nwa-lunar-meteorite,1.47 Grams 13mm NWA 15373 As Found Lunar Fragmental Breccia Meteorite With A COA,33.99,2025-08-29,1.47,23.12,WorthPoint
nwa-lunar-meteorite,""".964 Grams NWA 13951 """"starry Night"""" Lunar Meteorite Feldspathic Breccia With COA""",29.99,2025-08-29,964,0.03,WorthPoint
nwa-lunar-meteorite,.629 Grams All 6 NWA 11273 Lunar Moon Meteorite As Found Fragments With A COA,15.99,2025-08-28,629,0.03,WorthPoint
nwa-lunar-meteorite,0.78 Gram - NWA 16315 - Lunar Anorthite Meteorite (melt Breccia) From Mauritania,40,2025-08-28,0.78,51.28,WorthPoint
nwa-lunar-meteorite,2016 Burkina Faso Lunar Meteorite Convex NWA 10546 Nano Chip 1oz Silver Coin,89.95,2025-08-27,28.35,3.17,WorthPoint
nwa-lunar-meteorite,"Meteorite - NWA 13788, LUNAR MELT BRECCIA-4.498 Gram Fragmental Slice",159.99,2025-08-27,4.498,35.57,WorthPoint
nwa-lunar-meteorite,"NEW!! RARE! NWA 14243 Martian Meteorite, Shergottite, Slice 14.7 Grams",1764.99,2025-08-25,14.7,120.07,WorthPoint
nwa-lunar-meteorite,"NEW! NWA 14243 MARTIAN, Shergottite (aphyric, Diabasic) Part Slice, 0.64 Grams",99.99,2025-08-25,0.64,156.23,WorthPoint
nwa-lunar-meteorite,NWA 17353 Lun 0.35g Slice Of Lunar Breccia Meteorite,15,2025-08-23,0.35,42.86,WorthPoint
nwa-lunar-meteorite,NWA 17352 2.75g Lunar Fragmental Breccia Meteorite,89,2025-08-23,2.75,32.36,WorthPoint
nwa-lunar-meteorite,NWA 16315 Lun 2.47g Slice Of Lunar Melt Breccia Meteorite,53,2025-08-23,2.47,21.46,WorthPoint
nwa-lunar-meteorite,Meteorite**NWA 11266** Lunar Moon Rock 4.7gm,299.99,2025-08-23,4.7,63.83,WorthPoint
nwa-lunar-meteorite,NWA 10272 Dual Lithology Lunar Meteorite 2.53 Grams Slice Of The Moon!,90,2025-08-21,2.53,35.57,WorthPoint
nwa-lunar-meteorite,NWA 032 Lunar Meteorite 0.69 Gram Part Slice Rare Mare Basalt First NWA Lunar!,250,2025-08-21,0.69,362.32,WorthPoint
nwa-lunar-meteorite,.505 Grams 9x6x6mm NWA 8455 Lunar Individual Moon Meteorite Northwest Africa,20.99,2025-08-20,505,0.04,WorthPoint
nwa-lunar-meteorite,"Moon Rock Meteorite NWA 4483 , Own A Real Piece Of The Moon! Lunar Meteorite 8mg",53.99,2025-08-20,,,WorthPoint
nwa-lunar-meteorite,NWA 17352 3.36g Lunar Fragmental Breccia Meteorite,40,2025-08-16,3.36,11.9,WorthPoint
nwa-lunar-meteorite,NWA 16315 Lun 2.14g Slice Of Lunar Melt Breccia Meteorite,75,2025-08-16,2.14,35.05,WorthPoint
nwa-lunar-meteorite,.531 Grams 12mm NWA 11182 Lunar Moon Meteorite Feldsp. Breccia With COA,38,2025-08-14,531,0.07,WorthPoint
nwa-lunar-meteorite,Apollo 11 50th Anniversary 'We Came In Peace' Limited Edition Frame 0147/2500,37.99,2025-08-13,,,WorthPoint
nwa-lunar-meteorite,1.53 Grams NWA 17509 Lunar Slice Fragment Moon Meteorite With A COA,42.99,2025-08-11,1.53,28.1,WorthPoint
nwa-lunar-meteorite,3.59 Grams END CUT 20x12x11mm NWA 11474 Lunar Feldsp. Breccia Meteorite With COA,109.99,2025-08-10,3.59,30.64,WorthPoint
nwa-lunar-meteorite,"""1.76 Grams NWA 13951 """"starry Night"""" Lunar Meteorite Feldspathic Breccia With COA""",84.99,2025-08-10,1.76,48.29,WorthPoint
nwa-lunar-meteorite,.785 Grams 11x8x7mm NWA 8455 Lunar Individual Moon Meteorite Northwest Africa,24.99,2025-08-09,785,0.03,WorthPoint
nwa-lunar-meteorite,4.97 Grams 18mm NWA 13974 Lunar ( With Polished Window ) Moon Meteorite With COA,117.99,2025-08-07,4.97,23.74,WorthPoint
nwa-lunar-meteorite,1.35 Grams 13x10x7mm NWA 13974 Lunar As Found Meteorite Feldsp. Breccia With COA,44.99,2025-08-07,1.35,33.33,WorthPoint
nwa-lunar-meteorite,5.67 Grams NWA 17509 Lunar Slice Fragment Moon Meteorite With A COA,149.99,2025-08-06,5.67,26.45,WorthPoint
nwa-lunar-meteorite,.253 Grams 11mm NWA 11421 Lunar Moon Meteorite As Found With C.O.A.,13.99,2025-08-05,253,0.06,WorthPoint
nwa-lunar-meteorite,"NWA 16520g 3.95g Lunar (frag. Breccia) Meteorites, Lot Of 6 Pcs Surface Samples",118,2025-08-04,16520,0.01,WorthPoint
nwa-lunar-meteorite,NWA 11273 Achondrite Lunar Feldspathic Breccia Meteorite - 11273-0447 - 0.05g,6.5,2025-08-04,0.05,130,WorthPoint
nwa-lunar-meteorite,"Lunar Breccia Meteorite 24.9g Of NWA 14577. Polished End, Stunning Inside & Out!",485,2025-08-03,24.9,19.48,WorthPoint
nwa-lunar-meteorite,"Lunar Meteorite NWA 16315 Lunar Melt 52.9g, Huge Vesicles, Full Slice!",836.69,2025-08-03,52.9,15.82,WorthPoint
nwa-lunar-meteorite,NWA 15923 Eucrite Breccia Meteorite. Huge 244.9 Full Slice Of Vesta.,403,2025-08-03,,,WorthPoint
nwa-lunar-meteorite,"NWA 17270 Lunar Breccia Meteorite 15.9g, Crazy Colorful, Full Slice Of The MOON",375,2025-08-01,15.9,23.58,WorthPoint
nwa-lunar-meteorite,.740 Grams 17mm NWA 17509 Lunar Slice Fragment Moon Meteorite With A COA,21.99,2025-07-31,740,0.03,WorthPoint
nwa-lunar-meteorite,2.36 Grams 24x21x3mm Slice NWA 14577 Lunar Fragmental Breccia Meteorite With COA,59.99,2025-07-28,2.36,25.42,WorthPoint
nwa-lunar-meteorite,"NWA 15000 Polymict Eucrite Breccia Meteorite 58.1g, Crusted, Full Slice Of Vesta",324.55,2025-07-28,58.1,5.59,WorthPoint
nwa-lunar-meteorite,Meteorite: RARE Lunar Basalt Breccia NWA 16894 Whole Piece Of 7.017 Grams,525,2025-07-27,7.017,74.82,WorthPoint
nwa-lunar-meteorite,MOON ROCK / LUNAR Feldspathic Breccia - Bechar 003 1.1g *Great Price! (1110br),44,2025-07-27,1.1,40,WorthPoint
nwa-lunar-meteorite,Meteorite: NWA 11228 Lunar Type: Weight 0.443 Grams,50,2025-07-26,0.443,112.87,WorthPoint
nwa-lunar-meteorite,NWA 17353 Lun 4.06g Slice Of Lunar Breccia Meteorite,88,2025-07-26,4.06,21.67,WorthPoint
nwa-lunar-meteorite,NWA 17352 3.18g Lunar Fragmental Breccia Meteorite,95,2025-07-26,3.18,29.87,WorthPoint
nwa-lunar-meteorite,.538 Grams 23x7x3mm Slice NWA 14577 Lunar Fragmental Breccia Meteorite With COA,32,2025-07-25,538,0.06,WorthPoint
nwa-lunar-meteorite,NWA 11228 Lunar Meteorite Tiny End Cut! Weight .224 Grams 1 Inch,25,2025-07-22,224,0.11,WorthPoint
nwa-lunar-meteorite,NEW Lunar Breccia Meteorite 23.25g Slice Of ‚ÄúDeep Field Lunar‚Äù NWA 17679.,800,2025-07-22,23.25,34.41,WorthPoint
nwa-lunar-meteorite,.130 Grams 14mm NWA 8607 Lunar Meteorite Cut Fragment With A COA,12.99,2025-07-22,130,0.1,WorthPoint
nwa-lunar-meteorite,1.26 Grams 20x10x2mm NWA 15373 Lunar Fragmental Breccia Meteorite Slice With COA,49.99,2025-07-22,1.26,39.67,WorthPoint
nwa-lunar-meteorite,1.29 Grams 27mm NWA 17509 Lunar Slice Fragment Moon Meteorite With A COA,37.99,2025-07-21,1.29,29.45,WorthPoint
nwa-lunar-meteorite,"NWA 15018 Lunar Meteorite For Sale, Own An Authentic Moon Rock, Certified",85,2025-07-18,,,WorthPoint
nwa-lunar-meteorite,NWA 11228 Individual Lunar Meteorite,575,2025-07-17,,,WorthPoint
nwa-lunar-meteorite,Meteorite Collection (4 Meteorites),24.95,2025-07-16,,,WorthPoint
nwa-lunar-meteorite,3.30 Grams 19mm NWA 15373 As Found Lunar Fragmental Breccia Meteorite With A COA,64.99,2025-07-16,3.3,19.69,WorthPoint
nwa-lunar-meteorite,.256 Grams 13x6x1.5mm NWA 6950 Lunar (gabbro) Meteorite Fragment With A COA,35.99,2025-07-14,256,0.14,WorthPoint
nwa-lunar-meteorite,"Meteorite**NWA 16286, Lunar Mare Basalt(olivine-phyric)**0.181 Gram, Ultra Rare!",61.55,2025-07-14,0.181,340.06,WorthPoint
nwa-lunar-meteorite,NWA 14729 Lunar Meteorite Micro Weight .676 Grams Melt Breccia Rare,99,2025-07-13,676,0.15,WorthPoint
nwa-lunar-meteorite,Meteorite**NWA 11110 Lunar Feldsp. Breccia** Moon Meteorite .53 Grams Very Rare,29.99,2025-07-13,53,0.57,WorthPoint
nwa-lunar-meteorite,NWA 16315 Lun 1.51g Slice Of Lunar Melt Breccia Meteorite,52,2025-07-12,1.51,34.44,WorthPoint
nwa-lunar-meteorite,1.13 Grams 19mm NWA 15373 Lunar Frag. Breccia Meteorite Polished Window With COA,25.99,2025-07-11,1.13,23,WorthPoint
nwa-lunar-meteorite,.721 Grams NWA 11303 Lunar Feldspathic Breccia Fragments Meteorite With A COA,15.99,2025-07-10,721,0.02,WorthPoint
nwa-lunar-meteorite,.443 Grams 9x6x5mm NWA 8455 Lunar Moon Meteorite Fragment With A C.O.A.,20.99,2025-07-07,443,0.05,WorthPoint
nwa-lunar-meteorite,"Meteorite**NWA 12008, LUNAR MARE BASALT**1.081 Grams, Extremely Rare",156.75,2025-07-06,1.081,145,WorthPoint
nwa-lunar-meteorite,NWA 11273 ~ Lunar Feldspathic Breccia Meteorite ~ 0.696 Grams ~ Eye Appealing !,36,2025-07-05,0.696,51.72,WorthPoint
nwa-lunar-meteorite,1.17 Grams 20mm NWA 15373 Lunar Frag. Breccia Meteorite Polished Slice With COA,23.99,2025-07-05,1.17,20.5,WorthPoint
nwa-lunar-meteorite,NWA 17352 2.19g Lunar Fragmental Breccia Meteorite,32,2025-07-05,2.19,14.61,WorthPoint
nwa-lunar-meteorite,3.11 Grams NWA 17352 Lunar (frag. Breccia) Slice Moon Meteorite With A COA,104.99,2025-07-03,3.11,33.76,WorthPoint
nwa-lunar-meteorite,"""1.65 Grams NWA 13951 """"starry Night"""" Lunar Meteorite Feldspathic Breccia With COA""",86,2025-07-02,1.65,52.12,WorthPoint
nwa-lunar-meteorite,"Lunar Meteorite NWA 8682 (Fieldspathic Breccia) , Northwest Africa .34 Grams",89,2025-07-01,34,2.62,WorthPoint
nwa-lunar-meteorite,"NEW RARE! NWA 15352 LUNAR, Feldspathic Breccia, Complete Piece, 2.44 Grams",121.99,2025-07-01,2.44,50,WorthPoint
nwa-lunar-meteorite,Lunar Meteorite From NWA 5000 In Case,53,2025-07-01,,,WorthPoint
nwa-lunar-meteorite,Lunar Meteorite NWA 12826 In Case,16.5,2025-07-01,,,WorthPoint
nwa-lunar-meteorite,Lunar Meteorite NWA 11216 In Case,33.33,2025-07-01,,,WorthPoint
nwa-lunar-meteorite,Moon Ring- Genuine Lunar Meteorite Jewelry - Size 6.25 - TOP METEORITE Jewelry,750,2025-07-01,,,WorthPoint
nwa-lunar-meteorite,2.42 Grams 25x18x3mm NWA 16372 Lunar Troctolitic Anorthosite Meteorite Slice COA,69.99,2025-06-28,2.42,28.92,WorthPoint
nwa-lunar-meteorite,NWA 17353 Lun 0.94g Slice Of Lunar Breccia Meteorite,20.5,2025-06-28,0.94,21.81,WorthPoint
nwa-lunar-meteorite,NWA 17352 1.85g Lunar Fragmental Breccia Meteorite,59,2025-06-28,1.85,31.89,WorthPoint
nwa-lunar-meteorite,2015 One Ounce Silver Coin With NWA 5000 Lunar Meteorite. Niue Island. 235/500.,102.5,2025-06-28,,,WorthPoint
nwa-lunar-meteorite,.738 Grams 15mm NWA 14685 Lunar Moon Meteorite Small Slice With A COA,20.99,2025-06-27,738,0.03,WorthPoint
nwa-lunar-meteorite,3.7g End Piece Of NWA 16784 Lunar Troctolitic Melt Breccia- Rare Type!!!,185,2025-06-26,3.7,50,WorthPoint
nwa-lunar-meteorite,.498 Grams 17x9x2mm NWA 11898 Lunar Slice Moon Meteorite Feldspathic Breccia COA,18.99,2025-06-25,498,0.04,WorthPoint
nwa-lunar-meteorite,NWA 15482 Lunar Meteorite Micro Weight .070 Grams Troct Anorth,6,2025-06-24,70,0.09,WorthPoint
nwa-lunar-meteorite,"Meteorite**NWA 17502, Lunar Frag. Breccia**1.004 Grams, NEW Black & White Lunar!",123.49,2025-06-23,1.004,123,WorthPoint
nwa-lunar-meteorite,"Meteorite**NWA 16286, Lunar Mare Basalt(olivine-phyric)**0.373 Gram, Ultra Rare!",18.5,2025-06-23,0.373,49.6,WorthPoint
nwa-lunar-meteorite,Moon Necklace With Real Lunar Meteorite ‚Äì NWA 11273 ‚Äì Genuine Moon Rock Jewelry,20.5,2025-06-22,,,WorthPoint
nwa-lunar-meteorite,.495 Grams NWA 16372 Lunar RARE ( Troctolitic Anorthosite ) Meteorite Slice +COA,14.99,2025-06-22,495,0.03,WorthPoint
nwa-lunar-meteorite,"NWA 3163 Meteorite. Lunar, Felspathic Granular. 12 Mcg. Gift Display.",7.76,2025-06-22,,,WorthPoint
nwa-lunar-meteorite,NWA 17353 Lun 4.15g Slice Of A New Lunar Breccia Meteorite,149,2025-06-21,4.15,35.9,WorthPoint
nwa-lunar-meteorite,NWA 17353 Lun 0.76g Slice Of Lunar Breccia Meteorite,29,2025-06-21,0.76,38.16,WorthPoint
nwa-lunar-meteorite,.597 Grams 19mm NWA 17509 Lunar Slice Fragment Moon Meteorite With A COA,16.99,2025-06-21,597,0.03,WorthPoint
nwa-lunar-meteorite,.061 Grams 5x4x1.5mm NWA 6950 Lunar (gabbro) Meteorite Fragment With A COA,17.99,2025-06-21,61,0.29,WorthPoint
nwa-lunar-meteorite,.079 Grams 7x3x1.5mm NWA 6950 Lunar (gabbro) Meteorite Fragment With A COA,13.99,2025-06-21,79,0.18,WorthPoint
nwa-lunar-meteorite,.462 Grams 15x9x2mm NWA 11898 Lunar Slice Moon Meteorite Feldspathic Breccia COA,17.99,2025-06-20,462,0.04,WorthPoint
nwa-lunar-meteorite,.696 Grams 12mm NWA 11273 Lunar Moon Meteorite Fragment With A COA,46,2025-06-19,696,0.07,WorthPoint
nwa-lunar-meteorite,1.48 Grams 13mm NWA 15373 Lunar Frag. Breccia Meteorite Polished Window With COA,34.99,2025-06-17,1.48,23.64,WorthPoint
nwa-lunar-meteorite,1.76 Grams 23mm NWA 15373 Lunar Fragmental Breccia As Found Meteorite With COA,31.99,2025-06-17,1.76,18.18,WorthPoint
nwa-lunar-meteorite,.721 Grams NWA 11303 Lunar Feldspathic Breccia Meteorite Fragment With A COA,26.99,2025-06-16,721,0.04,WorthPoint
nwa-lunar-meteorite,"Meteorite**NWA 14685, Lunar Felds. Breccia**13.580 Gram, Gorgeous Slice!!!",495,2025-06-16,13.58,36.45,WorthPoint
nwa-lunar-meteorite,Low Price! Superior Slice! Magnificent Nwa 14685 Lunar Meteorite! 15.3 Gms,1146.75,2025-06-16,15.3,74.95,WorthPoint
nwa-lunar-meteorite,Apollo 11 Command Module Flown Kapton Foil And NWA 10203 Moon Rock In A Deluxe Acrylic Display With Authentication By The Space Collective.,300,2025-06-14,,,WorthPoint
nwa-lunar-meteorite,Apollo 7 Flown Camera Power Cable Segment And NWA 10203 Moon Rock In Deluxe Acrylic Display With Authentication By The Space Collective.,219,2025-06-14,,,WorthPoint
nwa-lunar-meteorite,Apollo 15 Command Module Flown Kapton Foil And NWA 10203 Moon Rock In A Deluxe Acrylic Display With Authentication By The Space Collective.,144,2025-06-14,,,WorthPoint
nwa-lunar-meteorite,Apollo 8 Command Module Flown Heatshield Fragment And NWA 10203 Moon Rock In A Deluxe Acrylic Display With Authentication By The Space Collective.,189,2025-06-14,,,WorthPoint
nwa-lunar-meteorite,Apollo 9 Command Module Flown Kapton Foil And NWA 10203 Moon Rock In Deluxe Acrylic Display With Authentication By The Space Collective.,124,2025-06-14,,,WorthPoint
nwa-lunar-meteorite,Apollo 17 Command Module Flown Kapton Foil And NWA 10203 Moon Rock In A Deluxe Acrylic Display With Authentication By The Space Collective.,134,2025-06-14,,,WorthPoint
nwa-lunar-meteorite,NWA 17352 1.11g Lunar Fragmental Breccia Meteorite,39,2025-06-14,1.11,35.14,WorthPoint
nwa-lunar-meteorite,Nwa 5000 Lunar (moon) Meteorite,349,2025-06-14,,,WorthPoint
nwa-lunar-meteorite,NWA 7331 Achondrite Howardite-S5-W1 Meteorite - G176-0021 - 0.04g - 100 CLUB,12.95,2025-06-13,0.04,323.75,WorthPoint
nwa-lunar-meteorite,NWA 13974 Lunar Meteorite,250,2025-06-12,,,WorthPoint
nwa-lunar-meteorite,NWA 11303 Lunar Meteorite,25,2025-06-11,,,WorthPoint
nwa-lunar-meteorite,1.77 Grams 15mm NWA 13974 Lunar ( With Polished Window ) Moon Meteorite With COA,42.99,2025-06-10,1.77,24.29,WorthPoint
nwa-lunar-meteorite,"Meteorite**NWA 16894, Lunar Mare Basaltic Breccia**1.353 Gram; Ultra Rare !!! üåí",389.35,2025-06-10,1.353,287.77,WorthPoint
nwa-lunar-meteorite,.444 Grams 10x9x4mm NWA 11474 Lunar Feldspathic Breccia Meteorite Fragment W/COA,24.99,2025-06-09,444,0.06,WorthPoint
nwa-lunar-meteorite,"Meteorite**NWA 16286, Lunar Mare Basalt(olivine-phyric)**0.452 Gram, Ultra Rare!",89.99,2025-06-09,0.452,199.09,WorthPoint
nwa-lunar-meteorite,.095 Grams 9x3x1.5mm NWA 6950 Lunar (gabbro) Meteorite Fragment With A COA,14.99,2025-06-09,95,0.16,WorthPoint
nwa-lunar-meteorite,"Meteorite**NWA 17502, Lunar Frag. Breccia**0.428 Grams, NEW Black & White Lunar!",10.7,2025-06-09,0.428,25,WorthPoint
nwa-lunar-meteorite,.914 Grams 20mm NWA 17509 Lunar Slice Fragment Moon Meteorite With A COA,27.99,2025-06-08,914,0.03,WorthPoint
nwa-lunar-meteorite,1.84 Grams 19mm NWA 15373 As Found Lunar Fragmental Breccia Meteorite With A COA,41.99,2025-06-08,1.84,22.82,WorthPoint
nwa-lunar-meteorite,.487 Grams Fragments NWA 14685 Lunar Moon Meteorite With A COA,9.99,2025-06-08,487,0.02,WorthPoint
nwa-lunar-meteorite,.647 Grams 15x10x3mm Slice NWA 14577 Lunar Fragmental Breccia Meteorite With COA,36.99,2025-06-07,647,0.06,WorthPoint
nwa-lunar-meteorite,.611 Grams 12x8x3mm NWA 13974 Lunar As Found Meteorite Feldsp. Breccia W/COA,22.99,2025-06-07,611,0.04,WorthPoint
nwa-lunar-meteorite,NWA 17353 Lun 2.67g Slice Of A New Lunar Breccia Meteorite,99,2025-06-07,2.67,37.08,WorthPoint
nwa-lunar-meteorite,NWA 17353 Lun 1.10g Slice Of Lunar Breccia Meteorite,40,2025-06-07,1.1,36.36,WorthPoint
nwa-lunar-meteorite,NWA 17353 Lun 0.72g Slice Of Lunar Breccia Meteorite,29,2025-06-07,0.72,40.28,WorthPoint
nwa-lunar-meteorite,NWA 11182 Lun 1.29g Lunar Breccia Meteorite From The Moon,30,2025-06-07,1.29,23.26,WorthPoint
nwa-lunar-meteorite,.620 Grams 10x8x5mm NWA 8455 Lunar Individual Moon Meteorite Northwest Africa,21.99,2025-06-07,620,0.04,WorthPoint
nwa-lunar-meteorite,1.64 Grams 15mm NWA 11303 Lunar Feldspathic Breccia Meteorite As Found Fragments,26.99,2025-06-06,1.64,16.46,WorthPoint
nwa-lunar-meteorite,2.95 Grams 27x20x2.5mm NWA 17352 Lunar (frag. Breccia) Slice Moon Meteorite +COA,97.99,2025-06-05,2.95,33.22,WorthPoint
nwa-lunar-meteorite,2.08 Grams 30x18x2mm NWA 11898 Lunar Slice Meteorite Feldspathic Breccia + COA,80,2025-06-05,2.08,38.46,WorthPoint
nwa-lunar-meteorite,1.53 Grams 22x18x2mm NWA 11182 Lunar Moon Slice Meteorite Feldsp. Breccia + COA,54.99,2025-06-05,1.53,35.94,WorthPoint
nwa-lunar-meteorite,.412 Gram Fragments NWA 14681 Lunar RARE (troctolitic Anorthosite) Meteorite COA,14.99,2025-06-04,412,0.04,WorthPoint
nwa-lunar-meteorite,1.01 Gram 17x10x3mm NWA 14681 Lunar RARE (troctolitic Anorthosite) Meteorite COA,79.99,2025-06-04,1.01,79.2,WorthPoint
nwa-lunar-meteorite,NWA 17353 Lun 1.88g Slice Of A New Lunar Breccia Meteorite,98,2025-06-03,1.88,52.13,WorthPoint
nwa-lunar-meteorite,Nwa 10901 Lunar (moon) Meteorite + Nwa 11017 Achondrite Meteorite,29,2025-06-03,,,WorthPoint
nwa-lunar-meteorite,NWA 15482 Lunar Meteorite Ultra Thin Slice! Weight .45 Grams .6 Inch Troc,30,2025-06-03,45,0.67,WorthPoint
nwa-lunar-meteorite,1.57 Grams 15mm NWA 11303 Lunar Feldspathic Breccia As Found Meteorite With COA,43.99,2025-06-03,1.57,28.02,WorthPoint
nwa-lunar-meteorite,.740 Grams 15mm NWA 11273 Lunar Moon Meteorite Cut Fragment With A COA,29.99,2025-06-03,740,0.04,WorthPoint
nwa-lunar-meteorite,.162 Grams NWA 13788 Lunar Meteorite (melt Breccia) Fragments With A COA,9.99,2025-06-02,162,0.06,WorthPoint
nwa-lunar-meteorite,.657 Grams Cut Fragments NWA 14577 Lunar Fragmental Breccia Meteorite With COA,12.99,2025-06-02,657,0.02,WorthPoint
nwa-lunar-meteorite,"Meteorite**NWA 16894, Lunar Mare Basaltic Breccia**1.000 Gram; Ultra Rare !!! üåí",199,2025-06-02,1,199,WorthPoint
nwa-lunar-meteorite,NWA 17353 Lun 3.56g Slice Of Lunar Breccia Meteorite,52,2025-05-31,3.56,14.61,WorthPoint
nwa-lunar-meteorite,NWA 17353 Lun 2.11g Slice Of Lunar Breccia Meteorite,69,2025-05-31,2.11,32.7,WorthPoint
nwa-lunar-meteorite,NWA 17353 Lun 1.07g Slice Of Lunar Breccia Meteorite,40,2025-05-31,1.07,37.38,WorthPoint
nwa-lunar-meteorite,NWA 11182 Lun 2.73g Lunar Breccia Meteorite From The Moon,88,2025-05-31,2.73,32.23,WorthPoint
nwa-lunar-meteorite,.531 Grams NWA 16372 Lunar RARE ( Troctolitic Anorthosite ) Meteorite Slice +COA,16.99,2025-05-30,531,0.03,WorthPoint
nwa-lunar-meteorite,"Meteorite**NWA 16894, Lunar Mare Basaltic Breccia**0.865 Gram; Ultra Rare !!! üåí",420,2025-05-30,0.865,485.55,WorthPoint
nwa-lunar-meteorite,2.50 Grams NWA 17352 Lunar (frag. Breccia) Slice Moon Meteorite With A COA,69.99,2025-05-29,2.5,28,WorthPoint
nwa-lunar-meteorite,"Rare NWA 15018 Lunar Meteorite, Certified Moon Rock,Space Treasure For Research",60,2025-05-29,,,WorthPoint
nwa-lunar-meteorite,"NEW!!! RARE NWA 11179 CM2 Chondrite, 5.25 Gram Endcut",236.99,2025-05-29,5.25,45.14,WorthPoint
nwa-lunar-meteorite,1.01 Grams 20mm NWA 17509 Lunar Slice Fragment Moon Meteorite With A COA,29.99,2025-05-28,1.01,29.69,WorthPoint
nwa-lunar-meteorite,3.01 Grams 30x18x3mm NWA 16372 Lunar Troctolitic Anorthosite Meteorite Slice COA,89.99,2025-05-28,3.01,29.9,WorthPoint
nwa-lunar-meteorite,.920 Grams NWA 16372 Lunar RARE ( Troctolitic Anorthosite ) Meteorite Slice +COA,28.49,2025-05-27,920,0.03,WorthPoint
nwa-lunar-meteorite,.464 Grams NWA 16372 Lunar RARE ( Troctolitic Anorthosite ) Meteorite With A COA,14.51,2025-05-27,464,0.03,WorthPoint
nwa-lunar-meteorite,"""Minted 1"""" Anodized Niobium Coin Pendant Lunar Moon B Eclipse Meteorite Men Steve""",74.25,2025-05-27,,,WorthPoint
nwa-lunar-meteorite,NWA 15482 Lunar Meteorite End Piece Weight 1.93 Grams 1 Inch Troc,100,2025-05-26,1.93,51.81,WorthPoint
nwa-lunar-meteorite,.523 Grams NWA 16372 Lunar RARE ( Troctolitic Anorthosite ) Meteorite Slice +COA,14.99,2025-05-26,523,0.03,WorthPoint
nwa-lunar-meteorite,1.26 Grams 19x17x3mm NWA 16372 Lunar Troctolitic Anorthosite Meteorite Slice COA,36.99,2025-05-25,1.26,29.36,WorthPoint
nwa-lunar-meteorite,.949 Grams NWA 16372 Lunar RARE ( Troctolitic Anorthosite ) Meteorite Slice +COA,28.99,2025-05-25,949,0.03,WorthPoint
nwa-lunar-meteorite,4.05 Grams 22mm NWA 13974 Lunar ( With Polished Window ) Moon Meteorite With COA,99.99,2025-05-25,4.05,24.69,WorthPoint
nwa-lunar-meteorite,NWA 11182 Lun 4.40g Lunar Breccia Meteorite From The Moon,149,2025-05-24,4.4,33.86,WorthPoint
nwa-lunar-meteorite,MOON ROCK / LUNAR Feldspathic Breccia - Bechar 003 .86g *Great Price! (1110bt),39,2025-05-24,86,0.45,WorthPoint
nwa-lunar-meteorite,1.69 Grams NWA 17512 Lunar Slice Fragment Moon Meteorite With A COA,44.99,2025-05-23,1.69,26.62,WorthPoint
nwa-lunar-meteorite,NWA Meteorite Lunar Mare Basalt (polished On One Side) .23 G,150,2025-05-20,23,6.52,WorthPoint
nwa-lunar-meteorite,"NWA 15373 (6.53g) Polished Lunar Frag. Breccia Meteorite Slice, IMCA Sellers",232,2025-05-20,6.53,35.53,WorthPoint
nwa-lunar-meteorite,NWA 5000 Legendary Meteorite .1 Gr Fragments Lunar Hupe Collection July 2007,55,2025-05-20,1,55,WorthPoint
nwa-lunar-meteorite,MOON ROCK / LUNAR Feldspathic Breccia - Bechar 003 .67g *Great Price! (1110bv),34,2025-05-19,67,0.51,WorthPoint
nwa-lunar-meteorite,"Meteorite**NWA 13788, Lunar Melt Breccia**0.657 Gram, HIGHEST QUALITY SLICE!!!!",60,2025-05-19,0.657,91.32,WorthPoint
nwa-lunar-meteorite,1.16 Grams 22mm NWA 17509 Lunar Slice Fragment Moon Meteorite With A COA,33.99,2025-05-19,1.16,29.3,WorthPoint
nwa-lunar-meteorite,1.17 Grams NWA 17512 Lunar Slice Fragment Moon Meteorite With A COA,30.99,2025-05-19,1.17,26.49,WorthPoint
nwa-lunar-meteorite,Lunar Meteorites For Sale NWA 12342,95,2025-05-18,,,WorthPoint
nwa-lunar-meteorite,NWA 17353 Lun 1.54g Slice Of Lunar Breccia Meteorite,60,2025-05-17,1.54,38.96,WorthPoint
nwa-lunar-meteorite,NWA 17353 Lun 0.99g Slice Of Lunar Breccia Meteorite,41,2025-05-17,0.99,41.41,WorthPoint
nwa-lunar-meteorite,NWA 11182 Lun 4.16g Lunar Breccia Meteorite From The Moon,145,2025-05-17,4.16,34.86,WorthPoint
nwa-lunar-meteorite,"""Minted 1"""" Anodized Niobium Coin Pendant Lunar Moon A Eclipse Meteorite Men Steve""",74.25,2025-05-17,,,WorthPoint
nwa-lunar-meteorite,NWA 11182 Lun 0.64g Lunar Breccia Meteorite From The Moon,25,2025-05-17,0.64,39.06,WorthPoint
nwa-lunar-meteorite,.625 Grams 21mm NWA 17509 Lunar Slice Fragment Moon Meteorite With A COA,17.99,2025-05-17,625,0.03,WorthPoint
nwa-lunar-meteorite,.510 Grams 18mm NWA 17509 Lunar Slice Fragment Moon Meteorite With A COA,14.99,2025-05-17,510,0.03,WorthPoint
nwa-lunar-meteorite,.468 Grams NWA 17512 Lunar Slice Fragment Moon Meteorite With A COA,12.99,2025-05-16,468,0.03,WorthPoint
nwa-lunar-meteorite,NWA 15482 Lunar Meteorite Ultra Thin Slice! Weight .80 Grams 1 Inch Troc,48,2025-05-16,80,0.6,WorthPoint
nwa-lunar-meteorite,10.2 Grams NWA 17509 Lunar Slice Fragment Moon Meteorite With A COA,269.99,2025-05-16,10.2,26.47,WorthPoint
nwa-lunar-meteorite,"Meteorite**NWA 17502, Lunar Frag. Breccia**1.061 Grams, NEW Black & White Lunar!",199.99,2025-05-16,1.061,188.49,WorthPoint
nwa-lunar-meteorite,1.23 Grams NWA 17512 Lunar Slice Fragment Moon Meteorite With A COA,31.99,2025-05-16,1.23,26.01,WorthPoint
nwa-lunar-meteorite,1.90 Grams NWA 17512 Lunar Slice Fragment Moon Meteorite With A COA,49.99,2025-05-15,1.9,26.31,WorthPoint
nwa-lunar-meteorite,.754 Grams 17mm NWA 15373 As Found Lunar Fragmental Breccia Meteorite With A COA,19.99,2025-05-15,754,0.03,WorthPoint
nwa-lunar-meteorite,"Lunar Meteorite, Nwa 14358 Achondrite Lunar Feldspathic Breccia; End Cut; Moon",84,2025-05-14,,,WorthPoint
nwa-lunar-meteorite,.482 Grams NWA 17509 Lunar Slice Fragment Moon Meteorite With A COA,13.99,2025-05-14,482,0.03,WorthPoint
nwa-lunar-meteorite,NWA 11266 Lunar Feldspathic Breccia Meteorite 0.73 Gram Fragment,11.5,2025-05-13,0.73,15.75,WorthPoint
nwa-lunar-meteorite,.791 Grams 13x11x2mm NWA 15583 Lunar Slice Meteorite Feldspathic Breccia W/ COA,36.99,2025-05-13,791,0.05,WorthPoint
nwa-lunar-meteorite,1.80 Grams NWA 17352 Lunar (frag. Breccia) Slice Moon Meteorite With A COA,58.99,2025-05-13,1.8,32.77,WorthPoint
nwa-lunar-meteorite,Lunar Meteorite Nwa11524,11.61,2025-05-13,,,WorthPoint
nwa-lunar-meteorite,"Meteorite**NWA 17502, Lunar Frag. Breccia**2.086 Grams, NEW Black & White Lunar!",56,2025-05-13,2.086,26.85,WorthPoint
nwa-lunar-meteorite,"RARE! NEW! Meteorite Carbonaceous Chondrite (CR2), NWA 15175, Slice 1.91 Grams",39.99,2025-05-12,1.91,20.94,WorthPoint
nwa-lunar-meteorite,"""1.25 Grams NWA 13951 """"starry Night"""" Lunar Meteorite Feldspathic Breccia With COA""",59.99,2025-05-12,1.25,47.99,WorthPoint
nwa-lunar-meteorite,1.68 Grams 14mm NWA 13974 Lunar Fragment Moon Meteorite Feldsp. Breccia With COA,58,2025-05-11,1.68,34.52,WorthPoint
nwa-lunar-meteorite,NWA 17353 Lun 3.79g Slice Of A New Lunar Breccia Meteorite,162.5,2025-05-10,3.79,42.88,WorthPoint
nwa-lunar-meteorite,NWA 10836 LL3 Primitive Chondrite Meteorite 29.5 Gram Main Mass,737,2025-05-10,29.5,24.98,WorthPoint
nwa-lunar-meteorite,""".872 Gram NWA 13951 """"starry Night"""" Lunar Meteorite Feldspathic Breccia With COA""",48.99,2025-05-08,872,0.06,WorthPoint
nwa-lunar-meteorite,NWA 14041 Lunar Meteorite Slice! Weight .54 Grams .35 Inch,30,2025-05-07,54,0.56,WorthPoint
nwa-lunar-meteorite,"NWA 032 Stone, Achondrite, Lunar Found 1999 Morocco 0.012 G",12,2025-05-07,0.012,1000,WorthPoint
nwa-lunar-meteorite,.555 Grams 12mm NWA 13974 Lunar Fragment Moon Meteorite Feldsp. Breccia With COA,21,2025-05-07,555,0.04,WorthPoint
nwa-lunar-meteorite,4.12 Grams 20mm NWA 13974 Lunar ( With Polished Window ) Moon Meteorite With COA,99.99,2025-05-06,4.12,24.27,WorthPoint
nwa-lunar-meteorite,NWA 17353 Lun 6.11g Slice Of Lunar Breccia Meteorite,181,2025-05-03,6.11,29.62,WorthPoint
nwa-lunar-meteorite,3.5g NWA 16286 Lunar Basalt- The Rarest Lunar Type!!!,525,2025-05-03,3.5,150,WorthPoint
nwa-lunar-meteorite,"7.5g End Cut NWA 16784 Lunar Troctolitic Melt Breccia- Pink Spinel, Rare Type!!!",375,2025-05-03,7.5,50,WorthPoint
nwa-lunar-meteorite,Museum Quality! Exqusite Slice! Stunning Nwa 16106 Lunar Meteorite! 0.67 Gms,153.95,2025-05-02,0.67,229.78,WorthPoint
nwa-lunar-meteorite,Copernicus Moon Crater 1 Oz Antique Finish Lunar Meteorite NWA 8609 Silver 2019,165,2025-05-02,28.35,5.82,WorthPoint
nwa-lunar-meteorite,NWA 5000 Meteorite From The Lunar Highlands! 0.616 Grams,245,2025-05-01,0.616,397.73,WorthPoint
nwa-lunar-meteorite,NWA 5000 LUNAR Meteorite Africa VERY RARE Feldspathic Breccia MOON Space IMCA C,260.99,2025-05-01,,,WorthPoint
nwa-lunar-meteorite,.766 Grams NWA 17352 Lunar (frag. Breccia) Slice Moon Meteorite With A COA,24.99,2025-05-01,766,0.03,WorthPoint
nwa-lunar-meteorite,NWA 11266 Lunar Feldspathic Breccia Meteorite 2 Gram Fragment,25,2025-05-01,2,12.5,WorthPoint
nwa-lunar-meteorite,.905 Grams NWA 17352 Lunar (frag. Breccia) Slice Moon Meteorite With A COA,28.99,2025-04-30,905,0.03,WorthPoint
nwa-lunar-meteorite,10.1 Grams NWA 17352 Lunar (frag. Breccia) Slice Moon Meteorite With A COA,299.99,2025-04-29,10.1,29.7,WorthPoint
nwa-lunar-meteorite,Achondrite Moon - Lunar Meteorite NWA 11273. Full Slice 0.98 Grams. COA,99,2025-04-27,0.98,101.02,WorthPoint
nwa-lunar-meteorite,NWA 17353 Lun 0.97g Slice Of Lunar Breccia Meteorite,51,2025-04-26,0.97,52.58,WorthPoint
nwa-lunar-meteorite,NWA 17353 Lun 3.71g Slice Of A New Lunar Breccia Meteorite,157.5,2025-04-26,3.71,42.45,WorthPoint
nwa-lunar-meteorite,NWA 16315 Lun 12.70g Slice Of Lunar Melt Breccia Meteorite,348,2025-04-26,12.7,27.4,WorthPoint
nwa-lunar-meteorite,3.70 Grams NWA 17352 Lunar RARE (info Soon) Slice Moon Meteorite With A COA,128.99,2025-04-26,3.7,34.86,WorthPoint
nwa-lunar-meteorite,1.84 Grams 17mm NWA 15373 Lunar Frag. Breccia Meteorite Polished Window With COA,38.99,2025-04-25,1.84,21.19,WorthPoint
nwa-lunar-meteorite,NWA 16294 Lunar Meteorite Pendant,3250,2025-04-23,,,WorthPoint
nwa-lunar-meteorite,NWA 16684 Lunar Meteorite Bracelet,325,2025-04-23,,,WorthPoint
nwa-lunar-meteorite,NWA 16684 Lunar Meteorite Adjustable Ring,875,2025-04-23,,,WorthPoint
nwa-lunar-meteorite,NWA 11273 Lunar Meteorite - 11.7 Grams,1062.5,2025-04-23,11.7,90.81,WorthPoint
nwa-lunar-meteorite,NWA 15658 Meteorite Slice - 215.84 Grams,1625,2025-04-23,215.84,7.53,WorthPoint
nwa-lunar-meteorite,NWA 16683 Lunar Meteorite - 173.2 Grams,8750,2025-04-23,173.2,50.52,WorthPoint
nwa-lunar-meteorite,NWA 16684 Lunar Meteorite Earrings,1125,2025-04-23,,,WorthPoint
nwa-lunar-meteorite,NWA 16684 Lunar Meteorite Pendant,1750,2025-04-23,,,WorthPoint
nwa-lunar-meteorite,NWA 16894 Lunar Meteorite - 131.4 Grams,13125,2025-04-23,131.4,99.89,WorthPoint
nwa-lunar-meteorite,3.48 Grams NWA 17352 Lunar (frag. Breccia) Slice Moon Meteorite With A COA,119,2025-04-22,3.48,34.2,WorthPoint
nwa-lunar-meteorite,NWA 11228 Lunar Meteorite Ultra Thin Slice! Weight .691 Grams 1 Inch,75,2025-04-22,691,0.11,WorthPoint
nwa-lunar-meteorite,"Meteorite**NWA 13788, Lunar Melt Breccia*1.912 Gram Gorgeous Individual Lot √ó2",135,2025-04-21,1.912,70.61,WorthPoint
nwa-lunar-meteorite,3 Grams NWA 17352 Lunar Slice (frag. Breccia) Moon Meteorite With A COA,89.99,2025-04-21,3,30,WorthPoint
nwa-lunar-meteorite,2.44 Grams NWA 17352 Lunar (frag. Breccia) Slice Moon Meteorite With A COA,69.99,2025-04-21,2.44,28.68,WorthPoint
nwa-lunar-meteorite,"Meteorite**NWA 17502, Lunar Frag. Breccia**1.513 Grams, NEW Black & White Lunar!",38,2025-04-21,1.513,25.12,WorthPoint
nwa-lunar-meteorite,"Meteorite**NWA 17502, Lunar Frag. Breccia**0.329 Grams, NEW Black & White Lunar!",5.6,2025-04-21,0.329,17.02,WorthPoint
nwa-lunar-meteorite,"Meteorite**NWA 11228, Lunar Felds. Breccia**0.577 Gram, Beautiful Best Endcut!!!",10.5,2025-04-21,0.577,18.2,WorthPoint
nwa-lunar-meteorite,"Meteorite**NWA 11237, Lunar Felds. Breccia**0.304 Gram, Gorgeous Slice!!!",18.47,2025-04-21,0.304,60.76,WorthPoint
nwa-lunar-meteorite,"NWA 17270 Lunar Breccia Meteorite 14.0g, Crazy Colorful, Full Slice Of The MOON",255,2025-04-21,14,18.21,WorthPoint
nwa-lunar-meteorite,"NEW Lunar Breccia Meteorite 17.4g, Beautiful Slice Of ‚ÄúDeep Field Lunar‚Äù.",298.69,2025-04-20,17.4,17.17,WorthPoint
nwa-lunar-meteorite,4.34 Grams 20mm NWA 13974 Lunar ( With Polished Window ) Moon Meteorite With COA,109.99,2025-04-19,4.34,25.34,WorthPoint
nwa-lunar-meteorite,World Class! Sensational Slice! Amazing Nwa 11182 Lunar Meteorite! 28.3 Gms!,2099.25,2025-04-19,28.3,74.18,WorthPoint
nwa-lunar-meteorite,.902 Grams 13x9x6mm NWA 8455 Lunar Individual Moon Meteorite Northwest Africa,23.99,2025-04-18,902,0.03,WorthPoint
nwa-lunar-meteorite,.317 Grams 8x5x4mm NWA 8455 Lunar Individual Moon Meteorite Northwest Africa,16.99,2025-04-18,317,0.05,WorthPoint
nwa-lunar-meteorite,.359 Grams 11x5x4mm NWA 8455 Lunar Individual Moon Meteorite Northwest Africa,17.99,2025-04-18,359,0.05,WorthPoint
nwa-lunar-meteorite,.364 Grams 9x6x4mm NWA 8455 Lunar Individual Moon Meteorite Northwest Africa,18.99,2025-04-18,364,0.05,WorthPoint
nwa-lunar-meteorite,2.11 Grams 17mm NWA 13974 Lunar ( With Polished Window ) Moon Meteorite With COA,48.99,2025-04-18,2.11,23.22,WorthPoint
nwa-lunar-meteorite,3.53 Grams 21mm NWA 13974 Lunar ( With Polished Window ) Moon Meteorite With COA,84.99,2025-04-18,3.53,24.08,WorthPoint
nwa-lunar-meteorite,1.13 Grams NWA 17352 Lunar (frag. Breccia) Slice Moon Meteorite With A COA,36.99,2025-04-17,1.13,32.73,WorthPoint
nwa-lunar-meteorite,1.21 Grams 13mm NWA 15373 Lunar Frag. Breccia Meteorite Polished Window With COA,24.99,2025-04-15,1.21,20.65,WorthPoint
nwa-lunar-meteorite,NWA 15482 Lunar Meteorite Ultra Thin Slice! Weight .54 Grams .6 Inch Troc,35,2025-04-14,54,0.65,WorthPoint
nwa-lunar-meteorite,1.55 Grams 14mm NWA 15373 Lunar Frag. Breccia Meteorite Polished Window With COA,32.99,2025-04-14,1.55,21.28,WorthPoint
nwa-lunar-meteorite,"Meteorite**NWA 14685, Lunar Felds. Breccia**2.934 Gram, Gorgeous Slice!!!",275,2025-04-13,2.934,93.73,WorthPoint
nwa-lunar-meteorite,Meteorite: NWA 13788 Weight 3.915 Grams! Gorgeous!,350,2025-04-13,3.915,89.4,WorthPoint
nwa-lunar-meteorite,1.44 Grams NWA 17352 Lunar (frag. Breccia) Slice Moon Meteorite With A COA,38.99,2025-04-13,1.44,27.08,WorthPoint
nwa-lunar-meteorite,NWA 17353 Lun 5.54g Slice Of A New Lunar Breccia Meteorite,162.5,2025-04-12,5.54,29.33,WorthPoint
nwa-lunar-meteorite,NWA 17353 Lun 1.92g Slice Of A New Lunar Breccia Meteorite,85,2025-04-12,1.92,44.27,WorthPoint
nwa-lunar-meteorite,NWA 16315 Lun 4.33g Vesiculated Slice Of Lunar Melt Breccia Meteorite,152.5,2025-04-12,4.33,35.22,WorthPoint
nwa-lunar-meteorite,.592 Grams NWA 17352 Lunar (frag. Breccia) Slice Moon Meteorite With A COA,19.99,2025-04-11,592,0.03,WorthPoint
nwa-lunar-meteorite,Lunar Mare Basalt NWA 14526 Meteorite 0.947g - Rare Unbrecciated W/ Shock Vein!,469,2025-04-11,0.947,495.25,WorthPoint
nwa-lunar-meteorite,Meteorite NWA 11273 Achondrite Lunar Feldspathic Breccia - 11273-0284 - 1.57g,99.95,2025-04-10,1.57,63.66,WorthPoint
nwa-lunar-meteorite,5.46 Grams 23mm NWA 13974 Lunar ( With Polished Window ) Moon Meteorite With COA,129.99,2025-04-10,5.46,23.81,WorthPoint
nwa-lunar-meteorite,1.35 Grams 15mm NWA 15373 Lunar Frag. Breccia Meteorite Polished Window With COA,32.99,2025-04-10,1.35,24.44,WorthPoint
nwa-lunar-meteorite,"NWA 13962 Moon/Lunar Meteorite, Feldspathic Breccia, , 12.7 Grams 100mm X50mm",40,2025-04-10,12.7,3.15,WorthPoint
nwa-lunar-meteorite,3.92 Grams NWA 17352 Lunar (frag. Breccia) Slice Moon Meteorite With A COA,119.99,2025-04-09,3.92,30.61,WorthPoint
nwa-lunar-meteorite,MOON ROCK / LUNAR Feldspathic Breccia - Bechar 003 1.2g *Great Price! (1110bs),48,2025-04-09,1.2,40,WorthPoint
nwa-lunar-meteorite,MOON ROCK / LUNAR Feldspathic Breccia - Bechar 003 6.7g *Great Price! (1110bo),167,2025-04-08,6.7,24.93,WorthPoint
nwa-lunar-meteorite,.967 Grams NWA 17352 Lunar (frag. Breccia) Slice Moon Meteorite With A COA,31.99,2025-04-08,967,0.03,WorthPoint
nwa-lunar-meteorite,NWA 11266 Lunar Feldspathic Breccia Meteorite 4.1 Gram Fragment,61.2,2025-04-08,4.1,14.93,WorthPoint
nwa-lunar-meteorite,.677 Grams 15x9x2mm NWA 15373 Lunar Fragmental Breccia Meteorite Slice With COA,24.99,2025-04-07,677,0.04,WorthPoint
nwa-lunar-meteorite,"NEW Polymict Lunar Breccia Meteorite 9.15g, Big, Beautiful Slice Of The MOON!",326.18,2025-04-07,9.15,35.65,WorthPoint
nwa-lunar-meteorite,2.7g Corner Cut Of NWA 16784 Lunar Troctolitic Melt Breccia- Rare Type!!!,135,2025-04-06,2.7,50,WorthPoint
nwa-lunar-meteorite,"NWA 14681 Lunar Troctolite Meteorite 27.5g, Polished Slice. Own The Moon!",523.1,2025-04-06,27.5,19.02,WorthPoint
nwa-lunar-meteorite,NWA 16315 Lun 3.18g Slice Of Lunar Melt Breccia Meteorite,108.88,2025-04-05,3.18,34.24,WorthPoint
nwa-lunar-meteorite,NWA 16315 Lun 0.83g Slice Of Lunar Melt Breccia Meteorite,29,2025-04-05,0.83,34.94,WorthPoint
nwa-lunar-meteorite,1.61 Grams 12mm NWA 13974 Lunar ( With Polished Window ) Moon Meteorite With COA,38.99,2025-04-04,1.61,24.22,WorthPoint
nwa-lunar-meteorite,.363 Grams 1 1x8x4mm NWA 11303 Lunar Feldspathic Breccia As Found Meteorite +COA,15.99,2025-04-04,363,0.04,WorthPoint
nwa-lunar-meteorite,1.38 Grams 12mm NWA 13974 Lunar ( With Polished Window ) Moon Meteorite With COA,33.99,2025-04-04,1.38,24.63,WorthPoint
nwa-lunar-meteorite,2.43 Grams 18mm NWA 13974 Lunar ( With Polished Window ) Moon Meteorite With COA,59.99,2025-04-04,2.43,24.69,WorthPoint
nwa-lunar-meteorite,4.2g End Piece Of NWA 16286 Lunar Basalt- The Rarest Lunar Type!!!,588,2025-04-04,4.2,140,WorthPoint
nwa-lunar-meteorite,NWA 13974 Lunar Bechar Meteorite,400,2025-04-03,,,WorthPoint
nwa-lunar-meteorite,NWA 482 - 0.34 Gm - LUNAR Impact Melt Breccia (anorth) Slice With Crust,290,2025-04-03,0.34,852.94,WorthPoint
nwa-lunar-meteorite,.172 Grams NWA 17352 Lunar (frag. Breccia) Slice Moon Meteorite With A COA,6.49,2025-04-03,172,0.04,WorthPoint
nwa-lunar-meteorite,Meteorite: Nwa 14685 Lunar Felds. Breccia Weigh- 1.214 Grams,85,2025-04-02,1.214,70.02,WorthPoint
nwa-lunar-meteorite,Meteorite NWA 15604 Lunar Breccia With Swirling Flow ! High Quality Thin Section,170,2025-04-01,,,WorthPoint
nwa-lunar-meteorite,"NWA 16484 Lunar Breccia Meteorite, Colorful, 11.78g Slice Of MOON! Mirror Polish",307,2025-03-31,11.78,26.06,WorthPoint
nwa-lunar-meteorite,"NWA 17270 Lunar Breccia Meteorite 53.25g, Crazy Colorful, End Cut Of The MOON!",600,2025-03-31,53.25,11.27,WorthPoint
nwa-lunar-meteorite,.521 Grams NWA 17352 Lunar RARE (info Soon) Slice Moon Meteorite With A COA,60,2025-03-30,521,0.12,WorthPoint
nwa-lunar-meteorite,1.79 Grams NWA 17352 Lunar (frag. Breccia) Slice Moon Meteorite With A COA,53.99,2025-03-30,1.79,30.16,WorthPoint
nwa-lunar-meteorite,"NEW!! RARE!! NWA 8743 Eucrite, Melt Breccia, 4.95 Grams Polished Part Slice",8.5,2025-03-30,4.95,1.72,WorthPoint
nwa-lunar-meteorite,Lunar Brecchia Meteorite. NWA 15373. 3.06 Grams,70,2025-03-29,3.06,22.88,WorthPoint
nwa-lunar-meteorite,NWA 17353 Lun 4.07g Slice O A New Lunar Breccia Meteorite,97,2025-03-29,4.07,23.83,WorthPoint
nwa-lunar-meteorite,NWA 16315 Lun 1.99g Slice Of Lunar Melt Breccia Meteorite,69,2025-03-29,1.99,34.67,WorthPoint
nwa-lunar-meteorite,"Meteorite**NWA 14685, Lunar Felds. Breccia**3.805 Gram, Gorgeous Slice!!!",169.99,2025-03-29,3.805,44.68,WorthPoint
nwa-lunar-meteorite,.764 Grams NWA 17352 Lunar (frag. Breccia) Fragments Moon Meteorite With A COA,17,2025-03-28,764,0.02,WorthPoint
nwa-lunar-meteorite,.491 Grams NWA 17352 Lunar (frag. Breccia) Slice Moon Meteorite With A COA,16.99,2025-03-28,491,0.03,WorthPoint
nwa-lunar-meteorite,2.47 Grams NWA 17352 Lunar RARE (info Soon) Slice Moon Meteorite With A COA,74.58,2025-03-28,2.47,30.19,WorthPoint
nwa-lunar-meteorite,NWA 2995 MOON Meteorite Medal (first Series),70,2025-03-26,,,WorthPoint
nwa-lunar-meteorite,1.98 Grams 14mm NWA 15373 Lunar Frag. Breccia Meteorite Polished Window With COA,28.99,2025-03-26,1.98,14.64,WorthPoint
nwa-lunar-meteorite,NWA 17353 Lun 1.53g Slice Of A New Lunar Breccia Meteorite,90,2025-03-26,1.53,58.82,WorthPoint
nwa-lunar-meteorite,NWA 17353 Lun 0.76g Slice Of A New Lunar Breccia Meteorite,46,2025-03-25,0.76,60.53,WorthPoint
nwa-lunar-meteorite,.677 Grams 14x11x3mm Slice NWA 11303 Lunar Feldspathic Breccia Meteorite + COA,26.99,2025-03-25,677,0.04,WorthPoint
nwa-lunar-meteorite,.290 Grams 8mm NWA 13974 Lunar Fragment Moon Meteorite Feldsp. Breccia With COA,13,2025-03-25,290,0.04,WorthPoint
nwa-lunar-meteorite,"Meteorite**Ksar Ghilane 022, Achon. Ung.**1.331 Gram, Possible Link To Phobos!!",57,2025-03-24,1.331,42.82,WorthPoint
nwa-lunar-meteorite,"Meteorite**NWA 13788, Lunar Melt Breccia*1.241 Gram Gorgeous Individua! Last One",39,2025-03-24,1.241,31.43,WorthPoint
nwa-lunar-meteorite,"Meteorite**NWA 13788, Lunar Melt Breccia**1.611 Gram, HIGHEST QUALITY SLICE!!!!",61,2025-03-24,1.611,37.86,WorthPoint
nwa-lunar-meteorite,"Meteorite**NWA 14685, Lunar Felds. Breccia**0.448 Gram, Gorgeous Part-slice!!!",29,2025-03-24,0.448,64.73,WorthPoint
nwa-lunar-meteorite,10.5 Grams NWA 17352 Lunar RARE (info Soon) Slice Moon Meteorite With A COA,299.99,2025-03-23,10.5,28.57,WorthPoint
nwa-lunar-meteorite,.273 Grams 9mm NWA 11474 Lunar Feldsp. Breccia Meteorite Individual With COA,12.99,2025-03-22,273,0.05,WorthPoint
nwa-lunar-meteorite,NWA 16315 Lun 3.74g Slice Of Lunar Melt Breccia Meteorite,127.5,2025-03-22,3.74,34.09,WorthPoint
nwa-lunar-meteorite,NWA 16315 Lun 0.94g Slice Of Lunar Melt Breccia Meteorite,33,2025-03-22,0.94,35.11,WorthPoint
nwa-lunar-meteorite,NWA 17353 Lun 2.75g Slice Of Lunar Breccia Meteorite Under Study,129,2025-03-21,2.75,46.91,WorthPoint
nwa-lunar-meteorite,MOON ROCK / LUNAR Feldspathic Breccia - Bechar 003 .53g *Great Price! (1110bu),27,2025-03-20,53,0.51,WorthPoint
nwa-lunar-meteorite,2.28 Grams NWA 17352 Lunar RARE (info Soon) Slice Moon Meteorite With A COA,81,2025-03-20,2.28,35.53,WorthPoint
nwa-lunar-meteorite,2.15 Grams NWA 17352 Lunar RARE (info Soon) Slice Moon Meteorite With A COA,62.99,2025-03-20,2.15,29.3,WorthPoint
nwa-lunar-meteorite,2.21 Grams 16mm NWA 15373 Lunar Fragmental Breccia As Found Meteorite With COA,40.99,2025-03-20,2.21,18.55,WorthPoint
nwa-lunar-meteorite,1.49 Grams 14mm NWA 15373 Lunar Frag. Breccia Meteorite Polished Window With COA,31.99,2025-03-17,1.49,21.47,WorthPoint
nwa-lunar-meteorite,"Meteorite**NWA 14685, Lunar Felds. Breccia**0.965 Gram, Gorgeous Part-slice!!!",28,2025-03-17,0.965,29.02,WorthPoint
nwa-lunar-meteorite,2.66 Grams NWA 17352 Lunar RARE (info Soon) Slice Moon Meteorite With A COA,98.5,2025-03-16,2.66,37.03,WorthPoint
nwa-lunar-meteorite,NWA 17353 Lun 2.08g Slice Of Lunar Breccia Meteorite Under Study,83,2025-03-15,2.08,39.9,WorthPoint
nwa-lunar-meteorite,NWA 16315 Lun 0.61g Slice Of Lunar Melt Breccia Meteorite,26,2025-03-15,0.61,42.62,WorthPoint
nwa-lunar-meteorite,1.28 Grams 18mm NWA 15373 Lunar Frag. Breccia Meteorite Polished Window With COA,29.99,2025-03-14,1.28,23.43,WorthPoint
nwa-lunar-meteorite,"NWA 482 Stone, Achondrite, Lunar Found 2000 Morocco 0.012 G",12,2025-03-13,0.012,1000,WorthPoint
nwa-lunar-meteorite,1.56 Grams 16x9x7mm NWA 13974 Lunar As Found Meteorite Feldsp. Breccia W/COA,54,2025-03-13,1.56,34.62,WorthPoint
nwa-lunar-meteorite,6.27 Grams NWA 17352 Lunar RARE (info Soon) Slice Moon Meteorite With A COA,220,2025-03-13,6.27,35.09,WorthPoint
nwa-lunar-meteorite,.377 Grams 12x8x2mm NWA 11898 Lunar Slice Moon Meteorite Feldspathic Breccia COA,15.99,2025-03-11,377,0.04,WorthPoint
nwa-lunar-meteorite,.610 Grams 15mm NWA 14685 Lunar Moon Meteorite Small Slice With A COA,18.49,2025-03-11,610,0.03,WorthPoint
nwa-lunar-meteorite,.094 Grams 7x3x1.5mm NWA 6950 Lunar (gabbro) Meteorite Fragment With A COA,14.99,2025-03-10,94,0.16,WorthPoint
nwa-lunar-meteorite,"NEW!! RARE!! NWA 8743 Eucrite, Melt Breccia, 3.80 Grams Polished Part Slice",14.5,2025-03-09,3.8,3.82,WorthPoint
nwa-lunar-meteorite,"""fragments .304 Grams NWA 13951 """"starry Night"""" Lunar Meteorite Breccia With COA""",13.99,2025-03-09,304,0.05,WorthPoint
nwa-lunar-meteorite,NWA 17353 Lun 2.38g Slice Of Lunar Breccia Meteorite Under Study,48.13,2025-03-08,2.38,20.22,WorthPoint
nwa-lunar-meteorite,.358 Grams 8x6x5mm NWA 8455 Lunar Individual Moon Meteorite Northwest Africa,16.99,2025-03-08,358,0.05,WorthPoint
nwa-lunar-meteorite,.375 Grams 9x6x5mm NWA 8455 Lunar Individual Moon Meteorite Northwest Africa,16.99,2025-03-08,375,0.05,WorthPoint
nwa-lunar-meteorite,.384 Grams 9mm NWA 14685 Lunar Moon Meteorite Small Slice With A COA,12.99,2025-03-08,384,0.03,WorthPoint
nwa-lunar-meteorite,MOON ROCK / LUNAR Feldspathic Breccia - Bechar 003 4.0g *Great Price! (1110bp),112,2025-03-08,4,28,WorthPoint
nwa-lunar-meteorite,NWA 17353 Lun 0.26g Slice Of Lunar Breccia Meteorite Under Study,17,2025-03-08,0.26,65.38,WorthPoint
nwa-lunar-meteorite,3.40 Grams NWA 17352 Lunar RARE (info Soon) Slice Moon Meteorite With A COA,110,2025-03-08,3.4,32.35,WorthPoint
nwa-lunar-meteorite,.611 Gram NWA 11898 Lunar Fragments From Moon Meteorite Feldspathic Breccia +COA,13.5,2025-03-07,611,0.02,WorthPoint
nwa-lunar-meteorite,NWA 16286 2.5 G End Cut Lunar Mare Basalt Meteorite From Lunar Mare,280,2025-03-06,2.5,112,WorthPoint
nwa-lunar-meteorite,NWA 15373 (1.338g) Polished End Cut Meteorite Slice IMCA #s 6236 & 7294 Sellers,55,2025-03-06,1.338,41.11,WorthPoint
nwa-lunar-meteorite,2.39 Grams NWA 17352 Lunar RARE (info Soon) Slice Moon Meteorite With A COA,79,2025-03-06,2.39,33.05,WorthPoint
nwa-lunar-meteorite,.313 Grams NWA 8455 Lunar As Found Individual Moon Meteorite Northwest Africa,16.99,2025-03-05,313,0.05,WorthPoint
nwa-lunar-meteorite,.010 Grams 3x2x1mm NWA 6950 Lunar (gabbro) Meteorite Fragment With A COA,7.99,2025-03-05,10,0.8,WorthPoint
nwa-lunar-meteorite,.977 Gram 18x11x2mm NWA 14681 Lunar RARE (troctolitic Anorthosite) Meteorite COA,84.99,2025-03-05,977,0.09,WorthPoint
nwa-lunar-meteorite,"RSR- NWA 4483 Lunar Meteorite ‚Äì Authentic Moon Rock, Rare And Certified .0042g",225,2025-03-03,42,5.36,WorthPoint
nwa-lunar-meteorite,.098 Grams NWA 8607 Lunar Meteorite Cut Fragment With A COA,8.99,2025-03-03,98,0.09,WorthPoint
nwa-lunar-meteorite,"NWA 17270 Lunar Breccia Meteorite 40.8g, Crazy Colorful, End Cut Of The MOON!",457,2025-03-03,40.8,11.2,WorthPoint
nwa-lunar-meteorite,.432 Grams 13x10x1.5mm NWA 6950 Lunar (gabbro) Meteorite Fragment With A COA,69.99,2025-03-02,432,0.16,WorthPoint
nwa-lunar-meteorite,.044 Grams 4x3x2mm NWA 6950 Lunar (gabbro) Meteorite Fragment With A COA,9.99,2025-03-02,44,0.23,WorthPoint
nwa-lunar-meteorite,NWA 4884 LUNAR Meteorite Northwest Africa RARE Basalt-rich Breccia Moon IMCA,25,2025-03-01,,,WorthPoint
nwa-lunar-meteorite,NWA X Lun 4.66g Slice Of Lunar Breccia Meteorite Under Study,81,2025-03-01,4.66,17.38,WorthPoint
nwa-lunar-meteorite,.290 Grams 9x7x2mm NWA 11898 Lunar Slice Moon Meteorite Feldspathic Breccia +COA,11.99,2025-02-28,290,0.04,WorthPoint
nwa-lunar-meteorite,Lunar Meteorite NWA 5000 .490 Gram Section,312.5,2025-02-27,490,0.64,WorthPoint
nwa-lunar-meteorite,Meteorite Moon Dust Vial Jewelry,93.75,2025-02-27,,,WorthPoint
nwa-lunar-meteorite,0.19g NWA 16286 Lunar Basalt- The Rarest Lunar Type!!!,28.5,2025-02-27,0.19,150,WorthPoint
nwa-lunar-meteorite,Meteorite: Hassi Zerara 001 Weight: 2.445 Grams,1600,2025-02-26,2.445,654.4,WorthPoint
nwa-lunar-meteorite,.168 Grams 9x7x2mm NWA 11898 Lunar Slice Moon Meteorite Feldspathic Breccia +COA,6.99,2025-02-26,168,0.04,WorthPoint
nwa-lunar-meteorite,0.37g NWA 16286 Lunar Basalt- The Rarest Lunar Type!!!,48.1,2025-02-25,0.37,130,WorthPoint
nwa-lunar-meteorite,"NEW!! RARE!! NWA 8743 Eucrite, Melt Breccia, 2.32 Grams Polished Part Slice",11.61,2025-02-23,2.32,5,WorthPoint
nwa-lunar-meteorite,0.35g NWA 16286 Lunar Basalt- The Rarest Lunar Type!!!,45.5,2025-02-23,0.35,130,WorthPoint
nwa-lunar-meteorite,0.29g NWA 16286 Lunar Basalt- The Rarest Lunar Type!!!,40.6,2025-02-23,0.29,140,WorthPoint
nwa-lunar-meteorite,3 Grams NWA 11273 Lunar Meteorites,100,2025-02-23,3,33.33,WorthPoint
nwa-lunar-meteorite,0.10g NWA 16286 Lunar Basalt- The Rarest Lunar Type!!!,16,2025-02-23,0.1,160,WorthPoint
nwa-lunar-meteorite,"NWA 15373 (13.61g) Polished Lunar Frag. Breccia Meteorite End Cut, IMCA Sellers",478,2025-02-23,13.61,35.12,WorthPoint
nwa-lunar-meteorite,NWA 11182 Lun 13.37g Lunar Breccia Meteorite From The Moon,499,2025-02-22,13.37,37.32,WorthPoint
nwa-lunar-meteorite,"Meteorite**Hassi Zerara 001, Lunar Mare Basalt**1.400 Grams, Transitional-Ti !!!",1100,2025-02-22,1.4,785.71,WorthPoint
nwa-lunar-meteorite,NWA 14041 Lunar Meteorite Fragment,224,2025-02-20,,,WorthPoint
nwa-lunar-meteorite,#6 MOON LUNAR METEORITE - 36.00 Grams - Feldspathic Breccia - NWA 11828,900,2025-02-20,36,25,WorthPoint
nwa-lunar-meteorite,Large Lunar Moon Meteorite Slice58.4 Grams W / COA NWA 14686,67.5,2025-02-20,58.4,1.16,WorthPoint
nwa-lunar-meteorite,""".862 Gram NWA 13951 """"starry Night"""" Lunar Meteorite Feldspathic Breccia With COA""",49.99,2025-02-18,862,0.06,WorthPoint
nwa-lunar-meteorite,NWA 13951 Starry Night Lunar Meteorite 8.9 Grams Slice Of The Moon!,360,2025-02-17,8.9,40.45,WorthPoint
nwa-lunar-meteorite,"Meteorite**Ksar Ghilane 022, Achon. Ung.**0.879 Gram, Possible Link To Phobos!!",41,2025-02-17,0.879,46.64,WorthPoint
nwa-lunar-meteorite,"Meteorite**NWA 14685, Lunar Felds. Breccia**2.959 Gram, Gorgeous Part-slice!!!",61,2025-02-17,2.959,20.62,WorthPoint
nwa-lunar-meteorite,"NEW!! RARE!! NWA 8743 Eucrite, Melt Breccia, 1.76 Grams Polished Part Slice",8,2025-02-16,1.76,4.55,WorthPoint
nwa-lunar-meteorite,.302 Grams 8x5x5mm NWA 8455 Lunar Individual Moon Meteorite Northwest Africa,11.99,2025-02-16,302,0.04,WorthPoint
nwa-lunar-meteorite,1.15 Grams 13mm NWA 15373 Lunar Frag. Breccia Meteorite Polished Window With COA,28.99,2025-02-14,1.15,25.21,WorthPoint
nwa-lunar-meteorite,"Meteorite**NWA 14685, Lunar Felds. Breccia**2.167 Gram, Gorgeous Slice!!!",199,2025-02-13,2.167,91.83,WorthPoint
nwa-lunar-meteorite,1.95 Grams 15mm NWA 15373 Lunar Frag. Breccia Meteorite Polished Window With COA,38.99,2025-02-12,1.95,19.99,WorthPoint
nwa-lunar-meteorite,"Tiglit Aubrite Meteorite, Ancient And Rare Space Artifact, Certified",85,2025-02-12,,,WorthPoint
nwa-lunar-meteorite,1.37 Grams 13mm NWA 13974 Lunar ( With Polished Window ) Moon Meteorite With COA,33.99,2025-02-10,1.37,24.81,WorthPoint
nwa-lunar-meteorite,NWA 8343 Achondrite Howardite Meteorite - G511-0268 - 1.24g COA - Gorgeous End,8.5,2025-02-09,1.24,6.85,WorthPoint
nwa-lunar-meteorite,NWA 5000 Meteorite & Apollo 13 Silver Coin Flown Medal LUNAR MOON Franklin Mint,149.99,2025-02-09,,,WorthPoint
nwa-lunar-meteorite,.479 Grams 20x6x2mm NWA 15373 Lunar Fragmental Breccia Meteorite Slice With COA,17.99,2025-02-07,479,0.04,WorthPoint
nwa-lunar-meteorite,"Authentic NWA 15018 Lunar Meteorite, Certified Moon Rock",67,2025-02-05,,,WorthPoint
nwa-lunar-meteorite,2.32 Grams 15mm NWA 15373 Lunar Frag. Breccia Meteorite Polished Window With COA,46.99,2025-02-03,2.32,20.25,WorthPoint
nwa-lunar-meteorite,"NWA 16520g 2.87g Lunar (frag. Breccia) Meteorites, Lot Of 6 Pcs, Buried Samples",31,2025-02-03,16520,0,WorthPoint
nwa-lunar-meteorite,1.92 Grams 21x9x8mm NWA 8455 Lunar Individual Moon Meteorite Northwest Africa,58.99,2025-02-02,1.92,30.72,WorthPoint
nwa-lunar-meteorite,35.1 Gram POSSIBLE NWA 11237 LUNAR METEORITE!!,11.5,2025-02-02,35.1,0.33,WorthPoint
nwa-lunar-meteorite,1.82 Grams 15mm NWA 15373 Lunar Frag. Breccia Meteorite Polished Window With COA,36.99,2025-02-01,1.82,20.32,WorthPoint
nwa-lunar-meteorite,.590 Grams 11mm NWA 15373 As Found Lunar Fragmental Breccia Meteorite With A COA,13.99,2025-01-31,590,0.02,WorthPoint
nwa-lunar-meteorite,.265 Grams NWA 11237 Lunar Meteorite (feldspathic Breccia) Fragment With A COA,17.99,2025-01-31,265,0.07,WorthPoint
nwa-lunar-meteorite,"Meteorite**NWA 14900; LUNAR FRAGMENTAL BRECCIA**1.727 Gram, W/Dunite Clasts!!!",160,2025-01-31,1.727,92.65,WorthPoint
nwa-lunar-meteorite,NWA 5000 From The Lunar Highlands! 0.842 Gram Slice,330,2025-01-30,0.842,391.92,WorthPoint
nwa-lunar-meteorite,2.19 Grams 18mm NWA 13974 Lunar ( With Polished Window ) Moon Meteorite With COA,49.99,2025-01-30,2.19,22.83,WorthPoint
nwa-lunar-meteorite,LUNAR Meteorite NWA 15373 Fragmental Breccia 1 Of 29! Huge FULL 32.5g Moon Slice,1480,2025-01-29,32.5,45.54,WorthPoint
nwa-lunar-meteorite,3.34 Grams 17mm NWA 13974 Lunar ( With Polished Window ) Moon Meteorite With COA,79.99,2025-01-28,3.34,23.95,WorthPoint
nwa-lunar-meteorite,"NWA 17270 Lunar Breccia Meteorite 16.65g, Crazy Colorful, Slice Of MOON!",265.01,2025-01-27,16.65,15.92,WorthPoint
nwa-lunar-meteorite,Large Lunar Moon Meteorite Slice 584gramss W / COA NWA 14686,150,2025-01-25,584,0.26,WorthPoint
nwa-lunar-meteorite,"Meteorite**NWA 16716, Lunar Fragmental Breccia**9.949 Grams,W/Glass Sphere Inc.!",224.5,2025-01-25,9.949,22.57,WorthPoint
nwa-lunar-meteorite,60mm 12.22grams NWA 15366 Lunar Frag. Breccia Meteorite Polished Window With COA,20.29,2025-01-23,12.22,1.66,WorthPoint
nwa-lunar-meteorite,NWA 15373 (12.79g) Polished Lunar Frag. Breccia Meteorite End Cut IMCA Sellers,449,2025-01-22,12.79,35.11,WorthPoint
nwa-lunar-meteorite,"NWA 16520g 15.9g Lunar (frag. Breccia) Meteorite Whole Stone, Buried Sample",390,2025-01-22,16520,0.02,WorthPoint
nwa-lunar-meteorite,"Kialara Unloaded (Unfunded) ""To The Moon"" 0.1 Bitcoin (BTC) 2017 Genuine PCGS,",9000,2025-01-20,2017,4.46,WorthPoint
nwa-lunar-meteorite,1.20 Grams 16mm NWA 11474 Lunar Feldsp. Breccia Meteorite Individual With COA,79.99,2025-01-20,1.2,66.66,WorthPoint
nwa-lunar-meteorite,"Meteorite**NWA 16349, Lunar Mare Basalt/Gabbro Breccia**0.390 Grams, APOLLO 14!",67,2025-01-20,0.39,171.79,WorthPoint
nwa-lunar-meteorite,"Meteorite**NWA 13992, Polymict Frag. Lunar Breccia**2.431 Gram, HARVAST MOON!!!",71,2025-01-20,2.431,29.21,WorthPoint
nwa-lunar-meteorite,"NEW NWA 17270 Lunar Breccia Meteorite 40.32, Colorful, End Slice Of MOON!",510,2025-01-20,,,WorthPoint
nwa-lunar-meteorite,1.07 Grams 14mm NWA 15373 Lunar Frag. Breccia Meteorite Polished Window With COA,21.49,2025-01-18,1.07,20.08,WorthPoint
nwa-lunar-meteorite,""".470 Gram NWA 13951 """"starry Night"""" Lunar Meteorite Feldspathic Breccia With COA""",22.99,2025-01-17,470,0.05,WorthPoint
nwa-lunar-meteorite,NWA 14695 Lunar Meteorite üåô Moon Rock 7.1 Gram Stone By Steve Of Meteorite Men,355,2025-01-17,7.1,50,WorthPoint
nwa-lunar-meteorite,.775 Grams 14mm NWA 15373 Lunar Frag. Breccia Meteorite Polished Window With COA,17.5,2025-01-16,775,0.02,WorthPoint
nwa-lunar-meteorite,Genuine Moon Rock Lunar Meteorite NWA 11788 Noyes Collection,27.99,2025-01-15,,,WorthPoint
nwa-lunar-meteorite,NWA 11266 Lunar Feldspathic Breccia Meteorite 0.97 Gram Fragment,14.5,2025-01-15,0.97,14.95,WorthPoint
nwa-lunar-meteorite,.501 Grams NWA 11237 Lunar Meteorite (feldspathic Breccia) Fragment With A COA,34.99,2025-01-13,501,0.07,WorthPoint
nwa-lunar-meteorite,"Metiorite NWA 5000 Authentic Material From The Lunar Highlands 1,116 Milligram",299,2025-01-12,,,WorthPoint
nwa-lunar-meteorite,0.191g Lunar Basalt Breccia - Rare Lunar Meteorite Type - TOP METEORITE,477,2025-01-11,0.191,2497.38,WorthPoint
nwa-lunar-meteorite,"Lunar Meteorite NWA 15018, Rare Moon Rock From Space, Certified",60,2025-01-11,,,WorthPoint
nwa-lunar-meteorite,"NWA 15018 Lunar Meteorite ‚Äì Authentic Moon Rock, Rare And Certified",37,2025-01-10,,,WorthPoint
nwa-lunar-meteorite,NWA 11273 Lunar Meteorite ~ Individual ~ 11.7 G ~ Excellent Detail And Patina!!,295,2025-01-10,11.7,25.21,WorthPoint
nwa-lunar-meteorite,.358 Grams 8mm NWA 13974 Lunar Fragment Moon Meteorite Feldsp. Breccia With COA,34,2025-01-09,358,0.09,WorthPoint
nwa-lunar-meteorite,2.07 Grams 16mm NWA 15373 Lunar Fragmental Breccia As Found Meteorite With COA,41.99,2025-01-08,2.07,20.29,WorthPoint
nwa-lunar-meteorite,1.47 Grams 19mm NWA 11788 Lunar Meteorite (feldspathic Breccia) Comes With A COA,69.99,2025-01-06,1.47,47.61,WorthPoint
nwa-lunar-meteorite,Lunar & Mars Meteorite Specimens With COA,25,2025-01-06,,,WorthPoint
nwa-lunar-meteorite,"Meteorite**NWA 14900; LUNAR FRAGMENTAL BRECCIA**9.940 Gram, W/Dunite Clasts!!!",255.65,2025-01-06,9.94,25.72,WorthPoint
nwa-lunar-meteorite,"Meteorite**NWA 15000, Eucrite Polymict**22.928 Gram Individual With Glossy Crust",77.56,2025-01-06,22.928,3.38,WorthPoint
nwa-lunar-meteorite,"Meteorite**NWA 13788, Lunar Melt Breccia*1.129 Gram Gorgeous Individua!! Rare!!!",36,2025-01-06,1.129,31.89,WorthPoint
nwa-lunar-meteorite,"Meteorite**NWA 11228, Lunar Felds. Breccia**1.032 Gram, Beautiful Endcut!!!",28,2025-01-06,1.032,27.13,WorthPoint
nwa-lunar-meteorite,"NWA 16520g 0.71g Lunar (frag. Breccia) Meteorite Unmodified Stone, Buried Sample",5.5,2025-01-06,16520,0,WorthPoint
nwa-lunar-meteorite,2.81 Grams 18x10x10mm NWA 13974 Lunar As Found Meteorite Feldsp. Breccia W/COA,114,2025-01-05,2.81,40.57,WorthPoint
nwa-lunar-meteorite,.301 Grams 8mm NWA 11273 Lunar Moon Meteorite Cut Fragment With A COA,10.99,2025-01-04,301,0.04,WorthPoint
nwa-lunar-meteorite,.406 Grams 12x7x4mm NWA 13788 Lunar Fragment Meteorite Feldsp. Breccia With COA,13.99,2025-01-04,406,0.03,WorthPoint
nwa-lunar-meteorite,"NWA 11273 Lunar, 2.1 Gram Individual",90,2025-01-04,2.1,42.86,WorthPoint
nwa-lunar-meteorite,NWA 8343 Achondrite Howardite - Fresh - G511-0008 - 25.07g COA - Great End Cut,99.95,2025-01-03,25.07,3.99,WorthPoint
nwa-lunar-meteorite,"""3.64 Gram - NWA 11474 Lunar (feldsp. Breccia) Meteorite In """"As Found"""" Condition""",182,2025-01-03,3.64,50,WorthPoint
nwa-lunar-meteorite,3.04 Grams 15mm NWA 15373 Lunar Fragmental Breccia As Found Meteorite With COA,54.99,2025-01-01,3.04,18.09,WorthPoint
nwa-lunar-meteorite,.895 Grams 16x12x3mm NWA 13974 Lunar As Found Meteorite Feldsp. Breccia W/COA,38.99,2025-01-01,895,0.04,WorthPoint
nwa-lunar-meteorite,NWA 5000 Lunar Highlands Gabbro Meteorite 316mg + 130mg (2 Piece Set),199.99,2025-01-01,,,WorthPoint
nwa-lunar-meteorite,3.23 Grams 25x20x2.5mm NWA 11182 Lunar Moon Slice Meteorite Feldsp. Breccia +COA,118.99,2024-12-31,3.23,36.84,WorthPoint
nwa-lunar-meteorite,.732 Gram 13x11x3mm NWA 14681 Lunar RARE (troctolitic Anorthosite) Meteorite COA,67.99,2024-12-31,732,0.09,WorthPoint
nwa-lunar-meteorite,"""NWA 16484 Lunar """"Everything Rare"""" Meteorite 29.0g Colorful Moon End Cut""",700,2024-12-30,29,24.14,WorthPoint
nwa-lunar-meteorite,Lunar Rare Moon Rock From Meteorite NWA 4932 12mg,23.51,2024-12-30,,,WorthPoint
nwa-lunar-meteorite,.786 Grams 20mm NWA 15373 As Found Lunar Fragmental Breccia Meteorite With A COA,14.99,2024-12-29,786,0.02,WorthPoint
nwa-lunar-meteorite,Meteorite NWA 14147 R3-4 Rumuruti Chondrite 3.7 Gram Partial Cut With Crust,15.5,2024-12-29,3.7,4.19,WorthPoint
nwa-lunar-meteorite,"Meteorite**NWA 13992, Polymict Frag. Lunar Breccia**0.973 Gram, HARVAST MOON!!!",75,2024-12-26,0.973,77.08,WorthPoint
nwa-lunar-meteorite,"NWA 15658 (25.99g) Meteorite Polished Slice, Eucrite Melt Breccia, IMCA Sellers",155,2024-12-26,25.99,5.96,WorthPoint
nwa-lunar-meteorite,NWA 11266 Lunar Feldspathic Breccia Meteorite 1.3 Gram Fragment,28.51,2024-12-26,1.3,21.93,WorthPoint
nwa-lunar-meteorite,Moon Ring- Genuine Lunar Meteorite Jewelry - Size 7 - TOP METEORITE Jewelry,750,2024-12-25,,,WorthPoint
nwa-lunar-meteorite,3.06 Grams 23mm NWA 15373 As Found Lunar Fragmental Breccia Meteorite With A COA,59,2024-12-24,3.06,19.28,WorthPoint
nwa-lunar-meteorite,"Lunar Meteorite NWA 15018, Rare Moon Rock From Space",85,2024-12-24,,,WorthPoint
nwa-lunar-meteorite,.898 Grams 20mm NWA 15373 As Found Lunar Fragmental Breccia Meteorite With A COA,15.99,2024-12-23,898,0.02,WorthPoint
nwa-lunar-meteorite,Low Price! Superior Slice! Magnificent Nwa 11303 Lunar Meteorite! 19.6 Gms,1469.25,2024-12-22,19.6,74.96,WorthPoint
nwa-lunar-meteorite,.807 Grams NWA 11303 Lunar Feldspathic Breccia Meteorite Fragment With A COA,20.99,2024-12-22,807,0.03,WorthPoint
nwa-lunar-meteorite,2.84 Grams 14x10x8mm NWA 13974 Lunar End Cut Meteorite Feldsp. Breccia With COA,129.99,2024-12-22,2.84,45.77,WorthPoint
nwa-lunar-meteorite,Museum Quality! Many Pieces! Marvelous Nwa 12765 Lunar Meteorite! .531 Gms,51.75,2024-12-21,531,0.1,WorthPoint
nwa-lunar-meteorite,"Meteorite**NWA 14900; LUNAR FRAGMENTAL BRECCIA**0.747 Gram, W/Rare Dunite Clasts",75,2024-12-20,0.747,100.4,WorthPoint
nwa-lunar-meteorite,"Meteorite**NWA 14900; LUNAR FRAGMENTAL BRECCIA**1.770 Gram, W/Dunite Clasts!!!",150,2024-12-20,1.77,84.75,WorthPoint
nwa-lunar-meteorite,"NWA 15018 Lunar Meteorite, A Certified Space Artifact From The Moon",90,2024-12-20,,,WorthPoint
nwa-lunar-meteorite,"""3.59 Gram - NWA 11474 Lunar (feldsp. Breccia) Meteorite In """"As Found"""" Condition""",161.55,2024-12-18,3.59,45,WorthPoint
nwa-lunar-meteorite,"Rare NWA 15018 Lunar Meteorite, Certified Moon Rock",110,2024-12-17,,,WorthPoint
nwa-lunar-meteorite,.366 Grams NWA 11303 Lunar Feldspathic Breccia Meteorite Fragment With A COA,15.99,2024-12-16,366,0.04,WorthPoint
nwa-lunar-meteorite,1.67 Grams 17x10x7mm NWA 8455 Lunar Individual Moon Meteorite With A COA,49.99,2024-12-16,1.67,29.93,WorthPoint
nwa-lunar-meteorite,.190 Grams NWA 8607 Lunar Meteorite Fragment With A COA,12.99,2024-12-16,190,0.07,WorthPoint
nwa-lunar-meteorite,"Meteorite**NWA 13788, Lunar Melt Breccia*1.444 Gram Gorgeous Individua!! Rare!!!",20.5,2024-12-16,1.444,14.2,WorthPoint
nwa-lunar-meteorite,"NWA 16520g 1.29g Lunar (frag. Breccia) Meteorite Polished Window, Buried Sample",13.5,2024-12-16,16520,0,WorthPoint
nwa-lunar-meteorite,.518 Grams 10x7x6mm NWA 13974 Lunar As Found Meteorite Feldsp. Breccia With COA,43.99,2024-12-15,518,0.08,WorthPoint
nwa-lunar-meteorite,NWA 11331 (Lunar/Moon) Meteorite - With Display Case,37.13,2024-12-13,,,WorthPoint
nwa-lunar-meteorite,NWA 11266 Lunar Feldspathic Breccia Meteorite 0.7 Gram Fragment,22.39,2024-12-13,0.7,31.99,WorthPoint
nwa-lunar-meteorite,.100 Grams 7x3x3mm NWA 10644 Lunar Feldspathic Breccia Meteorite Fragment W/ COA,5.99,2024-12-12,100,0.06,WorthPoint
nwa-lunar-meteorite,.536 Grams 10mm NWA 11474 Lunar Feldspathic Breccia Meteorite Fragment With COA,14.99,2024-12-12,536,0.03,WorthPoint
nwa-lunar-meteorite,"NWA 16520g 0.98g Lunar (frag. Breccia) Meteorite Polished Window, Surface Sample",22.5,2024-12-12,16520,0,WorthPoint
nwa-lunar-meteorite,The Nagaoka Lunar Set - Hand Crafted Lunar Meteorite Jewelry - TOP METEORITE,1600,2024-12-11,,,WorthPoint
nwa-lunar-meteorite,.177 Grams 10mm NWA 14685 Lunar Moon Meteorite Cut Fragment With A COA,6.99,2024-12-09,177,0.04,WorthPoint
nwa-lunar-meteorite,"NWA 15018 Lunar Meteorite, Authentic Moon Rock",90,2024-12-09,,,WorthPoint
nwa-lunar-meteorite,"NWA 11474 Moon/Lunar Meteorite, Moon, Astronomy, Feldspathic Breccia, 4.48 Grams",235.5,2024-12-09,4.48,52.57,WorthPoint
nwa-lunar-meteorite,Meteorite NWA 5000 Authentic Material From The Lunar Highlands 1.67 G,600,2024-12-09,1.67,359.28,WorthPoint
nwa-lunar-meteorite,"NWA 16520g 4.20g Lunar (frag. Breccia) Meteorites, Lot Of 10 Pcs, Buried Samples",102.5,2024-12-09,16520,0.01,WorthPoint
nwa-lunar-meteorite,17.47 Gram Lunar Meteorite Endcut - Bechar 006 - Moon Rock Feldspathic Breccia,680,2024-12-09,17.47,38.92,WorthPoint
nwa-lunar-meteorite,"Lunar Meteorite NWA 15018, Rare Moon Rock",82,2024-12-08,,,WorthPoint
nwa-lunar-meteorite,Tiny Lunar Nwa 6950 Gabbro Specimen - Rare Meteorite - Only $7 Or Best Offer,7,2024-12-08,6950,0,WorthPoint
nwa-lunar-meteorite,.947 Grams 11mm NWA 11273 Lunar Moon Meteorite Fragment With A COA,34.99,2024-12-08,947,0.04,WorthPoint
nwa-lunar-meteorite,Apollo 10 Command Module Flown Kapton Foil And NWA 10203 Moon Rock In Deluxe Acrylic Display With Authentication By The Space Collective.,475,2024-12-07,,,WorthPoint
nwa-lunar-meteorite,Apollo 12 Command Module Flown Kapton Foil And NWA 10203 Moon Rock In Deluxe Acrylic Display With Authentication By The Space Collective.,450,2024-12-07,,,WorthPoint
nwa-lunar-meteorite,""".361 Gram NWA 13951 """"starry Night"""" Lunar Meteorite Feldspathic Breccia With COA""",17.99,2024-12-07,361,0.05,WorthPoint
nwa-lunar-meteorite,Meteorite: RARE Lunar Troctolitic Anorthosite NWA 16683 End Cut Of 17.8 Grams,529,2024-12-07,17.8,29.72,WorthPoint
nwa-lunar-meteorite,NWA 12345 Achondrite Howardite Meteorite - G689-0019 - 0.36g COA - RARE - ONLY 1,16.56,2024-12-07,0.36,46,WorthPoint
nwa-lunar-meteorite,1.87 Grams 17x13x7mm NWA 13974 Lunar As Found Meteorite Feldsp. Breccia W/COA,49.99,2024-12-07,1.87,26.73,WorthPoint
nwa-lunar-meteorite,.501 Grams 10mm NWA 11273 Lunar Moon Meteorite Fragment With A COA,15.99,2024-12-05,501,0.03,WorthPoint
nwa-lunar-meteorite,.470 Gram 10x9x2mm NWA 14681 Lunar RARE (troctolitic Anorthosite) Meteorite COA,33.99,2024-12-05,470,0.07,WorthPoint
nwa-lunar-meteorite,.431 Gram 9x8x2mm NWA 14681 Lunar RARE (troctolitic Anorthosite) Meteorite COA,29.99,2024-12-05,431,0.07,WorthPoint
nwa-lunar-meteorite,"Meteorite**NWA 13788, LUNAR MELT BRECCIA*10.222 Gram Gorgeous Endcut!! Rare!!!",799.99,2024-12-03,10.222,78.26,WorthPoint
nwa-lunar-meteorite,NWA 3163 Meteorite. Lunar Moon Rock- 12mg. In Gift Display Case.,15,2024-12-03,,,WorthPoint
nwa-lunar-meteorite,NWA 12345 Achondrite Howardite Meteorite - G689-0017 - 0.59g COA - Polymict-br,29.95,2024-12-03,0.59,50.76,WorthPoint
nwa-lunar-meteorite,MOON & MARS METEORITE ROCK DISPLAYS - 2 DELUXE EDITIONS+EASELS +CERTIFICATES Al,35.95,2024-12-02,,,WorthPoint
nwa-lunar-meteorite,"Meteorite: NWA 13992 -weigh 1.402 Grams- Lunar Endcut, Harvast Moon üåô",125,2024-12-02,1.402,89.16,WorthPoint
nwa-lunar-meteorite,NWA 12345 Achondrite Howardite Meteorite - G689-0016 - 0.48g COA - Polymict-br,23.95,2024-12-02,0.48,49.9,WorthPoint
nwa-lunar-meteorite,.442 Grams 10x10x2mm NWA 15583 Lunar Slice Meteorite Feldspathic Breccia W/ COA,18.99,2024-12-02,442,0.04,WorthPoint
nwa-lunar-meteorite,NWA 5000 Lunar Meteorite ~ Lunar Feldspathic Breccia ~ Lunar Highlands ~ 0.098 G,88,2024-12-02,0.098,897.96,WorthPoint
nwa-lunar-meteorite,"NWA 15373 (3.98g) Polished Lunar Frag. Breccia Meteorite Slice, IMCA Sellers",145,2024-12-02,3.98,36.43,WorthPoint
nwa-lunar-meteorite,.693 Gram 14x10x2mm NWA 11898 Lunar Slice Moon Meteorite Feldspathic Breccia COA,29,2024-11-30,693,0.04,WorthPoint
nwa-lunar-meteorite,6.96 Grams 26x20x9mm NWA 15373 End Cut Lunar Fragmental Breccia Meteorite COA,199.99,2024-11-30,6.96,28.73,WorthPoint
nwa-lunar-meteorite,.961 Grams NWA 11303 Lunar Feldspathic Breccia Meteorite Fragment With A COA,22.99,2024-11-30,961,0.02,WorthPoint
nwa-lunar-meteorite,"NWA 15373 (4.62g) Polished Lunar Frag. Breccia Meteorite Slice, IMCA Sellers",167,2024-11-29,4.62,36.15,WorthPoint
nwa-lunar-meteorite,"NWA 15373 (12.87g) Polished Lunar Frag. Breccia Meteorite End Cut, IMCA Sellers",449,2024-11-29,12.87,34.89,WorthPoint
nwa-lunar-meteorite,"Meteorite**NWA 16716, Lunar Fragmental Breccia**7.901 Grams, New Black Lunar!!!",325,2024-11-28,7.901,41.13,WorthPoint
nwa-lunar-meteorite,MOON & MARS METEORITE ROCK DISPLAYS -2 DELUXE EDITIONS +EASELS +CERTIFICATES Mc,35.95,2024-11-28,,,WorthPoint
nwa-lunar-meteorite,11.35 Gr NWA 13757 LUNAR MELT BRECCIA MOON METEORITE POLISHED SLICE CRUSTED,1000,2024-11-28,11.35,88.11,WorthPoint
nwa-lunar-meteorite,.381 Grams 12x8x2mm NWA 11182 Lunar Moon Slice Meteorite Feldsp. Breccia + COA,16.99,2024-11-27,381,0.04,WorthPoint
nwa-lunar-meteorite,"NWA 15373 Moon/Lunar Meteorite End Cut, Moon Meteorite, Astronomy Gift, 35.59g",1957,2024-11-26,35.59,54.99,WorthPoint
nwa-lunar-meteorite,.920 Grams 12mm NWA 13974 Lunar Fragment Moon Meteorite Feldsp. Breccia With COA,38,2024-11-26,920,0.04,WorthPoint
nwa-lunar-meteorite,1.61 Grams 13x12x9mm NWA 8455 Lunar Individual Moon Meteorite With A COA,53,2024-11-26,1.61,32.92,WorthPoint
nwa-lunar-meteorite,.557 Gram 16x10x2mm NWA 11898 Lunar Slice Moon Meteorite Feldspathic Breccia COA,15.99,2024-11-25,557,0.03,WorthPoint
nwa-lunar-meteorite,NWA 2727 Lunar Meteorite 1255 Grams/2.7lbs,230.5,2024-11-25,1255,0.18,WorthPoint
nwa-lunar-meteorite,NWA 11474 Meteorite. LUNAR (feldspar Breccia) 1.35grams. Nice Individual.,50,2024-11-24,1.35,37.04,WorthPoint
nwa-lunar-meteorite,NWA 13992 1.805 Grams ‚ÄúHarvest Moon‚Äù Polished Slice,60,2024-11-23,1.805,33.24,WorthPoint
nwa-lunar-meteorite,"Moon Rock Display, Lunar Meteorite, Basic Edition + Easel + Certificate",19.97,2024-11-23,,,WorthPoint
nwa-lunar-meteorite,Meteorite**NWA 14686 Lunar Fragmental Breccia*approx 60 Grams,290,2024-11-21,60,4.83,WorthPoint
nwa-lunar-meteorite,Meteorite**NWA 14686 Lunar Fragmental Breccia*approx 50 Grams,260,2024-11-21,50,5.2,WorthPoint
nwa-lunar-meteorite,NWA 11474 Lunar Meteorite,3250,2024-11-20,,,WorthPoint
nwa-lunar-meteorite,.044 Grams 4x3x2mm NWA 10644 Lunar Feldspathic Breccia Meteorite Fragment W/ COA,6.99,2024-11-20,44,0.16,WorthPoint
nwa-lunar-meteorite,Lunar Feldspathic Breccia And Martian Nakhlite Meteorite,47,2024-11-19,,,WorthPoint
nwa-lunar-meteorite,Meteorite**NWA 14686 Lunar Fragmental Breccia*approx 10 Grams,114,2024-11-18,10,11.4,WorthPoint
nwa-lunar-meteorite,"NWA 16520g 3.41g Lunar (frag. Breccia) Meteorites, Lot Of 10 Pcs, Buried Samples",52,2024-11-18,16520,0,WorthPoint
nwa-lunar-meteorite,"NWA 11182 Lunar Breccia Meteorite 23.39g, Colorful, Slice Of MOON!",334,2024-11-18,23.39,14.28,WorthPoint
nwa-lunar-meteorite,1.72 Grams 17x11x8mm NWA 8455 Lunar Individual Moon Meteorite With A COA,25,2024-11-17,1.72,14.53,WorthPoint
nwa-lunar-meteorite,NWA 15153 Official Meteorite LL4/5 Chondrite - G657-0005 - 6.05g - COA / End Cut,72.95,2024-11-15,6.05,12.06,WorthPoint
nwa-lunar-meteorite,NWA 14695 Lunar Meteorite üåô Moon Rock 5.0 Gram Stone By Steve Of Meteorite Men,250,2024-11-15,5,50,WorthPoint
nwa-lunar-meteorite,NWA 15153 Official Meteorite LL4/5 Chondrite - G657-0020 - 1.14g - COA-LAST ONE,16.02,2024-11-14,1.14,14.05,WorthPoint
nwa-lunar-meteorite,"NWA 16520g 4.82g Lunar (frag. Breccia) Meteorite Polished Window, Buried Sample",56,2024-11-14,16520,0,WorthPoint
nwa-lunar-meteorite,NWA 3163 Meteorite. Lunar. 12 Mgr. In Display Case. Gift Idea.,15,2024-11-12,,,WorthPoint
nwa-lunar-meteorite,1.51 Gram - NWA 11898 Lunar (feldsp. Breccia) Meteorite Unpolished Slice,75.5,2024-11-11,1.51,50,WorthPoint
nwa-lunar-meteorite,NWA 8559 Achondrite Howardite Meteorite - G586-0018 - 0.89g W/COA - Great Slice,5.5,2024-11-10,0.89,6.18,WorthPoint
nwa-lunar-meteorite,NWA 16535 Lunar 3.82g Anorthositic Norite/Gabbro Melt Breccia Meteorite,153.5,2024-11-09,3.82,40.18,WorthPoint
nwa-lunar-meteorite,.251 Gram NWA 13992 Meteorite Lunar (frag. Breccia) Fragment With A COA,9.99,2024-11-09,251,0.04,WorthPoint
nwa-lunar-meteorite,"Meteorite**NWA 11228, Lunar Felds. Breccia**0.789 Gram Endcut And 2 Mini Peas!!",60,2024-11-07,0.789,76.05,WorthPoint
nwa-lunar-meteorite,Meteorite: NWA 11228 Lunar Type:: Weight 0.877 Grams:: Awesome Matrix & Endcut,50,2024-11-07,0.877,57.01,WorthPoint
nwa-lunar-meteorite,Meteorite: 11228 Lunar:: Weight 2.797 Grams. 1 Double Endcut And 1 Individual.,125,2024-11-07,2.797,44.69,WorthPoint
nwa-lunar-meteorite,"NWA 16520g 4.12g Lunar (frag. Breccia) Meteorite Polished Window, Buried Sample",65,2024-11-07,16520,0,WorthPoint
nwa-lunar-meteorite,RARE - 1.55 Gram - NWA 11303 METEORITE Slice - Lunar (feldsp. Breccia),137.5,2024-11-06,1.55,88.71,WorthPoint
nwa-lunar-meteorite,MOON ROCK DISPLAY -LUNAR METEORITE - DELUXE EDITION +EASEL +CERTIFICATE F,20.95,2024-11-06,,,WorthPoint
nwa-lunar-meteorite,Meteorite NWA 14147 R3-4 Rumuruti Chondrite 13 Gram Partial Cut With Crust,14.5,2024-11-05,13,1.12,WorthPoint
nwa-lunar-meteorite,"Meteorite**NWA 14526; LUNAR MARE BASALT**0.859 Gram Slice, FRONT-SIDE MOON!",157.5,2024-11-05,0.859,183.35,WorthPoint
nwa-lunar-meteorite,"Meteorite**Hassi Zerara 001, Lunar Mare Basalt**0.946 Grams, Transitional-Ti !!!",86,2024-11-05,0.946,90.91,WorthPoint
nwa-lunar-meteorite,"NEW! NWA 12676 And Tass√©det 004 H5-melt Breccia Meteorite, 6.60 Gram Full Slice",8.5,2024-11-03,6.6,1.29,WorthPoint
nwa-lunar-meteorite,"NWA 16520g 8.05g Lunar (frag. Breccia) Meteorite Polished Window, Buried Sample",76,2024-10-31,16520,0,WorthPoint
nwa-lunar-meteorite,Moon Pendant - Genuine Lunar Meteorite Jewelry - 14Kt Gold - TOP METEORITE,1750,2024-10-28,,,WorthPoint
nwa-lunar-meteorite,"Meteorite**NWA 13788, NEW LUNAR IMPACT MELT BRECCIA**23.51 Gram,RARE 1 Of 5 Ever",1799.99,2024-10-25,23.51,76.56,WorthPoint
nwa-lunar-meteorite,.118 Grams NWA 11237 Lunar Meteorite (feldspathic Breccia) Fragment With A COA,9.99,2024-10-25,118,0.08,WorthPoint
nwa-lunar-meteorite,"MOONROCKS, Meteorite: Lunar Feldspathic Breccia NWA 13859. 0.35+grams",13.5,2024-10-24,,,WorthPoint
nwa-lunar-meteorite,"NWA 15373 (12.91g) Polished Lunar Frag. Breccia Meteorite End Cut, IMCA Sellers",452,2024-10-21,12.91,35.01,WorthPoint
nwa-lunar-meteorite,"Meteorite**NWA 13992, Polymict Frag. Lunar Breccia**4.099 Gram, HARVAST MOON!!!",325,2024-10-20,4.099,79.29,WorthPoint
nwa-lunar-meteorite,METEORITE - WHOLE STONE - TOP QUALITY - B9-7218 - 3.13g - UNCLASSED LUNAR TROCTO,31.95,2024-10-20,3.13,10.21,WorthPoint
nwa-lunar-meteorite,METEORITE - WHOLE STONE - TOP QUALITY - B9-7213 - 2.34g - UNCLASSED LUNAR TROCTO,23.95,2024-10-20,2.34,10.24,WorthPoint
nwa-lunar-meteorite,METEORITE - WHOLE STONE - TOP QUALITY - B9-7212 - 1.61g - UNCLASSED LUNAR TROCTO,15.95,2024-10-20,1.61,9.91,WorthPoint
nwa-lunar-meteorite,METEORITE - WHOLE STONE - TOP QUALITY - B9-7211 - 0.76g - UNCLASSED LUNAR TROCTO,15.5,2024-10-20,0.76,20.39,WorthPoint
nwa-lunar-meteorite,"Meteorite*NWA 1388, Lunar Breccia*16.3 Grams, Magnetic Specimen Rare!!!",60,2024-10-18,16.3,3.68,WorthPoint
nwa-lunar-meteorite,1.03 Grams 12x9x7mm NWA 8455 Lunar Moon Meteorite Whole Individual With COA,69.99,2024-10-17,1.03,67.95,WorthPoint
nwa-lunar-meteorite,.362 Grams NWA 8455 Lunar As Found Individual Moon Meteorite Northwest Africa,14.99,2024-10-17,362,0.04,WorthPoint
nwa-lunar-meteorite,"Meteorite: NWA 13788 Weight 1.408 Grams , Beautiful Lunar Melt Breccia",100,2024-10-16,1.408,71.02,WorthPoint
nwa-lunar-meteorite,"NWA 15373 (3.23g) Polished Lunar Frag. Breccia Meteorite Slice, IMCA Sellers",118,2024-10-16,3.23,36.53,WorthPoint
nwa-lunar-meteorite,"NWA 15583 Moon/Lunar Meteorite Slice, Moon Meteorite, Astronomy Gift, 3.48 Grams",208,2024-10-14,3.48,59.77,WorthPoint
nwa-lunar-meteorite,Minted .999 Silver Coin Pendant Lunar Moon Chip Eclipse By Meteorite Men Steve,80,2024-10-14,,,WorthPoint
nwa-lunar-meteorite,"Meteorite**NWA 13788, Lunar Melt Breccia*1.390 Gram Gorgeous Individua!! Rare!!!",29,2024-10-14,1.39,20.86,WorthPoint
nwa-lunar-meteorite,MOON!! Rare Lunar Meteorite NWA 16484. 5 Grams Slice Multiple Clast Lithologies,62.57,2024-10-14,5,12.51,WorthPoint
nwa-lunar-meteorite,Meteorite: NWA 11228 Weight 0.702 Grams. Beautiful,28,2024-10-14,0.702,39.89,WorthPoint
nwa-lunar-meteorite,"NWA 15373 (2.32g) Polished Lunar Frag. Breccia Meteorite Slice, IMCA Sellers",87,2024-10-13,2.32,37.5,WorthPoint
nwa-lunar-meteorite,"NWA 15373 (8.31g) Polished Lunar Frag. Breccia Meteorite End Cut, IMCA Sellers",295,2024-10-11,8.31,35.5,WorthPoint
nwa-lunar-meteorite,1.47 Grams 16mm NWA 15373 As Found Lunar Fragmental Breccia Meteorite With A COA,23.99,2024-10-10,1.47,16.32,WorthPoint
nwa-lunar-meteorite,.914 Grams 15mm NWA 15373 As Found Lunar Fragmental Breccia Meteorite With A COA,15.99,2024-10-08,914,0.02,WorthPoint
nwa-lunar-meteorite,"NWA 16520g 3.06g Lunar (frag. Breccia) Meteorite Polished Window, Surface Sample",32,2024-10-07,16520,0,WorthPoint
nwa-lunar-meteorite,"NWA 16294 Troctolite, Lunar Melt Meteorite. 8.4g Slice. Mirror Polish",172.5,2024-10-07,8.4,20.54,WorthPoint
nwa-lunar-meteorite,NEW NWA 16315 Troctolite Anorthosite Vesicular Lunar Meteorite. 32.7g Slice,611,2024-10-07,32.7,18.69,WorthPoint
nwa-lunar-meteorite,NWA 8343 Achondrite Howardite Meteorite - G511-0258 - 3.14g - COA - Part Slice,8.5,2024-10-04,3.14,2.71,WorthPoint
nwa-lunar-meteorite,NWA 15153 Official Meteorite LL4/5 Chondrite - G657-0012 - 0.68g - COA-PartSlice,5.5,2024-10-04,0.68,8.09,WorthPoint
nwa-lunar-meteorite,Meteorite NWA 14147 R3-4 Rumuruti Chondrite 1.5 Gram Part Slice,12.1,2024-10-02,1.5,8.07,WorthPoint
nwa-lunar-meteorite,1.12 Grams 15mm NWA 15373 As Found Lunar Fragmental Breccia Meteorite With A COA,19.99,2024-09-30,1.12,17.85,WorthPoint
nwa-lunar-meteorite,"Meteorite**Hassi Zerara 001, Lunar Mare Basalt**0.855 Grams, Transitional-Ti !!!",122.5,2024-09-30,0.855,143.27,WorthPoint
nwa-lunar-meteorite,"Meteorite**NWA 13788, Lunar Melt Breccia*1.546 Gram Gorgeous Individua!! Rare!!!",26.69,2024-09-30,1.546,17.26,WorthPoint
nwa-lunar-meteorite,NWA 16535 Lunar 3.17g Anorthositic Norite/Gabbro Melt Breccia Meteorite,101,2024-09-28,3.17,31.86,WorthPoint
nwa-lunar-meteorite,1.06 Grams 14mm NWA 15373 As Found Lunar Fragmental Breccia Meteorite With A COA,38,2024-09-26,1.06,35.85,WorthPoint
nwa-lunar-meteorite,Northwest Africa 16715 CV3 Carbonaceous Chondrite Meteorite 7.3g CAI & CHONDRULE,70,2024-09-26,7.3,9.59,WorthPoint
nwa-lunar-meteorite,Northwest Africa 16101 L3 Chondrite Meteorite 9.4g Part Slice Metal/ Chondrules,28,2024-09-26,9.4,2.98,WorthPoint
nwa-lunar-meteorite,NWA 15335 R3 Rumuruti Chondrite Meteorite 4.2 Gram Part Slice - Unequlibrated -,20.5,2024-09-24,4.2,4.88,WorthPoint
nwa-lunar-meteorite,NWA 15334 L5 Chondrite Meteorite 21.6 Gram Great Flight Shaped Individual,37,2024-09-24,21.6,1.71,WorthPoint
nwa-lunar-meteorite,NWA 2932 Mesosiderite Meteorite 3.2 Gram Windowed Fragment,11.5,2024-09-24,3.2,3.59,WorthPoint
nwa-lunar-meteorite,NWA 6953 Mesosiderite Meteorite 4.4 Gram Windowed Fragment,13,2024-09-24,4.4,2.95,WorthPoint
nwa-lunar-meteorite,AL Haggounia 001 EL3 Enstatite Melt Rock Meteorite 18.6 Gram Windowed Fragment,16.25,2024-09-24,18.6,0.87,WorthPoint
nwa-lunar-meteorite,NWA 7716 Pallasite Meteorite 11.3 Gram Fragment Lot With Visible Olivine,13.5,2024-09-23,11.3,1.19,WorthPoint
nwa-lunar-meteorite,NWA 13509 LL4-6 Chondrite Meteorite 9.8 Gram Partial Cut,14.19,2024-09-23,9.8,1.45,WorthPoint
nwa-lunar-meteorite,NWA 4482 PALLASITE Meteorite 15 Gram Fragment Lot,20.5,2024-09-23,15,1.37,WorthPoint
nwa-lunar-meteorite,NWA 10699 LL(L) 3 Chondrite Meteorite 4 G Part Slice Of Primitive Early Type,11.5,2024-09-23,4,2.88,WorthPoint
nwa-lunar-meteorite,"NWA 15373 Moon/Lunar Meteorite Slice, Moon Meteorite, Astronomy Gift, 5.63 Grams",338,2024-09-23,5.63,60.04,WorthPoint
nwa-lunar-meteorite,"Meteorite**NWA 14526; LUNAR MARE BASALT**0.396 Gram Endcut, Low-Ti Mare Basalt!!",229.5,2024-09-23,0.396,579.55,WorthPoint
nwa-lunar-meteorite,"Meteorite**Hassi Zerara 001, Lunar Mare Basalt**0.604 Grams, Transitional-Ti !!!",61,2024-09-23,0.604,100.99,WorthPoint
nwa-lunar-meteorite,"Meteorite**NWA 13788, Lunar Melt Breccia*1.391 Gram Gorgeous Individua!! Rare!!!",139.5,2024-09-23,1.391,100.29,WorthPoint
nwa-lunar-meteorite,.469 Grams 10mm NWA 11788 Lunar Meteorite (feldspathic Breccia) Comes With A COA,13.99,2024-09-22,469,0.03,WorthPoint
nwa-lunar-meteorite,.503 Grams 17x7x3mm Slice NWA 14577 Lunar Fragmental Breccia Meteorite With COA,36.99,2024-09-21,503,0.07,WorthPoint
nwa-lunar-meteorite,NWA 16535 Lunar 1.13g Anorthositic Norite/Gabbro Melt Breccia Meteorite,61,2024-09-21,1.13,53.98,WorthPoint
nwa-lunar-meteorite,"NWA 15373 (8.29g) Polished Lunar Frag. Breccia Meteorite End Cut, IMCA Sellers",295,2024-09-20,8.29,35.59,WorthPoint
nwa-lunar-meteorite,Niue Island 1 Oz MOON SOLAR SYSTEM $1 Silver Coin 2015 Lunar Meteorite NWA 8609,174.43,2024-09-20,28.35,6.15,WorthPoint
nwa-lunar-meteorite,Slice 1.10 Grams 22mm NWA 11182 Lunar Moon Meteorite Feldspathic Breccia + COA,34.99,2024-09-19,1.1,31.81,WorthPoint
nwa-lunar-meteorite,"NEW!! RARE! NWA 14243 Martian Meteorite, Shergottite, Full Slice, 19.39 Grams",2326.99,2024-09-19,19.39,120.01,WorthPoint
nwa-lunar-meteorite,"NWA 15373 (3.9g) Polished Lunar Frag. Breccia Meteorite End Cut, IMCA Sellers",141,2024-09-19,3.9,36.15,WorthPoint
nwa-lunar-meteorite,NWA 14695 Lunar Meteorite üåô Moon Rock 4.33 Gram Stone By Steve Of Meteorite Men,217,2024-09-18,4.33,50.12,WorthPoint
nwa-lunar-meteorite,NWA 5000 Lunar Meteorite,65,2024-09-17,,,WorthPoint
nwa-lunar-meteorite,6.4 Gram Lunar Meteorite Endcut - Bechar 006 - Moon Rock Feldspathic Breccia,250,2024-09-16,6.4,39.06,WorthPoint
nwa-lunar-meteorite,3.91 Gram Lunar Meteorite Endcut - Bechar 006 - Moon Rock Feldspathic Breccia,160,2024-09-16,3.91,40.92,WorthPoint
nwa-lunar-meteorite,NWA 8343 Achondrite Howardite Meteorite - G511-0250 - 1.32g - COA - Part Slice,9.5,2024-09-16,1.32,7.2,WorthPoint
nwa-lunar-meteorite,"NWA 14576 Lunar Fragmental Breccia Meteorite 25.5g, Colorful, Slice Of MOON!",389.86,2024-09-16,25.5,15.29,WorthPoint
nwa-lunar-meteorite,"NWA 16294 Troctolite, Vesicular Lunar Melt Meteorite. 18.6g End Slice",425,2024-09-16,18.6,22.85,WorthPoint
nwa-lunar-meteorite,"NWA 14681 Troctolite, Anorthosite Vesicular Lunar Melt Meteorite. 20.7g Slice",385,2024-09-16,20.7,18.6,WorthPoint
nwa-lunar-meteorite,.247 Grams NWA 11228 Lunar Meteorite (feldspathic Breccia) Fragment With A COA,10.99,2024-09-15,247,0.04,WorthPoint
nwa-lunar-meteorite,NWA 11901 Primitive Achondrite Lodranite Meteorite 8g Part Slice Green Crystals,64,2024-09-15,8,8,WorthPoint
nwa-lunar-meteorite,NWA 15335 R3 Rumuruti Chondrite Meteorite 13.7 Gram Slice - Unequlibrated -,23.5,2024-09-15,13.7,1.72,WorthPoint
nwa-lunar-meteorite,NWA 2932 Mesosiderite Meteorite 4.1 Gram Windowed Fragment / Metal Nodule,15.5,2024-09-14,4.1,3.78,WorthPoint
nwa-lunar-meteorite,NWA 13738 LL3 Primitive Chondrite Meteorite 5.2 Gram Chondrule Laden End Cut,11,2024-09-14,5.2,2.12,WorthPoint
nwa-lunar-meteorite,NWA 15334 L5 Chondrite Meteorite 23.9 Gram Great Flight Shaped Individual,31,2024-09-14,23.9,1.3,WorthPoint
nwa-lunar-meteorite,NWA 6289 LL4 Chondrite Meteorite 7.1 Gram Part Slice Brecciated With Inclusions,15.5,2024-09-14,7.1,2.18,WorthPoint
nwa-lunar-meteorite,NWA 6290 HED Diogenite Achondrite Meteorite 5 Gram Windowed Fragment,21.5,2024-09-14,5,4.3,WorthPoint
nwa-lunar-meteorite,NWA 4482 PALLASITE Meteorite 17 Gram Fragment Lot,12.5,2024-09-14,17,0.74,WorthPoint
nwa-lunar-meteorite,NWA 6287 LL5 Chondrite Meteorite 1.8 Gram Part Slice,5.5,2024-09-14,1.8,3.06,WorthPoint
nwa-lunar-meteorite,.193 Grams 6x6x3mm NWA 8455 Lunar Individual Moon Meteorite Northwest Africa,5.49,2024-09-14,193,0.03,WorthPoint
nwa-lunar-meteorite,1.13 Grams 21x16x2mm NWA 15373 Slice Lunar Fragmental Breccia Meteorite With COA,28.99,2024-09-14,1.13,25.65,WorthPoint
nwa-lunar-meteorite,"1.0 Gram NWA 11898 Lunar Meteorite Slice, (feldspathic Breccia)",39,2024-09-14,1,39,WorthPoint
nwa-lunar-meteorite,Northwest Africa 16101 L3 Chondrite Meteorite 15.2g Part Slice Metal/ Chondrules,26.54,2024-09-14,15.2,1.75,WorthPoint
nwa-lunar-meteorite,NWA 13868 LL3 Primitive Chondrite Type 3 Meteorite 3.1 Gram Part Slice,11,2024-09-14,3.1,3.55,WorthPoint
nwa-lunar-meteorite,NWA 13742 HED Achondrite BASALTIC Eucrite Breccia Meteorite 1.8 Gram Fragment,26,2024-09-14,1.8,14.44,WorthPoint
nwa-lunar-meteorite,"NWA 15373 (8.27g) Polished Lunar Frag. Breccia Meteorite Slice, IMCA Sellers",294,2024-09-13,8.27,35.55,WorthPoint
nwa-lunar-meteorite,Lunar Meteorite NWA 11788 Feldspathic Breccia From The Moon! 1.1 G Individual,67,2024-09-13,1.1,60.91,WorthPoint
nwa-lunar-meteorite,NWA 15373 (7.35g) Polished Lunar Frag. Breccia Meteorite Slice IMCA Sellers,260,2024-09-13,7.35,35.37,WorthPoint
nwa-lunar-meteorite,NWA 15373 (1.704g) Polished Lunar Meteorite Slice IMCA #s 6236 & 7294 Sellers,66,2024-09-13,1.704,38.73,WorthPoint
nwa-lunar-meteorite,"Meteorite NWA 10253 Lunar, Feldspathic Breccia. NW Africa 2015 0.216g 2015",19.95,2024-09-12,0.216,92.36,WorthPoint
nwa-lunar-meteorite,NWA 5000 Lunar Meteorite Cutting Dust,120,2024-09-12,,,WorthPoint
nwa-lunar-meteorite,"2016 Burkina Faso, NWA 10546 MOON Meteorite, NANO Chip, Dome, 1oz, 1000 Francs",89,2024-09-12,28.35,3.14,WorthPoint
nwa-lunar-meteorite,"NWA 14755 2.32g Lunar (Feldsp. Breccia) Meteorite, Nice Whole Pebble Of The Moon",20.5,2024-09-12,2.32,8.84,WorthPoint
nwa-lunar-meteorite,NWA 8343 Achondrite Howardite Meteorite - G511-0248 - 0.83g - COA - Part Slice,5.51,2024-09-10,0.83,6.64,WorthPoint
nwa-lunar-meteorite,.224 Grams 10x7x2mm NWA 6950 Lunar (gabbro) Fragment Moon Meteorite With A COA,54.99,2024-09-10,224,0.25,WorthPoint
nwa-lunar-meteorite,.592 Gram 13x8x2mm NWA 14681 Lunar RARE (troctolitic Anorthosite) Meteorite COA,54.99,2024-09-10,592,0.09,WorthPoint
nwa-lunar-meteorite,1.17 Grams 23x12x2mm NWA 15373 Slice Lunar Fragmental Breccia Meteorite With COA,29.99,2024-09-09,1.17,25.63,WorthPoint
nwa-lunar-meteorite,"NWA 14755 1.15g Lunar (Feldsp. Breccia) Meteorite, Nice Whole Pebble Of The Moon",22.5,2024-09-09,1.15,19.57,WorthPoint
nwa-lunar-meteorite,.110 Grams 6x5x2mm NWA 6950 Lunar (gabbro) Fragment Moon Meteorite With A COA,29.99,2024-09-07,110,0.27,WorthPoint
nwa-lunar-meteorite,NWA 15335 R3 Rumuruti Chondrite Meteorite 4 Gram End Cut - Unequlibrated -,5,2024-09-03,4,1.25,WorthPoint
nwa-lunar-meteorite,Northwest Africa 16101 L3 Chondrite Meteorite 7.5g Part Slice Metal/ Chondrules,11,2024-09-03,7.5,1.47,WorthPoint
nwa-lunar-meteorite,NWA 15373 (7.2g) Polished Lunar Meteorite End Cut IMCA #s 6236 & 7294 Sellers,255,2024-09-02,7.2,35.42,WorthPoint
nwa-lunar-meteorite,"Meteorite**NWA 16716, Lunar Fragmental Breccia**3.280 Grams, New Dark Lunar!!!",131.5,2024-09-02,3.28,40.09,WorthPoint
nwa-lunar-meteorite,"Meteorite**NWA 13788, Lunar Melt Breccia*1.527 Gram Gorgeous Individua!! Rare!!!",48,2024-09-02,1.527,31.43,WorthPoint
nwa-lunar-meteorite,"NWA 16520g 1.62g Lunar (frag. Breccia) Meteorite Polished Face, Surface Sample",16.17,2024-09-02,16520,0,WorthPoint
nwa-lunar-meteorite,MOON! Rare Lunar Meteorite NWA 16484. 0.9 Grams Slice Multiple Clast Lithologies,21.61,2024-09-02,0.9,24.01,WorthPoint
nwa-lunar-meteorite,Slice 5.15 Grams 31mm NWA 11182 Lunar Moon Meteorite Feldspathic Breccia + COA,139.99,2024-09-02,5.15,27.18,WorthPoint
nwa-lunar-meteorite,#9 MOON LUNAR METEORITE - 37.99 Grams - Feldspathic Breccia - NWA 11828,850,2024-09-01,37.99,22.37,WorthPoint
nwa-lunar-meteorite,NWA 16535 Lunar 0.81g Anorthositic Norite/Gabbro Melt Breccia Meteorite,15.5,2024-08-31,0.81,19.14,WorthPoint
nwa-lunar-meteorite,.061 Grams NWA 11237 Lunar Meteorite (feldspathic Breccia) Fragment With A COA,6.99,2024-08-30,61,0.11,WorthPoint
nwa-lunar-meteorite,Authentic Moon Rock Eclipse Series Necklace (From Lunar Meteorite NWA 11788),169.95,2024-08-30,,,WorthPoint
nwa-lunar-meteorite,NWA 11788 Lunar Meteorite,625,2024-08-29,,,WorthPoint
nwa-lunar-meteorite,NWA 5000 Lunar Meteorite .424g Hup√© Collection- With Certificate Of Authenticity,179,2024-08-29,424,0.42,WorthPoint
nwa-lunar-meteorite,NWA 12765 Lunar Meteorite Slice,3100,2024-08-28,,,WorthPoint
nwa-lunar-meteorite,.127 Grams 7x5x2mm NWA 14685 Lunar Slice Fragment Breccia Meteorite With COA,6.5,2024-08-27,127,0.05,WorthPoint
nwa-lunar-meteorite,.243 Grams 7x5x3mm NWA 13788 Lunar Slice Of (melt Breccia) Meteorite With A COA,11.99,2024-08-27,243,0.05,WorthPoint
nwa-lunar-meteorite,.730 Grams 10x9x6mm NWA 8455 Lunar Individual Moon Meteorite Northwest Africa,36.99,2024-08-27,730,0.05,WorthPoint
nwa-lunar-meteorite,1.89 Grams 11mm NWA 11474 Lunar Feldsp. Breccia Meteorite Individual W/COA,37.99,2024-08-27,1.89,20.1,WorthPoint
nwa-lunar-meteorite,"Meteorite**NWA 16716, Lunar Fragmental Breccia**5.207 Grams, New Dark Lunar!!!",332.5,2024-08-27,5.207,63.86,WorthPoint
nwa-lunar-meteorite,.256 Grams NWA 8607 Lunar Meteorite Fragment With A COA,14.99,2024-08-27,256,0.06,WorthPoint
nwa-lunar-meteorite,NWA 7920 Pallasite Meteorite 8.5 Gram Fragment Lot With Visible Olivine,17.19,2024-08-26,8.5,2.02,WorthPoint
nwa-lunar-meteorite,NWA 10699 LL(L) 3 Chondrite Meteorite 2.5 G End Cut Of Primitive Early Type,12.17,2024-08-26,2.5,4.87,WorthPoint
nwa-lunar-meteorite,NWA 7831 HED Olivine Diogenite Meteorite 3.5 Gram Fragment Lot,6.5,2024-08-26,3.5,1.86,WorthPoint
nwa-lunar-meteorite,NWA 15334 L5 Chondrite Meteorite 21.5 Gram Great Flight Shaped Individual,20.5,2024-08-26,21.5,0.95,WorthPoint
nwa-lunar-meteorite,NWA 12518 LL3 Primitive Chondrite Type 3 Meteorite 8 Gram End Cut,5.5,2024-08-26,8,0.69,WorthPoint
nwa-lunar-meteorite,.544 11x10x2mm NWA 15583 Lunar Slice Moon Meteorite Feldspathic Breccia With COA,29.99,2024-08-26,,,WorthPoint
nwa-lunar-meteorite,3.26 Grams 22x14x8mm NWA 13974 Lunar As Found Meteorite Feldsp. Breccia With COA,124.99,2024-08-26,3.26,38.34,WorthPoint
nwa-lunar-meteorite,.812 Grams 17x11x3mm Slice NWA 14577 Lunar Fragmental Breccia Meteorite With COA,55,2024-08-26,812,0.07,WorthPoint
nwa-lunar-meteorite,"Meteorite**NWA 13788, NEW LUNAR MELT BRECCIA**8.343 Gram, RARE W/GOLDEN CLASTS!!",127.5,2024-08-26,8.343,15.28,WorthPoint
nwa-lunar-meteorite,"Meteorite**NWA 16716, Lunar Fragmental Breccia**2.450 Grams, New Dark Lunar!!!",122.5,2024-08-26,2.45,50,WorthPoint
nwa-lunar-meteorite,"NWA 16520g 1.52g Lunar (frag. Breccia) Meteorite Whole Pebble, Surface Sample",51,2024-08-26,16520,0,WorthPoint
nwa-lunar-meteorite,"NWA 16484 Lunar ""Everything Rare"" Meteorite 29.0g, Colorful, End Cut Of MOON!",641,2024-08-26,29,22.1,WorthPoint
nwa-lunar-meteorite,"NWA 11182 Lunar Breccia Meteorite 23.2g, Colorful, Slice Of MOON!",416,2024-08-26,23.2,17.93,WorthPoint
nwa-lunar-meteorite,"NEW!! RARE!! NWA 8743 Eucrite, Melt Breccia, 5.88 Grams Part Slice",6.39,2024-08-25,5.88,1.09,WorthPoint
nwa-lunar-meteorite,NWA 15373 (3.72g) Polished Lunar Meteorite End Cut IMCA #s 6236 & 7294 Sellers,135,2024-08-25,3.72,36.29,WorthPoint
nwa-lunar-meteorite,NWA 15373 (2.206g) Polished Lunar Meteorite Slice IMCA #s 6236 & 7294 Sellers,85,2024-08-25,2.206,38.53,WorthPoint
nwa-lunar-meteorite,2.6g End Piece Of NWA 16784 Lunar Troctolitic Melt Breccia- Rare Type!!!,130,2024-08-25,2.6,50,WorthPoint
nwa-lunar-meteorite,1.29 Gram 24x16x2mm NWA 11898 Lunar Slice Moon Meteorite Feldspathic Breccia COA,34.99,2024-08-25,1.29,27.12,WorthPoint
nwa-lunar-meteorite,1.32 Grams 15mm NWA 11421 Lunar Moon Meteorite As Found Individual With A C.O.A.,24.99,2024-08-25,1.32,18.93,WorthPoint
nwa-lunar-meteorite,Real Moon Rock Meteorite Heart Shaped Necklace (From Lunar Meteorite NWA 11788),169.95,2024-08-25,,,WorthPoint
nwa-lunar-meteorite,#4 MOON LUNAR METEORITE -38.80 Grams - Feldspathic Breccia - NWA 11828,850,2024-08-21,38.8,21.91,WorthPoint
nwa-lunar-meteorite,NWA 7122 L4 Chondrite Meteorite 17.1 Gram Part Slice,51,2024-08-20,17.1,2.98,WorthPoint
nwa-lunar-meteorite,Northwest Africa 16101 L3 Chondrite Meteorite 8.2g Part Slice Metal/ Chondrules,21.61,2024-08-20,8.2,2.64,WorthPoint
nwa-lunar-meteorite,NWA 13509 LL4-6 Chondrite Meteorite 4.5 Gram Part Slice,10.5,2024-08-20,4.5,2.33,WorthPoint
nwa-lunar-meteorite,Meteorite: NWA 16716 Weigh: 17.237 Grams: Beautiful Slice ü•∞,1500,2024-08-19,17.237,87.02,WorthPoint
nwa-lunar-meteorite,.873 Grams 14x10x4mm NWA 8455 Lunar Individual Moon Meteorite Northwest Africa,62.99,2024-08-19,873,0.07,WorthPoint
nwa-lunar-meteorite,1.43 Grams 12x11x7mm NWA 13974 Lunar As Found Meteorite Feldsp. Breccia W/COA,59,2024-08-19,1.43,41.26,WorthPoint
nwa-lunar-meteorite,.920 Grams 15mm NWA 11273 Lunar Moon Meteorite Individual As Found With A COA,62.99,2024-08-19,920,0.07,WorthPoint
nwa-lunar-meteorite,"Gorgeous MOON Slice NWA 14681, Troctolite And Anorthosite Melt 3.3 Grams Polish",100,2024-08-19,3.3,30.3,WorthPoint
nwa-lunar-meteorite,"NWA 16520g 1.39g Lunar (frag. Breccia) Meteorite Whole Pebble, Surface Sample",47,2024-08-19,16520,0,WorthPoint
nwa-lunar-meteorite,"NWA 16484 Lunar ""Everything Rare"" Meteorite 14.15g, Colorful, End Cut Of MOON!",565,2024-08-19,14.15,39.93,WorthPoint
nwa-lunar-meteorite,Piece Of The MOON!! NWA 16292 Lunar Meteorite 2.77 Grams Polished Slice,83,2024-08-19,2.77,29.96,WorthPoint
nwa-lunar-meteorite,NWA 11851 Lunar Meteorite Thin Section With Metal W. 0.40 Slice. LAST ONE,250,2024-08-17,,,WorthPoint
nwa-lunar-meteorite,.903 Gram 16x12x2mm NWA 11898 Lunar Slice Moon Meteorite Feldspathic Breccia COA,39.99,2024-08-16,903,0.04,WorthPoint
nwa-lunar-meteorite,.410 Grams NWA 13408 Lunar Meteorite (feldspathic Breccia) With A COA,14.99,2024-08-16,410,0.04,WorthPoint
nwa-lunar-meteorite,"NWA 16520g 2.35g Lunar (frag. Breccia) Meteorite Polished Window, Surface Sample",55,2024-08-15,16520,0,WorthPoint
nwa-lunar-meteorite,NWA 15334 L5 Chondrite Meteorite 16.6 Gram Great Flight Shaped Individual,17.38,2024-08-15,16.6,1.05,WorthPoint
nwa-lunar-meteorite,NWA 6953 Mesosiderite Meteorite 4.5 Gram Windowed Fragment,15.5,2024-08-15,4.5,3.44,WorthPoint
nwa-lunar-meteorite,AL Haggounia 001 EL3 Enstatite Melt Rock Meteorite 17 Gram Fragment,7,2024-08-15,17,0.41,WorthPoint
nwa-lunar-meteorite,3.84g Lunar Meteorite Slice I NWA 14041 - TOP METEORITE,635,2024-08-15,3.84,165.36,WorthPoint
nwa-lunar-meteorite,NWA 13509 LL4-6 Chondrite Meteorite 7.1 Gram Part Slice,5,2024-08-15,7.1,0.7,WorthPoint
nwa-lunar-meteorite,2.0 Gram - NWA 11182 Lunar Meteorite Slice (feldsp. Breccia) - 2017 Find,74.25,2024-08-14,2,37.13,WorthPoint
nwa-lunar-meteorite,2.05 Gram - NWA 11898 Lunar (feldsp. Breccia) Meteorite Unpolished Slice,205,2024-08-14,2.05,100,WorthPoint
nwa-lunar-meteorite,2.0g End Piece Of NWA 16784 Lunar Troctolitic Melt Breccia- Rare Type!!!,100,2024-08-14,2,50,WorthPoint
nwa-lunar-meteorite,Northwest Africa 16692 H6 Chondrite Meteorite 31.4g End Cut Lot Of Chondrules,26.88,2024-08-13,31.4,0.86,WorthPoint
nwa-lunar-meteorite,.316 Grams NWA 12008 Lunar Meteorite (feldspathic Breccia) With A COA,12.99,2024-08-13,316,0.04,WorthPoint
nwa-lunar-meteorite,.389 Grams NWA 11228 Lunar Meteorite (feldspathic Breccia) Fragment With A COA,13.99,2024-08-12,389,0.04,WorthPoint
nwa-lunar-meteorite,MOON!! Rare Lunar Meteorite NWA 16484 5.35 Grams SliceMultiple Clast Lithologies,116.5,2024-08-12,5.35,21.78,WorthPoint
nwa-lunar-meteorite,"NEW!! RARE!! NWA 8743 Eucrite, Melt Breccia, 3.28 Grams Part Slice",8.27,2024-08-11,3.28,2.52,WorthPoint
nwa-lunar-meteorite,.194 Grams NWA 13408 Lunar Meteorite (feldspathic Breccia) With A COA,6.99,2024-08-11,194,0.04,WorthPoint
nwa-lunar-meteorite,NWA 16535 Lunar 0.37g Anorthositic Norite/Gabbro Melt Breccia Meteorite,28,2024-08-10,0.37,75.68,WorthPoint
nwa-lunar-meteorite,"Real Moon Dust Meteorite Necklace, With A Sample From Lunar Meteorite NWA 5000",169.95,2024-08-10,,,WorthPoint
nwa-lunar-meteorite,NWA 15373 (4.099g) Polished Lunar Meteorite End Cut IMCA #s 6236 & 7294 Sellers,149,2024-08-09,4.099,36.35,WorthPoint
nwa-lunar-meteorite,NWA 6289 LL4 Chondrite Meteorite 17.2 Gram Part Slice Brecciated With Inclusions,21.5,2024-08-08,17.2,1.25,WorthPoint
nwa-lunar-meteorite,NWA 10699 LL(L) 3 Chondrite Meteorite 4.7 G Part Slice Of Primitive Early Type,43,2024-08-08,4.7,9.15,WorthPoint
nwa-lunar-meteorite,NWA 14143 L5 Monomict Breccia Chondrite Meteorite 7.2g Desert Polished Fragment,11.61,2024-08-08,7.2,1.61,WorthPoint
nwa-lunar-meteorite,Northwest Africa 16693 H4 Chondrite Meteorite 13.7g Slice With Lot Of Chondrules,36,2024-08-08,13.7,2.63,WorthPoint
nwa-lunar-meteorite,NWA 7716 Pallasite Meteorite 14.4 Gram Fragment Lot With Visible Olivine,36,2024-08-08,14.4,2.5,WorthPoint
nwa-lunar-meteorite,Meteorite NWA 14147 R3-4 Rumuruti Chondrite 3.8 Gram Part Slice,12.5,2024-08-08,3.8,3.29,WorthPoint
nwa-lunar-meteorite,Bechar 003 Lunar Meteorite,387.5,2024-08-08,,,WorthPoint
nwa-lunar-meteorite,".9 Gram NWA 11898 Lunar Meteorite Slice, (feldspathic Breccia)",34,2024-08-08,9,3.78,WorthPoint
nwa-lunar-meteorite,"0.3 Gram NWA 11898 Lunar Meteorite Slice, (feldspathic Breccia)",15,2024-08-08,0.3,50,WorthPoint
nwa-lunar-meteorite,"NWA 16520g 4.42g Lunar (frag. Breccia) Meteorite Polished Window, Buried Sample",60,2024-08-08,16520,0,WorthPoint
nwa-lunar-meteorite,Meteorite: NWA 13907 Weigh 0.587 - Rare Lunar Similar To Apollo 16,45,2024-07-30,,,WorthPoint
nwa-lunar-meteorite,"Meteorite**NWA 13788, LUNAR MELT BRECCIA**8.998 Gram End, W/RARE HIGH METAL!!!",304,2024-07-29,8.998,33.79,WorthPoint
nwa-lunar-meteorite,"NWA 14755 6.23g Lunar (Feldsp. Breccia) Meteorite, Nice Whole Pebble Of The Moon",113.5,2024-07-29,6.23,18.22,WorthPoint
nwa-lunar-meteorite,MOON!! Rare Lunar Meteorite NWA 16484 5.88 Grams End. Multiple Clast Lithologies,249.67,2024-07-29,5.88,42.46,WorthPoint
nwa-lunar-meteorite,"NEW! NWA 12676 And Tass√©det 004 H5-melt Breccia Meteorite, 3.56 Gram Full Slice",12.06,2024-07-28,3.56,3.39,WorthPoint
nwa-lunar-meteorite,NWA 16535 Lunar 0.27g Anorthositic Norite/Gabbro Melt Breccia Meteorite,12.5,2024-07-27,0.27,46.3,WorthPoint
nwa-lunar-meteorite,1.48 Grams 17mm NWA 11788 Lunar Meteorite (feldspathic Breccia) Comes With A COA,90,2024-07-27,1.48,60.81,WorthPoint
nwa-lunar-meteorite,"NEW! NWA 12676 And Tass√©det 004 H5-melt Breccia Meteorite, 4.70 Gram Full Slice",23.49,2024-07-26,4.7,5,WorthPoint
nwa-lunar-meteorite,"NWA 16520g 3.17g Lunar (frag. Breccia) Meteorite Polished Window, Buried Sample",86,2024-07-25,16520,0.01,WorthPoint
nwa-lunar-meteorite,Meteorite NWA 14147 R3-4 Rumuruti Chondrite 13.5 Gram Part Slice,36,2024-07-25,13.5,2.67,WorthPoint
nwa-lunar-meteorite,NWA 6290 HED Diogenite Achondrite Meteorite 5.9 Gram Windowed Fragment,10.5,2024-07-25,5.9,1.78,WorthPoint
nwa-lunar-meteorite,NWA 10499 LL3 Primitive Chondrite Meteorite 15.4 Gram Part Slice,35,2024-07-25,15.4,2.27,WorthPoint
nwa-lunar-meteorite,NWA 11901 Primitive Achondrite Lodranite Meteorite 4.2 Gram Part Slice,18.5,2024-07-25,4.2,4.4,WorthPoint
nwa-lunar-meteorite,NWA 13738 LL3 Primitive Chondrite Meteorite 5.4 Gram Part Slice Chondrule Laden,7.72,2024-07-25,5.4,1.43,WorthPoint
nwa-lunar-meteorite,Northwest Africa 16693 H4 Chondrite Meteorite 17.9g End Cut Lot Of Chondrules,31,2024-07-25,17.9,1.73,WorthPoint
nwa-lunar-meteorite,NWA 2932 Mesosiderite Meteorite 5.2 Gram Windowed Fragment,8.5,2024-07-25,5.2,1.63,WorthPoint
nwa-lunar-meteorite,NWA 10699 LL(L) 3 Chondrite Meteorite 5.2 G Part Slice Of Primitive Early Type,22,2024-07-25,5.2,4.23,WorthPoint
nwa-lunar-meteorite,NWA 6289 LL4 Chondrite Meteorite 6.9 Gram Part Slice Brecciated With Inclusions,10.5,2024-07-25,6.9,1.52,WorthPoint
nwa-lunar-meteorite,Northwest Africa 16101 L3 Chondrite Meteorite 6.5g End Cut Metal/ Chondrules,6.5,2024-07-25,6.5,1,WorthPoint
nwa-lunar-meteorite,.338 Grams 8x6x5mm NWA 8455 Lunar Individual Moon Meteorite NorthWest Africa,25.99,2024-07-24,338,0.08,WorthPoint
nwa-lunar-meteorite,NWA 15373 Lunar 0.35g Part Slice Feldspathic Breccia Moon Rock,20,2024-07-23,0.35,57.14,WorthPoint
nwa-lunar-meteorite,"NWA 16520g 3.77g Lunar (frag. Breccia) Meteorite Polished Window, Surface Sample",113.5,2024-07-22,16520,0.01,WorthPoint
nwa-lunar-meteorite,"NWA 16294 Troctolite, Vesicular Lunar Melt Meteorite. 7.93g Slice",163.5,2024-07-22,7.93,20.62,WorthPoint
nwa-lunar-meteorite,"NWA 11182 Lunar Breccia Meteorite 17.55g, Colorful, Slice Of MOON!",365,2024-07-22,17.55,20.8,WorthPoint
nwa-lunar-meteorite,NWA 7044 LUNAR Meteorite RARE Fusion Crust Breccia Moon Space Whole Stone,16.31,2024-07-21,,,WorthPoint
nwa-lunar-meteorite,2.14 Grams 16mm NWA 11421 Lunar Moon Meteorite As Found Individual With A C.O.A.,54.99,2024-07-20,2.14,25.7,WorthPoint
nwa-lunar-meteorite,"Meteorite**NWA 13788, LUNAR MELT BRECCIA**0.894 Gram Slice, Colorful Lunar!!!",80,2024-07-19,0.894,89.49,WorthPoint
nwa-lunar-meteorite,.501 Grams 9mm NWA 11273 Lunar Moon Meteorite As Found With A COA,29.99,2024-07-19,501,0.06,WorthPoint
nwa-lunar-meteorite,Piece Of The Moon! Lunar Meteorite NWA 4881 Moon Rock Collector's Display Box,29.99,2024-07-19,,,WorthPoint
nwa-lunar-meteorite,NWA 11273 LUNAR (Moon Rock) METEORITE - In Display Case,99,2024-07-18,,,WorthPoint
nwa-lunar-meteorite,"NWA 14761 3.46g Lunar (Feldsp. Breccia) Meteorite, Whole Pebble Of The Moon",152.5,2024-07-18,3.46,44.08,WorthPoint
nwa-lunar-meteorite,Northwest Africa 16101 L3 Chondrite Meteorite 5g Part Slice Metal/ Chondrules,10.5,2024-07-17,5,2.1,WorthPoint
nwa-lunar-meteorite,Northwest Africa 16692 H6 Chondrite Meteorite 13.4g End Cut Lot Of Chondrules,10.38,2024-07-17,13.4,0.77,WorthPoint
nwa-lunar-meteorite,NWA 6290 HED Diogenite Achondrite Meteorite 4.3 Gram Windowed Fragment,8,2024-07-17,4.3,1.86,WorthPoint
nwa-lunar-meteorite,NWA 12518 LL3 Primitive Chondrite Type 3 Meteorite 5.3 Gram Part Slice,6.66,2024-07-17,5.3,1.26,WorthPoint
nwa-lunar-meteorite,NWA 10492 H4 Chondrite Meteorite 30.8g Part Slice With Many Visible Chondrules,10.5,2024-07-17,30.8,0.34,WorthPoint
nwa-lunar-meteorite,"4.5g End Cut NWA 16784 Lunar Troctolitic Melt Breccia- Pink Spinel, Rare Type!!!",225,2024-07-16,4.5,50,WorthPoint
nwa-lunar-meteorite,"Meteorite**NWA 13788, LUNAR MELT BRECCIA**1.405 Gram, Lunar Gorgeous Slice!!!",99,2024-07-15,1.405,70.46,WorthPoint
nwa-lunar-meteorite,"Meteorite**NWA 16716, Lunar Fragmental Breccia**3.503 Grams, New Black Lunar!!!",62,2024-07-15,3.503,17.7,WorthPoint
nwa-lunar-meteorite,"NWA 16520g 1.52g Lunar (frag. Breccia) Meteorite, Surface Collected Specimen",27,2024-07-15,16520,0,WorthPoint
nwa-lunar-meteorite,NWA 16520g 2.79g Lunar (frag. Breccia) Meteorite Polished Window. Buried Sample.,83,2024-07-15,16520,0.01,WorthPoint
nwa-lunar-meteorite,Aubrite Meteorite 21.7g NWA 15304 STUNNING AUBRITE!! **From Planet Mercury?,412,2024-07-15,21.7,18.99,WorthPoint
nwa-lunar-meteorite,"NEW!! RARE!! NWA 8743 Eucrite, Melt Breccia, 2.94 Grams Part Slice",5,2024-07-14,2.94,1.7,WorthPoint
nwa-lunar-meteorite,.844 Gram NWA 14526 Lunar Meteorite (basalt) Fragments With COA,12.99,2024-07-14,844,0.02,WorthPoint
nwa-lunar-meteorite,.286 Gram NWA 13992 Meteorite Lunar (frag. Breccia) Fragment With A COA,8.99,2024-07-13,286,0.03,WorthPoint
nwa-lunar-meteorite,NWA 11901 Primitive Achondrite Lodranite Meteorite 4.8 Gram Part Slice,51,2024-07-13,4.8,10.63,WorthPoint
nwa-lunar-meteorite,NWA 10699 LL(L) 3 Chondrite Meteorite 7.6 G End Cut Of Primitive Early Type,46,2024-07-13,7.6,6.05,WorthPoint
nwa-lunar-meteorite,NWA 13738 LL3 Primitive Chondrite Meteorite 7 Gram Chondrule Laden End Cut,31,2024-07-13,7,4.43,WorthPoint
nwa-lunar-meteorite,NWA 15334 L5 Chondrite Meteorite 10.8 Gram Great Flight Shaped Individual,11.5,2024-07-13,10.8,1.06,WorthPoint
nwa-lunar-meteorite,NWA 7831 HED Olivine Diogenite Meteorite 4.5 Gram Fragment Lot,51,2024-07-13,4.5,11.33,WorthPoint
nwa-lunar-meteorite,NWA 13509 LL4-6 Chondrite Meteorite 1.8 Gram Part Slice,15.5,2024-07-13,1.8,8.61,WorthPoint
nwa-lunar-meteorite,NWA 2932 Mesosiderite Meteorite 5.9 Gram Windowed Fragment,6.53,2024-07-13,5.9,1.11,WorthPoint
nwa-lunar-meteorite,NWA 10499 LL3 Primitive Chondrite Meteorite 8.5 Gram Part Slice,71,2024-07-13,8.5,8.35,WorthPoint
nwa-lunar-meteorite,NWA 7650 L6 Chondrite Meteorite 7.9 Gram Windowed Frag With Chondrules & Metal,51,2024-07-13,7.9,6.46,WorthPoint
nwa-lunar-meteorite,NWA 14133 H5 Chondrite Meteorite 16 Gram End Cut With Many Visible Chondrules,71,2024-07-13,16,4.44,WorthPoint
nwa-lunar-meteorite,"HED Achondrite Eucrite, Unbrecciated Meteorite 23.2g NWA 16721 Beautiful Piece!",162,2024-07-11,23.2,6.98,WorthPoint
nwa-lunar-meteorite,NWA 16520g 1.55g Lunar (frag. Breccia) Meteorite Pebble With Polished Window,34,2024-07-11,16520,0,WorthPoint
nwa-lunar-meteorite,.514 Grams 11mm NWA 11273 Lunar Moon Meteorite As Found With A COA,29.99,2024-07-10,514,0.06,WorthPoint
nwa-lunar-meteorite,.963 Grams 14mm NWA 13974 Lunar Fragment Moon Meteorite Feldsp. Breccia With COA,89,2024-07-10,963,0.09,WorthPoint
nwa-lunar-meteorite,.775 Grams 10x9x6mm NWA 8455 Lunar Moon Meteorite Whole Individual With COA,46.99,2024-07-10,775,0.06,WorthPoint
nwa-lunar-meteorite,.483 Grams 10x7x5mm NWA 8455 Lunar Individual Moon Meteorite Northwest Africa,36.99,2024-07-10,483,0.08,WorthPoint
nwa-lunar-meteorite,BONHAMS Natural History -- Tyrannosaurus Bataar Lunar Meteorite Azurite Melo Pear,21.95,2024-07-09,,,WorthPoint
nwa-lunar-meteorite,Northwest Africa 16692 H6 Chondrite Meteorite 26.7g Part Slice Lot Of Chondrules,15.5,2024-07-08,26.7,0.58,WorthPoint
nwa-lunar-meteorite,NWA 15335 R3 Rumuruti Chondrite Meteorite 7.2 Gram End Cut - Unequlibrated -,15.55,2024-07-08,7.2,2.16,WorthPoint
nwa-lunar-meteorite,Northwest Africa 16693 H4 Chondrite Meteorite 10.3g Part Slice Lot Of Chondrules,20.5,2024-07-08,10.3,1.99,WorthPoint
nwa-lunar-meteorite,.065 Grams 5x5x2mm NWA 6950 Lunar (gabbro) Fragment Moon Meteorite With A COA,15.99,2024-07-08,65,0.25,WorthPoint
nwa-lunar-meteorite,"Meteorite**NWA 16716, Lunar Fragmental Breccia**1.038 Grams, New Dark Lunar!!!",58,2024-07-08,1.038,55.88,WorthPoint
nwa-lunar-meteorite,"Meteorite**NWA 13788, LUNAR MELT BRECCIA**0.895 Gram, GORGEOUS INDIVIDUAL !!!",46,2024-07-08,0.895,51.4,WorthPoint
nwa-lunar-meteorite,NWA 16520g 1.46g Lunar (frag. Breccia) Meteorite Example Of The Buried Material,26,2024-07-08,16520,0,WorthPoint
nwa-lunar-meteorite,"NEW! NWA 12676 And Tass√©det 004 H5-melt Breccia Meteorite, 5.20 Gram Full Slice",12.5,2024-07-07,5.2,2.4,WorthPoint
nwa-lunar-meteorite,NWA 14143 L5 Monomict Breccia Chondrite Meteorite 26.5g Desert Polished Fragment,7.5,2024-07-07,26.5,0.28,WorthPoint
nwa-lunar-meteorite,NWA 10492 H4 Chondrite Meteorite 24.7g Part Slice With Many Visible Chondrules,7.5,2024-07-07,24.7,0.3,WorthPoint
nwa-lunar-meteorite,Northwest Africa 16101 L3 Chondrite Meteorite 12.5g Part Slice Metal/ Chondrules,9.38,2024-07-07,12.5,0.75,WorthPoint
nwa-lunar-meteorite,Aubrite Meteorite .73g NWA 15304 STUNNING AUBRITE!! **From Planet Mercury?,40,2024-07-07,73,0.55,WorthPoint
nwa-lunar-meteorite,9.5g End Piece Of NWA 16784 Lunar Troctolitic Melt Breccia- Rare Type!!!,380,2024-07-07,9.5,40,WorthPoint
nwa-lunar-meteorite,3.18 Grams 25x11x10mm NWA 13974 Lunar As Found Meteorite Feldsp. Breccia W/COA,199.99,2024-07-05,3.18,62.89,WorthPoint
nwa-lunar-meteorite,1.14 Grams 13mm NWA 11788 Lunar Meteorite (feldspathic Breccia) Comes With A COA,39.99,2024-07-04,1.14,35.08,WorthPoint
nwa-lunar-meteorite,NWA 16520g 2.92g Lunar (frag. Breccia) Meteorite Pebble With Polished Window,102.5,2024-07-04,16520,0.01,WorthPoint
nwa-lunar-meteorite,NWA 16520g 2.73g Lunar (frag. Breccia) Meteorite Pebble With Polished Window,81,2024-07-04,16520,0,WorthPoint
nwa-lunar-meteorite,"NWA 15377 Lunar Breccia, Found In 2021, 9.0 Gram Beautifully Polished Slice!",450,2024-07-04,9,50,WorthPoint
nwa-lunar-meteorite,Aubrite Meteorite .72g NWA 15304 STUNNING AUBRITE!! **From Planet Mercury?,39,2024-07-02,72,0.54,WorthPoint
nwa-lunar-meteorite,NWA 16535 Lunar 0.40g Anorthositic Norite/Gabbro Melt Breccia Meteorite,16,2024-06-29,0.4,40,WorthPoint
nwa-lunar-meteorite,"HED Achondrite Eucrite, Unbrecciated Meteorite 13.6g NWA 16721 Beautiful Piece!",41,2024-06-17,13.6,3.01,WorthPoint
nwa-lunar-meteorite,"Meteorite**NWA 16716, Lunar Fragmental Breccia**16.051 Grams, New Dark Lunar!!!",1600,2024-06-17,16.051,99.68,WorthPoint
nwa-lunar-meteorite,Meteorite NWA 12985 LUNAR!,225,2024-06-17,,,WorthPoint
nwa-lunar-meteorite,"Meteorite**NWA 16349, Lunar Mare Basalt/Gabbro Breccia**0.577 Grams, APOLLO 14!",105.5,2024-06-17,0.577,182.84,WorthPoint
nwa-lunar-meteorite,"Meteorite**NWA 16484, Lunar Frag. Breccia**6.899 Gram Endcut, Rare Blue Lunar!!!",197.5,2024-06-17,6.899,28.63,WorthPoint
nwa-lunar-meteorite,"Meteorite**NWA 11228, Lunar Felds. Breccia**1.064 Gram, W/Veins HIGHLY SHOCKED!!",33.75,2024-06-17,1.064,31.72,WorthPoint
nwa-lunar-meteorite,"Meteorite**NWA 13788, NEW LUNAR MELT BRECCIA**2.093 Gram Lunar Individual!!!",51,2024-06-17,2.093,24.37,WorthPoint
nwa-lunar-meteorite,Apollo 17 Command Module Flown Kapton Foil And Moon Rock (Lunar Meteorite NWA 10203) Segments In A High Quality Acrylic Display.,475,2024-06-15,,,WorthPoint
nwa-lunar-meteorite,NWA 11901 Primitive Achondrite Lodranite Meteorite 5.3 Gram Windowed Frag,17.27,2024-06-15,5.3,3.26,WorthPoint
nwa-lunar-meteorite,NWA 7831 HED Olivine Diogenite Meteorite 4.9 Gram Fragment Lot,15.5,2024-06-15,4.9,3.16,WorthPoint
nwa-lunar-meteorite,NWA 12518 LL3 Primitive Chondrite Type 3 Meteorite 8.2 Gram End Cut,26,2024-06-14,8.2,3.17,WorthPoint
nwa-lunar-meteorite,AL Haggounia 001 EL3 Enstatite Melt Rock Meteorite 30.7 Gram Windowed Fragment,7,2024-06-14,30.7,0.23,WorthPoint
nwa-lunar-meteorite,.906 Grams 12mm NWA 11182 Lunar Moon Meteorite Feldspathic Breccia With COA,49.99,2024-06-14,906,0.06,WorthPoint
nwa-lunar-meteorite,NWA 13509 LL4-6 Chondrite Meteorite 10.2 Gram Partial Cut,6.1,2024-06-13,10.2,0.6,WorthPoint
nwa-lunar-meteorite,NWA 15334 L5 Chondrite Meteorite 25.3g Desert Polished Flight Shaped Individual,20.5,2024-06-13,25.3,0.81,WorthPoint
nwa-lunar-meteorite,Meteorite NWA 14147 R3-4 Rumuruti Chondrite 2.1 Gram Part Slice,15.5,2024-06-13,2.1,7.38,WorthPoint
nwa-lunar-meteorite,Aubrite Meteorite .85g NWA 15304 STUNNING AUBRITE!! **From Planet Mercury?,51,2024-06-11,85,0.6,WorthPoint
nwa-lunar-meteorite,"Meteorite**NWA 14900; LUNAR FRAGMENTAL BRECCIA**1.041 Gram, W/Dunite Clasts!!!",89,2024-06-11,1.041,85.49,WorthPoint
nwa-lunar-meteorite,"Meteorite**NWA 16716, Lunar Fragmental Breccia**1.283 Grams, New Black Lunar!!!",33.33,2024-06-10,1.283,25.98,WorthPoint
nwa-lunar-meteorite,"Meteorite**NWA 13788, LUNAR MELT BRECCIA**2.573 Gram, GORGEOUS INDIVIDUAL !!!",81.75,2024-06-10,2.573,31.77,WorthPoint
nwa-lunar-meteorite,"NWA 11182 Lunar Breccia Meteorite 17.8g Large, Colorful, Slice Of MOON!",349,2024-06-10,17.8,19.61,WorthPoint
nwa-lunar-meteorite,"HED Achondrite Eucrite, Unbrecciated Meteorite 4.9g NWA 16721 Beautiful Piece!",23,2024-06-09,4.9,4.69,WorthPoint
nwa-lunar-meteorite,"HED Achondrite Eucrite, Unbrecciated Meteorite 14.3g NWA 16721 Beautiful Piece!",50,2024-06-09,14.3,3.5,WorthPoint
nwa-lunar-meteorite,NWA 14524 LUNAR (Moon Rock) METEORITE 0.98g In Display Case With COA,20.5,2024-06-09,0.98,20.92,WorthPoint
nwa-lunar-meteorite,NWA 16535 Lunar 0.85g Anorthositic Norite/Gabbro Melt Breccia Meteorite,41,2024-06-08,0.85,48.24,WorthPoint
nwa-lunar-meteorite,.036 Grams 3x3x2mm NWA 6950 Lunar (gabbro) Slice Moon Meteorite With A COA,8.99,2024-06-08,36,0.25,WorthPoint
nwa-lunar-meteorite,"NWA 11898 Moon/Lunar Meteorite Slice, Moon Meteorite, Astronomy Gift, 4.47g",313,2024-06-08,4.47,70.02,WorthPoint
nwa-lunar-meteorite,.647 Grams NWA 13974 Lunar Fragment Moon Meteorite Feldsp. Breccia With COA,44.99,2024-06-07,647,0.07,WorthPoint
nwa-lunar-meteorite,.081 Grams NWA 10644 Lunar Feldspathic Breccia Meteorite Fragments W/COA,7.99,2024-06-07,81,0.1,WorthPoint
nwa-lunar-meteorite,2.05 Grams 27x18x2mm NWA 15373 Slice Lunar Fragmental Breccia Meteorite With COA,48.99,2024-06-05,2.05,23.9,WorthPoint
nwa-lunar-meteorite,5.06 Grams 24x14x13mm NWA 15373 Polished End Cut Lunar Meteorite With A COA,99.99,2024-06-05,5.06,19.76,WorthPoint
nwa-lunar-meteorite,.385 Grams 10mm NWA 11788 Lunar Meteorite (Feldspathic Breccia) Individual & COA,6.99,2024-06-04,385,0.02,WorthPoint
nwa-lunar-meteorite,Lunar Feldspathic Breccia Moon Meteorite NWA 11788 54.1 GRAMS,89.99,2024-06-03,54.1,1.66,WorthPoint
nwa-lunar-meteorite,Aubrite Meteorite .67g NWA 15304 STUNNING AUBRITE!! **From Planet Mercury?,47,2024-06-03,67,0.7,WorthPoint
nwa-lunar-meteorite,Meteorite:NWA 16716:weight:2.294G: Beautiful Black Lunar With Anorthistic Clast!,180,2024-06-03,2.294,78.47,WorthPoint
nwa-lunar-meteorite,L5 Chondrite - Smeira 002 With RARE TAENITE! **BEAUTIFUL PIECE!** 126g,252,2024-06-02,126,2,WorthPoint
nwa-lunar-meteorite,NWA 11788 Lunar Meteorite (feldspathic Breccia) Mali 0.614 Grams,62.75,2024-06-02,0.614,102.2,WorthPoint
nwa-lunar-meteorite,"NWA 14685 (19.65g) Lunar Meteorite, Polished End Cut, A+ Quality, IMCA SELLERS!",1180,2024-06-02,19.65,60.05,WorthPoint
nwa-lunar-meteorite,NWA 16366 LUNAR/MOON ANORTHOSITIC METEORITE 86.4 Grams,99.99,2024-06-01,86.4,1.16,WorthPoint
nwa-lunar-meteorite,.160 Grams 7mm NWA 8455 Lunar Individual Moon Meteorite With A COA,7.49,2024-05-30,160,0.05,WorthPoint
nwa-lunar-meteorite,".570 Gram NWA 13951 ""starry Night"" Lunar Meteorite Feldspathic Breccia With COA",49.99,2024-05-30,570,0.09,WorthPoint
nwa-lunar-meteorite,.709 Grams 11mm NWA 11474 Lunar Feldsp. Breccia Meteorite Individual W/COA,29.99,2024-05-29,709,0.04,WorthPoint
nwa-lunar-meteorite,.442 Grams NWA 12971 Meteorite Lunar (troctolitic Melt Rock) Fragment With A COA,29.99,2024-05-29,442,0.07,WorthPoint
nwa-lunar-meteorite,.275 Grams NWA 8455 Lunar As Found Individual Moon Meteorite Northwest Africa,16.99,2024-05-29,275,0.06,WorthPoint
nwa-lunar-meteorite,NWA 10499 LL3 Primitive Chondrite Meteorite 15.9 Gram Partial Cut,22.72,2024-05-29,15.9,1.43,WorthPoint
nwa-lunar-meteorite,NWA 11901 Primitive Achondrite Lodranite Meteorite 5.4g Frag With Green Crystal,67.77,2024-05-29,5.4,12.55,WorthPoint
nwa-lunar-meteorite,NWA 7831 HED Olivine Diogenite Meteorite 5.5 Gram Fragment Lot,34,2024-05-29,5.5,6.18,WorthPoint
nwa-lunar-meteorite,Northwest Africa 16101 L3 Chondrite Meteorite 4.4g Part Slice Metal/ Chondrules,15.5,2024-05-29,4.4,3.52,WorthPoint
nwa-lunar-meteorite,6.88 Grams 20x19x11mm NWA 8455 Lunar Individual Moon Meteorite NorthWest Africa,404.99,2024-05-29,6.88,58.86,WorthPoint
nwa-lunar-meteorite,NWA 2932 Mesosiderite Meteorite 4.7 Gram Windowed Fragment,17.23,2024-05-28,4.7,3.67,WorthPoint
nwa-lunar-meteorite,NWA 7122 L4 Chondrite Meteorite 10.9 Gram Part Slice,6.5,2024-05-28,10.9,0.6,WorthPoint
nwa-lunar-meteorite,NWA 15334 L5 Chondrite Meteorite 34.8g Desert Polished Flight Shaped Individual,23.5,2024-05-28,34.8,0.68,WorthPoint
nwa-lunar-meteorite,NWA 12518 LL3 Primitive Chondrite Type 3 Meteorite 10.9 Gram End Cut,23.17,2024-05-28,10.9,2.13,WorthPoint
nwa-lunar-meteorite,.149 Grams 7mm NWA 8455 Lunar Individual Moon Meteorite With A COA,6.99,2024-05-27,149,0.05,WorthPoint
nwa-lunar-meteorite,1.48 Grams 27x13x2mm NWA 15373 Slice Lunar Fragmental Breccia Meteorite With COA,29.99,2024-05-27,1.48,20.26,WorthPoint
nwa-lunar-meteorite,.266 Grams 15mm Slice NWA 14577 Lunar Fragmental Breccia Meteorite With COA,19.99,2024-05-27,266,0.08,WorthPoint
nwa-lunar-meteorite,".561 Gram NWA 13951 ""starry Night"" Lunar Meteorite Feldspathic Breccia With COA",49.99,2024-05-27,561,0.09,WorthPoint
nwa-lunar-meteorite,.178 Grams 10x5x2mm NWA 13788 Lunar Slice Of (melt Breccia) Meteorite With A COA,7.99,2024-05-27,178,0.04,WorthPoint
nwa-lunar-meteorite,.801 Grams 16x11x2mm NWA 14685 Lunar Slice Fragment Breccia Meteorite With COA,39.99,2024-05-27,801,0.05,WorthPoint
nwa-lunar-meteorite,"NEWEST!!! RARE!! NWA 15289 Eucrite, Very Fresh! Lot Of Three Slices 5.45 Grams",44.99,2024-05-27,5.45,8.26,WorthPoint
nwa-lunar-meteorite,"Meteorite**NWA 16716, Lunar Fragmental Breccia**1.728 Grams, New Black Lunar!!!",62,2024-05-27,1.728,35.88,WorthPoint
nwa-lunar-meteorite,"Meteorite**NWA 11228, Lunar Felds. Breccia**0.451 Gram, W/Veins HIGHLY SHOCKED!!",26,2024-05-27,0.451,57.65,WorthPoint
nwa-lunar-meteorite,.029 Grams 4x2x2mm NWA 6950 Lunar (gabbro) Fragment Moon Meteorite With A COA,8.99,2024-05-25,29,0.31,WorthPoint
nwa-lunar-meteorite,Aubrite Meteorite 1.1g NWA 15304 STUNNING AUBRITE!! **From Planet Mercury?,66,2024-05-25,1.1,60,WorthPoint
nwa-lunar-meteorite,NWA 16535 Lunar 2.37g Anorthositic Norite/Gabbro Melt Breccia Meteorite,249,2024-05-25,2.37,105.06,WorthPoint
nwa-lunar-meteorite,NWA 13788 Lunar Meteorite Slice,750,2024-05-24,,,WorthPoint
nwa-lunar-meteorite,NWA 4482 PALLASITE Meteorite 27.8 Gram Fragment Lot,31,2024-05-23,27.8,1.12,WorthPoint
nwa-lunar-meteorite,NWA 14143 L5 Monomict Breccia Chondrite Meteorite 108g Desert Polished Fragment,51,2024-05-23,108,0.47,WorthPoint
nwa-lunar-meteorite,NWA 14133 H5 Chondrite Meteorite 39g Complete Slice With Many Visible Chondrules,18.68,2024-05-22,39,0.48,WorthPoint
nwa-lunar-meteorite,Aubrite Meteorite 2.7g NWA 15304 STUNNING AUBRITE!! **From Planet Mercury?,116,2024-05-22,2.7,42.96,WorthPoint
nwa-lunar-meteorite,MOON ROCK / LUNAR Feldspathic Breccia - Bechar 003 .64g *Great Price! (1110bk),32,2024-05-22,64,0.5,WorthPoint
nwa-lunar-meteorite,Meteorite NWA 14147 R3-4 Rumuruti Chondrite 10.7 Gram Part Slice,23.17,2024-05-13,10.7,2.17,WorthPoint
nwa-lunar-meteorite,.344 Grams 9mm NWA 11788 Lunar Meteorite (feldspathic Breccia) Comes With A COA,32.99,2024-05-13,344,0.1,WorthPoint
nwa-lunar-meteorite,"Meteorite**NWA 16484, Lunar Frag. Breccia**4.453 Gram Slice, Rare Blue Lunar!!!",204.5,2024-05-13,4.453,45.92,WorthPoint
nwa-lunar-meteorite,"Meteorite**NWA 13788, LUNAR MELT BRECCIA**1.141 Gram Lunar Individual!!!",26.01,2024-05-13,1.141,22.8,WorthPoint
nwa-lunar-meteorite,"Meteorite**NWA 13788, NEW LUNAR MELT BRECCIA**2.443 Gram Lunar Individual!!!",40.63,2024-05-13,2.443,16.63,WorthPoint
nwa-lunar-meteorite,"Meteorite**NWA 13907, FAN Lunar**0.541 Gram Individual, Rare Anorth., APOLLO 16!",32,2024-05-13,0.541,59.15,WorthPoint
nwa-lunar-meteorite,NWA 14133 H5 Chondrite Meteorite 23g Complete Slice With Many Visible Chondrules,26,2024-05-11,23,1.13,WorthPoint
nwa-lunar-meteorite,NWA 12518 LL3 Primitive Chondrite Type 3 Meteorite 5.5 Gram End Cut,18.5,2024-05-11,5.5,3.36,WorthPoint
nwa-lunar-meteorite,NWA 7716 Pallasite Meteorite 3.1 Gram Fragment With Visible Olivine,31,2024-05-11,3.1,10,WorthPoint
nwa-lunar-meteorite,NWA 7122 L4 Chondrite Meteorite 24.4 Gram Part Slice,19.6,2024-05-11,24.4,0.8,WorthPoint
nwa-lunar-meteorite,NWA 2932 Mesosiderite Meteorite 3.6 Gram Windowed Fragment,18.33,2024-05-11,3.6,5.09,WorthPoint
nwa-lunar-meteorite,NWA 10499 LL3 Primitive Chondrite Meteorite 6 Gram Part Slice,10.5,2024-05-11,6,1.75,WorthPoint
nwa-lunar-meteorite,NWA 11901 Primitive Achondrite Lodranite Meteorite 1.7 Gram Windowed Frag,22,2024-05-11,1.7,12.94,WorthPoint
nwa-lunar-meteorite,Lunar/Moon Feldspathic Breccia NWA 14798 20.9 Grams,150,2024-05-10,20.9,7.18,WorthPoint
nwa-lunar-meteorite,.821 Grams 15x11x2mm Slice NWA 14577 Lunar Fragmental Breccia Meteorite With COA,54.99,2024-05-08,821,0.07,WorthPoint
nwa-lunar-meteorite,"Meteorite**NWA 13992, Polymict Frag. Lunar Breccia**2.534 Gram,üçÅHARVAST MOONüåô",94.33,2024-05-06,2.534,37.23,WorthPoint
nwa-lunar-meteorite,"Meteorite**NWA 13788, NEW LUNAR MELT BRECCIA**2.284 Gram Lunar Individual!!!",82,2024-05-06,2.284,35.9,WorthPoint
nwa-lunar-meteorite,"Meteorite**NWA 13907, FAN Lunar**0.620 Gram Individual, Rare Anorth., APOLLO 16!",77,2024-05-06,0.62,124.19,WorthPoint
nwa-lunar-meteorite,"Meteorite**NWA 11228, Lunar Felds. Breccia**1.236 Gram, W/Veins HIGHLY SHOCKED!!",40.63,2024-05-06,1.236,32.87,WorthPoint
nwa-lunar-meteorite,"NWA 11303 Moon/Lunar Meteorite Slice, Moon Meteorite, Astronomy Gift, 18.09g",882,2024-05-04,18.09,48.76,WorthPoint
nwa-lunar-meteorite,Lunar Meteorite NWA 5000. 1.676 Milligram Specimen. (good Condition),700,2024-05-04,,,WorthPoint
nwa-lunar-meteorite,"Meteorite**NWA 13788, NEW LUNAR MELT BRECCIA**2.279 Gram, BLACK LUNAR!!",89,2024-05-04,2.279,39.05,WorthPoint
nwa-lunar-meteorite,Aubrite Meteorite .68g NWA 15304 STUNNING AUBRITE!! **From Planet Mercury?,47,2024-05-02,68,0.69,WorthPoint
nwa-lunar-meteorite,NWA 6953 Mesosiderite Meteorite 5 Gram Windowed Fragment,5.6,2024-04-30,5,1.12,WorthPoint
nwa-lunar-meteorite,NWA 7831 HED Olivine Diogenite Meteorite 5 Gram Fragment Lot,14.6,2024-04-30,5,2.92,WorthPoint
nwa-lunar-meteorite,"Meteorite**NWA 16349, Lunar Mare Basalt/Gabbro Breccia**0.595 Grams, APOLLO 14!",499,2024-04-29,0.595,838.66,WorthPoint
nwa-lunar-meteorite,"Meteorite**NWA 11228, Lunar Felds. Breccia**1.115 Gram, W/Veins HIGHLY SHOCKED!!",51,2024-04-29,1.115,45.74,WorthPoint
nwa-lunar-meteorite,"Meteorite**NWA 13992, Polymict Frag. Lunar Breccia**1.805 Gram,üçÅHARVAST MOONüåô",66,2024-04-29,1.805,36.57,WorthPoint
nwa-lunar-meteorite,"Meteorite**NWA 13788, NEW LUNAR IMPACT MELT BRECCIA**5.275 Gram, BLACK LUNAR!!",107.5,2024-04-28,5.275,20.38,WorthPoint
nwa-lunar-meteorite,".976 Gram NWA 13951 ""starry Night"" Lunar Meteorite Feldspathic Breccia With COA",88.99,2024-04-26,976,0.09,WorthPoint
nwa-lunar-meteorite,2015 Solar System Series Moon 1 Oz Silver Coin,229.99,2024-04-25,28.35,8.11,WorthPoint
nwa-lunar-meteorite,Meteorite NWA 14147 R3-4 Rumuruti Chondrite 16.5 Gram End Cut W Glossy Crust,36,2024-04-25,16.5,2.18,WorthPoint
nwa-lunar-meteorite,NWA 8363 L Melt Rock Meteorite 12.8 Gram Complete Slice ( Totally Crystallized ),10.5,2024-04-25,12.8,0.82,WorthPoint
nwa-lunar-meteorite,NWA 8583 Meteorite End Cut,450,2024-04-24,,,WorthPoint
nwa-lunar-meteorite,NWA 13788 Complete Lunar Meteorite,3125,2024-04-24,,,WorthPoint
nwa-lunar-meteorite,NWA 14041 Lunar Meteorite Sphere,6250,2024-04-24,,,WorthPoint
nwa-lunar-meteorite,NWA 14016 Meteorite End Cut,2500,2024-04-24,,,WorthPoint
nwa-lunar-meteorite,NWA 13119 Lunar Meteorite End Cut,25000,2024-04-24,,,WorthPoint
nwa-lunar-meteorite,NWA 14685 Complete Lunar Meteorite,8125,2024-04-24,,,WorthPoint
nwa-lunar-meteorite,NWA 6289 LL4 Chondrite Meteorite 9.6 Gram Part Slice With Metal Inclusion,16.5,2024-04-24,9.6,1.72,WorthPoint
nwa-lunar-meteorite,NWA 7650 L6 Chondrite Meteorite 72 Gram Windowed Frag With Chondrules & Metal,47.1,2024-04-24,72,0.65,WorthPoint
nwa-lunar-meteorite,NWA 7122 L4 Chondrite Meteorite 19 Gram Part Slice,18.5,2024-04-24,19,0.97,WorthPoint
nwa-lunar-meteorite,NWA 10699 LL(L) 3 Chondrite Meteorite 3 G Part Slice Of Primitive Early Type,32,2024-04-24,3,10.67,WorthPoint
nwa-lunar-meteorite,NWA 10492 H4 Chondrite Meteorite 11.3g Part Slice With Many Visible Chondrules,13.21,2024-04-24,11.3,1.17,WorthPoint
nwa-lunar-meteorite,NWA 12518 LL3 Primitive Chondrite Type 3 Meteorite 7.9 Gram End Cut,15.38,2024-04-24,7.9,1.95,WorthPoint
nwa-lunar-meteorite,NWA 11901 Primitive Achondrite Lodranite Meteorite 5 Gram Part Slice,16.41,2024-04-24,5,3.28,WorthPoint
nwa-lunar-meteorite,3.06 Grams 19mm NWA 15373 As Found Lunar Fragmental Breccia Meteorite With A COA,79.99,2024-04-21,3.06,26.14,WorthPoint
nwa-lunar-meteorite,.680 Gram 15x10x2mm NWA 11898 Lunar Slice Moon Meteorite Feldspathic Breccia COA,49.99,2024-04-21,680,0.07,WorthPoint
nwa-lunar-meteorite,.175 Grams 10mm NWA 11421 Lunar Moon Meteorite As Found Individual With A C.O.A.,9.99,2024-04-21,175,0.06,WorthPoint
nwa-lunar-meteorite,Lunar Troctolitic Anorthosite Meteorite NWA 11252 (Paired),289.99,2024-04-20,,,WorthPoint
nwa-lunar-meteorite,NWA 15335 R3 Rumuruti Chondrite Meteorite 19.4 Gram Full Slice - Unequlibrated -,84,2024-04-20,19.4,4.33,WorthPoint
nwa-lunar-meteorite,8.9NWA 15334 L5 Chondrite Meteorite 28.9 Gram Great Flight Shaped Individual,47,2024-04-20,28.9,1.63,WorthPoint
nwa-lunar-meteorite,Polished Lunar Meteorites Slice,59,2024-04-11,,,WorthPoint
nwa-lunar-meteorite,"Meteorite**NWA 11228, Lunar Felds. Breccia**1.053 Gram Slice, Shock Melted Lunar",79.99,2024-04-10,1.053,75.96,WorthPoint
nwa-lunar-meteorite,NWA 15373 (1.229g) Polished Lunar Meteorite End Cut IMCA #s 6236 & 7294 Sellers,49,2024-04-10,1.229,39.87,WorthPoint
nwa-lunar-meteorite,"Lunar Meteorite NWA 11266 (Fieldspathic Breccia) , Northwest Africa .93 Grams",52.5,2024-04-10,93,0.56,WorthPoint
nwa-lunar-meteorite,.911 Grams 15x9x7mm NWA 11474 Lunar Feldsp. Breccia Meteorite Individual W/COA,49.99,2024-04-09,911,0.05,WorthPoint
nwa-lunar-meteorite,Meteorite NWA 6355 Achondrite Lunar Feldspathic Breccia - 6355-0018 - 0.09g,89.95,2024-04-09,0.09,999.44,WorthPoint
nwa-lunar-meteorite,"Meteorite**NWA 13992, Polymict Frag. Lunar Breccia**1.397 Gram,üçÅHARVAST MOONüåô",52,2024-04-08,1.397,37.22,WorthPoint
nwa-lunar-meteorite,"Meteorite**NWA 14900; LUNAR FRAGMENTAL BRECCIA**0.904 Gram, W/Dunite Clasts!!!",39.99,2024-04-08,0.904,44.24,WorthPoint
nwa-lunar-meteorite,"Meteorite**NWA 11228, Lunar Felds. Breccia**1.203 Gram, W/Veins HIGHLY SHOCKED!!",15,2024-04-08,1.203,12.47,WorthPoint
nwa-lunar-meteorite,"Lunar Fragmental Breccia Meteorite 15.5g, NWA 16484 Glass Polish End Cut",262.77,2024-04-08,15.5,16.95,WorthPoint
nwa-lunar-meteorite,1.07 Grams 21x15x2mm NWA 11182 Lunar Moon Slice Meteorite Feldsp. Breccia + COA,49.99,2024-04-04,1.07,46.72,WorthPoint
nwa-lunar-meteorite,Nice 1.28 Gram - NWA 11474 Lunar (feldsp. Breccia) Meteorite Unpolished Specimen,128,2024-04-04,1.28,100,WorthPoint
nwa-lunar-meteorite,.037 Grams 5x2x2mm NWA 10644 Lunar Feldspathic Breccia Meteorite Fragment W/ COA,7.99,2024-04-04,37,0.22,WorthPoint
nwa-lunar-meteorite,1.86 Grams 15mm NWA 15373 As Found Lunar Fragmental Breccia Meteorite With A COA,42.99,2024-04-04,1.86,23.11,WorthPoint
nwa-lunar-meteorite,.310 Grams 12x6x2mm NWA 6950 Lunar (gabbro) Slice Moon Meteorite With A COA,54.99,2024-04-03,310,0.18,WorthPoint
nwa-lunar-meteorite,"1.14 Grams NWA 13951 ""starry Night"" Lunar Meteorite Feldspathic Breccia W/ COA",79.99,2024-04-03,1.14,70.17,WorthPoint
nwa-lunar-meteorite,"1 Gram NWA 13951 ""starry Night"" Lunar Meteorite Feldspathic Breccia With A COA",92,2024-04-03,1,92,WorthPoint
nwa-lunar-meteorite,"Kialara Silver Series, 2017 -- 'To The Moon' - Diamond Single - #155/250",2500,2024-04-02,,,WorthPoint
nwa-lunar-meteorite,"NWA 14685 Moon/Lunar Meteorite Slice, Moon Meteorite, Astronomy Gift, 0.65 Grams",49,2024-04-01,0.65,75.38,WorthPoint
nwa-lunar-meteorite,3 MOON ROCK DISPLAY- 37mg LUNAR METEORITE - MUSEUM EDITION - Jumbo Display+Easel,37.95,2024-04-01,,,WorthPoint
nwa-lunar-meteorite,"Meteorite**NWA 13992, Polymict Frag. Lunar Breccia**2.966 Gram,üçÅHARVAST MOONüåô",88,2024-04-01,2.966,29.67,WorthPoint
nwa-lunar-meteorite,"Meteorite**NWA 13788, NEW LUNAR MELT BRECCIA**4.791 Gram Lunar Individual!!!",93.67,2024-04-01,4.791,19.55,WorthPoint
nwa-lunar-meteorite,"Meteorite**NWA 16349, Lunar Mare Basalt/Gabbro Breccia**0.382 Grams, APOLLO 14!",299.99,2024-04-01,0.382,785.31,WorthPoint
nwa-lunar-meteorite,"AMAZING, SHOWY 16.1g NWA 14685 LUNAR METEORITE FULL SLICE METEORITE MOON ROCK!",1595,2024-03-30,16.1,99.07,WorthPoint
nwa-lunar-meteorite,NWA 15373 (1.497g) Polished Lunar Meteorite Slice IMCA #s 6236 & 7294 Sellers,58,2024-03-30,1.497,38.74,WorthPoint
nwa-lunar-meteorite,.622 Grams 16mm As Found NWA 11303 Lunar Feldspathic Breccia Meteorite + COA,19.99,2024-03-28,622,0.03,WorthPoint
nwa-lunar-meteorite,.325 Grams 7x7x5mm NWA 8455 Lunar Individual Moon Meteorite Northwest Africa,24.99,2024-03-28,325,0.08,WorthPoint
nwa-lunar-meteorite,MOON & MARS METEORITE ROCK DISPLAYS- 2 DELUXE EDITIONS +EASELS+CERTIFICATES Ee,35.95,2024-03-27,,,WorthPoint
nwa-lunar-meteorite,NWA 11228 Meteorite Lunar Moon Rock Individual Weight 1.30 Grams,110,2024-03-27,1.3,84.62,WorthPoint
nwa-lunar-meteorite,NWA 12518 LL3 Primitive Chondrite Type 3 Meteorite 7.7 Gram Slice,11.6,2024-03-27,7.7,1.51,WorthPoint
nwa-lunar-meteorite,NWA 6287 LL5 Chondrite Meteorite 4 Gram Part Slice,6.11,2024-03-27,4,1.53,WorthPoint
nwa-lunar-meteorite,Northwest Africa 16101 L3 Chondrite Meteorite 8.1g End Cut Metal/chondrules,18,2024-03-27,8.1,2.22,WorthPoint
nwa-lunar-meteorite,NWA 6289 LL4 Chondrite Meteorite 13.5 Gram Part Slice With Big Metal Inclusion,10.5,2024-03-27,13.5,0.78,WorthPoint
nwa-lunar-meteorite,NWA 8343 Achondrite Howardite Meteorite - G511-0165 - 1.31g COA - Gorgeous Slice,26.95,2024-03-26,1.31,20.57,WorthPoint
nwa-lunar-meteorite,NWA 8343 Achondrite Howardite Meteorite - G511-0013 - 1.53g COA - Gorgeous Slice,30.95,2024-03-26,1.53,20.23,WorthPoint
nwa-lunar-meteorite,NWA 10499 LL3 Primitive Chondrite Meteorite 10.8 Gram End Cut Chondrules Galore,77.01,2024-03-26,10.8,7.13,WorthPoint
nwa-lunar-meteorite,NWA 14143 L5 Monomict Breccia Chondrite Meteorite 7.7g Desert Polished Fragment,5.6,2024-03-26,7.7,0.73,WorthPoint
nwa-lunar-meteorite,Museum Quality. Marvelous Nwa 11182 Lunar Meteorite. 2.34 Gms,60,2024-03-25,2.34,25.64,WorthPoint
nwa-lunar-meteorite,"Meteorite**NWA 14188; Lunar Mare Basaltic Breccia**3.586 Grams, Front-side Moon!",899,2024-03-25,3.586,250.7,WorthPoint
nwa-lunar-meteorite,"Meteorite**NWA 16349, Lunar Mare Basalt/Gabbro Breccia**0.231 Grams, APOLLO 14!",157.5,2024-03-25,0.231,681.82,WorthPoint
nwa-lunar-meteorite,2.73 Grams Cut Chunk 17x12x10mm NWA 11273 Lunar Moon Meteorite With A COA,129.99,2024-03-24,2.73,47.62,WorthPoint
nwa-lunar-meteorite,.515 Gram 13x9x3mm NWA 14681 Lunar RARE (troctolitic Anorthosite) Meteorite COA,49.99,2024-03-24,515,0.1,WorthPoint
nwa-lunar-meteorite,"Meteorite**NWA 14900; LUNAR FRAGMENTAL BRECCIA**2.433 Gram, W/Dunite Clasts!!!",400,2024-03-23,2.433,164.41,WorthPoint
nwa-lunar-meteorite,"Meteorite**NWA 13992, Polymict Frag. Lunar Breccia**5.872 Gram, HARVAST MOON!!!",499.99,2024-03-23,5.872,85.15,WorthPoint
nwa-lunar-meteorite,"Meteorite**NWA 13788, NEW LUNAR IMPACT MELT BRECCIA**4.168 Gram, BLACK LUNAR!!",399.99,2024-03-23,4.168,95.97,WorthPoint
nwa-lunar-meteorite,Small Cut On The 1.45 Gram 22mm NWA 15373 Lunar Fragmental Breccia Meteorite COA,18.99,2024-03-23,1.45,13.1,WorthPoint
nwa-lunar-meteorite,"1.63 Gram NWA 13951 ""starry Night"" Lunar Meteorite Feldspathic Breccia With COA",145,2024-03-23,1.63,88.96,WorthPoint
nwa-lunar-meteorite,1.10 Gram 20x13x2mm NWA 11898 Lunar Slice Moon Meteorite Feldspathic Breccia COA,59.99,2024-03-21,1.1,54.54,WorthPoint
nwa-lunar-meteorite,.513 Grams 7x7x6mm NWA 8455 Lunar Moon Meteorite Fragment With A C.O.A.,43.99,2024-03-21,513,0.09,WorthPoint
nwa-lunar-meteorite,NWA 15335 R3 Rumuruti Chondrite Meteorite 20.4 Gram Full Slice - Unequlibrated -,66,2024-03-21,20.4,3.24,WorthPoint
nwa-lunar-meteorite,NWA 11901 Primitive Achondrite Lodranite Meteorite 3.1 Gram Windowed Fragment,20.5,2024-03-21,3.1,6.61,WorthPoint
nwa-lunar-meteorite,NWA 13738 LL3 Primitive Chondrite Meteorite 8.3 Gram Thin End Cut,27,2024-03-21,8.3,3.25,WorthPoint
nwa-lunar-meteorite,NWA 15334 L5 Chondrite Meteorite 30.7g Desert Polished Flight Shaped Individual,22.5,2024-03-21,30.7,0.73,WorthPoint
nwa-lunar-meteorite,NWA 10699 LL(L) 3 Chondrite Meteorite 3.5 G Part Slice Of Primitive Early Type,20,2024-03-21,3.5,5.71,WorthPoint
nwa-lunar-meteorite,NWA 10492 H4 Chondrite Meteorite 30.1g Part Slice With Many Visible Chondrules,18.5,2024-03-21,30.1,0.61,WorthPoint
nwa-lunar-meteorite,Meteorite NWA 14147 R3-4 Rumuruti Chondrite 3 Gram Part Slice,7.5,2024-03-20,3,2.5,WorthPoint
nwa-lunar-meteorite,NWA 13509 LL4-6 Chondrite Meteorite 6.8 Gram Part Slice,8.67,2024-03-20,6.8,1.28,WorthPoint
nwa-lunar-meteorite,NWA 15373 (0.596g) Polished Lunar Meteorite Slice IMCA #s 6236 & 7294 Sellers,27,2024-03-19,0.596,45.3,WorthPoint
nwa-lunar-meteorite,"NWA 13992, Lunar Polymict Frag. Breccia, Mauritania 2021, 4.34 Gram Slice",218,2024-03-18,4.34,50.23,WorthPoint
nwa-lunar-meteorite,"Meteorite**NWA 13788, LUNAR MELT BRECCIA**6.133 Gram Endcut; Beautiful Endcut!!!",116.39,2024-03-18,6.133,18.98,WorthPoint
nwa-lunar-meteorite,"Meteorite**NWA 13992, Polymict Frag. Lunar Breccia**2.640 Grams, HARVAST MOONüåô",56,2024-03-18,2.64,21.21,WorthPoint
nwa-lunar-meteorite,"Meteorite**NWA 14900; LUNAR FRAGMENTAL BRECCIA**0.464 Gram, W/Dunite Clasts!!!",11.5,2024-03-18,0.464,24.78,WorthPoint
nwa-lunar-meteorite,NWA 1553 Meteorite Thin Section (A Rare Achondrite),39.95,2024-03-17,,,WorthPoint
nwa-lunar-meteorite,.439 Grams 12x9x2mm NWA 14685 Lunar Slice Fragment Breccia Meteorite With COA,19.99,2024-03-15,439,0.05,WorthPoint
nwa-lunar-meteorite,MOON ROCK / LUNAR Feldspathic Breccia - Bechar 003 .59g *Great Price! (1110bl),26,2024-03-15,59,0.44,WorthPoint
nwa-lunar-meteorite,"Meteorite**NWA 16349, Lunar Mare Basalt/Gabbro Breccia**THIN SECTION, APOLLO 14!",250,2024-03-15,,,WorthPoint
nwa-lunar-meteorite,.276 Grams NWA 8455 Lunar As Found Individual Moon Meteorite Northwest Africa,17.99,2024-03-12,276,0.07,WorthPoint
nwa-lunar-meteorite,"LUNAR Meteorite NWA 11228, 1.11g Endcut. Piece Of The MOON! Low TKW!",69,2024-03-12,1.11,62.16,WorthPoint
nwa-lunar-meteorite,.222 Grams 10x7x2mm NWA 8607 Lunar Cut Fragment Meteorite With COA,9.99,2024-03-12,222,0.05,WorthPoint
nwa-lunar-meteorite,Lunar-like NWA 4664 DIOGENITE(pm) Meteorite Part End Cut - 2.04 G,29,2024-03-12,2.04,14.22,WorthPoint
nwa-lunar-meteorite,MOON ROCK / LUNAR Feldspathic Breccia - Bechar 003 .66g *Great Price! (1110bm),29,2024-03-12,66,0.44,WorthPoint
nwa-lunar-meteorite,MOON ROCK / LUNAR Feldspathic Breccia - Bechar 003 .91g *Great Price! (1110bh),40,2024-03-11,91,0.44,WorthPoint
nwa-lunar-meteorite,"Meteorite**NWA 13788, LUNAR MELT BRECCIA**5.685 Gram Endcut; Beautiful Endcut!!!",102.5,2024-03-11,5.685,18.03,WorthPoint
nwa-lunar-meteorite,"Meteorite**NWA 11228, Lunar Felds. Breccia**0.792 Gram, W/Veins HIGHLY SHOCKED!!",40,2024-03-11,0.792,50.51,WorthPoint
nwa-lunar-meteorite,RARE NWA 13359 Polymict Eucrite 4.67 G Meteorite Slice - Shocked W/Metal Blob !!,65,2024-03-11,4.67,13.92,WorthPoint
nwa-lunar-meteorite,"NWA 16315 Troctolite, Anorthosite Vesicular Lunar Melt Meteorite. 15.15g Slice",422,2024-03-11,15.15,27.85,WorthPoint
nwa-lunar-meteorite,.894 Grams 19x12x2mm NWA 15373 Slice Lunar Fragmental Breccia Meteorite With COA,26.99,2024-03-08,894,0.03,WorthPoint
nwa-lunar-meteorite,MOON ROCK / LUNAR Feldspathic Breccia - Bechar 003 1.0g *Great Price! (1110bi),45,2024-03-08,1,45,WorthPoint
nwa-lunar-meteorite,"Meteorite**NWA 13788, NEW LUNAR MELT BRECCIA**29.598 Gram Lunar Individual!!!",2100,2024-03-08,29.598,70.95,WorthPoint
nwa-lunar-meteorite,"Huge Lunar-like Monomict Eucrite Meteorite NWA 15923, 200x200mm FULL 241g Slice",1045,2024-03-06,241,4.34,WorthPoint
nwa-lunar-meteorite,"NWA 15658 (12.74g) Meteorite Polished Slice, Eucrite Melt Breccia, IMCA Sellers",73,2024-03-06,12.74,5.73,WorthPoint
nwa-lunar-meteorite,MOON ROCK / LUNAR Feldspathic Breccia - Bechar 003 .77g *Great Price! (1110bn),34,2024-03-05,77,0.44,WorthPoint
nwa-lunar-meteorite,"Meteorite**NWA 14577, Lunar Frag. Breccia**30.991 Gram Endcut, Highly Shocked!!",2999.99,2024-03-05,30.991,96.8,WorthPoint
nwa-lunar-meteorite,.901 Grams NWA 11474 Lunar Feldspathic Breccia Meteorite Fragments With COA,15.5,2024-03-04,901,0.02,WorthPoint
nwa-lunar-meteorite,"Meteorite**NWA 11228, NWA 14899, Touat 008** Martian & Lunar!! For Tim",184,2024-03-04,,,WorthPoint
nwa-lunar-meteorite,.455 Gram 11x8x3mm NWA 14681 Lunar RARE (troctolitic Anorthosite) Meteorite COA,39.99,2024-03-04,455,0.09,WorthPoint
nwa-lunar-meteorite,"Meteorite**NWA 16349, Lunar Mare Basalt/Gabbro Breccia**0.259 Grams, APOLLO 14!",199,2024-03-04,0.259,768.34,WorthPoint
nwa-lunar-meteorite,"Meteorite**NWA 13992, Polymict Frag. Lunar Breccia**1.891 Grams, HARVAST MOONüåô",82,2024-03-04,1.891,43.36,WorthPoint
nwa-lunar-meteorite,"Meteorite**NWA 11228, Lunar Felds. Breccia**0.694 Gram, W/Veins HIGHLY SHOCKED!!",12.5,2024-03-04,0.694,18.01,WorthPoint
nwa-lunar-meteorite,Genuine Authentic Actual MOON ROCK Lunar Meteorite PIECE NWA 11788 Display,6,2024-03-03,,,WorthPoint
nwa-lunar-meteorite,"NWA 15658 (21.18g) Meteorite Polished Slice, Eucrite Melt Breccia, IMCA Sellers",128,2024-03-03,21.18,6.04,WorthPoint
nwa-lunar-meteorite,.328 Grams 8x7x4mm NWA 11303 Lunar Feldspathic Breccia As Found Meteorite + COA,29,2024-03-02,328,0.09,WorthPoint
nwa-lunar-meteorite,.136 Grams 14x6x1mm NWA 13788 Lunar Slice Of (melt Breccia) Meteorite With A COA,7.99,2024-03-02,136,0.06,WorthPoint
nwa-lunar-meteorite,.301 Grams 11x9x2mm NWA 14685 Lunar Slice Fragment Breccia Meteorite With COA,21.38,2024-03-02,301,0.07,WorthPoint
nwa-lunar-meteorite,.541 Grams 14x10x2mm NWA 15373 Slice Lunar Fragmental Breccia Meteorite With COA,22.38,2024-03-02,541,0.04,WorthPoint
nwa-lunar-meteorite,.896 Grams NWA 11421 Lunar Moon Meteorite Fragments With A C.O.A.,13.99,2024-03-01,896,0.02,WorthPoint
nwa-lunar-meteorite,NWA 14695 Lunar Meteorite üåô Moon Rock 5.40 Gram Stone By Steve Of Meteorite Men,270,2024-02-29,5.4,50,WorthPoint
nwa-lunar-meteorite,"LUNAR Meteorite NWA 11228, 1.32g Endcut. Piece Of The MOON! Low TKW!",63,2024-02-29,1.32,47.73,WorthPoint
nwa-lunar-meteorite,.125 Grams 9x5x2mm NWA 13788 Lunar Slice Of (melt Breccia) Meteorite With A COA,6.99,2024-02-29,125,0.06,WorthPoint
nwa-lunar-meteorite,NWA 6953 Mesosiderite Meteorite 5.6 Gram Windowed Fragment,21,2024-02-29,5.6,3.75,WorthPoint
nwa-lunar-meteorite,NWA 12518 LL3 Primitive Chondrite Type 3 Meteorite 9.6 Gram Slice,41,2024-02-29,9.6,4.27,WorthPoint
nwa-lunar-meteorite,NWA 7716 Pallasite Meteorite 3.3 Gram Fragment With Visible Olivine,10,2024-02-29,3.3,3.03,WorthPoint
nwa-lunar-meteorite,.222 Grams 11x7x2mm NWA 6950 Lunar (gabbro) Slice Moon Meteorite With A COA,34.99,2024-02-28,222,0.16,WorthPoint
nwa-lunar-meteorite,".444 Gram NWA 13951 ""starry Night"" Lunar Meteorite Feldspathic Breccia With COA",16.99,2024-02-28,444,0.04,WorthPoint
nwa-lunar-meteorite,.694 Gram 19x9x2mm NWA 11898 Lunar Slice Moon Meteorite Feldspathic Breccia COA,29.99,2024-02-28,694,0.04,WorthPoint
nwa-lunar-meteorite,CK4 Carbonaceous Chondrite - 26g NWA 15319 RARE!!! **BEAUTIFUL CK4**,91,2024-02-28,26,3.5,WorthPoint
nwa-lunar-meteorite,Meteorite**NWA 13992; 2.00 Grams & Bechar 008; 18.832 Gram Endcut** For Timora-2,113.53,2024-02-26,2,56.77,WorthPoint
nwa-lunar-meteorite,NWA 10499 LL3 Primitive Chondrite Meteorite 12.3 Gram End Cut,22.5,2024-02-26,12.3,1.83,WorthPoint
nwa-lunar-meteorite,NWA 2932 Mesosiderite Meteorite 4.8 Gram Windowed Fragment,22.5,2024-02-26,4.8,4.69,WorthPoint
nwa-lunar-meteorite,"Lunar Melt Breccia, Meteorite NWA 13788, 5.8g Slice. Piece Of The MOON! 1 Of 26!",310,2024-02-26,5.8,53.45,WorthPoint
nwa-lunar-meteorite,Lunar (moon) Meteorite,28,2024-02-26,,,WorthPoint
nwa-lunar-meteorite,"Meteorite**NWA 13788, LUNAR MELT BRECCIA**5.702 Gram, Gorgeous Lunar Endcut!!!",110.5,2024-02-26,5.702,19.38,WorthPoint
nwa-lunar-meteorite,CK4 Carbonaceous Chondrite - 33g NWA 15319 RARE!!! **BEAUTIFUL CK4**,115,2024-02-26,33,3.48,WorthPoint
nwa-lunar-meteorite,"Meteorite**NWA 13992, Polymict Frag. Lunar Breccia**2.000 Gram, HARVAST MOONüåô",69,2024-02-26,2,34.5,WorthPoint
nwa-lunar-meteorite,"Lunar Fragmental Breccia Meteorite 18.14g, MOON! Colorful Clasts, Glass Polish",318,2024-02-26,18.14,17.53,WorthPoint
nwa-lunar-meteorite,"NWA 11303, Lunar Breccia Meteorite, 10.45g Mirror Polish, Stunning Clasts!",227.5,2024-02-26,10.45,21.77,WorthPoint
nwa-lunar-meteorite,Northwest Africa 16101 L3 Chondrite Meteorite 7.7g Part Slice Metal/ Chondrules,36,2024-02-24,7.7,4.68,WorthPoint
nwa-lunar-meteorite,NWA 15334 L5 Chondrite Meteorite 30.8 Gram Great Flight Shaped Individual,22.72,2024-02-24,30.8,0.74,WorthPoint
nwa-lunar-meteorite,MOON ROCK / LUNAR Feldspathic Breccia - Bechar 003 1.8g *Great Price! (1110bg),72,2024-02-24,1.8,40,WorthPoint
nwa-lunar-meteorite,Low Price! Superior Slice! Magnificent Nwa 11898 Lunar Meteorite! 1.95 Gms,231.75,2024-02-23,1.95,118.85,WorthPoint
nwa-lunar-meteorite,NWA 6289 LL4 Chondrite Meteorite 20.7 Gram Part Slice,15,2024-02-22,20.7,0.72,WorthPoint
nwa-lunar-meteorite,NWA 7122 L4 Chondrite Meteorite 19.5 Gram Part Slice,6.5,2024-02-22,19.5,0.33,WorthPoint
nwa-lunar-meteorite,Mars Meteorite Nwa 12269 + Lunar Meteorite Nwa 10901 + 3 Other Meteorites,28,2024-02-20,,,WorthPoint
nwa-lunar-meteorite,MOON ROCK / LUNAR Feldspathic Breccia - Bechar 003 2.1g *Great Price! (1110bd),72,2024-02-20,2.1,34.29,WorthPoint
nwa-lunar-meteorite,"Meteorite**NWA 13788, NEW LUNAR MELT BRECCIA**3.603 Gram, RARE W/GOLDEN CLASTS!!",79,2024-02-19,3.603,21.93,WorthPoint
nwa-lunar-meteorite,"Meteorite**NWA 14900; LUNAR FRAGMENTAL BRECCIA**0.292 Gram, W/Dunite Clasts!!!",12.5,2024-02-19,0.292,42.81,WorthPoint
nwa-lunar-meteorite,"Meteorite**NWA 13992, Polymict Frag. Lunar Breccia**1.804 G. ‚òØÔ∏è HARVAST MOONüåô",41,2024-02-19,1.804,22.73,WorthPoint
nwa-lunar-meteorite,Meteorite Chondrite Unclassified *117 Grams* !Dark Fusion Crust!,46,2024-02-19,117,0.39,WorthPoint
nwa-lunar-meteorite,.223 Grams 8x5x3mm NWA 8455 Lunar Individual Moon Meteorite Northwest Africa,18.99,2024-02-18,223,0.09,WorthPoint
nwa-lunar-meteorite,"LUNAR Meteorite NWA 11228, Whole Individual. Piece Of The MOON! Low TKW! + COA",40,2024-02-17,,,WorthPoint
nwa-lunar-meteorite,Meteorite: Lunar Feldspathic Breccia NWA 13859. 0.35- 0.80 Grams,13.5,2024-02-17,0.8,16.88,WorthPoint
nwa-lunar-meteorite,CK4 Carbonaceous Chondrite - 51g NWA 15319 RARE!!! **BEAUTIFUL CK4**,178,2024-02-15,51,3.49,WorthPoint
nwa-lunar-meteorite,AL Haggounia 001 EL3 Enstatite Melt Rock Meteorite 11.3 Gram Fragment,5.62,2024-02-13,11.3,0.5,WorthPoint
nwa-lunar-meteorite,NWA 7123 H3 Chondrite Meteorite 17.6 Gram Slice Loaded With Metal And Chondrules,37,2024-02-13,17.6,2.1,WorthPoint
nwa-lunar-meteorite,NWA 6289 LL4 Chondrite Meteorite 2.9 Gram Part Slice,7.59,2024-02-13,2.9,2.62,WorthPoint
nwa-lunar-meteorite,CK4 Carbonaceous Chondrite - 45g NWA 15319 RARE!!! **BEAUTIFUL CK4**,157,2024-02-13,45,3.49,WorthPoint
nwa-lunar-meteorite,"Meteorite**NWA 14900; LUNAR FRAGMENTAL BRECCIA**1.105 Gram, W/Dunite Clasts!!!",169.99,2024-02-13,1.105,153.84,WorthPoint
nwa-lunar-meteorite,.415 Grams 12mm NWA 15373 End Cut Lunar Fragmental Breccia Meteorite With A COA,17.99,2024-02-13,415,0.04,WorthPoint
nwa-lunar-meteorite,NWA 7650 L6 Chondrite Meteorite 44 Gram Partial Cut With Chondrules & Metal,13.5,2024-02-13,44,0.31,WorthPoint
nwa-lunar-meteorite,Aubrite Meteorite 20g NWA 15304 **STUNNING & RARE AUBRITE!!**,380,2024-02-13,20,19,WorthPoint
nwa-lunar-meteorite,NWA 11901 Primitive Achondrite Lodranite Meteorite 5.8 Gram Partial Cut,29,2024-02-10,5.8,5,WorthPoint
nwa-lunar-meteorite,NWA 13385 CVred3 Primitive Carbonaceous Chondrite Meteorite 2 Gram Fragment,26,2024-02-10,2,13,WorthPoint
nwa-lunar-meteorite,NWA 13509 LL4-6 Chondrite Meteorite 16 Gram Part Slice,6.5,2024-02-10,16,0.41,WorthPoint
nwa-lunar-meteorite,NWA 13738 LL3 Primitive Chondrite Meteorite 5.9 Gram Part Slice,28.61,2024-02-10,5.9,4.85,WorthPoint
nwa-lunar-meteorite,NWA 10499 LL3 Primitive Chondrite Meteorite 10.3 Gram Part Slice,70,2024-02-09,10.3,6.8,WorthPoint
nwa-lunar-meteorite,NWA 7122 L4 Chondrite Meteorite 18.3 Gram Part Slice,6,2024-02-09,18.3,0.33,WorthPoint
nwa-lunar-meteorite,Meteorite NWA 14147 R3-4 Rumuruti Chondrite 2.6 Gram Part Slice,11,2024-02-09,2.6,4.23,WorthPoint
nwa-lunar-meteorite,Northwest Africa 16101 L3 Chondrite Meteorite 7.3g Part Slice Metal/ Chondrules,16,2024-02-09,7.3,2.19,WorthPoint
nwa-lunar-meteorite,NWA 7192 LL4 Chondrite Meteorite 6.9 Gram Partial Cut Shows Chondrules And Metal,9.5,2024-02-09,6.9,1.38,WorthPoint
nwa-lunar-meteorite,NWA 14143 L5 Monomict Breccia Chondrite Meteorite 9.1g Desert Polished Fragment,11.06,2024-02-09,9.1,1.22,WorthPoint
nwa-lunar-meteorite,NWA 2932 Mesosiderite Meteorite 4.6 Gram Windowed Fragment,26,2024-02-09,4.6,5.65,WorthPoint
nwa-lunar-meteorite,NWA 15335 R3 Rumuruti Chondrite Meteorite 4.8 Gram End Cut - Unequlibrated -,12,2024-02-09,4.8,2.5,WorthPoint
nwa-lunar-meteorite,NWA 12518 LL3 Primitive Chondrite Type 3 Meteorite 5 Gram Slice,9.6,2024-02-08,5,1.92,WorthPoint
nwa-lunar-meteorite,"Lunar-like Monomict Eucrite Meteorite NWA 15923, Huge FULL 179.6g Slice",799,2024-02-06,179.6,4.45,WorthPoint
nwa-lunar-meteorite,.347 Grams 12mm NWA 11182 Lunar As Found Moon Meteorite Feldsp. Breccia With COA,29.99,2024-02-05,347,0.09,WorthPoint
nwa-lunar-meteorite,1.70 Grams 23x15x2mm NWA 11182 Lunar Moon Slice Meteorite Feldsp. Breccia + COA,127,2024-02-05,1.7,74.71,WorthPoint
nwa-lunar-meteorite,"NWA 14681 Troctolite, Anorthosite Lunar Melt Meteorite. 9.85g Mirror Polish",263,2024-02-04,9.85,26.7,WorthPoint
nwa-lunar-meteorite,Lunar Meteorite NWA 13036 Thin Section (LAST ONE),75,2024-02-02,,,WorthPoint
nwa-lunar-meteorite,"This Is A Group Auction For Ebay User "" Steinchensammler """,540,2024-02-01,,,WorthPoint
nwa-lunar-meteorite,#55 LUNAR METEORITE NWA 11828 - 2.01 Gr - Feldspathic Breccia With FeNi Metal,50,2024-01-31,2.01,24.88,WorthPoint
nwa-lunar-meteorite,Certified Lunar METEORITE 4.45g (gram) Northwest Africa (Morocco 2017) NWA 11828,149.99,2024-01-31,4.45,33.71,WorthPoint
nwa-lunar-meteorite,NWA 8363 L Melt Rock Meteorite 13 Gram Complete Slice ( Totally Crystallized ),41,2024-01-31,13,3.15,WorthPoint
nwa-lunar-meteorite,NWA 10699 LL(L) 3 Chondrite Meteorite 5.1 G Part Slice Of Primitive Early Type,26,2024-01-31,5.1,5.1,WorthPoint
nwa-lunar-meteorite,NWA 10499 LL3 Primitive Chondrite Meteorite 9.4 Gram Partial Cut,22.5,2024-01-31,9.4,2.39,WorthPoint
nwa-lunar-meteorite,NWA 2932 Mesosiderite Meteorite 5.6 Gram Windowed Fragment,33,2024-01-31,5.6,5.89,WorthPoint
nwa-lunar-meteorite,NWA 11901 Primitive Achondrite Lodranite Meteorite 0.9 Gram Windowed Fragment,10,2024-01-31,0.9,11.11,WorthPoint
nwa-lunar-meteorite,NWA 7831 HED Olivine Diogenite Meteorite 3.1 Grams Of Fragment,14.5,2024-01-31,3.1,4.68,WorthPoint
nwa-lunar-meteorite,NWA 15335 R3 Rumuruti Chondrite Meteorite 11.6 Gram End Cut - Unequlibrated -,31,2024-01-29,11.6,2.67,WorthPoint
nwa-lunar-meteorite,NWA 12518 LL3 Primitive Chondrite Type 3 Meteorite 8.6 Gram Slice,41,2024-01-29,8.6,4.77,WorthPoint
nwa-lunar-meteorite,NWA 14143 L5 Monomict Breccia Chondrite Meteorite 7.1g Desert Polished Fragment,15.5,2024-01-29,7.1,2.18,WorthPoint
nwa-lunar-meteorite,NWA 13738 LL3 Primitive Chondrite Meteorite 7.1 Gram Part Slice,5.5,2024-01-29,7.1,0.77,WorthPoint
nwa-lunar-meteorite,AL Haggounia 001 EL3 Enstatite Melt Rock Meteorite 3.3 Gram Part Slice,12,2024-01-28,3.3,3.64,WorthPoint
nwa-lunar-meteorite,HED Achondrite Diogenite-pm 1.0g NWA 15316 Beautiful Diogenit-pm,5,2024-01-27,1,5,WorthPoint
nwa-lunar-meteorite,MOON ROCK / LUNAR Feldspathic Breccia - Bechar 003 3.1g *Great Price! (1110ba),93,2024-01-27,3.1,30,WorthPoint
nwa-lunar-meteorite,NWA 10686 L3 Primitive Chondrite Meteorite 10.5 Gram Part Slice,6.5,2024-01-27,10.5,0.62,WorthPoint
nwa-lunar-meteorite,NWA 7650 L6 Chondrite Meteorite 45.7 Gram Part Slice With Chondrules & Metal,6.6,2024-01-27,45.7,0.14,WorthPoint
nwa-lunar-meteorite,NWA 7716 Pallasite Meteorite 3.7 Gram Fragment With Visible Olivine,12,2024-01-27,3.7,3.24,WorthPoint
nwa-lunar-meteorite,NWA 7122 L4 Chondrite Meteorite 12 Gram Part Slice,6,2024-01-27,12,0.5,WorthPoint
nwa-lunar-meteorite,NWA 7123 H3 Chondrite Meteorite 11.6 Gram Slice Loaded With Metal And Chondrules,10.5,2024-01-27,11.6,0.91,WorthPoint
nwa-lunar-meteorite,NWA 6953 Mesosiderite Meteorite 4.9 Gram Windowed Fragment,17,2024-01-27,4.9,3.47,WorthPoint
nwa-lunar-meteorite,Meteorite NWA 14147 R3-4 Rumuruti Chondrite 4.9 Gram End Cut,21,2024-01-27,4.9,4.29,WorthPoint
nwa-lunar-meteorite,NWA 10499 LL3 Primitive Chondrite Meteorite 12.6 Gram Part Slice,25.01,2024-01-27,12.6,1.98,WorthPoint
nwa-lunar-meteorite,Northwest Africa 16101 L3 Chondrite Meteorite 7.1g Part Slice Metal/ Chondrules,7.5,2024-01-27,7.1,1.06,WorthPoint
nwa-lunar-meteorite,CK4 Carbonaceous Chondrite - 30g NWA 15319 RARE!!! **BEAUTIFUL CK4**,114,2024-01-22,30,3.8,WorthPoint
nwa-lunar-meteorite,"MOON!! NWA 14576, Fragmental Breccia Meteorite, 3.6 Grams Mirror Polished",79,2024-01-22,3.6,21.94,WorthPoint
nwa-lunar-meteorite,Moon Pendant - Genuine Lunar Meteorite Jewelry - Silver - TOP METEORITE,375,2024-01-21,,,WorthPoint
nwa-lunar-meteorite,Lunar-like NWA 4664 DIOGENITE(pm) Meteorite Cut Fragment - 13.9 G,89,2024-01-21,13.9,6.4,WorthPoint
nwa-lunar-meteorite,NWA 14041 Meteorite Lunar Moon Rock Part Slice Weight 7.39 Grams,665,2024-01-21,7.39,89.99,WorthPoint
nwa-lunar-meteorite,LUNAR 13.7g NWA 13930 Main Mass Endcut Meteorite Feldspathic Breccia TKW 92G,499,2024-01-20,13.7,36.42,WorthPoint
nwa-lunar-meteorite,MOON ROCK / LUNAR Feldspathic Breccia - Bechar 003 3.0g *Great Price! (1110bc),105,2024-01-18,3,35,WorthPoint
nwa-lunar-meteorite,"Meteorite**NWA 11228, Lunar Felds. Breccia**2.818 Grams, W/Veins HIGHLY SHOCKED!",33,2024-01-18,2.818,11.71,WorthPoint
nwa-lunar-meteorite,"Meteorite**NWA 13992, Polymict Frag. Lunar Breccia**3.085 Gram,üçÅHARVAST MOONüåô",122,2024-01-18,3.085,39.55,WorthPoint
nwa-lunar-meteorite,.493 Gram 19x6x2mm NWA 11898 Lunar Slice Moon Meteorite Feldspathic Breccia COA,39,2024-01-17,493,0.08,WorthPoint
nwa-lunar-meteorite,CK4 Carbonaceous Chondrite - 7.4g NWA 15319 RARE!!! **BEAUTIFUL CK4**,44,2024-01-17,7.4,5.95,WorthPoint
nwa-lunar-meteorite,AL Haggounia 001 EL3 Enstatite Melt Rock Meteorite 9 Gram Slice,6.15,2024-01-17,9,0.68,WorthPoint
nwa-lunar-meteorite,NWA 15334 L5 Chondrite Meteorite 19.6g Desert Polished Flight Shaped Individual,7,2024-01-17,19.6,0.36,WorthPoint
nwa-lunar-meteorite,Lunar Meteorite NWA 12971 Thin Section (extremely Rare Type).,175,2024-01-13,,,WorthPoint
nwa-lunar-meteorite,Meteorite**NWA 14899 And NWA 15910**5.558 Grams & 9.766 Grams Lunar/Martian Lot,1400,2024-01-13,5.558,251.89,WorthPoint
nwa-lunar-meteorite,"NWA 15373 (14.29g) Lunar Meteorite, Individual Stone, IMCA #s 6236 & 7294",335,2024-01-11,14.29,23.44,WorthPoint
nwa-lunar-meteorite,.138 Grams NWA 12971 Meteorite Lunar (troctolitic Melt Rock) Fragment With A COA,17,2024-01-11,138,0.12,WorthPoint
nwa-lunar-meteorite,.181 Grams 13x9x2mm NWA 8607 Lunar Cut Fragment Meteorite With COA,12.25,2024-01-09,181,0.07,WorthPoint
nwa-lunar-meteorite,.220 Grams 11mm NWA 11474 Lunar Feldsp. Breccia Meteorite Individual With COA,11.99,2024-01-08,220,0.05,WorthPoint
nwa-lunar-meteorite,Meteorite::NWA 11228:: Weight 6.801 Grams:: Shock Veins Œú Gabbro Clast.,200,2024-01-08,6.801,29.41,WorthPoint
nwa-lunar-meteorite,#7 MOON LUNAR METEORITE - 33.66 Grams - Feldspathic Breccia - NWA 11828,700,2024-01-08,33.66,20.8,WorthPoint
nwa-lunar-meteorite,CK4 Carbonaceous Chondrite - 36g NWA 15319 RARE!!! **BEAUTIFUL CK4**,137,2024-01-08,36,3.81,WorthPoint
nwa-lunar-meteorite,"Meteorite**NWA 14900; LUNAR FRAGMENTAL BRECCIA**2.033 Gram, W/Dunite Clasts!!!",76,2024-01-08,2.033,37.38,WorthPoint
nwa-lunar-meteorite,NWA 8363 L Melt Rock Meteorite 15.9 Gram Complete Slice ( Totally Crystallized ),35,2024-01-07,15.9,2.2,WorthPoint
nwa-lunar-meteorite,NWA 14358 Achondrite Lunar Meteorite - G731-0002 - 23.85g Feldspathic Breccia,399.95,2024-01-06,23.85,16.77,WorthPoint
nwa-lunar-meteorite,NWA 14358 Achondrite Lunar Meteorite - G731-0008 - 17.71g Feldspathic Breccia,299.95,2024-01-04,17.71,16.94,WorthPoint
nwa-lunar-meteorite,".888 Gram NWA 13951 ""starry Night"" Lunar Meteorite Feldspathic Breccia With COA",69,2024-01-04,888,0.08,WorthPoint
nwa-lunar-meteorite,NWA 14358 Achondrite Lunar Meteorite - G731-0003 - 22.67g Feldspathic Breccia,399.95,2024-01-03,22.67,17.64,WorthPoint
nwa-lunar-meteorite,"Lunar Meteorite Paired With NWA 8455, Found In 2014, 0.21 Grams, Robert Verish!",22,2024-01-02,0.21,104.76,WorthPoint
nwa-lunar-meteorite,.387 Grams 15x9x2mm NWA 14685 Lunar Slice Fragment Breccia Meteorite With COA,16.99,2024-01-02,387,0.04,WorthPoint
nwa-lunar-meteorite,"Lunar Breccia Meteorite NWA 15377, 15.32g, MOON! Colorful Clasts, Glass Polish",602,2024-01-01,15.32,39.3,WorthPoint
nwa-lunar-meteorite,"NWA 11303, Lunar Breccia Meteorite, 13.28g Mirror Polish, Stunning Clasts!",357,2024-01-01,13.28,26.88,WorthPoint
nwa-lunar-meteorite,.334 Grams 17mm End Cut NWA 11303 Lunar Feldspathic Breccia Meteorite With COA,33,2023-12-30,334,0.1,WorthPoint
nwa-lunar-meteorite,"4.9 Grams NWA 11898, Lunar, Feldsp. Brecc. Slice Of Meteorite",171.95,2023-12-30,4.9,35.09,WorthPoint
nwa-lunar-meteorite,.422 Grams 14x9x2mm NWA 14577 Lunar Slice Fragmental Breccia Meteorite With COA,41,2023-12-30,422,0.1,WorthPoint
nwa-lunar-meteorite,.630 Grams 15x14x2mm NWA 14685 Lunar Slice Fragment Breccia Meteorite With COA,49.99,2023-12-30,630,0.08,WorthPoint
nwa-lunar-meteorite,NWA 14358 Achondrite Lunar Meteorite - G731-0006 - 10.08g Feldspathic Breccia,199.95,2023-12-30,10.08,19.84,WorthPoint
nwa-lunar-meteorite,NWA 15335 R3 Rumuruti Chondrite Meteorite 15.4 Gram Full Slice - Unequlibrated -,57,2023-12-30,15.4,3.7,WorthPoint
nwa-lunar-meteorite,Northwest Africa 16101 L3 Chondrite Meteorite 18.6g Part Slice Metal/ Chondrules,33,2023-12-30,18.6,1.77,WorthPoint
nwa-lunar-meteorite,NWA 10699 LL(L) 3 Chondrite Meteorite 4.6 G Part Slice Of Primitive Early Type,153.49,2023-12-30,4.6,33.37,WorthPoint
nwa-lunar-meteorite,NWA 11901 Primitive Achondrite Lodranite Meteorite 4 Gram Windowed Fragment,20,2023-12-29,4,5,WorthPoint
nwa-lunar-meteorite,NWA 14358 Achondrite Lunar Meteorite - G731-0001 - 24.42g Feldspathic Breccia,399.95,2023-12-29,24.42,16.38,WorthPoint
nwa-lunar-meteorite,AL Haggounia 001 EL3 Enstatite Melt Rock Meteorite 10.9 Gram Slice,8,2023-12-29,10.9,0.73,WorthPoint
nwa-lunar-meteorite,2.98 G NWA 11182 Lunar (Moon) Meteorite Slice (feldsp. Breccia) Found In Africa,186,2023-12-29,2.98,62.42,WorthPoint
nwa-lunar-meteorite,2016 Burkina Faso NWA 10546 Moon Meteorite 1oz Domed Silver Coin W/Nano Chip OGP,107.5,2023-12-27,28.35,3.79,WorthPoint
nwa-lunar-meteorite,2015 SOLAR SYSTEM MOON NWA 8609 Lunar Meteorite Ultra High Relief 1oz Silver OGP,109.95,2023-12-27,28.35,3.88,WorthPoint
nwa-lunar-meteorite,"LUNAR Meteorite NWA 14755, Whole Individual + COA. Piece Of The MOON!",69,2023-12-26,,,WorthPoint
nwa-lunar-meteorite,Apollo 12 Command Module Flown Kapton & Moon Rock Lucite - NASA / Apollo Program,250,2023-12-26,,,WorthPoint
nwa-lunar-meteorite,"Meteorite**NWA 13788, LUNAR MELT BRECCIA**12.054 Gram Full Slice, High Metal!!!",218.5,2023-12-25,12.054,18.13,WorthPoint
nwa-lunar-meteorite,"Meteorite**NWA 15583, Lunar Felds. Breccia**7.988 Gram Slice, Rare Pink Lunar!!!",200.01,2023-12-25,7.988,25.04,WorthPoint
nwa-lunar-meteorite,"Meteorite**NWA 14900; LUNAR FRAGMENTAL BRECCIA**1.697 Gram, W/Dunite Clasts!!!",59,2023-12-25,1.697,34.77,WorthPoint
nwa-lunar-meteorite,.125 Grams 7x4x2mm NWA 10644 Lunar Feldspathic Breccia Meteorite Fragment W/ COA,18.99,2023-12-24,125,0.15,WorthPoint
nwa-lunar-meteorite,Northwest Africa 16101 L3 Chondrite Meteorite 13.3g Part Slice Metal/ Chondrules,22,2023-12-23,13.3,1.65,WorthPoint
nwa-lunar-meteorite,NWA 7831 HED Olivine Diogenite Meteorite 2 Grams Of Fragments In Glass Jar,7.6,2023-12-23,2,3.8,WorthPoint
nwa-lunar-meteorite,Lunar-like NWA 4664 DIOGENITE(pm) Meteorite Part Slice - 3.70 G,49,2023-12-21,3.7,13.24,WorthPoint
nwa-lunar-meteorite,NWA 14143 L5 Monomict Breccia Chondrite Meteorite 23.5g Desert Polished Fragment,28.1,2023-12-21,23.5,1.2,WorthPoint
nwa-lunar-meteorite,NWA 13509 LL4-6 Chondrite Meteorite 17 Grams With Large Section Of Fusion Crust,15,2023-12-21,17,0.88,WorthPoint
nwa-lunar-meteorite,NWA 6289 LL4 Chondrite Breccia Meteorite 22.3 Gram Part Slice,12,2023-12-21,22.3,0.54,WorthPoint
nwa-lunar-meteorite,1.36 Grams 19mm NWA 15373 As Found Lunar Fragmental Breccia Meteorite With A COA,38.99,2023-12-20,1.36,28.67,WorthPoint
nwa-lunar-meteorite,"LUNAR Meteorite NWA 11515, 3.73g Whole Individual + COA. Piece Of The MOON!",275,2023-12-20,3.73,73.73,WorthPoint
nwa-lunar-meteorite,2.60 Grams 22x18x5mm NWA 15373 End Cut Lunar Fragmental Breccia Meteorite COA,83.99,2023-12-19,2.6,32.3,WorthPoint
nwa-lunar-meteorite,Meteorite:: NWA 14900:: Weight 1.954 Grams:: With 6 Litholigies.,175,2023-12-19,1.954,89.56,WorthPoint
nwa-lunar-meteorite,Meteorite::NWA 12008:: Weight 0.577grams:: Extremely Rare With Low-Ti,450,2023-12-19,0.577,779.9,WorthPoint
nwa-lunar-meteorite,"NWA 14635 ~ ""Brachinite-Like"" ~ One Strange Meteorite ~ 1 Of 4 Known ~ 2.2 Gram",175,2023-12-18,2.2,79.55,WorthPoint
nwa-lunar-meteorite,CK4 Carbonaceous Chondrite - 28g NWA 15319 RARE!!! **BEAUTIFUL CK4**,107,2023-12-18,28,3.82,WorthPoint
nwa-lunar-meteorite,"Meteorite**NWA 11228, Lunar Felds. Breccia**4.134 Gram, W/Veins HIGHLY SHOCKED!",59.2,2023-12-18,4.134,14.32,WorthPoint
nwa-lunar-meteorite,"Meteorite**NWA 14900; LUNAR FRAGMENTAL BRECCIA**0.500 Gram, W/Dunite Clasts!!!",26,2023-12-18,0.5,52,WorthPoint
nwa-lunar-meteorite,Northwest Africa 16101 L3 Chondrite Meteorite 4.8g Part Slice Metal/ Chondrules,15,2023-12-18,4.8,3.13,WorthPoint
nwa-lunar-meteorite,Meteorite NWA 14147 R3-4 Rumuruti Chondrite 19.2 Gram End Cut With Fusion Crust,93,2023-12-18,19.2,4.84,WorthPoint
nwa-lunar-meteorite,NWA 15334 L5 Chondrite Meteorite 63.8g Desert Polished Flight Shaped Individual,62,2023-12-18,63.8,0.97,WorthPoint
nwa-lunar-meteorite,NWA 11901 Primitive Achondrite Lodranite Meteorite 4.7 Gram Part Slice,29,2023-12-18,4.7,6.17,WorthPoint
nwa-lunar-meteorite,NWA 10699 LL(L) 3 Chondrite Meteorite 9.4g Part Slice Of Primitive Early Type,20.51,2023-12-18,9.4,2.18,WorthPoint
nwa-lunar-meteorite,NWA 10492 H4 Chondrite Meteorite 15.6g Part Slice With Many Visible Chondrules,8.6,2023-12-18,15.6,0.55,WorthPoint
nwa-lunar-meteorite,NWA 6287 LL5 Chondrite Meteorite 13.4 Gram Part Slice,11.5,2023-12-18,13.4,0.86,WorthPoint
nwa-lunar-meteorite,NWA 7650 L6 Chondrite Meteorite 52.9 Gram Part Slice With Chondrules & Metal,15,2023-12-18,52.9,0.28,WorthPoint
nwa-lunar-meteorite,NWA 15335 R3 Rumuruti Chondrite Meteorite 6.1 Gram Part Slice - Unequlibrated -,21.5,2023-12-18,6.1,3.52,WorthPoint
nwa-lunar-meteorite,"Meteorite**NWA 13788, NEW LUNAR IMPACT MELT BRECCIA**4.429 Gram Endcut, RARE!",399.99,2023-12-16,4.429,90.31,WorthPoint
nwa-lunar-meteorite,Low Price! Superior Individual! Magnificent Nwa 11228 Lunar Meteorite! 1.947 Gms,186.75,2023-12-15,1.947,95.92,WorthPoint
nwa-lunar-meteorite,Real Moon Dust/Fragments Infinity Earrings (From Lunar Meteorite NWA 11788),139.95,2023-12-14,,,WorthPoint
nwa-lunar-meteorite,MOON ROCK / LUNAR Feldspathic Breccia - Bechar 003 1.5g *Great Price! (1110be),55,2023-12-13,1.5,36.67,WorthPoint
nwa-lunar-meteorite,"NWA 11303 Lunar Meteorite, 1.5 Gram Individual",21.77,2023-12-13,1.5,14.51,WorthPoint
nwa-lunar-meteorite,NWA 6953 Mesosiderite Meteorite 3 Gram Windowed Fragment,10,2023-12-13,3,3.33,WorthPoint
nwa-lunar-meteorite,AL Haggounia 001 EL3 Enstatite Melt Rock Meteorite 7.2 Gram Slice,6.12,2023-12-13,7.2,0.85,WorthPoint
nwa-lunar-meteorite,Northwest Africa 16101 L3 Chondrite Meteorite 15.7g Part Slice Metal/ Chondrules,18.5,2023-12-13,15.7,1.18,WorthPoint
nwa-lunar-meteorite,3.04 Grams 16mm NWA 15373 As Found Lunar Fragmental Breccia Meteorite With A COA,79.99,2023-12-11,3.04,26.31,WorthPoint
nwa-lunar-meteorite,"Real Moon Rock Meteorite Necklace, From Lunar Meteorite NWA 11788--Rose Gold",169.95,2023-12-11,,,WorthPoint
nwa-lunar-meteorite,"Meteorite**NWA 14900; LUNAR FRAGMENTAL BRECCIA**0.487 Gram, W/Dunite Clasts!!!",74,2023-12-11,0.487,151.95,WorthPoint
nwa-lunar-meteorite,"Meteorite**NWA 11228, Lunar Felds. Breccia**3.971 Gram, W/Veins HIGHLY SHOCKED!",99,2023-12-11,3.971,24.93,WorthPoint
nwa-lunar-meteorite,"Meteorite**NWA 13788, NEW LUNAR MELT BRECCIA**2.806 Gram Endcut, FROM THE MOON!!",66,2023-12-11,2.806,23.52,WorthPoint
nwa-lunar-meteorite,"Lunar Fragmental Breccia Meteorite 18.0g, MOON! Colorful Clasts, Glass Polish",425,2023-12-11,18,23.61,WorthPoint
nwa-lunar-meteorite,Lunar Meteorite NWA 13408 Thin Section (LAST ONE),150,2023-12-11,,,WorthPoint
nwa-lunar-meteorite,Aubrite Meteorite NWA 15304 1.1g **STUNNING & RARE AUBRITE!!**,31,2023-12-10,1.1,28.18,WorthPoint
nwa-lunar-meteorite,.583 Gram 15x9x2mm NWA 11898 Lunar Slice Moon Meteorite Feldspathic Breccia COA,41.99,2023-12-10,583,0.07,WorthPoint
nwa-lunar-meteorite,CK4 Carbonaceous Chondrite - 37g NWA 15319 RARE!!! **BEAUTIFUL CK4**,139,2023-12-10,37,3.76,WorthPoint
nwa-lunar-meteorite,Museum Quality! Sensational Slice! Marvelous Nwa 12765 Lunar Meteorite! 1.7 Gms,164.25,2023-12-10,1.7,96.62,WorthPoint
nwa-lunar-meteorite,"MOON!! NWA 14576, Fragmental Breccia Meteorite, 13.1 Grams Mirror Polished",305,2023-12-10,13.1,23.28,WorthPoint
nwa-lunar-meteorite,Aubrite Meteorite 11g NWA 15304 **STUNNING & RARE AUBRITE!!**,253,2023-12-09,11,23,WorthPoint
nwa-lunar-meteorite,NWA 10686 L3 Primitive Chondrite Meteorite 10.7 Gram Part Slice,7.6,2023-12-08,10.7,0.71,WorthPoint
nwa-lunar-meteorite,NWA 15335 R3 Rumuruti Chondrite Meteorite 12.6 Gram Part Slice - Unequlibrated -,43.2,2023-12-08,12.6,3.43,WorthPoint
nwa-lunar-meteorite,.317 Grams 10mm NWA 11421 Lunar Moon Meteorite As Found Individual With A C.O.A.,21.99,2023-12-07,317,0.07,WorthPoint
nwa-lunar-meteorite,NWA 13509 LL4-6 Chondrite Meteorite 17.7 Gram Part Slice,17,2023-12-07,17.7,0.96,WorthPoint
nwa-lunar-meteorite,Northwest Africa 16101 L3 Chondrite Meteorite 22.5g Part Slice Metal/ Chondrules,26,2023-12-07,22.5,1.16,WorthPoint
nwa-lunar-meteorite,Northwest Africa 14133 H5 Chondrite Meteorite 26g Part S With Lots Of Chondrules,12.5,2023-12-06,26,0.48,WorthPoint
nwa-lunar-meteorite,NWA 7123 H3 Chondrite Meteorite 11.9 Gram Slice Loaded With Metal And Chondrules,8,2023-12-06,11.9,0.67,WorthPoint
nwa-lunar-meteorite,NWA 11901 Primitive Achondrite Lodranite Meteorite 2.7 Gram Part Slice,9.5,2023-12-06,2.7,3.52,WorthPoint
nwa-lunar-meteorite,"Lunar Melt Breccia, Meteorite NWA 13788, 3.2g Slice. Piece Of The MOON! 1 Of 26!",230,2023-12-05,3.2,71.88,WorthPoint
nwa-lunar-meteorite,Aubrite Meteorite 1.5g NWA 15304 **STUNNING & RARE AUBRITE!!**,40,2023-12-05,1.5,26.67,WorthPoint
nwa-lunar-meteorite,"MOON!! NWA 14576, Fragmental Breccia Meteorite, 9.1 Grams Mirror Polished",190,2023-12-05,9.1,20.88,WorthPoint
nwa-lunar-meteorite,NWA 10401 Meteorite Lunar Moon Rock Part Slice Weight .335 Grams Micro,50,2023-12-05,335,0.15,WorthPoint
nwa-lunar-meteorite,"2.2 Grams Lunar, NWA 11898, Meteorite Slice. (Feldsp. Brecc.)",87,2023-12-05,2.2,39.55,WorthPoint
nwa-lunar-meteorite,"2.8 Grams Lunar, NWA 11898, Meteorite Slice. (Feldsp. Brecc.)",111,2023-12-05,2.8,39.64,WorthPoint
nwa-lunar-meteorite,"Meteorite**NWA 14900; LUNAR FRAGMENTAL BRECCIA**1.684 Gram, W/Dunite Clasts!!!",107.99,2023-12-04,1.684,64.13,WorthPoint
nwa-lunar-meteorite,"A Rock From Our Moon! NWA 11788, Lunar Feldspathic Breccia",29.86,2023-12-04,,,WorthPoint
nwa-lunar-meteorite,.313 Grams 12x6x2mm NWA 11182 Lunar Moon Meteorite (feldsp. Breccia) With COA,29.99,2023-12-04,313,0.1,WorthPoint
nwa-lunar-meteorite,Lunar Meteorite NWA 13408 Thin Section,150,2023-12-04,,,WorthPoint
nwa-lunar-meteorite,"Meteorite**NWA 14900; LUNAR FRAGMENTAL BRECCIA**2.079 Gram, W/Dunite Clasts!!!",179.99,2023-12-04,2.079,86.58,WorthPoint
nwa-lunar-meteorite,"Meteorite**NWA 12008, LUNAR MARE BASALT**0.872 Grams, Extremely Rare W/Low-Ti!!",235.5,2023-12-04,0.872,270.07,WorthPoint
nwa-lunar-meteorite,"Meteorite**NWA 15349; Lunar Frag Breccia**1.691 Gram Fragment, W/Fusion Crust!!",43,2023-12-04,1.691,25.43,WorthPoint
nwa-lunar-meteorite,"Meteorite**NWA 11228, Lunar Felds. Breccia**5.221 Gram, W/Veins HIGHLY SHOCKED!",76.01,2023-12-04,5.221,14.56,WorthPoint
nwa-lunar-meteorite,1.41 Gram 20x15x2mm NWA 11898 Lunar Slice Moon Meteorite Feldspathic Breccia COA,39.99,2023-12-04,1.41,28.36,WorthPoint
nwa-lunar-meteorite,MOON ROCK / LUNAR Feldspathic Breccia - Bechar 003 3.7g *Great Price! (1110ar),115,2023-12-03,3.7,31.08,WorthPoint
nwa-lunar-meteorite,NWA 11428 Lunar Meteorite Slice,1625,2023-11-30,,,WorthPoint
nwa-lunar-meteorite,".705 Gram NWA 13951 ""starry Night"" Lunar Meteorite Feldspathic Breccia With COA",59,2023-11-30,705,0.08,WorthPoint
nwa-lunar-meteorite,1.97 Grams 18mm NWA 15373 End Cut Lunar Fragmental Breccia Meteorite With A COA,69.99,2023-11-30,1.97,35.53,WorthPoint
nwa-lunar-meteorite,NWA 6289 LL4 Chondrite Meteorite 11.7 Gram Part Slice,10.5,2023-11-30,11.7,0.9,WorthPoint
nwa-lunar-meteorite,NWA 7122 L4 Chondrite Meteorite 13.8 Gram Thin Part Slice With Wide Surface Area,21.49,2023-11-30,13.8,1.56,WorthPoint
nwa-lunar-meteorite,Meteorite NWA 14147 R3-4 Rumuruti Chondrite 6.1 Gram Part Slice,9.5,2023-11-30,6.1,1.56,WorthPoint
nwa-lunar-meteorite,NWA 7650 L6 Chondrite Meteorite 36.8 Gram Partial Cut With Chondrules & Metal,17,2023-11-30,36.8,0.46,WorthPoint
nwa-lunar-meteorite,"4.5 Grams NWA 11898, Lunar, Feldsp. Brecc. Meteorite Slice.",224.95,2023-11-29,4.5,49.99,WorthPoint
nwa-lunar-meteorite,2015 $1 Niue LUNAR MOON METEORITE NWA 5000 Antique Finish 1 Oz Silver Coin.,269.95,2023-11-29,28.35,9.52,WorthPoint
nwa-lunar-meteorite,"NWA 10401, Lunar Troctolite, Found In 2015, 0.93 Gram Slice",70,2023-11-29,0.93,75.27,WorthPoint
nwa-lunar-meteorite,"Meteorite - 2.134g - NWA 13992, Polymict Frag. Lunar Breccia - 1 Of 7!",179,2023-11-29,2.134,83.88,WorthPoint
nwa-lunar-meteorite,MOON ROCK / LUNAR Feldspathic Breccia - Bechar 003 3.9g *Great Price! (1110as),122,2023-11-29,3.9,31.28,WorthPoint
nwa-lunar-meteorite,3.24 Grams 18mm NWA 15373 As Found Lunar Fragmental Breccia Meteorite With A COA,94.99,2023-11-29,3.24,29.32,WorthPoint
nwa-lunar-meteorite,NWA 11901 Primitive Achondrite Lodranite Meteorite 1.4 Gram Part Slice,6.5,2023-11-29,1.4,4.64,WorthPoint
nwa-lunar-meteorite,NWA 6080 LL4 Chondrite Meteorite 20.5 Gram Partial Cut Brecciated With Metal,25,2023-11-29,20.5,1.22,WorthPoint
nwa-lunar-meteorite,NWA 14143 L5 Monomict Breccia Chondrite Meteorite 33.1g Desert Polished Fragment,8,2023-11-29,33.1,0.24,WorthPoint
nwa-lunar-meteorite,Northwest Africa 16101 L3 Chondrite Meteorite 9.5g Part Slice Metal/ Chondrules,15,2023-11-29,9.5,1.58,WorthPoint
nwa-lunar-meteorite,MOON ROCK / LUNAR Feldspathic Breccia - Bechar 003 1.7g *Great Price! (1110av),59,2023-11-28,1.7,34.71,WorthPoint
nwa-lunar-meteorite,"NWA 11898 Moon/Lunar Meteorite Polished Cut Face, Moon Meteorite, Moon, 2.09g",157,2023-11-28,2.09,75.12,WorthPoint
nwa-lunar-meteorite,Meteorite:: NWA 14900:: Weight 0.755 Grams:: Lunar Fraf. Breccia,100,2023-11-27,0.755,132.45,WorthPoint
nwa-lunar-meteorite,.688 Gram 13x9x2mm NWA 14681 Lunar RARE (troctolitic Anorthosite) Meteorite COA,58.99,2023-11-27,688,0.09,WorthPoint
nwa-lunar-meteorite,Beautiful Luna Necklace I 925 Silver Meteorite Pendant Jewelry - TOP METEORITE,160,2023-11-27,,,WorthPoint
nwa-lunar-meteorite,"Meteorite**NWA 14900; LUNAR FRAGMENTAL BRECCIA**1.965 Gram, W/Dunite Clasts!!!",103.5,2023-11-27,1.965,52.67,WorthPoint
nwa-lunar-meteorite,"Meteorite**NWA 13788, NEW LUNAR MELT BRECCIA**5.799 Grams Slice, FROM THE MOON!!",150,2023-11-27,5.799,25.87,WorthPoint
nwa-lunar-meteorite,"1.33"" Polished Lunar Meteorite Slice - NWA 11273",495.6,2023-11-26,,,WorthPoint
nwa-lunar-meteorite,Meteorite:: NWA 14577Lunar Frag.Breccia:: 0.975 Grams Beautiful Fragment Slice.,75,2023-11-26,0.975,76.92,WorthPoint
nwa-lunar-meteorite,.211 Grams 8mm NWA 11273 Lunar Moon Meteorite Fragment With A COA,9.99,2023-11-26,211,0.05,WorthPoint
nwa-lunar-meteorite,"3.3 Grams Lunar, NWA 11898, Meteorite Slice. (Feldsp. Brecc.)",125,2023-11-26,3.3,37.88,WorthPoint
nwa-lunar-meteorite,NWA 10964 Meteorite Lunar Feldspathic Breccia Moon Rock Part Slice Weight Grams,550,2023-11-25,,,WorthPoint
nwa-lunar-meteorite,NWA 11787 Meteorite Lunar Moon Rock End Cut Weight 3.0 Grams,300,2023-11-25,3,100,WorthPoint
nwa-lunar-meteorite,NWA 5000 Lunar Meteorite ~ Renowned For Its Beauty ~ 0.034 Grams,18,2023-11-25,0.034,529.41,WorthPoint
nwa-lunar-meteorite,.654 Grams 11mm NWA 13974 Lunar Fragment Moon Meteorite Feldsp. Breccia With COA,39.99,2023-11-20,654,0.06,WorthPoint
nwa-lunar-meteorite,"Meteorite**NWA 11228, Lunar Felds. Breccia**4.948 Gram, W/Veins HIGHLY SHOCKED!",75,2023-11-20,4.948,15.16,WorthPoint
nwa-lunar-meteorite,NWA 12345 Achondrite Howardite Meteorite - G689-0018 - 0.44g COA - Polymict-br,21.95,2023-11-19,0.44,49.89,WorthPoint
nwa-lunar-meteorite,NWA 10499 LL3 Primitive Chondrite Meteorite 8.2 Gram Part Slice,30,2023-11-19,8.2,3.66,WorthPoint
nwa-lunar-meteorite,NWA 15334 L5 Chondrite Meteorite 37.1 Gram Wing Oriented Individual,31,2023-11-19,37.1,0.84,WorthPoint
nwa-lunar-meteorite,Meteorite NWA 14147 R3-4 Rumuruti Chondrite 4.8 Gram Part Slice,20,2023-11-19,4.8,4.17,WorthPoint
nwa-lunar-meteorite,Northwest Africa 16101 L3 Chondrite Meteorite 9.6g Part Slice Metal/ Chondrules,44,2023-11-18,9.6,4.58,WorthPoint
nwa-lunar-meteorite,"NWA 11303 Lunar Feldsp. Breccia, Found 2017, 0.39 Gram Slice",20,2023-11-14,0.39,51.28,WorthPoint
nwa-lunar-meteorite,.093 Grams 5x4x2mm NWA 6950 Meteorite Lunar (gabbro) Slice Fragment With A COA,22.5,2023-11-13,93,0.24,WorthPoint
nwa-lunar-meteorite,"Meteorite**NWA 12971, Lunar Troc. Melt Rock**5.326 Grams; Extremely Rare Lunar!!",231,2023-11-13,5.326,43.37,WorthPoint
nwa-lunar-meteorite,"20.6 Grams Lunar, NWA 11898, Meteorite Slice. (Feldsp. Brecc.)",944.95,2023-11-13,20.6,45.87,WorthPoint
nwa-lunar-meteorite,"Meteorite**NWA 14741, LUNAR BASALT BRECCIA**0.633 Grams, THE ONLY MICROVESICULAR",342,2023-11-13,0.633,540.28,WorthPoint
nwa-lunar-meteorite,"Meteorite**NWA 13788, NEW LUNAR MELT BRECCIA**2.626 Grams Slice, FROM THE MOON!!",45,2023-11-13,2.626,17.14,WorthPoint
nwa-lunar-meteorite,Diogenite-pm Meteorite 1.2g NWA 15316 Beautiful Diogenit-pm,7,2023-11-13,1.2,5.83,WorthPoint
nwa-lunar-meteorite,Meteorite:: NWA 13992::weight 1.355grams::lunar Polymict Breccia::,80,2023-11-13,1.355,59.04,WorthPoint
nwa-lunar-meteorite,0.142g Lunar Basalt Breccia - Rare Lunar Meteorite Type - TOP METEORITE,355,2023-11-11,0.142,2500,WorthPoint
nwa-lunar-meteorite,NWA 14685 Lunar 1.11g Lunar Feldspathic Breccia Meteorite,44,2023-11-11,1.11,39.64,WorthPoint
nwa-lunar-meteorite,NWA 11901 Primitive Achondrite Lodranite Meteorite 4.4 Gram Part Slice,31,2023-11-11,4.4,7.05,WorthPoint
nwa-lunar-meteorite,NWA 15335 R3 Rumuruti Chondrite Meteorite 3.4 Gram Full Slice - Unequlibrated -,20.25,2023-11-11,3.4,5.96,WorthPoint
nwa-lunar-meteorite,NWA 10492 H4 Chondrite Meteorite 16g Part Slice With Many Visible Chondrules,8.02,2023-11-11,16,0.5,WorthPoint
nwa-lunar-meteorite,NWA 7716 Pallasite Meteorite 4 Gram Windowed Fragment With Visible Olivine,13.5,2023-11-11,4,3.38,WorthPoint
nwa-lunar-meteorite,Northwest Africa 14133 H5 Chondrite Meteorite 32g Part C With Lots Of Chondrules,26.1,2023-11-11,32,0.82,WorthPoint
nwa-lunar-meteorite,NWA 13119 Lunar Meteorite Pendant,3250,2023-11-10,,,WorthPoint
nwa-lunar-meteorite,NWA 15655 Lunar Meteorite End Cut,7600,2023-11-10,,,WorthPoint
nwa-lunar-meteorite,NWA 14041 Lunar Meteorite Pendant,17500,2023-11-10,,,WorthPoint
nwa-lunar-meteorite,NWA 13119 Lunar Meteorite Slice,3750,2023-11-10,,,WorthPoint
nwa-lunar-meteorite,NWA 11303 Lunar Meteorite Pendant,2187.5,2023-11-10,,,WorthPoint
nwa-lunar-meteorite,Meteorite::NWA 12008:: Weight 0.551Grams:: Extremely Rare Lunar:small Part Slice,475,2023-11-10,0.551,862.07,WorthPoint
nwa-lunar-meteorite,Lunar Meteorite NWA 13757 .617 Grams (1 Of Only 4 Lunar Melt Breccias),70,2023-11-10,617,0.11,WorthPoint
nwa-lunar-meteorite,2.68 G NWA 11474 Lunar (Moon) Meteorite Specimen (feldsp. Breccia) From Africa,201,2023-11-10,2.68,75,WorthPoint
nwa-lunar-meteorite,Northwest Africa 16101 L3 Chondrite Meteorite 17.8g Part Slice Metal/ Chondrules,39,2023-11-10,17.8,2.19,WorthPoint
nwa-lunar-meteorite,AL Haggounia 001 EL3 Enstatite Melt Rock Meteorite 8.5 Gram Slice,12.5,2023-11-10,8.5,1.47,WorthPoint
nwa-lunar-meteorite,NWA 10686 L3 Primitive Chondrite Meteorite 7.5 Gram Part Slice,17.5,2023-11-09,7.5,2.33,WorthPoint
nwa-lunar-meteorite,NWA 14143 L5 Monomict Breccia Chondrite Meteorite 55.7g Desert Polished Fragment,23.5,2023-11-09,55.7,0.42,WorthPoint
nwa-lunar-meteorite,NWA 7123 H3 Chondrite Meteorite 11.5 Gram Slice Loaded With Metal And Chondrules,10.5,2023-11-09,11.5,0.91,WorthPoint
nwa-lunar-meteorite,NWA 6953 Mesosiderite Meteorite 3.4 Gram Windowed Fragment,7,2023-11-09,3.4,2.06,WorthPoint
nwa-lunar-meteorite,NWA 6080 LL4 Chondrite Meteorite 32.9 Gram Part Cut Brecciated With Metal,26.1,2023-11-09,32.9,0.79,WorthPoint
nwa-lunar-meteorite,NWA 7122 L4 Chondrite Meteorite 13.3 Gram Part Slice,8.03,2023-11-09,13.3,0.6,WorthPoint
nwa-lunar-meteorite,.491 Grams 9mm NWA 13974 Lunar Fragment Moon Meteorite Feldsp. Breccia With COA,47,2023-11-08,491,0.1,WorthPoint
nwa-lunar-meteorite,.915 Gram 15x13x2mm NWA 11898 Lunar Slice Moon Meteorite Feldspathic Breccia COA,68.99,2023-11-08,915,0.08,WorthPoint
nwa-lunar-meteorite,.404 Grams 11mm Slice NWA 15373 Lunar Fragmental Breccia Meteorite With A COA,9.99,2023-11-07,404,0.02,WorthPoint
nwa-lunar-meteorite,Aubrite Meteorite 14g NWA 15304 **STUNNING & RARE AUBRITE!!**,322,2023-11-07,14,23,WorthPoint
nwa-lunar-meteorite,NWA 6289 LL4 Chondrite Meteorite 13.5 Gram Part Slice,26,2023-11-07,13.5,1.93,WorthPoint
nwa-lunar-meteorite,MOON ROCK / LUNAR Feldspathic Breccia - Bechar 003 3.2g *Great Price! (1110ap),100,2023-11-06,3.2,31.25,WorthPoint
nwa-lunar-meteorite,"Meteorite**NWA 13788, NEW LUNAR MELT BRECCIA**4.654 Grams Slice, W/High Metal!!",102.5,2023-11-06,4.654,22.02,WorthPoint
nwa-lunar-meteorite,"Meteorite**NWA 11228, Lunar Felds. Breccia**0.910 Gram Beautiful Shocked Endcut!",12.5,2023-11-06,0.91,13.74,WorthPoint
nwa-lunar-meteorite,"Meteorite**NWA 13907, Lunar Ferroan Anorthosite**0.713 Gram Individual, Rare!",41,2023-11-06,0.713,57.5,WorthPoint
nwa-lunar-meteorite,"Meteorite**NWA 11228, Lunar Felds. Breccia**0.676 Gram Beautiful Shocked Slice!",29,2023-11-06,0.676,42.9,WorthPoint
nwa-lunar-meteorite,NWA 13509 LL4-6 Chondrite Meteorite 9.6 Gram Part Slice,8,2023-11-05,9.6,0.83,WorthPoint
nwa-lunar-meteorite,NWA 10499 LL3 Primitive Chondrite Meteorite 12 Gram Part Slice,11.5,2023-11-05,12,0.96,WorthPoint
nwa-lunar-meteorite,NWA 15334 L5 Chondrite Meteorite 19.2g Desert Polished Flight Shaped Individual,20.1,2023-11-05,19.2,1.05,WorthPoint
nwa-lunar-meteorite,1.20 Grams NWA 13974 Lunar Cut Fragment Moon Meteorite With A COA,59.99,2023-11-05,1.2,49.99,WorthPoint
nwa-lunar-meteorite,.552 Grams 12x9x2mm Slice NWA 14577 Lunar Fragmental Breccia Meteorite With COA,55,2023-11-05,552,0.1,WorthPoint
nwa-lunar-meteorite,1.41 Grams 17x7x6mm NWA 13974 Lunar As Found Meteorite Feldsp. Breccia W/COA,79,2023-11-05,1.41,56.03,WorthPoint
nwa-lunar-meteorite,.406 Grams 10mm NWA 11303 Lunar Feldspathic Breccia Meteorite With A COA,37,2023-11-05,406,0.09,WorthPoint
nwa-lunar-meteorite,.607 Gram 13x9x2mm NWA 14681 Lunar RARE (troctolitic Anorthosite) Meteorite COA,49.99,2023-11-05,607,0.08,WorthPoint
nwa-lunar-meteorite,.412 Gram 11x9x2mm NWA 11898 Lunar Slice Moon Meteorite Feldspathic Breccia COA,31.99,2023-11-05,412,0.08,WorthPoint
nwa-lunar-meteorite,1.64 Grams 18mm NWA 15373 As Found Lunar Fragmental Breccia Meteorite With A COA,48.99,2023-11-05,1.64,29.87,WorthPoint
nwa-lunar-meteorite,"1.17 Gram NWA 13951 ""starry Night"" Lunar Meteorite Feldspathic Breccia With COA",89,2023-11-05,1.17,76.07,WorthPoint
nwa-lunar-meteorite,1.07 Grams 17mm Slice NWA 11303 Moon Lunar Feldspathic Breccia Meteorite W/COA,54,2023-11-04,1.07,50.47,WorthPoint
nwa-lunar-meteorite,NWA 12971 ~ Lunar Troctolitic Melt Slice ~ 1 Of 2 Known ~ Low Total Known Weight,95,2023-11-04,,,WorthPoint
nwa-lunar-meteorite,NWA 8159 RARE Martian Meteorite ~ Augite Basalt ~ Unique ~ 1 Of 1 Known ~ 0.051,405,2023-11-04,,,WorthPoint
nwa-lunar-meteorite,2.90 G NWA 11474 Lunar (Moon) Meteorite Specimen (feldsp. Breccia) From Africa,217.2,2023-11-04,2.9,74.9,WorthPoint
nwa-lunar-meteorite,1.29 Grams 15mm End Cut NWA 11303 Moon Lunar Feldspathic Breccia Meteorite W/COA,49.99,2023-11-03,1.29,38.75,WorthPoint
nwa-lunar-meteorite,NWA 10318 Lunar Meteorite ~ Green Translucent Glass ~ Stunning!!,1925,2023-11-03,,,WorthPoint
nwa-lunar-meteorite,CK4 Carbonaceous Chondrite - 19g RARE!!! NWA 15319 RARE!!! **BEAUTIFUL CK4,76,2023-11-03,19,4,WorthPoint
nwa-lunar-meteorite,Meteorite NWA 14147 R3-4 Rumuruti Chondrite 8 Gram Part Slice,31,2023-11-03,8,3.88,WorthPoint
nwa-lunar-meteorite,7.39 Grams 39x25x5mm NWA 15373 End Cut Lunar Fragmental Breccia Meteorite COA,239.99,2023-11-02,7.39,32.47,WorthPoint
nwa-lunar-meteorite,MOON ROCK / LUNAR Feldspathic Breccia - Bechar 003 17g *Great Price! (1110ap),425,2023-11-02,17,25,WorthPoint
nwa-lunar-meteorite,CK4 Carbonaceous Chondrite - 24g NWA 15319 RARE!!! **BEAUTIFUL CK4**,96,2023-11-02,24,4,WorthPoint
nwa-lunar-meteorite,Moon Rock (Lunar Meteorite),300,2023-11-02,,,WorthPoint
nwa-lunar-meteorite,NWA 11787 Meteorite Lunar Moon Rock End Cut Weight .463 Grams,50,2023-11-02,463,0.11,WorthPoint
nwa-lunar-meteorite,Aubrite Meteorite 7.4g NWA 15304 **STUNNING & RARE AUBRITE!!**,170,2023-11-01,7.4,22.97,WorthPoint
nwa-lunar-meteorite,.301 Grams NWA 11898 Lunar Slice Fragment Moon Meteorite Feldspathic Breccia COA,21.48,2023-10-31,301,0.07,WorthPoint
nwa-lunar-meteorite,.566 Grams 17mm Slice NWA 11303 Moon Lunar Feldspathic Breccia Meteorite W/COA,26,2023-10-30,566,0.05,WorthPoint
nwa-lunar-meteorite,"Meteorite**NWA 12008, LUNAR MARE BASALT**0.608 Grams, Extremely Rare W/Low-Ti!!",163.7,2023-10-30,0.608,269.24,WorthPoint
nwa-lunar-meteorite,"Meteorite**NWA 14900; LUNAR FRAGMENTAL BRECCIA**1.431 Gram, W/Dunite Clasts!!!",51,2023-10-30,1.431,35.64,WorthPoint
nwa-lunar-meteorite,"Meteorite**NWA 11228, Lunar Felds. Breccia**0.976 Gram Slice, Fireball Clast! ‚òÑÔ∏è",27,2023-10-30,0.976,27.66,WorthPoint
nwa-lunar-meteorite,"Meteorite**NWA 13907, Lunar Ferroan Anorthosite**0.757 Gram Individual, Rare!",32,2023-10-30,0.757,42.27,WorthPoint
nwa-lunar-meteorite,Troctolite Melt Breccia Lunar Meteorite. NWA 16294(prov). 26.05g Mirror Polish.,525,2023-10-30,26.05,20.15,WorthPoint
nwa-lunar-meteorite,MOON ROCK / LUNAR Feldspathic Breccia - Bechar 003 .94g *Great Price! (1110ay),35,2023-10-29,94,0.37,WorthPoint
nwa-lunar-meteorite,MOON ROCK / LUNAR Feldspathic Breccia - Bechar 003 2.6g *Great Price! (1110at),88,2023-10-29,2.6,33.85,WorthPoint
nwa-lunar-meteorite,NWA 15335 R3 Rumuruti Chondrite Meteorite 14.7 Gram Full Slice - Unequlibrated -,56,2023-10-28,14.7,3.81,WorthPoint
nwa-lunar-meteorite,NWA 15334 L5 Chondrite Meteorite 24.4 Gram Great Flight Shaped Individual,23.6,2023-10-28,24.4,0.97,WorthPoint
nwa-lunar-meteorite,3.23 Grams 39x20x2mm NWA 15373 Moon Slice Lunar Fragmental Breccia Meteorite COA,99.99,2023-10-27,3.23,30.96,WorthPoint
nwa-lunar-meteorite,.178 Grams 8x5x2mm NWA 6950 Meteorite Lunar (gabbro) Slice Fragment With A COA,34.99,2023-10-27,178,0.2,WorthPoint
nwa-lunar-meteorite,NWA 7716 Pallasite Meteorite 3.9 Gram Fragment With Visible Olivine,15,2023-10-25,3.9,3.85,WorthPoint
nwa-lunar-meteorite,NWA 7716 Pallasite Meteorite 5.9 Gram Windowed Fragment With Visible Olivine,12.5,2023-10-25,5.9,2.12,WorthPoint
nwa-lunar-meteorite,NWA 10492 H4 Chondrite Meteorite 40g Part Slice With Many Visible Chondrules,11.5,2023-10-24,40,0.29,WorthPoint
nwa-lunar-meteorite,NWA 7650 L6 Chondrite Meteorite 41 Gram Part Slice With Chondrules & Metal,9.6,2023-10-24,41,0.23,WorthPoint
nwa-lunar-meteorite,NWA 10699 LL(L) 3 Chondrite Meteorite 7.5g Part Slice Of Primitive Early Type,8.5,2023-10-24,7.5,1.13,WorthPoint
nwa-lunar-meteorite,NWA 10499 LL3 Primitive Chondrite Meteorite 4.3 Gram Part Slice,5.5,2023-10-24,4.3,1.28,WorthPoint
nwa-lunar-meteorite,.648 Grams 18x14x2mm NWA 14685 Lunar Slice Fragment Breccia Meteorite With COA,49.99,2023-10-21,648,0.08,WorthPoint
nwa-lunar-meteorite,NWA 12518 LL3 Primitive Chondrite Type 3 Meteorite 2.4 Gram Part Slice,5.5,2023-10-17,2.4,2.29,WorthPoint
nwa-lunar-meteorite,Northwest Africa 10601 L3 Chondrite Meteorite 12g Part Slice Newly Classified,17,2023-10-17,12,1.42,WorthPoint
nwa-lunar-meteorite,NWA 14685 Lunar Meteorite 20.20g Slice With COA,510,2023-10-17,20.2,25.25,WorthPoint
nwa-lunar-meteorite,.252 Grams NWA 12971 Meteorite Lunar (troctolitic Melt Rock) Fragment With A COA,14.99,2023-10-16,252,0.06,WorthPoint
nwa-lunar-meteorite,"1.24 Grams NWA 13951 ""starry Night"" Lunar Meteorite Feldspathic Breccia With COA",109.99,2023-10-16,1.24,88.7,WorthPoint
nwa-lunar-meteorite,"Meteorite**NWA 13907, Lunar Ferroan Anorthosite**1.004 Gram Part-slice, Rare!!!",56,2023-10-16,1.004,55.78,WorthPoint
nwa-lunar-meteorite,"Meteorite**NWA 12008, LUNAR MARE BASALT**0.491 Grams, Extremely Rare W/Low-Ti!!",163.5,2023-10-16,0.491,332.99,WorthPoint
nwa-lunar-meteorite,NWA 14685 Lunar 7.00g SALE! Lunar Feldspathic Breccia Meteorite,249,2023-10-14,7,35.57,WorthPoint
nwa-lunar-meteorite,.123 Grams 12x4x2mm NWA 8607 Lunar Cut Fragment Meteorite With COA,9.99,2023-10-11,123,0.08,WorthPoint
nwa-lunar-meteorite,Northwest Africa 14133 H5 Chondrite Meteorite 33g Slice With Lots Of Chondrules,20,2023-10-10,33,0.61,WorthPoint
nwa-lunar-meteorite,3.83 Grams 19mm NWA 15373 As Found Lunar Fragmental Breccia Meteorite With A COA,79.99,2023-10-10,3.83,20.89,WorthPoint
nwa-lunar-meteorite,NWA 15335 R3 Rumuruti Chondrite Meteorite 8.2 Gram Part Slice - Unequlibrated -,47.66,2023-10-10,8.2,5.81,WorthPoint
nwa-lunar-meteorite,NWA 10492 H4 Chondrite Meteorite 29.8 End Cut With Many Visible Chondrules,13.5,2023-10-10,,,WorthPoint
nwa-lunar-meteorite,NWA 10699 LL(L) 3 Chondrite Meteorite 1.4g Part Slice Of Primitive Early Type,7,2023-10-10,1.4,5,WorthPoint
nwa-lunar-meteorite,1.062 Grams 13x9x6mm NWA 8455 Lunar Individual Moon Meteorite Comes With COA,75.99,2023-10-10,1.062,71.55,WorthPoint
nwa-lunar-meteorite,"NWA 13974 Moon/Lunar Meteorite, Feldspathic Breccia, Lot Of Nine, 5.04 Grams",300,2023-10-10,5.04,59.52,WorthPoint
nwa-lunar-meteorite,Rare Crusted Lunar Meteorite 0.4g NWA 11898 Feldspathic Breccia Own The Moon!,5.5,2023-10-10,0.4,13.75,WorthPoint
nwa-lunar-meteorite,"Meteorite**NWA 12008, LUNAR MARE BASALT**1.275 Grams, Extremely Rare W/Low-Ti!!",311,2023-10-09,1.275,243.92,WorthPoint
nwa-lunar-meteorite,"Meteorite**NWA 13788, NEW LUNAR MELT BRECCIA**32.702 Gram, MASSIVE LUNAR SLICE!!",367,2023-10-09,32.702,11.22,WorthPoint
nwa-lunar-meteorite,"Meteorite**NWA 5744, LUNAR GRANULITIC TROCTOLITIC BRECCIA**2.854 GRAM STONE!!!!",280.55,2023-10-09,2.854,98.3,WorthPoint
nwa-lunar-meteorite,"Meteorite**NWA 14900; LUNAR FRAGMENTAL BRECCIA**1.678 Gram, W/Dunite Clasts!!!",61.61,2023-10-09,1.678,36.72,WorthPoint
nwa-lunar-meteorite,"Meteorite**NWA 13992, Polymict Frag. Lunar Breccia**5.216 Gram Orange/Red Clasts",531,2023-10-09,5.216,101.8,WorthPoint
nwa-lunar-meteorite,"Meteorite**NWA 11228,11237,14900,13992,14577, Bechar**3.993 Gram Mixed Slice Lot",83,2023-10-09,3.993,20.79,WorthPoint
nwa-lunar-meteorite,Northwest Africa 10601 L3 Chondrite Meteorite 17.4g End Cut Newly Classified,17.5,2023-10-09,17.4,1.01,WorthPoint
nwa-lunar-meteorite,NWA 15334 L5 Chondrite Meteorite 54.1 Gram Great Flight Shaped Individual,51,2023-10-09,54.1,0.94,WorthPoint
nwa-lunar-meteorite,3.02 Grams 41x15x2mm NWA 15373 Slice Of Lunar Fragmental Breccia Meteorite W/COA,99.99,2023-10-08,3.02,33.11,WorthPoint
nwa-lunar-meteorite,"Nwa Moon/Lunar Meteorite, Recent Find, 80 Grams",41,2023-10-08,80,0.51,WorthPoint
nwa-lunar-meteorite,MOON ROCK / LUNAR Feldspathic Breccia - Bechar 003 .68g *Great Price! (1110az),28,2023-10-08,68,0.41,WorthPoint
nwa-lunar-meteorite,CK4 Carbonaceous Chondrite - 46g NWA 15319 RARE!!! **BEAUTIFUL CK4**,199,2023-10-07,46,4.33,WorthPoint
nwa-lunar-meteorite,Aubrite Meteorite .76g NWA 15304 **STUNNING & RARE AUBRITE!!**,30,2023-10-07,76,0.39,WorthPoint
nwa-lunar-meteorite,"0.8 Grams Lunar, NWA 11898, Meteorite Slice. (Feldsp. Brecc.)",24,2023-10-07,0.8,30,WorthPoint
nwa-lunar-meteorite,"MOON ROCK!! 3.782 Gr NWA 6355 LUNAR METEORITE SLICE,APOLLO 16 SOILS COMPARABLE",650,2023-10-07,3.782,171.87,WorthPoint
nwa-lunar-meteorite,HED Achondrite Diogenite-pm 5.4g NWA 15316,28,2023-10-06,5.4,5.19,WorthPoint
nwa-lunar-meteorite,Cataclastic Brecciated Diogenite HED NWA 13176 1.6g (#1021e) Great Study Pieces!,5,2023-10-06,1.6,3.13,WorthPoint
nwa-lunar-meteorite,MOON ROCK / LUNAR Feldspathic Breccia - Bechar 003 3.8g *Great Price! (1110ag),95,2023-10-06,3.8,25,WorthPoint
nwa-lunar-meteorite,"NWA 14685 (8.182g) Lunar Meteorite, Polished Slice, A+ Quality, IMCA SELLERS!",540,2023-10-04,8.182,66,WorthPoint
nwa-lunar-meteorite,"Meteorite**NWA 12008, LUNAR MARE BASALT**1.371 Grams, Extremely Rare W/Low-Ti!!",416,2023-10-04,1.371,303.43,WorthPoint
nwa-lunar-meteorite,CK4 Carbonaceous Chondrite - 13g NWA 15319 RARE!!! **BEAUTIFUL CK4**,65,2023-10-03,13,5,WorthPoint
nwa-lunar-meteorite,.619 Grams 15x10x2mm Slice NWA 14577 Lunar Fragmental Breccia Meteorite With COA,54,2023-10-03,619,0.09,WorthPoint
nwa-lunar-meteorite,Lunar Meteorite NWA 15349 Thin Section,100,2023-10-02,,,WorthPoint
nwa-lunar-meteorite,NWA 14358 Achondrite Lunar Meteorite - G731-0050 - 7.26g Feldspathic Breccia NEW,99.95,2023-10-02,7.26,13.77,WorthPoint
nwa-lunar-meteorite,"Meteorite ::: NWA 14577, Lunar Frag.Breccia :::3.107grams Part Slice.",250,2023-10-01,3.107,80.46,WorthPoint
nwa-lunar-meteorite,"1.33 Gram NWA 13951 ""starry Night"" Lunar Meteorite Feldspathic Breccia With COA",119,2023-10-01,1.33,89.47,WorthPoint
nwa-lunar-meteorite,NWA 14358 Achondrite Lunar Meteorite - G731-0005 - 12.08g Feldspathic Breccia,172.5,2023-10-01,12.08,14.28,WorthPoint
nwa-lunar-meteorite,NWA 14358 Achondrite Lunar Meteorite - G731-0049 - 4.87g Feldspathic Breccia NEW,54,2023-09-30,4.87,11.09,WorthPoint
nwa-lunar-meteorite,"NWA 14761 Lunar Feldspathic Breccia .7g Whole Stone, Hold A Moon Nugget",10.5,2023-09-28,7,1.5,WorthPoint
nwa-lunar-meteorite,MOON ROCK / LUNAR Feldspathic Breccia - Bechar 003 1.3g *Great Price! (1110am),35,2023-09-27,1.3,26.92,WorthPoint
nwa-lunar-meteorite,"NWA 13739 Moon/Lunar Meteorite Slice, Moon Meteorite, Astronomy Gift, 3.37 Grams",236,2023-09-26,3.37,70.03,WorthPoint
nwa-lunar-meteorite,NWA 14358 - LUNAR METEORITE FRAGMENTS / MOON ROCK - Feldspathic Breccia,17,2023-09-25,,,WorthPoint
nwa-lunar-meteorite,"Meteorite**NWA 14577, Lunar Frag. Breccia**5.587 Gram Slice, Highly Shocked!!",535,2023-09-25,5.587,95.76,WorthPoint
nwa-lunar-meteorite,"Meteorite**NWA 11228, Lunar Felds. Breccia**7.176 Gram, W/Veins HIGHLY SHOCKED!",155,2023-09-25,7.176,21.6,WorthPoint
nwa-lunar-meteorite,"Meteorite**NWA 12008, LUNAR MARE BASALT**0.744 Grams, Extremely Rare W/Low-Ti!!",260,2023-09-25,0.744,349.46,WorthPoint
nwa-lunar-meteorite,.190 Grams 9x5x3mm NWA 8455 Lunar Individual Moon Meteorite Northwest Africa,9.99,2023-09-24,190,0.05,WorthPoint
nwa-lunar-meteorite,Lunar Meteorite NWA 13859 Thin Section,150,2023-09-24,,,WorthPoint
nwa-lunar-meteorite,Huge Lot Of Meteorites Lunar Martian Ataxite Iron Crusted Windowed Over 130!,2075,2023-09-22,,,WorthPoint
nwa-lunar-meteorite,2.24 Grams 19mm NWA 15373 As Found Lunar Fragmental Breccia Meteorite With A COA,64.99,2023-09-21,2.24,29.01,WorthPoint
nwa-lunar-meteorite,1.98 Grams 12mm NWA 15373 As Found Lunar Fragmental Breccia Meteorite With A COA,64.99,2023-09-21,1.98,32.82,WorthPoint
nwa-lunar-meteorite,NWA 13119 Lunar Pendant,375,2023-09-21,,,WorthPoint
nwa-lunar-meteorite,NWA 11303 Lunar Slice,214,2023-09-21,,,WorthPoint
nwa-lunar-meteorite,NWA 13119 Lunar Slice,219,2023-09-21,,,WorthPoint
nwa-lunar-meteorite,"2.1 Grams Lunar, NWA 11898, Meteorite Slice. (Feldsp. Brecc.)",74.95,2023-09-20,2.1,35.69,WorthPoint
nwa-lunar-meteorite,"1.1 Grams Lunar, NWA 11898, Meteorite Slice. (Feldsp. Brecc.)",35,2023-09-20,1.1,31.82,WorthPoint
nwa-lunar-meteorite,"2.3 Grams Lunar, NWA 11898, Meteorite Slice. (Feldsp. Brecc.)",59.95,2023-09-19,2.3,26.07,WorthPoint
nwa-lunar-meteorite,"3.5 Grams Lunar, NWA 11898, Meteorite Slice. (Feldsp. Brecc.)",76,2023-09-19,3.5,21.71,WorthPoint
nwa-lunar-meteorite,.677 Grams 19x10x3mm NWA 11182 Lunar Moon Meteorite (feldsp. Breccia) With COA,47.99,2023-09-18,677,0.07,WorthPoint
nwa-lunar-meteorite,#61 MOON - Lunar Meteorite - 1.96 Grams - NWA 11828,50,2023-09-18,1.96,25.51,WorthPoint
nwa-lunar-meteorite,"Meteorite**NWA 12008, LUNAR MARE BASALT**0.240 Grams, Extremely Rare W/Low-Ti!!",189,2023-09-18,0.24,787.5,WorthPoint
nwa-lunar-meteorite,"Meteorite**NWA 14900; LUNAR FRAGMENTAL BRECCIA**0.583 Gram,W/Rare Dunite Clasts!",73,2023-09-18,0.583,125.21,WorthPoint
nwa-lunar-meteorite,"Meteorite**NWA 11228, Lunar Felds. Breccia**9.855 Gram, W/Veins HIGHLY SHOCKED!",165,2023-09-18,9.855,16.74,WorthPoint
nwa-lunar-meteorite,NWA 15335 R3 Rumuruti Chondrite Meteorite 8 Gram Full Slice - Unequlibrated -,48,2023-09-17,8,6,WorthPoint
nwa-lunar-meteorite,NWA 15334 L5 Chondrite Meteorite 27.6 Gram Great Flight Shaped Individual,51,2023-09-17,27.6,1.85,WorthPoint
nwa-lunar-meteorite,Northwest Africa 10601 L3 Chondrite Meteorite 5.8g Part Slice Newly Classified,15.5,2023-09-17,5.8,2.67,WorthPoint
nwa-lunar-meteorite,NWA 12518 LL3 Primitive Chondrite Type 3 Meteorite 6.6 Gram Part Slice,11.5,2023-09-17,6.6,1.74,WorthPoint
nwa-lunar-meteorite,NWA 10492 H4 Chondrite Meteorite 57 Part Slice With Many Visible Chondrules,55,2023-09-17,,,WorthPoint
nwa-lunar-meteorite,NWA 14358 Achondrite Lunar Meteorite - G731-0004 - 31.54g Feldspathic Breccia,338.89,2023-09-16,31.54,10.74,WorthPoint
nwa-lunar-meteorite,.886 Grams 16x10x2mm Slice NWA 14577 Lunar Fragmental Breccia Meteorite With COA,59.99,2023-09-16,886,0.07,WorthPoint
nwa-lunar-meteorite,1.03 Grams 11mm NWA 11182 Lunar Moon Meteorite Feldspathic Breccia With COA,66.99,2023-09-16,1.03,65.04,WorthPoint
nwa-lunar-meteorite,NWA 14358 Achondrite Lunar Meteorite - G731-0010 - 28.85g Feldspathic Breccia,399.95,2023-09-15,28.85,13.86,WorthPoint
nwa-lunar-meteorite,"1.82 Gram NWA 13951 ""starry Night"" Lunar Meteorite Feldspathic Breccia With COA",139.99,2023-09-14,1.82,76.92,WorthPoint
nwa-lunar-meteorite,"NWA 11474 Lunar Feldsp. Breccia, Found 2017, 0.97 Gram Individual",40,2023-09-14,0.97,41.24,WorthPoint
nwa-lunar-meteorite,"Meteorite**NWA 12008, LUNAR MARE BASALT**0.525 Grams, Extremely Rare W/Low-Ti!!",699.99,2023-09-14,0.525,1333.31,WorthPoint
nwa-lunar-meteorite,CK5 Carbonaceous Chondrite - 1.0g Laghouat 001 / Beautiful Carbonaceous!!,7,2023-09-14,1,7,WorthPoint
nwa-lunar-meteorite,Small Lunar Mingled Regolith Breccia Meteorite Section.,191.25,2023-09-14,,,WorthPoint
nwa-lunar-meteorite,"NWA 14755 Lunar Feldspathic Breccia .96g Meteorite, Hold A Pebble Of The Moon",14.02,2023-09-14,96,0.15,WorthPoint
nwa-lunar-meteorite,Lunar Meteorite Lot: 0.74 Gram Nwa 5000 Fragment + 0.78 Gram Nwa 10291 End-cut!!,350,2023-09-12,0.74,472.97,WorthPoint
nwa-lunar-meteorite,"21.5 Grams Lunar, NWA 11898, Meteorite Slice. (Feldsp. Brecc.)",995.95,2023-09-12,21.5,46.32,WorthPoint
nwa-lunar-meteorite,"LUNAR Meteorite NWA 14576, Fragmental Breccia, 9.8g Slice. Piece Of The MOON!",645,2023-09-12,9.8,65.82,WorthPoint
nwa-lunar-meteorite,CK4 Carbonaceous Chondrite - 25g NWA 15319 RARE!! **SALE!!! 20% Off Was $175,140,2023-09-11,25,5.6,WorthPoint
nwa-lunar-meteorite,"Meteorite**NWA 15349; Lunar Frag Breccia**10.340 Gram Fragment Slice, NEW FIND!!",610,2023-09-11,10.34,58.99,WorthPoint
nwa-lunar-meteorite,"Meteorite**NWA 12008, LUNAR MARE BASALT**0.544 Grams, Extremely Rare W/Low-Ti!!",399,2023-09-11,0.544,733.46,WorthPoint
nwa-lunar-meteorite,"Meteorite**NWA 14900; LUNAR FRAGMENTAL BRECCIA**2.243 Gram, W/Dunite Clasts!!!",73,2023-09-11,2.243,32.55,WorthPoint
nwa-lunar-meteorite,"Meteorite**NWA 11228, Lunar Felds. Breccia**5.085 Gram, W/Veins HIGHLY SHOCKED!",97,2023-09-11,5.085,19.08,WorthPoint
nwa-lunar-meteorite,Meteorite**Gadamis 003 & NWA 14714**3.081 Gram Lot;Lunar Anorth. & Martian Sherg,257,2023-09-11,3.081,83.41,WorthPoint
nwa-lunar-meteorite,"NWA 13185 Lunar Felds. Breccia Meteorite, Morocco 2019, 1.55 Gram Slice",125,2023-09-11,1.55,80.65,WorthPoint
nwa-lunar-meteorite,"4.1 Grams NWA 11898, Lunar, Feldsp. Brecc. Meteorite Slice.",110,2023-09-10,4.1,26.83,WorthPoint
nwa-lunar-meteorite,"NWA 13992 Polymict. Fragmental Lunar Breccia, 2.49 Gram Individual Meteorite",180,2023-09-10,2.49,72.29,WorthPoint
nwa-lunar-meteorite,"Meteorite**NWA 14577, Lunar Frag. Breccia**16.921 Gram Slice, Highly Shocked!!",1299.99,2023-09-08,16.921,76.83,WorthPoint
nwa-lunar-meteorite,"Meteorite**NWA 5000, LUNAR FELD. BRECCIA**1.708 Gram Slice, WORLD FAMOUS MOON!!!",1200,2023-09-07,1.708,702.58,WorthPoint
nwa-lunar-meteorite,NWA 11273 - LUNAR METEORITE FRAGMENTS / MOON ROCK - Feldspathic Breccia,17,2023-09-07,,,WorthPoint
nwa-lunar-meteorite,2.08 Grams 23mm NWA 15373 As Found Lunar Fragmental Breccia Meteorite With A COA,59.99,2023-09-07,2.08,28.84,WorthPoint
nwa-lunar-meteorite,"1.4 Grams NWA 11898, Lunar, Feldsp. Brecc. Meteorite Slice.",40,2023-09-06,1.4,28.57,WorthPoint
nwa-lunar-meteorite,All 5 Of These Meteorites Are Only For EBAY User FXTHESTAR -- Thank You,195,2023-09-06,,,WorthPoint
nwa-lunar-meteorite,NWA 15335 R3 Rumuruti Chondrite Meteorite 11.6 Grams - Unequlibrated -,42,2023-09-05,11.6,3.62,WorthPoint
nwa-lunar-meteorite,NWA 14143 L5 Monomict Breccia Chondrite Meteorite 4.6g Desert Polished Fragment,5.5,2023-09-05,4.6,1.2,WorthPoint
nwa-lunar-meteorite,NWA 14755 Lunar Feldspathic Breccia .41g Fragment With Polished Face,13,2023-09-05,41,0.32,WorthPoint
nwa-lunar-meteorite,"Niue Islands 2015- Lunar Meteorite NWA 5000, $1, ONLY 500 MADE! Moon Meteorite",299,2023-09-04,,,WorthPoint
nwa-lunar-meteorite,MOON ROCK / LUNAR Feldspathic Breccia - Bechar 003 4.6g *Great Price! (1110al),133,2023-09-03,4.6,28.91,WorthPoint
nwa-lunar-meteorite,NWA 14358 Achondrite Lunar Meteorite - G731-0205 - Feldspathic Breccia - P-Slice,12.5,2023-09-03,,,WorthPoint
nwa-lunar-meteorite,"A Genuine Piece Of Our Moon: NWA 5000 LUNAR Meteorite, 576 Mg, VERY RARE",230,2023-09-03,,,WorthPoint
nwa-lunar-meteorite,"19.7 Gram NWA 13951 ""starry Night"" Lunar Meteorite Feldspathic Breccia With COA",779.99,2023-09-02,19.7,39.59,WorthPoint
nwa-lunar-meteorite,"LUNAR Meteorite NWA 15604, 3g Whole Individual + COA. Piece Of The MOON!",145,2023-09-02,3,48.33,WorthPoint
nwa-lunar-meteorite,3.66 Grams 31x24x2mm NWA 15373 Slice Of Lunar Fragmental Breccia Meteorite W/COA,124.99,2023-09-02,3.66,34.15,WorthPoint
nwa-lunar-meteorite,NWA 6287 LL5 Chondrite Meteorite 26.1 Gram Part Slice,13.5,2023-09-01,26.1,0.52,WorthPoint
nwa-lunar-meteorite,NWA 12518 LL3 Primitive Chondrite Type 3 Meteorite 1.1 Gram Part Slice,5.5,2023-09-01,1.1,5,WorthPoint
nwa-lunar-meteorite,NWA 15334 L5 Chondrite Meteorite 20.2 Gram Great Flight Shaped Individual,10.5,2023-09-01,20.2,0.52,WorthPoint
nwa-lunar-meteorite,NWA 14358 Achondrite Lunar Meteorite - G731-0204 - Feldspathic Breccia - P-Slice,11.5,2023-09-01,,,WorthPoint
nwa-lunar-meteorite,"3.2 Grams NWA 11898, Lunar, Feldsp. Brecc. Meteorite Slice.",103,2023-08-31,3.2,32.19,WorthPoint
nwa-lunar-meteorite,2.63 Grams 27x20x3mm NWA 15373 Slice Lunar Fragmental Breccia Meteorite COA,79.99,2023-08-30,2.63,30.41,WorthPoint
nwa-lunar-meteorite,"2007, NWA 5000 Lunar Meteorite Moon Rock, Northwest Africa .10 Gram Lot",45,2023-08-30,10,4.5,WorthPoint
nwa-lunar-meteorite,.298 Grams 8mm NWA 11788 Lunar Meteorite (feldspathic Breccia) Comes With A COA,22.99,2023-08-29,298,0.08,WorthPoint
nwa-lunar-meteorite,Lunar Meteorite NWA 13036 Thin Section,75,2023-08-28,,,WorthPoint
nwa-lunar-meteorite,1.07 Grams 12mm NWA 11273 Lunar Moon Meteorite Cut Fragment With A COA,49.99,2023-08-28,1.07,46.72,WorthPoint
nwa-lunar-meteorite,"Meteorite**NWA 14900; LUNAR FRAGMENTAL BRECCIA**2.551 Gram,W/Rare Dunite Clasts!",71,2023-08-28,2.551,27.83,WorthPoint
nwa-lunar-meteorite,"NWA 14755 Lunar Feldspathic Breccia .52g Whole Stone, Hold A Moon Pebble",15.5,2023-08-28,52,0.3,WorthPoint
nwa-lunar-meteorite,Lunar Meteorite NWA 12691 Thin Section,150,2023-08-26,,,WorthPoint
nwa-lunar-meteorite,NWA 5000 ~ Lunar Feldspathic Breccia Meteorite ~ Two Fragments ~ 0.017 Grams,12,2023-08-26,0.017,705.88,WorthPoint
nwa-lunar-meteorite,"1.50 Grams 25mm NWA 13951 ""starry Night"" Lunar Meteorite Feldspathic Breccia COA",99.99,2023-08-25,1.5,66.66,WorthPoint
nwa-lunar-meteorite,NWA 15336 HED Achondrite Polymict Breccia Diogenite Meteorite 10.8g LOW TKW RARE,29,2023-08-23,10.8,2.69,WorthPoint
nwa-lunar-meteorite,Meteorite NWA 14147 R3-4 Rumuruti Chondrite 13.6 Gram Part Slice,34,2023-08-23,13.6,2.5,WorthPoint
nwa-lunar-meteorite,NWA 15334 L5 Chondrite Meteorite 43 Gram Triangular Flight Shaped Individual,28,2023-08-23,43,0.65,WorthPoint
nwa-lunar-meteorite,AUBRITE Enstatite Achondrite Meteorite 2.6g NWA 15304 **RARE STUNNING AUBRITE**,85,2023-08-23,2.6,32.69,WorthPoint
nwa-lunar-meteorite,NWA 10699 LL(L) 3 Chondrite Meteorite 2.2g Part Slice Of Primitive Early Type,27.66,2023-08-23,2.2,12.57,WorthPoint
nwa-lunar-meteorite,NWA 6287 LL5 Chondrite Meteorite 11.3 Gram Part Slice,5.5,2023-08-22,11.3,0.49,WorthPoint
nwa-lunar-meteorite,NWA 12518 LL3 Primitive Chondrite Type 3 Meteorite 5.2 Gram End Cut,10.56,2023-08-22,5.2,2.03,WorthPoint
nwa-lunar-meteorite,NWA 14358 Achondrite Lunar Meteorite - G731-0203 - Feldspathic Breccia - P-Slice,5.5,2023-08-22,,,WorthPoint
nwa-lunar-meteorite,Collection: Meteorite Thin Sections With Display Case,279,2023-08-22,,,WorthPoint
nwa-lunar-meteorite,NWA 14358 Achondrite Lunar Meteorite - G731-0202 - Feldspathic Breccia - P-Slice,5.5,2023-08-21,,,WorthPoint
nwa-lunar-meteorite,"Meteorite**NWA 13788, LUNAR MELT BRECCIA**13.877 Gram Endcut, W/Rare Melt Vein",266,2023-08-21,13.877,19.17,WorthPoint
nwa-lunar-meteorite,"Meteorite**NWA 11228, Lunar Felds. Breccia**2.602 Gram Lot W/INSANE SHOCK VEINS!",57,2023-08-21,2.602,21.91,WorthPoint
nwa-lunar-meteorite,"Meteorite**NWA 14577, Lunar Frag. Breccia**1.518 Gram Slice, Highly Shocked!!",80,2023-08-21,1.518,52.7,WorthPoint
nwa-lunar-meteorite,"Meteorite**NWA 14188; Lunar Mare Basaltic Breccia**3.317 Grams,ULTRA RARE LUNAR!",610,2023-08-21,3.317,183.9,WorthPoint
nwa-lunar-meteorite,"Meteorite**NWA 13992, Polymict Frag. Lunar Breccia**1.304 Gram Gorgeous Slice!!",77,2023-08-21,1.304,59.05,WorthPoint
nwa-lunar-meteorite,"Thin Section Of METEORITE NWA 869, Ordinary Chondrite L3-6, #-3",59.99,2023-08-19,,,WorthPoint
nwa-lunar-meteorite,NWA 14358 Achondrite Lunar Meteorite - G731-0190 - Feldspathic Breccia - P-Slice,8.05,2023-08-19,,,WorthPoint
nwa-lunar-meteorite,NWA 14041 Meteorite Lunar Moon Rock Part Slice Weight 4.51 Grams,400,2023-08-18,4.51,88.69,WorthPoint
nwa-lunar-meteorite,NWA 15373 12.67g Lunar End Piece With COA,385,2023-08-18,12.67,30.39,WorthPoint
nwa-lunar-meteorite,CK4 Carbonaceous Chondrite - 8g NWA 15319 RARE!!! **BEAUTIFUL CK4**,64,2023-08-17,8,8,WorthPoint
nwa-lunar-meteorite,AUBRITE Enstatite Achondrite 26g NWA 15304 **STUNNING & RARE AUBRITE!!**,899,2023-08-17,26,34.58,WorthPoint
nwa-lunar-meteorite,".604 Gram NWA 13951 ""starry Night"" Lunar Meteorite Feldspathic Breccia With COA",49.99,2023-08-15,604,0.08,WorthPoint
nwa-lunar-meteorite,2009 Cooks Island Silver Moon Landing Coin With Lunar Meteorite NWA 4881.,211.88,2023-08-15,,,WorthPoint
nwa-lunar-meteorite,"Meteorite**NWA 13992, Polymict Frag. Lunar Breccia**7.241 Gram Endcut,Rare Lunar",222.5,2023-08-14,7.241,30.73,WorthPoint
nwa-lunar-meteorite,"Meteorite**NWA 14900; LUNAR FRAGMENTAL BRECCIA**0.860 Gram,W/Rare Dunite Clasts!",31,2023-08-14,0.86,36.05,WorthPoint
nwa-lunar-meteorite,"Meteorite**NWA 14577, Lunar Frag. Breccia**1.161 Gram Slice, Highly Shocked!!",37.99,2023-08-14,1.161,32.72,WorthPoint
nwa-lunar-meteorite,"NWA 14576, Lunar Fragmental Breccia Meteorite, 15.9g Mirror Polished",380,2023-08-14,15.9,23.9,WorthPoint
nwa-lunar-meteorite,NWA 15335 R3 Rumuruti Chondrite Meteorite 15.5 Grams - Unequlibrated -,31,2023-08-13,15.5,2,WorthPoint
nwa-lunar-meteorite,NWA 15334 L5 Chondrite Meteorite 19 Gram Great Flight Shaped Individual,26,2023-08-13,19,1.37,WorthPoint
nwa-lunar-meteorite,NWA 8363 L Melt Rock Meteorite 6.8 Gram Complete Slice ( Totally Crystallized ),31,2023-08-13,6.8,4.56,WorthPoint
nwa-lunar-meteorite,NWA 14685 Lunar 0.89g Lunar Feldspathic Breccia Meteorite,20.5,2023-08-12,0.89,23.03,WorthPoint
nwa-lunar-meteorite,Diogenite-pm Meteorite 21.3g NWA 15316 Beautiful Diogenit-pm,106,2023-08-12,21.3,4.98,WorthPoint
nwa-lunar-meteorite,NWA 6287 LL5 Chondrite Meteorite 19.3 Gram Part Slice With Partial Rim Of Crust,6.5,2023-08-12,19.3,0.34,WorthPoint
nwa-lunar-meteorite,1.36 Gram - NWA 14685 LUNAR METEORITE Thin Slice - Lunar (frag. Breccia),129.35,2023-08-09,1.36,95.11,WorthPoint
nwa-lunar-meteorite,6 Meteorites For Ebay User Named-- Dqhq5851,94.95,2023-08-09,,,WorthPoint
nwa-lunar-meteorite,1.76 Grams 12mm NWA 15373 As Found Lunar Fragmental Breccia Meteorite With A COA,59.99,2023-08-07,1.76,34.09,WorthPoint
nwa-lunar-meteorite,1.24 Grams 16mm NWA 15373 As Found Lunar Fragmental Breccia Meteorite With A COA,33.99,2023-08-07,1.24,27.41,WorthPoint
nwa-lunar-meteorite,"Meteorite**NWA 13788, NEW LUNAR MELT BRECCIA**9.553 Gram Slice,Highest Quality!",177.5,2023-08-07,9.553,18.58,WorthPoint
nwa-lunar-meteorite,"Meteorite ::: NWA 14900, Lunar Frag.Breccia :: 0.966 Perfect Polish To One Side.",75,2023-08-07,,,WorthPoint
nwa-lunar-meteorite,"Meteorite**NWA 14577, Lunar Frag. Breccia**14.186 Gram Slice, Highly Shocked!!",610,2023-08-07,14.186,43,WorthPoint
nwa-lunar-meteorite,"Meteorite**NWA 14900; LUNAR FRAGMENTAL BRECCIA**1.187 Gram,W/Rare Dunite Clasts!",103.5,2023-08-07,1.187,87.19,WorthPoint
nwa-lunar-meteorite,NWA 14685 Lunar Meteorite - Eye Appealing Fragmented Breccia - 0.283 Grams,32.99,2023-08-06,0.283,116.57,WorthPoint
nwa-lunar-meteorite,Apollo 17 Command Module Flown Kapton & Moon Rock Lucite - NASA / Apollo Program,299,2023-08-05,,,WorthPoint
nwa-lunar-meteorite,NWA 15335 R3 Rumuruti Chondrite Meteorite 12.2 Grams - Unequlibrated -,43,2023-08-03,12.2,3.52,WorthPoint
nwa-lunar-meteorite,NWA 13509 LL4-6 Chondrite Meteorite 31.9g Windowed With Awesome Fusion Crust,177.5,2023-08-03,31.9,5.56,WorthPoint
nwa-lunar-meteorite,NWA 10699 LL(L) 3 Chondrite Meteorite 2.4g Part Slice Of Primitive Early Type,8.5,2023-08-03,2.4,3.54,WorthPoint
nwa-lunar-meteorite,NWA 11901 Primitive Achondrite Lodranite Meteorite 6 Gram Part Slice,30,2023-08-03,6,5,WorthPoint
nwa-lunar-meteorite,NWA 6287 LL5 Chondrite Meteorite 15.3 Gram End Cut With Fusion Crust,13.5,2023-08-02,15.3,0.88,WorthPoint
nwa-lunar-meteorite,NWA 15334 L5 Chondrite Meteorite 38.1 Gram Individual,13.5,2023-08-02,38.1,0.35,WorthPoint
nwa-lunar-meteorite,NWA 15321 HED Achondrite Monomict Breccia Eucrite Meteorite 9g Complete Slice,45,2023-08-02,9,5,WorthPoint
nwa-lunar-meteorite,NWA 14143 L5 Monomict Breccia Chondrite Meteorite 16.2g Desert Polished Fragment,5.5,2023-08-02,16.2,0.34,WorthPoint
nwa-lunar-meteorite,Meteorite NWA 14147 R3-4 Rumuruti Chondrite 4.4 Gram Part Slice,12,2023-08-02,4.4,2.73,WorthPoint
nwa-lunar-meteorite,NWA 12518 LL3 Primitive Chondrite Type 3 Meteorite 4.7 Gram Part Slice,8.75,2023-08-02,4.7,1.86,WorthPoint
nwa-lunar-meteorite,NWA 7650 L6 Chondrite Meteorite 10 Gram Part Slice With Chondrules & Metal,6.5,2023-08-02,10,0.65,WorthPoint
nwa-lunar-meteorite,.610 Gram 15x12x2mm NWA 11898 Lunar Slice Moon Meteorite Feldspathic Breccia COA,49.99,2023-08-02,610,0.08,WorthPoint
nwa-lunar-meteorite,1.10 Grams 14x10x6mm NWA 11303 Lunar Feldspathic Breccia Meteorite Fragment +COA,59.99,2023-08-01,1.1,54.54,WorthPoint
nwa-lunar-meteorite,"Meteorite**NWA 14900; LUNAR FRAGMENTAL BRECCIA**2.356 Gram,W/Rare Dunite Clasts!",130.39,2023-07-31,2.356,55.34,WorthPoint
nwa-lunar-meteorite,"Meteorite**NWA 13788, NEW LUNAR IMPACT MELT BRECCIA**3.815 Gram Endcut, RARE!",182.5,2023-07-31,3.815,47.84,WorthPoint
nwa-lunar-meteorite,"Meteorite**NWA 14577, Lunar Frag. Breccia**1.856 Gram Slice, Highly Shocked!!",132.5,2023-07-31,1.856,71.39,WorthPoint
nwa-lunar-meteorite,"NEW RARE!! NWA 10645 Nakhlite MARTIAN Meteorite, Fragment With Crust, 4.24 Grams",2999.99,2023-07-30,4.24,707.54,WorthPoint
nwa-lunar-meteorite,.283 Grams 10x7x2mm NWA 14685 Lunar Slice Fragment Breccia Meteorite With A COA,26.99,2023-07-30,283,0.1,WorthPoint
nwa-lunar-meteorite,NWA 11182 9.20g Lunar Meteorite With COA,117.5,2023-07-29,9.2,12.77,WorthPoint
nwa-lunar-meteorite,NWA 12985 1.72g Lunar (feldspathic Fragmental Breccia) Part Slice Of The Moon,75,2023-07-29,1.72,43.6,WorthPoint
nwa-lunar-meteorite,".617 Grams NWA 13951 ""starry Night"" Lunar Meteorite Feldspathic Breccia With COA",49.99,2023-07-29,617,0.08,WorthPoint
nwa-lunar-meteorite,MOON ROCK / LUNAR Feldspathic Breccia - Bechar 003 5.7g *Great Price! (1110xxx),199,2023-07-27,5.7,34.91,WorthPoint
nwa-lunar-meteorite,NWA 13757 End Cut,149,2023-07-27,,,WorthPoint
nwa-lunar-meteorite,NWA 13119 Meteorite,149,2023-07-27,,,WorthPoint
nwa-lunar-meteorite,NWA 13119 Lunar Meteorite,189,2023-07-27,,,WorthPoint
nwa-lunar-meteorite,NWA 11228 Lunar Bead And Turquoise Necklace,512.5,2023-07-27,,,WorthPoint
nwa-lunar-meteorite,NWA 13119 Slice,199,2023-07-27,,,WorthPoint
nwa-lunar-meteorite,NWA 14041 Meteorite,139,2023-07-27,,,WorthPoint
nwa-lunar-meteorite,NWA 13119 Pendant,239,2023-07-27,,,WorthPoint
nwa-lunar-meteorite,Lamada 020 Slice,124,2023-07-27,,,WorthPoint
nwa-lunar-meteorite,NWA 11303 Slice,209,2023-07-27,,,WorthPoint
nwa-lunar-meteorite,Apollo 12 Lunar Surface Flown Film & Moon Rock Lucite - NASA / Apollo Program,600,2023-07-27,,,WorthPoint
nwa-lunar-meteorite,NWA 8343 Achondrite Howardite Meteorite - G511-0166 - 1.36g COA - Gorgeous Slice,27.95,2023-07-26,1.36,20.55,WorthPoint
nwa-lunar-meteorite,0.20g - NWA 15583 Meteorite - Polished Lunar Fragments - Feldsp. Breccia Slice,16.25,2023-07-25,0.2,81.25,WorthPoint
nwa-lunar-meteorite,"NWA 13185 Lunar Felds. Breccia Meteorite, Morocco 2019, 3.607 Gram End Cut",64,2023-07-25,3.607,17.74,WorthPoint
nwa-lunar-meteorite,Museum Quality! Exqusite Full Slice Nwa 11474 Lunar Meteorite! 3.77 Grams,76,2023-07-25,3.77,20.16,WorthPoint
nwa-lunar-meteorite,"NWA 11237, Lunar Meteorite, Felds. Breccia 3.256 Gram Endcut",130,2023-07-24,3.256,39.93,WorthPoint
nwa-lunar-meteorite,Meteorite:NWA 13906 L4 Breccia::8.229Grams. Lots Of Metal And Dense Chondrules.,25,2023-07-24,8.229,3.04,WorthPoint
nwa-lunar-meteorite,"NWA 14755 Lunar Feldspathic Breccia .97g Whole Stone, Hold A Moon Nugget",18.5,2023-07-24,97,0.19,WorthPoint
nwa-lunar-meteorite,"NWA 14729 Troctolite, Anorthosite Lunar Melt Meteorite. 14.35g, Mirror Polish",393.88,2023-07-24,14.35,27.45,WorthPoint
nwa-lunar-meteorite,NWA 13788 Lunar Meteorite End Cut,1562.5,2023-07-22,,,WorthPoint
nwa-lunar-meteorite,NWA 11303 Lunar Meteorite Slice,3000,2023-07-22,,,WorthPoint
nwa-lunar-meteorite,Meteorite:: NWA 14900 ::: 0.633 Grams::: Slice W/6 Lithologies!!,75,2023-07-20,0.633,118.48,WorthPoint
nwa-lunar-meteorite,"Meteorite**NWA 13788, NEW LUNAR IMPACT MELT BRECCIA**198.00 Gram, 1 Of 3 Ever!!!",5999.99,2023-07-19,198,30.3,WorthPoint
nwa-lunar-meteorite,"Meteorite ::: NWA 14577, Lunar Frag.Breccia :::1.409 Grams Part-Slice.",99,2023-07-18,1.409,70.26,WorthPoint
nwa-lunar-meteorite,0.57 Gram NWA 12368 LUNAR (feldsp. Breccia) METEORITE SLICE - Polished One Side,31.85,2023-07-18,0.57,55.88,WorthPoint
nwa-lunar-meteorite,"Meteorite**NWA 14577, Lunar Frag. Breccia**2.815 Gram Slice, Highly Shocked!!",127.5,2023-07-17,2.815,45.29,WorthPoint
nwa-lunar-meteorite,"NWA 14755 Lunar Feldspathic Breccia .64g Whole Stone, Hold A Moon Nugget",17.5,2023-07-17,64,0.27,WorthPoint
nwa-lunar-meteorite,"Polymict, Troctolite, Anorthosite Lunar Melt Breccia Meteorite. 56.3g NWA 14729",949,2023-07-17,56.3,16.86,WorthPoint
nwa-lunar-meteorite,Rare 654mg NWA 5000 Lunar Meteorite Authentic Moon Rock From The Hupe Collection,115.5,2023-07-16,,,WorthPoint
nwa-lunar-meteorite,NWA 14685 Lunar Meteorite Slice 7.21g With COA,166.5,2023-07-15,7.21,23.09,WorthPoint
nwa-lunar-meteorite,NWA 15373 Lunar Meteorite 23.35g With COA,280,2023-07-15,23.35,11.99,WorthPoint
nwa-lunar-meteorite,.550 Gram 10x9x2mm NWA 14681 Lunar RARE (troctolitic Anorthosite) Meteorite COA,49.99,2023-07-13,550,0.09,WorthPoint
nwa-lunar-meteorite,.094 Gram Fragments NWA 6950 LUNAR GABBRO METEORITE A Plastic Gem Case With COA,11.99,2023-07-13,94,0.13,WorthPoint
nwa-lunar-meteorite,"NWA 14755 Lunar Feldspathic Breccia .5.3g Whole Stone, Hold A Moon Nugget",80,2023-07-13,5.3,15.09,WorthPoint
nwa-lunar-meteorite,"Nice NWA Unclassified Lunar Meteorite Slice, Polished On One Side, 0.81 Grams",40,2023-07-13,0.81,49.38,WorthPoint
nwa-lunar-meteorite,"4.9 Grams NWA 11898, Lunar, Feldsp. Brecc. Meteorite Slice.",275,2023-07-12,4.9,56.12,WorthPoint
nwa-lunar-meteorite,.123 Grams 15x6x2mm NWA 11303 Lunar Feldspathic Breccia Slice Meteorite + COA,9.99,2023-07-11,123,0.08,WorthPoint
nwa-lunar-meteorite,.691 Gram 14x8x2mm NWA 14681 Lunar RARE (troctolitic Anorthosite) Meteorite COA,69.99,2023-07-11,691,0.1,WorthPoint
nwa-lunar-meteorite,.921 Gram 15x13x2mm NWA 11898 Lunar Slice Moon Meteorite Feldspathic Breccia COA,69.99,2023-07-10,921,0.08,WorthPoint
nwa-lunar-meteorite,"Meteorite**NWA 14900; LUNAR FRAGMENTAL BRECCIA**2.250 Gram, W/Dunite Clasts!!!",127.5,2023-07-10,2.25,56.67,WorthPoint
nwa-lunar-meteorite,"Meteorite**NWA 15373, Lunar Fragmental Breccia**8.584 Gram Gorgeous Slice!!!",180,2023-07-10,8.584,20.97,WorthPoint
nwa-lunar-meteorite,"Meteorite**NWA 14577, Lunar Frag. Breccia**2.458 Gram Slice, Highly Shocked!!",83,2023-07-10,2.458,33.77,WorthPoint
nwa-lunar-meteorite,"Meteorite**NWA 11228, Lunar Felds. Breccia**0.381 Gram, W/Metal, HIGHLY SHOCKED!",47,2023-07-10,0.381,123.36,WorthPoint
nwa-lunar-meteorite,"NWA 14755 Lunar Feldspathic Breccia 1.1g Whole Stone, Hold A Moon Nugget",55.88,2023-07-10,1.1,50.8,WorthPoint
nwa-lunar-meteorite,"NWA 14761 Lunar Feldspathic Breccia .82g Whole Stone, Hold A Moon Nugget",41.88,2023-07-10,82,0.51,WorthPoint
nwa-lunar-meteorite,NWA 11901 Primitive Achondrite Lodranite Meteorite 5.2 Gram Part Slice,22,2023-07-09,5.2,4.23,WorthPoint
nwa-lunar-meteorite,4.26 Grams 35x29x2mm NWA 11182 Lunar Moon Slice Meteorite Feldsp. Breccia + COA,229,2023-07-09,4.26,53.76,WorthPoint
nwa-lunar-meteorite,NWA 14685 Lunar 0.88g Lunar Feldspathic Breccia Meteorite,20.5,2023-07-08,0.88,23.3,WorthPoint
nwa-lunar-meteorite,Meteorite NWA 12971 Lunar Troctolitic Melt Moon Rock Extremely Rare 1 Of 2,404.69,2023-07-07,,,WorthPoint
nwa-lunar-meteorite,NWA 15335 R3 Rumuruti Chondrite Meteorite 8.7 Grams - Unequlibrated -,84,2023-07-07,8.7,9.66,WorthPoint
nwa-lunar-meteorite,NWA 13509 LL4-6 Chondrite Meteorite 8.6g End Cut With Awesome Fusion Crust,41,2023-07-07,8.6,4.77,WorthPoint
nwa-lunar-meteorite,Meteorite NWA 14147 R3-4 Rumuruti Chondrite 6.5 Gram Part Slice,41,2023-07-07,6.5,6.31,WorthPoint
nwa-lunar-meteorite,1.05 G NWA 11474 Lunar (Moon) Meteorite Specimen (feldsp. Breccia) From Africa,155,2023-07-06,1.05,147.62,WorthPoint
nwa-lunar-meteorite,NWA 11421 - LUNAR METEORITE FRAGMENTS / MOON ROCK - Feldspathic Breccia,34,2023-07-06,,,WorthPoint
nwa-lunar-meteorite,#72 - MOON Lunar Meteorite - 1.85 Grams - NWA 11828,48,2023-07-06,1.85,25.95,WorthPoint
nwa-lunar-meteorite,.614 Grams 13x8x3mm NWA 14685 Lunar Slice Fragment Breccia Meteorite With COA,49.99,2023-07-05,614,0.08,WorthPoint
nwa-lunar-meteorite,"Meteorite**NWA 13992, Polymict Frag. Lunar Breccia**1.13 Gram Slice,Rare Lunar",54.99,2023-07-05,1.13,48.66,WorthPoint
nwa-lunar-meteorite,NWA 6287 LL5 Chondrite Meteorite 31 Gram Part Slice,32,2023-07-04,31,1.03,WorthPoint
nwa-lunar-meteorite,"Meteorite**NWA 13992, Polymict Frag. Lunar Breccia**0.694 Gram, HARVAST MOON!!!",69.99,2023-07-04,0.694,100.85,WorthPoint
nwa-lunar-meteorite,MOON ROCK / LUNAR Feldspathic Breccia - Bechar 003 2.4g *Great Price! (1110ae),84,2023-07-04,2.4,35,WorthPoint
nwa-lunar-meteorite,MOON ROCK / LUNAR Feldspathic Breccia - Bechar 003 4.4g *Great Price! (1110ah),154,2023-07-03,4.4,35,WorthPoint
nwa-lunar-meteorite,NWA 14358 Achondrite Lunar Meteorite - G731-0188 - Feldspathic Breccia - P-Slice,10.5,2023-07-03,,,WorthPoint
nwa-lunar-meteorite,"Meteorite**NWA 13788, LUNAR MELT BRECCIA**3.203 Gram Gorgeous Endcut With Metal!",76,2023-07-03,3.203,23.73,WorthPoint
nwa-lunar-meteorite,"Meteorite**NWA 11228, Lunar Felds. Breccia**1.199 Gram, HIGHLY SHOCKED!!!",48.53,2023-07-03,1.199,40.48,WorthPoint
nwa-lunar-meteorite,.461 Gram 9x9x2mm NWA 14681 Lunar RARE (troctolitic Anorthosite) Meteorite COA,39.99,2023-07-03,461,0.09,WorthPoint
nwa-lunar-meteorite,"NWA 14761 Lunar Feldspathic Breccia 1.02g Whole Stone, Hold A Moon Nugget",42.99,2023-07-03,1.02,42.15,WorthPoint
nwa-lunar-meteorite,NWA 14143 L5 Monomict Breccia Chondrite Meteorite 37.5g Desert Polished Fragment,26,2023-07-02,37.5,0.69,WorthPoint
nwa-lunar-meteorite,NWA 12518 LL3 Primitive Chondrite Type 3 Meteorite 5.6 Gram Part Slice,21,2023-07-02,5.6,3.75,WorthPoint
nwa-lunar-meteorite,NWA 15334 L5 Chondrite Meteorite 43.3 Gram Great Flight Shaped Individual,48,2023-07-02,43.3,1.11,WorthPoint
nwa-lunar-meteorite,A Rock From The Moon! NWA 11303 Meteorite 0.7 Grams,46,2023-07-02,0.7,65.71,WorthPoint
nwa-lunar-meteorite,"NWA Unclassified Lunar Meteorite From Tindouf Algeria 2017, 0.48 Grams",35,2023-07-01,0.48,72.92,WorthPoint
nwa-lunar-meteorite,NWA 10499 LL3 Primitive Chondrite Meteorite 2.3 Gram Part Slice,12.5,2023-07-01,2.3,5.43,WorthPoint
nwa-lunar-meteorite,NWA 6080 LL4 Brecciated Chondrite Meteorite 3.1 Gram Part Slice,14.5,2023-07-01,3.1,4.68,WorthPoint
nwa-lunar-meteorite,NWA 14685 Lunar 0.56g Lunar Feldspathic Breccia Meteorite,28,2023-07-01,0.56,50,WorthPoint
nwa-lunar-meteorite,.262 Grams 10x6x4mm NWA 8455 Lunar Individual Moon Meteorite Northwest Africa,14.99,2023-06-28,262,0.06,WorthPoint
nwa-lunar-meteorite,.875 Grams 11mm NWA 13974 Lunar Fragment Moon Meteorite Feldsp. Breccia With COA,49.99,2023-06-26,875,0.06,WorthPoint
nwa-lunar-meteorite,1.51 Grams 15x12x6mm NWA 11303 Lunar Feldspathic Breccia END CUT Meteorite + COA,39.99,2023-06-26,1.51,26.48,WorthPoint
nwa-lunar-meteorite,8.37 Grams 44x31x3mm NWA 15373 Slice Of Lunar Fragmental Breccia Meteorite W/COA,249.99,2023-06-26,8.37,29.87,WorthPoint
nwa-lunar-meteorite,"Lunar Meteorite ""Starry Night Lunar"" NWA 13951, 19.7g, Glass Polish",600,2023-06-26,19.7,30.46,WorthPoint
nwa-lunar-meteorite,"Lunar Breccia Meteorite NWA 11303 26.5g, MOON! Incredible Clasts, Glass Polish",545,2023-06-26,26.5,20.57,WorthPoint
nwa-lunar-meteorite,.643 Grams 11x11x2mm NWA 14685 Lunar Slice Fragment Breccia Meteorite With COA,29.99,2023-06-25,643,0.05,WorthPoint
nwa-lunar-meteorite,AUBRITE Enstatite Achondrite 18.7g NWA 15304 *STUNNING AUBRITE/SALE 20% Was $748,598,2023-06-24,18.7,31.98,WorthPoint
nwa-lunar-meteorite,NWA 15583 Moon 2.82g Lunar Feldspathic Breccia Meteorite,112,2023-06-24,2.82,39.72,WorthPoint
nwa-lunar-meteorite,NWA 15583 Moon 1.15g Lunar Feldspathic Breccia Meteorite,46,2023-06-24,1.15,40,WorthPoint
nwa-lunar-meteorite,"LUNAR Feldspathic - Bechar 003 1.8g (1110af), 1.0g (1110ak), 1.4g (1110aj)",250,2023-06-24,1.8,138.89,WorthPoint
nwa-lunar-meteorite,"1.7 Grams NWA 11898, Lunar, Feldsp. Brecc. Meteorite Slice.",115,2023-06-24,1.7,67.65,WorthPoint
nwa-lunar-meteorite,MOON ROCK / LUNAR Feldspathic Breccia - Bechar 003 1.4g *Great Price! (1110aj),49,2023-06-23,1.4,35,WorthPoint
nwa-lunar-meteorite,.309 Grams 11x6x2mm NWA 14685 Lunar Slice Fragment Breccia Meteorite With COA,14.99,2023-06-23,309,0.05,WorthPoint
nwa-lunar-meteorite,1.28 G NWA 11182 Lunar (Moon) Meteorite Slice (feldsp. Breccia) Found In Africa,129.35,2023-06-23,1.28,101.05,WorthPoint
nwa-lunar-meteorite,MOON ROCK / LUNAR Feldspathic Breccia - Bechar 003 .84g *Great Price! (1110iii),35,2023-06-22,84,0.42,WorthPoint
nwa-lunar-meteorite,1.87 Grams 19mm NWA 15373 End Cut Lunar Fragmental Breccia Meteorite With A COA,65.99,2023-06-22,1.87,35.29,WorthPoint
nwa-lunar-meteorite,NWA 13509 LL4-6 Chondrite Meteorite 15g End Cut With Awesome Fusion Crust,59,2023-06-21,15,3.93,WorthPoint
nwa-lunar-meteorite,NWA 15335 R3 Rumuruti Chondrite Meteorite 17 Grams - Unequlibrated -,41,2023-06-21,17,2.41,WorthPoint
nwa-lunar-meteorite,NWA 11901 Primitive Achondrite Lodranite Meteorite 8.3 Gram Partial Cut,37,2023-06-21,8.3,4.46,WorthPoint
nwa-lunar-meteorite,NWA 7650 L6 Chondrite Meteorite 33.8 Gram Partial Cut With Chondrules & Metal,16.05,2023-06-21,33.8,0.47,WorthPoint
nwa-lunar-meteorite,Meteorite NWA 14147 R3-4 Rumuruti Chondrite 10.8 Gram Part Slice,36.55,2023-06-21,10.8,3.38,WorthPoint
nwa-lunar-meteorite,NWA 6287 LL5 Chondrite Meteorite 2.5 Gram Part Slice,5,2023-06-20,2.5,2,WorthPoint
nwa-lunar-meteorite,NWA 12518 LL3 Primitive Chondrite Type 3 Meteorite 3.5 Gram Part Slice,15.5,2023-06-20,3.5,4.43,WorthPoint
nwa-lunar-meteorite,"Meteorite**NWA 11237, Lunar Felds. Breccia**9.427 Gram, Gorgeous Individual!!!",245.59,2023-06-19,9.427,26.05,WorthPoint
nwa-lunar-meteorite,NWA 15583 Moon 4.14g SALE! Lunar W/ Metal Impactor Inclusion Meteorite,199,2023-06-17,4.14,48.07,WorthPoint
nwa-lunar-meteorite,.453 Grams 13x7x4mm NWA 8455 Lunar Individual Moon Meteorite Northwest Africa,27.99,2023-06-15,453,0.06,WorthPoint
nwa-lunar-meteorite,.224 Grams 8x6x2mm NWA 14685 Lunar Slice Fragment Breccia Meteorite With COA,18.99,2023-06-14,224,0.08,WorthPoint
nwa-lunar-meteorite,"Meteorite**NWA 13992, Polymict Frag. Lunar Breccia**2.375 Gram Gorgeous Slice!!",96,2023-06-12,2.375,40.42,WorthPoint
nwa-lunar-meteorite,"Meteorite**NWA 13992, Polymict Frag. Lunar Breccia**0.697 Gram Gorgeous Slice!!",26,2023-06-12,0.697,37.3,WorthPoint
nwa-lunar-meteorite,"Meteorite**NWA 14188; Lunar Mare Basaltic Breccia**1.861 Grams, Front-side Moon!",227.5,2023-06-12,1.861,122.25,WorthPoint
nwa-lunar-meteorite,"Meteorite**NWA 13408, Lunar Felds. Breccia**1.220 Gram Endcut, Aka Golden Lunar!",56,2023-06-12,1.22,45.9,WorthPoint
nwa-lunar-meteorite,"Meteorite**NWA 13788, NEW LUNAR IMPACT MELT BRECCIA**4.969 Gram, DARK LUNAR!!",136.06,2023-06-12,4.969,27.38,WorthPoint
nwa-lunar-meteorite,"Meteorite**NWA 15373, Lunar Fragmental Breccia**36.205 Gram Gorgeous Endcut!!!!",850,2023-06-12,36.205,23.48,WorthPoint
nwa-lunar-meteorite,"NWA 14755 Lunar Feldspathic Breccia .98g Whole Stone, Hold A Moon Nugget",39,2023-06-12,98,0.4,WorthPoint
nwa-lunar-meteorite,.253 Grams 9x6x2mm Slice NWA 14577 Lunar Fragmental Breccia Meteorite With COA,21.99,2023-06-11,253,0.09,WorthPoint
nwa-lunar-meteorite,.278 Grams 8x6x2mm NWA 14685 Lunar Slice Fragment Breccia Meteorite With COA,19.99,2023-06-11,278,0.07,WorthPoint
nwa-lunar-meteorite,NWA 15583 Moon 0.83g Lunar Feldspathic Breccia Meteorite,20.5,2023-06-10,0.83,24.7,WorthPoint
nwa-lunar-meteorite,.341 Grams 9mm NWA 11788 Lunar Meteorite (feldspathic Breccia) Comes With A COA,35,2023-06-09,341,0.1,WorthPoint
nwa-lunar-meteorite,NWA 14358 Achondrite Lunar Meteorite - G731-0186 - Feldspathic Breccia - P-Slice,9.95,2023-06-09,,,WorthPoint
nwa-lunar-meteorite,Meteorite NWA 14147 R3-4 Rumuruti Chondrite 14.4 Gram Part Slice,56,2023-06-08,14.4,3.89,WorthPoint
nwa-lunar-meteorite,For Ebay User - Papilionj - In Hungary Only - Meteorites With COA's + Info Cards,165.99,2023-06-07,,,WorthPoint
nwa-lunar-meteorite,NWA 6080 LL4 Brecciated Chondrite Meteorite 6.3g Part Slice W. Rim Fusion Crust,5.5,2023-06-06,6.3,0.87,WorthPoint
nwa-lunar-meteorite,NWA 15373 Lunar 1.94g Part Slice Feldspathic Breccia Moon Rock,90,2023-06-05,1.94,46.39,WorthPoint
nwa-lunar-meteorite,"NWA 14755 Lunar Feldspathic Breccia 2.73g Whole Stone, Hold A Moon Nugget",84.99,2023-06-05,2.73,31.13,WorthPoint
nwa-lunar-meteorite,NWA 14358 Achondrite Lunar Meteorite - G731-0187 - Feldspathic Breccia - P-Slice,9.95,2023-06-05,,,WorthPoint
nwa-lunar-meteorite,"Meteorite NWA Xxxxx, Ordinary Chondrite, Lot Of Two Nice Individuals, 33.7 Grams",8.5,2023-06-04,33.7,0.25,WorthPoint
nwa-lunar-meteorite,NWA 15583 Moon 0.40g Lunar Feldspathic Breccia Meteorite,34,2023-06-03,0.4,85,WorthPoint
nwa-lunar-meteorite,NWA 7650 L6 Chondrite Meteorite 15.5 Gram Part Slice With Chondrules & Metal,14.5,2023-06-02,15.5,0.94,WorthPoint
nwa-lunar-meteorite,NWA 6287 LL5 Chondrite Meteorite 5.6 Gram Part Slice,15.5,2023-06-02,5.6,2.77,WorthPoint
nwa-lunar-meteorite,3 MOON ROCK DISPLAY- 33mg LUNAR METEORITE - MUSEUM EDITION - Jumbo Display+Easel,33.95,2023-05-29,,,WorthPoint
nwa-lunar-meteorite,"Meteorite**NWA 15373, Lunar Fragmental Breccia**2.588 Gram Gorgeous Endcut!!!!",72.89,2023-05-29,2.588,28.16,WorthPoint
nwa-lunar-meteorite,"Meteorite**NWA 11228, Lunar Felds. Breccia**2.379 Gram Lot W/INSANE SHOCK VEINS!",37,2023-05-29,2.379,15.55,WorthPoint
nwa-lunar-meteorite,NWA 15373 Lunar 1.70g Part Slice Feldspathic Breccia Moon Rock,36,2023-05-27,1.7,21.18,WorthPoint
nwa-lunar-meteorite,NWA 14685 Lunar 7.57g Lunar Feldspathic Breccia Meteorite,325,2023-05-27,7.57,42.93,WorthPoint
nwa-lunar-meteorite,MOON ROCK / LUNAR Feldspathic Breccia - Bechar 003 2.9g *Great Price! (1110ooo),84,2023-05-27,2.9,28.97,WorthPoint
nwa-lunar-meteorite,MOON ROCK / LUNAR Feldspathic Breccia - Bechar 003 3.5g *Great Price! (1110ab),99,2023-05-27,3.5,28.29,WorthPoint
nwa-lunar-meteorite,"Lunar, Feldsp. Brecc. Meteorite Slice. 6.9 Grams",385,2023-05-26,6.9,55.8,WorthPoint
nwa-lunar-meteorite,PLEASE --- This Lot Is For Ebay User -- Pfe.prescott -- Only,127,2023-05-26,,,WorthPoint
nwa-lunar-meteorite,NWA 13867 CO3 Carbonaceous Chondrite Ornans Type Meteorite 4.8 Gram End Cut,13.5,2023-05-25,4.8,2.81,WorthPoint
nwa-lunar-meteorite,NWA 11901 Primitive Achondrite Lodranite Meteorite 9.7 Gram Part Slice,121.5,2023-05-25,9.7,12.53,WorthPoint
nwa-lunar-meteorite,NWA 14358 Achondrite Lunar Meteorite - G731-0170 - Feldspathic Breccia - End Cut,18.5,2023-05-25,,,WorthPoint
nwa-lunar-meteorite,".714 Grams 15mm NWA 13951 ""starry Night"" Lunar Meteorite Feldspathic Breccia COA",59.99,2023-05-25,714,0.08,WorthPoint
nwa-lunar-meteorite,NWA 14133 H5 Chondrite Meteorite 22.7g Part S. With Unusual Number Of Chondrules,25,2023-05-24,22.7,1.1,WorthPoint
nwa-lunar-meteorite,NWA 7716 Pallasite Meteorite 1.5 Gram Windowed Fragment With Visible Olivine,15.5,2023-05-24,1.5,10.33,WorthPoint
nwa-lunar-meteorite,.404 Grams 12mm NWA 11273 Lunar Moon Meteorite Individual As Found With A COA,24.99,2023-05-24,404,0.06,WorthPoint
nwa-lunar-meteorite,3.40 Grams 21mm Slice NWA 15373 Lunar Fragmental Breccia Meteorite With A COA,59.99,2023-05-24,3.4,17.64,WorthPoint
nwa-lunar-meteorite,2.36 Grams 34x17x2mm NWA 11182 Lunar Moon Slice Meteorite Feldsp. Breccia + COA,145,2023-05-22,2.36,61.44,WorthPoint
nwa-lunar-meteorite,"Meteorite**NWA 15373, Lunar Fragmental Breccia**18.774 Gram Gorgeous Endcut!!!!",338,2023-05-22,18.774,18,WorthPoint
nwa-lunar-meteorite,"NWA 14755 Lunar Feldspathic Breccia 2.28g Whole Stone, Hold A Moon Nugget",59.99,2023-05-22,2.28,26.31,WorthPoint
nwa-lunar-meteorite,.389 Gram Martian And 1.061 Gram NWA 15373 Listing Is Only For User Rich_dunlap,79.99,2023-05-21,389,0.21,WorthPoint
nwa-lunar-meteorite,MOON ROCK / LUNAR Feldspathic Breccia - Bechar 003 2.3g *Great Price! (1110zzz),67,2023-05-21,2.3,29.13,WorthPoint
nwa-lunar-meteorite,1.86 G NWA 11182 Lunar (Moon) Meteorite Slice (feldsp. Breccia) Found In Africa,181.35,2023-05-21,1.86,97.5,WorthPoint
nwa-lunar-meteorite,A Rock From Our Moon! Northwest Africa 11303: 0.67 Grams,31,2023-05-20,0.67,46.27,WorthPoint
nwa-lunar-meteorite,NWA 15583 Moon 1.80g Lunar Feldspathic Breccia Meteorite,53,2023-05-20,1.8,29.44,WorthPoint
nwa-lunar-meteorite,2.27 G NWA 11474 Lunar (Moon) Meteorite Specimen (feldsp. Breccia) From Africa,194.35,2023-05-18,2.27,85.62,WorthPoint
nwa-lunar-meteorite,"Meteorite**NWA 15373, Lunar Fragmental Breccia**4.047 Gram Gorgeous Endcut!!!!",91.2,2023-05-16,4.047,22.54,WorthPoint
nwa-lunar-meteorite,NWA 12592 Lunar Moon Meteorite Cutting Dust 0.5 Gram With COA,115,2023-05-16,0.5,230,WorthPoint
nwa-lunar-meteorite,2.38 G NWA 11182 Lunar (Moon) Meteorite Slice (feldsp. Breccia) Found In Africa,194.35,2023-05-16,2.38,81.66,WorthPoint
nwa-lunar-meteorite,.109 Grams NWA 12971 Lunar (troctolitic Melt Rock) METEORITE Fragment - With COA,13.5,2023-05-15,109,0.12,WorthPoint
nwa-lunar-meteorite,.200 Grams 17x5x2mm NWA 8607 Lunar Cut Fragment Meteorite With COA,10,2023-05-15,200,0.05,WorthPoint
nwa-lunar-meteorite,NWA 15373 Lunar 1.88g Part Slice Feldspathic Breccia Moon Rock,51,2023-05-13,1.88,27.13,WorthPoint
nwa-lunar-meteorite,NWA 14685 Lunar 4.72g Lunar Feldspathic Breccia Meteorite,210,2023-05-13,4.72,44.49,WorthPoint
nwa-lunar-meteorite,.309 Grams 13mm NWA 11273 Lunar Moon Meteorite Individual As Found With A COA,22.99,2023-05-12,309,0.07,WorthPoint
nwa-lunar-meteorite,2.54 Grams 19mm Slice NWA 15373 Lunar Fragmental Breccia Meteorite With A COA,39.99,2023-05-10,2.54,15.74,WorthPoint
nwa-lunar-meteorite,A Rock From Our Moon! Northwest Africa 11788: 1.1 Grams,13.5,2023-05-10,1.1,12.27,WorthPoint
nwa-lunar-meteorite,0.95 G NWA 11182 Lunar (Moon) Meteorite Slice (feldsp. Breccia) Found In Africa,100.5,2023-05-09,0.95,105.79,WorthPoint
nwa-lunar-meteorite,"Meteorite**NWA 15583, Lunar Fragmental Breccia**38.673 Gram Gorgeous Endcut! NEW",955,2023-05-08,38.673,24.69,WorthPoint
nwa-lunar-meteorite,"Meteorite**NWA 13992, Polymict Frag. Lunar Breccia**0.696 Gram Slice, Rare Lunar",37,2023-05-08,0.696,53.16,WorthPoint
nwa-lunar-meteorite,"NWA 14755 Lunar Feldspathic Breccia 1.48g Whole Stone, Hold A Moon Nugget",26,2023-05-08,1.48,17.57,WorthPoint
nwa-lunar-meteorite,1.92 Grams 17mm Slice NWA 15373 Lunar Fragmental Breccia Meteorite With A COA,39.99,2023-05-07,1.92,20.83,WorthPoint
nwa-lunar-meteorite,"2.24 Gram NWA 13951 ""starry Night"" 23x19x2mm Lunar Meteorite Feldspathic Breccia",199,2023-05-05,2.24,88.84,WorthPoint
nwa-lunar-meteorite,1.72 Grams 14mm NWA 11474 Lunar Feldsp. Breccia Meteorite Individual With COA,99.99,2023-05-05,1.72,58.13,WorthPoint
nwa-lunar-meteorite,.244 Grams 10x6x3mm NWA 6950 LUNAR GABBRO METEORITE A Plastic Gem Case W/COA,79.99,2023-05-04,244,0.33,WorthPoint
nwa-lunar-meteorite,.327 Grams 9x6x3mm NWA 6950 LUNAR GABBRO METEORITE A Plastic Gem Case W/COA,99.99,2023-05-04,327,0.31,WorthPoint
nwa-lunar-meteorite,.338 Grams 10x9x2mm NWA 6950 LUNAR GABBRO METEORITE A Glass Top Case With COA,109,2023-05-04,338,0.32,WorthPoint
nwa-lunar-meteorite,.601 Gram 13x11x2mm NWA 11898 Lunar Slice Moon Meteorite Feldspathic Breccia COA,57.99,2023-05-04,601,0.1,WorthPoint
nwa-lunar-meteorite,NWA 11901 Primitive Achondrite Lodranite Meteorite 6.2 Gram Windowed Fragment,49.03,2023-05-02,6.2,7.91,WorthPoint
nwa-lunar-meteorite,NWA 15051 Lunar Meteorite üåô Moon Rock 2.14 Gram Slice By Steve Of Meteorite Men,310,2023-05-02,2.14,144.86,WorthPoint
nwa-lunar-meteorite,NWA 15373 Lunar 1.61g Part Slice Feldspathic Breccia Moon Rock,73,2023-05-01,1.61,45.34,WorthPoint
nwa-lunar-meteorite,MOON ROCK / LUNAR Feldspathic Breccia - Bechar 003 1.6g *Great Price! (1110www),46,2023-05-01,1.6,28.75,WorthPoint
nwa-lunar-meteorite,MOON ROCK / LUNAR Feldspathic Breccia - Bechar 003 1.9g *Great Price! (1110uuu),55,2023-05-01,1.9,28.95,WorthPoint
nwa-lunar-meteorite,10.98 Grams 39x29x7mm NWA 15373 End Cut Lunar Fragmental Breccia Meteorite + COA,319.99,2023-05-01,10.98,29.14,WorthPoint
nwa-lunar-meteorite,1.06 Grams 12x10x6mm NWA 8455 Lunar Moon Meteorite Whole Individual With COA,94,2023-05-01,1.06,88.68,WorthPoint
nwa-lunar-meteorite,"NWA 11182, Lunar Breccia Meteorite, 29.7g, Mirror Polished, Translucent MOON!",630,2023-05-01,29.7,21.21,WorthPoint
nwa-lunar-meteorite,Meteorite NWA 14147 R3-4 Rumuruti Chondrite 10.6 Gram End Cut,41,2023-04-29,10.6,3.87,WorthPoint
nwa-lunar-meteorite,NWA 13509 LL4-6 Chondrite Meteorite 13.6g Part Slice With Rim Of Fusion Crust,20.5,2023-04-29,13.6,1.51,WorthPoint
nwa-lunar-meteorite,"Meteorite**NWA 14526; LUNAR MARE BASALT**1.000 Gram Endcut, FRONT-SIDE MOON!",749.99,2023-04-29,1,749.99,WorthPoint
nwa-lunar-meteorite,"Meteorite**NWA 14741, LUNAR MARE BASALT BRECCIA**2.184 Grams, RAREST LUNAR EVER!",3374.99,2023-04-29,2.184,1545.33,WorthPoint
nwa-lunar-meteorite,NWA 15334 L5 Chondrite Meteorite 31 Gram Windowed Desert Polished Individual,15.5,2023-04-29,31,0.5,WorthPoint
nwa-lunar-meteorite,NWA 10699 LL(L) 3 Chondrite Meteorite 0.6g Part Slice Of Primitive Early Type,15.5,2023-04-29,0.6,25.83,WorthPoint
nwa-lunar-meteorite,CK4 Carbonaceous Chondrite - 24.3g NWA 15319 / RARE! **BEAUTIFUL CK4**,240,2023-04-28,24.3,9.88,WorthPoint
nwa-lunar-meteorite,2.11 Grams 22mm NWA 15373 End Cut Lunar Fragmental Breccia Meteorite With A COA,73.99,2023-04-28,2.11,35.07,WorthPoint
nwa-lunar-meteorite,NWA 14041 Meteorite Lunar Moon Rock Part Slice Weight .631 Grams,78,2023-04-26,631,0.12,WorthPoint
nwa-lunar-meteorite,MOON ROCK / LUNAR Feldspathic Breccia - Bechar 003 .63g *Great Price! (1110rrr),22,2023-04-26,63,0.35,WorthPoint
nwa-lunar-meteorite,"Meteorite**NWA 6950; LUNAR GABBRO**1.641 Gram Slice, Extremely Rare Lunar!!!",799.99,2023-04-24,1.641,487.5,WorthPoint
nwa-lunar-meteorite,Nwa 10901 Lunar (moon) Meteorite + Nwa 10999 H5 Chondrite Meteorite,12,2023-04-24,,,WorthPoint
nwa-lunar-meteorite,GORGEOUS LUNAR! NWA 10822 LUNAR MOON METEORITE POLISHED SLICE 0.838 Gr. CRUSTED,85,2023-04-24,0.838,101.43,WorthPoint
nwa-lunar-meteorite,"Meteorite**NWA 11228, Lunar Felds. Breccia**4.287 Gram, Gorgeous Unique Endcut!!",133.85,2023-04-24,4.287,31.22,WorthPoint
nwa-lunar-meteorite,"Meteorite**NWA 14526; LUNAR MARE BASALT**5.354 Gram Full Slice, FRONT-SIDE MOON!",867,2023-04-24,5.354,161.94,WorthPoint
nwa-lunar-meteorite,"Meteorite**NWA 13408, Lunar Felds. Breccia**2.273 Gram Slice, Aka Golden Lunar!!",102.5,2023-04-24,2.273,45.09,WorthPoint
nwa-lunar-meteorite,"Meteorite**NWA 11228, Lunar Felds. Breccia**4.496 Gram Lot W/INSANE SHOCK VEINS!",115.38,2023-04-24,4.496,25.66,WorthPoint
nwa-lunar-meteorite,MOON / LUNAR Feldspathic Breccia - Bechar 003 45.3g GREAT LUNAR PRICE!!!!!!!,799,2023-04-24,45.3,17.64,WorthPoint
nwa-lunar-meteorite,"NWA 14755 Lunar Feldspathic Breccia 1.37g Whole Stone, Hold A Moon Nugget",45,2023-04-24,1.37,32.85,WorthPoint
nwa-lunar-meteorite,MOON ROCK / LUNAR Feldspathic Breccia - Bechar 003 .99g *Great Price! (1110qqq),29,2023-04-24,99,0.29,WorthPoint
nwa-lunar-meteorite,NASA Apollo 11 50th Anniversary Framed Limited Edition Contains Flown Metal,185.99,2023-04-23,,,WorthPoint
nwa-lunar-meteorite,LL3 Chondrite - NWA 15485 57.3g **Beautiful LL3 With Nice Chondrules**,399,2023-04-23,57.3,6.96,WorthPoint
nwa-lunar-meteorite,CK4 Carbonaceous Chondrite - 36.2g NWA 15319 / RARE! **BEAUTIFUL CK4**,362,2023-04-23,36.2,10,WorthPoint
nwa-lunar-meteorite,NWA 11237 Lunar Felds Breccia Meteorite,19,2023-04-22,,,WorthPoint
nwa-lunar-meteorite,.153 Grams 8mm NWA 11421 Lunar Moon Meteorite As Found Individual With A C.O.A.,11.99,2023-04-22,153,0.08,WorthPoint
nwa-lunar-meteorite,.154 Grams 6mm NWA 11421 Lunar Moon Meteorite As Found Individual With A C.O.A.,10.99,2023-04-22,154,0.07,WorthPoint
nwa-lunar-meteorite,NWA 14685 Lunar 0.92g Slice W/ Metal Bleb From Impactor,39,2023-04-22,0.92,42.39,WorthPoint
nwa-lunar-meteorite,69.25 Gram NWA 12368 LUNAR (feldsp. Breccia) METEORITE SLICE - Polished One Side,1859.25,2023-04-22,69.25,26.85,WorthPoint
nwa-lunar-meteorite,".759 Grams 17mm NWA 13951 ""starry Night"" Lunar Meteorite Feldspathic Breccia COA",59.99,2023-04-21,759,0.08,WorthPoint
nwa-lunar-meteorite,.101 Gram Fragments NWA 6950 LUNAR GABBRO METEORITE A Plastic Gem Case With COA,12.99,2023-04-20,101,0.13,WorthPoint
nwa-lunar-meteorite,1.51 Grams 19x14x2mm Slice NWA 14577 Lunar Fragmental Breccia Meteorite With COA,119,2023-04-20,1.51,78.81,WorthPoint
nwa-lunar-meteorite,.108 Grams 7mm NWA 11788 Lunar Meteorite (feldspathic Breccia) Individual + COA,8.99,2023-04-20,108,0.08,WorthPoint
nwa-lunar-meteorite,"Meteorite**NWA 14188; Lunar Mare Basaltic Breccia**4.800 Grams, Front-side Moon!",2700,2023-04-20,4.8,562.5,WorthPoint
nwa-lunar-meteorite,".692 Grams 17mm NWA 13951 ""starry Night"" Lunar Meteorite Feldspathic Breccia COA",59.99,2023-04-18,692,0.09,WorthPoint
nwa-lunar-meteorite,Low Price! Sensational Slice! Stunning Nwa 11474 Lunar Meteorite! .601 Gms,66.75,2023-04-18,601,0.11,WorthPoint
nwa-lunar-meteorite,"Meteorite**NWA 14900; LUNAR FRAGMENTAL BRECCIA**3.130 Gram, W/Dunite Clasts!!!",67,2023-04-17,3.13,21.41,WorthPoint
nwa-lunar-meteorite,"Meteorite**NWA 15373, Lunar Fragmental Breccia**44.192 Gram Gorgeous Endcut!!!",921,2023-04-17,44.192,20.84,WorthPoint
nwa-lunar-meteorite,"Meteorite**NWA 11237, Lunar Felds. Breccia**1.491 Gram, Gorgeous Endcut Lot!!!",96,2023-04-17,1.491,64.39,WorthPoint
nwa-lunar-meteorite,"Meteorite**NWA 11228, Lunar Felds. Breccia**2.852gram Lot W/INSANE SHOCK VEINS!!",81,2023-04-17,2.852,28.4,WorthPoint
nwa-lunar-meteorite,"Meteorite**NWA 14900; LUNAR FRAGMENTAL BRECCIA**1.589 Gram, W/Dunite Clasts!!!",289.99,2023-04-16,1.589,182.5,WorthPoint
nwa-lunar-meteorite,.372 Grams NWA 10608 Lunar 14x9x2mm Cut Meteorite Moon Rock Fragment With A COA,24.99,2023-04-16,372,0.07,WorthPoint
nwa-lunar-meteorite,13.8 Gram - NWA 10203 METEORITE Individual - LUNAR SPECIMEN - Ex Rob Wesel,1336.65,2023-04-15,13.8,96.86,WorthPoint
nwa-lunar-meteorite,"LUNAR Meteorite NWA 15373, Fragmental Breccia, 5.3g Slice. Piece Of The MOON!",299,2023-04-15,5.3,56.42,WorthPoint
nwa-lunar-meteorite,".166 Grams 10mm NWA 13951 ""starry Night"" Lunar Meteorite Feldspathic Breccia COA",13.99,2023-04-13,166,0.08,WorthPoint
nwa-lunar-meteorite,.659 Grams 16x12x2mm NWA 14685 Lunar Slice Fragment Breccia Meteorite With COA,49.99,2023-04-10,659,0.08,WorthPoint
nwa-lunar-meteorite,2015 1 Oz Silver $1 Niue LUNAR MOON METEORITE NWA 5000 Antique Finish Coin,235.14,2023-04-10,28.35,8.29,WorthPoint
nwa-lunar-meteorite,NWA 15335 R3 Rumuruti Chondrite Meteorite 20.3 Grams - Unequlibrated -,48.2,2023-04-09,20.3,2.37,WorthPoint
nwa-lunar-meteorite,NWA 11273 - LUNAR METEORITE FRAGMENT / MOON ROCK - Feldspathic Breccia,19,2023-04-09,,,WorthPoint
nwa-lunar-meteorite,NWA 14143 L5 Monomict Breccia Chondrite Meteorite 39.5g Desert Polished Fragment,16.01,2023-04-08,39.5,0.41,WorthPoint
nwa-lunar-meteorite,NWA 15334 L5 Chondrite Meteorite 22.9 Gram Beautiful Flight Shaped Individual,12.5,2023-04-08,22.9,0.55,WorthPoint
nwa-lunar-meteorite,NWA 14685 Lunar 2.12g SALE! Part Slice Of A Fantastic Fragmental Breccia,99,2023-04-08,2.12,46.7,WorthPoint
nwa-lunar-meteorite,NWA 13788 5.06g SALE! On Lunar Impact Melt Breccia Meteorite,130.5,2023-04-08,5.06,25.79,WorthPoint
nwa-lunar-meteorite,AL Haggounia 001 EL3 Enstatite Melt Rock Meteorite 47.2 G Windowed Fragment,11.25,2023-04-07,47.2,0.24,WorthPoint
nwa-lunar-meteorite,NWA 13509 LL4-6 Chondrite Meteorite 15 Gram Part Slice With Rim Of Fusion Crust,26,2023-04-07,15,1.73,WorthPoint
nwa-lunar-meteorite,NWA 7831 HED Achondrite Diogenite Meteorite 2 Gram Lot In Glass Jar,21.5,2023-04-06,2,10.75,WorthPoint
nwa-lunar-meteorite,NWA 8607 Lunar Meteorite Slice,325,2023-04-06,,,WorthPoint
nwa-lunar-meteorite,NWA 13119 Lunar Meteorite Earrings,325,2023-04-06,,,WorthPoint
nwa-lunar-meteorite,Real Moon Dust Meteorite Necklace (From Lunar Meteorite NWA 5000),90,2023-04-06,,,WorthPoint
nwa-lunar-meteorite,Meteorite NWA 14147 R3-4 Rumuruti Chondrite 5.3 Gram Part Slice,27,2023-04-05,5.3,5.09,WorthPoint
nwa-lunar-meteorite,NWA 14685 Lunar 4.39g SALE! Endcut/Slice Of A Fantastic Fragmental Breccia,244,2023-04-05,4.39,55.58,WorthPoint
nwa-lunar-meteorite,MOON / LUNAR Feldspathic Breccia - Bechar 003 15.6g **SALE PRICE**!!!!!!!,349,2023-04-05,15.6,22.37,WorthPoint
nwa-lunar-meteorite,"Lunar Fragmental Breccia Meteorite NWA 14576, 20.0g, Slice Of MOON!",565,2023-04-03,20,28.25,WorthPoint
nwa-lunar-meteorite,.587 Grams 16mm End Cut NWA 11303 Moon Lunar Feldspathic Breccia Meteorite W/COA,41.99,2023-04-02,587,0.07,WorthPoint
nwa-lunar-meteorite,NWA 5717 Polished Meteorite Slice - Extremely Rare - 5.58g,420,2023-04-02,5.58,75.27,WorthPoint
nwa-lunar-meteorite,NWA 11788 Meteorite Lunar Moon Rock End Cut Polished Face Weight 6.29 Grams,345,2023-04-02,6.29,54.85,WorthPoint
nwa-lunar-meteorite,3.07 Grams 31x22x2mm NWA 15373 Slice Of Lunar Fragmental Breccia Meteorite W/COA,109.99,2023-04-01,3.07,35.83,WorthPoint
nwa-lunar-meteorite,NWA 14695 Lunar Meteorite üåô Moon Rock 5.43 Gram Stone By Steve Of Meteorite Men,272,2023-04-01,5.43,50.09,WorthPoint
nwa-lunar-meteorite,NWA 6950 Lunar Meteorite End Cut,1812.5,2023-03-31,,,WorthPoint
nwa-lunar-meteorite,NWA 13859 Lunar Meteorite,12500,2023-03-31,,,WorthPoint
nwa-lunar-meteorite,2.44 Gram - NWA 11898 Meteorite - Polished Lunar Feldsp. Breccia - Cutting Dust,183,2023-03-30,2.44,75,WorthPoint
nwa-lunar-meteorite,.362 Grams 9mm NWA 11273 Lunar Moon Meteorite Individual As Found With A COA,24.99,2023-03-28,362,0.07,WorthPoint
nwa-lunar-meteorite,"Meteorite, (Extremely Rare), Lunar Feldspathic Breccia Meteorite",240,2023-03-28,,,WorthPoint
nwa-lunar-meteorite,Beautiful 82.5 G - NWA 11898 Meteorite - Polished Lunar Feldsp. Breccia End Cut,2870,2023-03-26,82.5,34.79,WorthPoint
nwa-lunar-meteorite,CK4 Carbonaceous Chondrite - 57g NWA 15319 / RARE! **SALE PRICE**,228,2023-03-26,57,4,WorthPoint
nwa-lunar-meteorite,.178 Grams 9mm NWA 13788 Lunar (melt Breccia) Moon Meteorite Slice With A COA,9.99,2023-03-26,178,0.06,WorthPoint
nwa-lunar-meteorite,1.85 Grams NWA 15373 Slices Of Lunar Fragmental Breccia Meteorite With A COA,39.99,2023-03-25,1.85,21.62,WorthPoint
nwa-lunar-meteorite,1.93 Grams 13mm NWA 15373 As Found Lunar Fragmental Breccia Meteorite With A COA,61,2023-03-25,1.93,31.61,WorthPoint
nwa-lunar-meteorite,"1.45 Gram NWA 13951 ""starry Night"" Lunar Meteorite Feldspathic Breccia With COA",128,2023-03-25,1.45,88.28,WorthPoint
nwa-lunar-meteorite,NWA 15583 Moon 5.10g Lunar Feldspathic Breccia Meteorite,332,2023-03-25,5.1,65.1,WorthPoint
nwa-lunar-meteorite,NWA 15583 Moon 0.45g Lunar Feldspathic Breccia Meteorite,23.5,2023-03-25,0.45,52.22,WorthPoint
nwa-lunar-meteorite,NWA 14685 Lunar 4.67g SALE! Endcut/Slice Of A Fantastic Fragmental Breccia,187,2023-03-25,4.67,40.04,WorthPoint
nwa-lunar-meteorite,NWA 14685 Lunar 2.63g SALE! Part Slice Of A Fantastic Fragmental Breccia,105,2023-03-25,2.63,39.92,WorthPoint
nwa-lunar-meteorite,NWA 11788 0.83g Lunar Feldspathic Breccia Meteorite Fragment,36,2023-03-25,0.83,43.37,WorthPoint
nwa-lunar-meteorite,.368 Grams 9x8x3mm NWA 14577 Lunar Slice Fragment Breccia Meteorite With COA,35.99,2023-03-25,368,0.1,WorthPoint
nwa-lunar-meteorite,NWA 14358 Achondrite Lunar Meteorite - G731-0169 - Feldspathic Breccia - End Cut,17.5,2023-03-23,,,WorthPoint
nwa-lunar-meteorite,1.063 Grams 18mm NWA 15373 End Cut Lunar Fragmental Breccia Meteorite With A COA,34.99,2023-03-21,1.063,32.92,WorthPoint
nwa-lunar-meteorite,.147 Grams 7x6x2mm NWA 6950 LUNAR GABBRO METEORITE A Plastic Gem Case W/COA,29.99,2023-03-21,147,0.2,WorthPoint
nwa-lunar-meteorite,.117 Grams 9x4x2mm NWA 6950 LUNAR GABBRO METEORITE A Plastic Gem Case W/COA,19.99,2023-03-21,117,0.17,WorthPoint
nwa-lunar-meteorite,NWA 14358 Achondrite Lunar Meteorite - G731-0168 - Feldspathic Breccia - P-Slice,9.95,2023-03-20,,,WorthPoint
nwa-lunar-meteorite,"Meteorite**NWA 15373, Lunar Fragmental Breccia**14.344 Gram Gorgeous Slice!!!!",485,2023-03-20,14.344,33.81,WorthPoint
nwa-lunar-meteorite,"Meteorite**NWA 11228, Lunar Felds. Breccia**1.090 Gram, Beautiful Best Endcut!!!",26,2023-03-20,1.09,23.85,WorthPoint
nwa-lunar-meteorite,"Troctolite An Anorthosite Lunar Melt Breccia Meteorite. 7.4g, Polished Slice",415,2023-03-20,7.4,56.08,WorthPoint
nwa-lunar-meteorite,1.29 Gram NWA 12368 LUNAR (feldsp. Breccia) METEORITE SLICE - Polished One Side,66.5,2023-03-19,1.29,51.55,WorthPoint
nwa-lunar-meteorite,1.11 Grams 11x10x7mm NWA 8455 Lunar Individual Moon Meteorite NorthWest Africa,79.99,2023-03-18,1.11,72.06,WorthPoint
nwa-lunar-meteorite,NWA 15583 Moon 1.11g Lunar Feldspathic Breccia Meteorite,98,2023-03-18,1.11,88.29,WorthPoint
nwa-lunar-meteorite,NWA 15583 Moon 2.63g Lunar Feldspathic Breccia Meteorite,167.5,2023-03-18,2.63,63.69,WorthPoint
nwa-lunar-meteorite,NWA 15373 Lunar 2.13g Part Slice Feldspathic Breccia Moon Rock,88,2023-03-18,2.13,41.31,WorthPoint
nwa-lunar-meteorite,NWA 14143 L5 Monomict Breccia Chondrite Meteorite 10g Desert Polished Fragment,7,2023-03-18,10,0.7,WorthPoint
nwa-lunar-meteorite,NWA 14133 H5 Chondrite Meteorite 10.7 Grams With Unusual Number Of Chondrules,6,2023-03-18,10.7,0.56,WorthPoint
nwa-lunar-meteorite,NWA 10699 LL(L) 3 Chondrite Meteorite 2.5g Part Slice Of Primitive Early Type,13.5,2023-03-17,2.5,5.4,WorthPoint
nwa-lunar-meteorite,Meteorite ~ NWA 11182 ~ Visually Stunning Lunar Meteorite ~ 24.2 Grams,1550,2023-03-17,24.2,64.05,WorthPoint
nwa-lunar-meteorite,MOON ROCK / LUNAR Feldspathic Breccia - Bechar 003 3.9g **SALE Price! (1110fff),99,2023-03-16,3.9,25.38,WorthPoint
nwa-lunar-meteorite,5.88 Grams 26x19x9mm NWA 15373 End Cut Lunar Fragmental Breccia Meteorite COA,169.99,2023-03-15,5.88,28.91,WorthPoint
nwa-lunar-meteorite,0.95 Gram - NWA 10401 LUNAR Meteorite (anorthositic Troctolitic Breccia) Dust,75,2023-03-15,0.95,78.95,WorthPoint
nwa-lunar-meteorite,2.50 Gram - NWA 11898 Meteorite - Polished Lunar Feldsp. Breccia - Cutting Dust,187.5,2023-03-15,2.5,75,WorthPoint
nwa-lunar-meteorite,"2.52 Gram NWA 13951 ""starry Night"" 25x20x2mm Lunar Meteorite Feldspathic Breccia",224.99,2023-03-15,2.52,89.28,WorthPoint
nwa-lunar-meteorite,2.17 Grams 33x16x6mm NWA 15373 End Cut Lunar Fragmental Breccia Meteorite COA,77.99,2023-03-14,2.17,35.94,WorthPoint
nwa-lunar-meteorite,NWA 15334 L5 Chondrite Meteorite 56.9 Gram Beautiful Flight Shaped Individual,31,2023-03-14,56.9,0.54,WorthPoint
nwa-lunar-meteorite,NWA 15335 R3 Rumuruti Chondrite Meteorite 18.2 Grams - Unequlibrated -,102.5,2023-03-14,18.2,5.63,WorthPoint
nwa-lunar-meteorite,Meteorite NWA 6950 Achondrite Lunar Gabbro - 6950-0301 - Micro - Rare - Case,8,2023-03-12,,,WorthPoint
nwa-lunar-meteorite,.113 Grams 5mm NWA 11273 Lunar Moon Meteorite Cut Fragment With A COA,12.99,2023-03-12,113,0.11,WorthPoint
nwa-lunar-meteorite,NWA 15583 Moon 2.20g Lunar Feldspathic Breccia Meteorite,143,2023-03-11,2.2,65,WorthPoint
nwa-lunar-meteorite,NWA 14685 Lunar 1.74g Part Slice Of A Fantastic Fragmental Breccia,45,2023-03-11,1.74,25.86,WorthPoint
nwa-lunar-meteorite,"Meteorite**NWA 11228, Lunar Felds. Breccia**2.377 Gram, W/INSANE SHOCK VEINS!!!",91,2023-03-11,2.377,38.28,WorthPoint
nwa-lunar-meteorite,"Meteorite**NWA 11228, Lunar Felds. Breccia**1.726 Gram, Beautiful Best Endcut!!!",63,2023-03-11,1.726,36.5,WorthPoint
nwa-lunar-meteorite,"Meteorite**NWA 15373, Lunar Fragmental Breccia**17.156 Gram Gorgeous Slice!!!!",787.77,2023-03-11,17.156,45.92,WorthPoint
nwa-lunar-meteorite,MOON / LUNAR Feldspathic Breccia - Bechar 003 50.1g GREAT LUNAR PRICE!!!!,849,2023-03-10,50.1,16.95,WorthPoint
nwa-lunar-meteorite,NWA 13509 LL4-6 Chondrite Meteorite 28g End Cut With Section Of Fusion Crust,25,2023-03-09,28,0.89,WorthPoint
nwa-lunar-meteorite,AUBRITE Enstatite Achondrite Meteorite .17g NWA 15304 ***VERY RARE AUBRITE***,10,2023-03-08,17,0.59,WorthPoint
nwa-lunar-meteorite,"Meteorite**NWA 13788, NEW LUNAR MELT BRECCIA**14.095 Gram Slice, W/High Metal!",799.99,2023-03-08,14.095,56.76,WorthPoint
nwa-lunar-meteorite,.662 Gram 13x12x2mm NWA 11898 Lunar Slice Moon Meteorite Feldspathic Breccia COA,58.99,2023-03-07,662,0.09,WorthPoint
nwa-lunar-meteorite,.271 Grams 10x7x3mm NWA 11474 Lunar Feldspathic Breccia Meteorite Fragment W/COA,17.99,2023-03-07,271,0.07,WorthPoint
nwa-lunar-meteorite,.346 Grams 12x7x4mm NWA 14577 Lunar Fragmental Breccia Meteorite With COA,24.99,2023-03-07,346,0.07,WorthPoint
nwa-lunar-meteorite,7.10 Grams 26x20x10mm NWA 15373 End Cut Lunar Fragmental Breccia Meteorite COA,249.99,2023-03-07,7.1,35.21,WorthPoint
nwa-lunar-meteorite,NWA 10964 Meteorite Lunar Moon Rock Part Slice Weight 1.22 Grams,120,2023-03-07,1.22,98.36,WorthPoint
nwa-lunar-meteorite,NWA 15373 Lunar 4.00g SALE! Part Slice Feldspathic Breccia Moon Rock,194,2023-03-06,4,48.5,WorthPoint
nwa-lunar-meteorite,.854 Gram 14x12x2mm NWA 14681 Lunar RARE (troctolitic Anorthosite) Meteorite COA,110,2023-03-06,854,0.13,WorthPoint
nwa-lunar-meteorite,1.06 Grams 21mm NWA 15373 Slice Of Lunar Fragmental Breccia Meteorite With A COA,34.99,2023-03-05,1.06,33.01,WorthPoint
nwa-lunar-meteorite,.159 Grams NWA 12971 Lunar (troctolitic Melt Rock) METEORITE Fragment - With COA,9.99,2023-03-04,159,0.06,WorthPoint
nwa-lunar-meteorite,NWA 15373 Lunar 2.16g Part Slice Feldspathic Breccia Moon Rock,86,2023-03-04,2.16,39.81,WorthPoint
nwa-lunar-meteorite,NWA 15373 Lunar 1.10g Part Slice Feldspathic Breccia Moon Rock,56,2023-03-04,1.1,50.91,WorthPoint
nwa-lunar-meteorite,NWA 14685 Lunar 1.48g Part Slice Of A Fantastic Fragmental Breccia,74,2023-03-04,1.48,50,WorthPoint
nwa-lunar-meteorite,AUBRITE Enstatite Achondrite Meteorite .43g NWA 15304 ***VERY RARE AUBRITE***,15,2023-03-04,43,0.35,WorthPoint
nwa-lunar-meteorite,NWA 7650 L6 Chondrite Meteorite 88.2 Gram Windowed Frag With Chondrules & Metal,31,2023-03-04,88.2,0.35,WorthPoint
nwa-lunar-meteorite,.945 Grams 15mm NWA 15373 Slice Of Lunar Fragmental Breccia Meteorite With A COA,32.99,2023-03-03,945,0.03,WorthPoint
nwa-lunar-meteorite,NWA 7716 Pallasite Meteorite 3.9 Gram Windowed Fragment With Visible Olivine,7,2023-03-03,3.9,1.79,WorthPoint
nwa-lunar-meteorite,NWA 10499 LL3 Primitive Type 3 Chondrite Meteorite 11.2 Gram Part Cut,8.5,2023-03-03,11.2,0.76,WorthPoint
nwa-lunar-meteorite,CK5 Carbonaceous Chondrite - 2.7g Laghouat 001 / Beautiful Carbonaceous! (1100f),45,2023-03-03,2.7,16.67,WorthPoint
nwa-lunar-meteorite,1.17 Grams 15mm NWA 15373 End Cut Lunar Fragmental Breccia Meteorite With A COA,41.99,2023-03-01,1.17,35.89,WorthPoint
nwa-lunar-meteorite,".367 Grams NWA 13951 ""starry Night"" Lunar Meteorite Feldspathic Breccia With COA",32.99,2023-03-01,367,0.09,WorthPoint
nwa-lunar-meteorite,".880 Grams NWA 13951 ""starry Night"" Lunar Meteorite Feldspathic Breccia With COA",76.99,2023-03-01,880,0.09,WorthPoint
nwa-lunar-meteorite,"Meteorite**NWA 14188; Lunar Mare Basaltic Breccia**1.164 Grams,Extremely Rare!!",162.5,2023-03-01,1.164,139.6,WorthPoint
nwa-lunar-meteorite,2 DELUXE EDITIONS -MOON & MARS METEORITE ROCK DISPLAYS +EASELS+CERTIFICATES Ee,31.95,2023-02-27,,,WorthPoint
nwa-lunar-meteorite,Meteorite: Lunar Feldspathic Breccia NWA 13859. 0.75 Grams,20,2023-02-27,0.75,26.67,WorthPoint
nwa-lunar-meteorite,"Meteorite**NWA 11228, Lunar Frag. Breccia**5.074 Gram, Gorgeous Endcut!!BEST!!",132.38,2023-02-27,5.074,26.09,WorthPoint
nwa-lunar-meteorite,"Meteorite**NWA 15373, Lunar Fragmental Breccia**14.062 Gram Gorgeous Slice!!!!",390,2023-02-27,14.062,27.73,WorthPoint
nwa-lunar-meteorite,NWA 11901 Primitive Achondrite Lodranite Meteorite 10.9 Gram Windowed Fragment,48,2023-02-27,10.9,4.4,WorthPoint
nwa-lunar-meteorite,NWA 15334 L5 Chondrite Meteorite 19.3 Gram Beautiful Flight Shaped Individual,9.5,2023-02-27,19.3,0.49,WorthPoint
nwa-lunar-meteorite,Meteorite: Lunar Feldspathic Breccia NWA 13859. 136 Grams!,400,2023-02-26,136,2.94,WorthPoint
nwa-lunar-meteorite,Meteorite NWA 14147 R3-4 Rumuruti Chondrite 7.3 Gram End Cut,34,2023-02-26,7.3,4.66,WorthPoint
nwa-lunar-meteorite,.319 Grams 8mm NWA 11273 Lunar Moon Meteorite Cut Fragment With A COA,23.99,2023-02-26,319,0.08,WorthPoint
nwa-lunar-meteorite,"1.07 Grams NWA 13951 ""starry Night"" Lunar Meteorite Feldspathic Breccia With COA",94.99,2023-02-26,1.07,88.78,WorthPoint
nwa-lunar-meteorite,NWA 6287 LL5 Chondrite Meteorite 31.5 Gram Part Slice With Wide Surface Area,32,2023-02-25,31.5,1.02,WorthPoint
nwa-lunar-meteorite,NWA 13509 LL4-6 Chondrite Meteorite 32 Gram Part Slice With Rim Of Fusion Crust,26,2023-02-25,32,0.81,WorthPoint
nwa-lunar-meteorite,"2.22 Gram NWA 13951 ""starry Night"" Lunar Meteorite Feldspathic Breccia With COA",199,2023-02-25,2.22,89.64,WorthPoint
nwa-lunar-meteorite,NWA 14685 Lunar 3.56g Part Slice Of A Fantastic Fragmental Breccia,61,2023-02-25,3.56,17.13,WorthPoint
nwa-lunar-meteorite,(Extremely Rare) Lunar Breccia Meteorite,2900,2023-02-25,,,WorthPoint
nwa-lunar-meteorite,Meteorite NWA 14358 Achondrite Lunar - G731-0176 - Micro - Feldspathic Breccia,6.5,2023-02-23,,,WorthPoint
nwa-lunar-meteorite,Meteorite: Lunar Feldspathic Breccia NWA 13859. 21.31 Grams!,50,2023-02-22,21.31,2.35,WorthPoint
nwa-lunar-meteorite,46.67 Gram NWA 10644 METEORITE End Cut - Lunar (feldsp. Breccia) Ex Mendy O.,3996,2023-02-22,46.67,85.62,WorthPoint
nwa-lunar-meteorite,1.53 Grams 23x13x4mm NWA 11182 Lunar Moon End Cut Meteorite Feldsp. Breccia +COA,109,2023-02-22,1.53,71.24,WorthPoint
nwa-lunar-meteorite,"Meteorite**NWA 13788, NEW LUNAR IMPACT MELT BRECCIA**7.500 Gram,Beautiful Slice!",202.5,2023-02-20,7.5,27,WorthPoint
nwa-lunar-meteorite,"Meteorite**NWA 11228, Lunar Felds. Breccia**4.550 Gram, Gorgeous Unique Endcut!!",91.01,2023-02-20,4.55,20,WorthPoint
nwa-lunar-meteorite,"Meteorite**NWA 13788, NEW LUNAR MELT BRECCIA**21.146 Gram Slice, W/High Metal!",537.72,2023-02-20,21.146,25.43,WorthPoint
nwa-lunar-meteorite,"Meteorite**NWA 11237, Lunar Felds. Breccia**5.191 Gram, Gorgeous Individual!!!",124.5,2023-02-20,5.191,23.98,WorthPoint
nwa-lunar-meteorite,"Meteorite**NWA Unclassified, Prob. Brecciated Chondrite**101.40 Gram Individual!",157.7,2023-02-20,101.4,1.56,WorthPoint
nwa-lunar-meteorite,"Meteorite**NWA 11237, Lunar Felds. Breccia**10.922 Gram, Gorgeous Individual!!!",228.5,2023-02-20,10.922,20.92,WorthPoint
nwa-lunar-meteorite,"Meteorite**NWA 12971, Lunar Troc. Melt Rock**3.225 Grams; Extremely Rare 1 Of 1!",118.5,2023-02-20,3.225,36.74,WorthPoint
nwa-lunar-meteorite,"NWA 15286 ""everything Rare"" Lunar Melt Breccia Meteorite. 8.0g, Polished Slice",355,2023-02-20,8,44.38,WorthPoint
nwa-lunar-meteorite,NWA 15373 Lunar 1.02g Part Slice Feldspathic Breccia Moon Rock,52,2023-02-19,1.02,50.98,WorthPoint
nwa-lunar-meteorite,13.41 G NWA 11303 Extra THIN Lunar (Moon) Meteorite Specimen (feldsp. Breccia),700,2023-02-19,13.41,52.2,WorthPoint
nwa-lunar-meteorite,NWA 13951 Lunar 3.41g 'Starry Night' Feldspathic Breccia Moon Rock,52,2023-02-18,3.41,15.25,WorthPoint
nwa-lunar-meteorite,Meteorite: Lunar Feldspathic Breccia NWA 15018 End Cut 3.125 Grams #612,157,2023-02-18,3.125,50.24,WorthPoint
nwa-lunar-meteorite,2016 1 Oz Silver Burkina Faso LUNAR METEORITE Convex NWA 10546 Nano Chip Coin.,309.95,2023-02-16,28.35,10.93,WorthPoint
nwa-lunar-meteorite,.123 Grams 6x5x3mm NWA 10644 Lunar Feldspathic Breccia Meteorite Fragment W/ COA,19.99,2023-02-15,123,0.16,WorthPoint
nwa-lunar-meteorite,NWA 14358 Achondrite Lunar Meteorite - G731-0162 - Feldspathic Breccia - P-Slice,16.95,2023-02-14,,,WorthPoint
nwa-lunar-meteorite,1.06 Grams 13x9x6mm NWA 8455 Lunar Individual Moon Meteorite,20,2023-02-14,1.06,18.87,WorthPoint
nwa-lunar-meteorite,"2.06 Gram NWA 13951 ""starry Night"" Lunar Meteorite Feldspathic Breccia With COA",174,2023-02-13,2.06,84.47,WorthPoint
nwa-lunar-meteorite,"Lunar Fragmental Breccia Meteorite NWA 14576, 17.3g, Slice Of MOON!",350,2023-02-13,17.3,20.23,WorthPoint
nwa-lunar-meteorite,Meteorite NWA 14358 Achondrite Lunar - G731-0174 - Micro - Feldspathic Breccia,5.5,2023-02-12,,,WorthPoint
nwa-lunar-meteorite,NWA 8559 Achondrite Howardite Meteorite - G586-0179 - 5.20g W/COA - Part Slice,103.95,2023-02-12,5.2,19.99,WorthPoint
nwa-lunar-meteorite,Meteorite ** Lunar Fragmental Breccia ** NWA 15373 ** 3.3 Gram Slice,70,2023-02-12,3.3,21.21,WorthPoint
nwa-lunar-meteorite,NWA 14685 Lunar 0.56g Part Slice Of A Fantastic Fragmental Breccia,38,2023-02-11,0.56,67.86,WorthPoint
nwa-lunar-meteorite,NWA 15373 Lunar 0.43g Part Slice Feldspathic Breccia Moon Rock,26,2023-02-11,0.43,60.47,WorthPoint
nwa-lunar-meteorite,NWA 15373 Lunar 1.07g Part Slice Feldspathic Breccia Moon Rock,56,2023-02-11,1.07,52.34,WorthPoint
nwa-lunar-meteorite,CK4 Carbonaceous Chondrite - 68.3g NWA 15319 / RARE! **BEAUTIFUL CK4**,389,2023-02-11,68.3,5.7,WorthPoint
nwa-lunar-meteorite,Meteorite ** Lunar Fragmental Breccia ** NWA 15373 ** 5.3 Gram Slice,51,2023-02-11,5.3,9.62,WorthPoint
nwa-lunar-meteorite,NWA 5000 Lunar Meteorite Moon Dust 1 Gram,269.98,2023-02-11,1,269.98,WorthPoint
nwa-lunar-meteorite,NWA 14685 Lunar 0.37g Endcut Of A Fantastic Fragmental Breccia,12.5,2023-02-11,0.37,33.78,WorthPoint
nwa-lunar-meteorite,47.7 G- NWA 14685 LUNAR METEORITE Slice [Lunar Frag. Breccia] Only $50 Per Gram,1669.5,2023-02-10,47.7,35,WorthPoint
nwa-lunar-meteorite,".810 Grams NWA 13951 ""starry Night"" Lunar Meteorite Feldspathic Breccia With COA",70.99,2023-02-09,810,0.09,WorthPoint
nwa-lunar-meteorite,1.83 Grams 16mm NWA 15373 As Found Lunar Fragmental Breccia Meteorite With A COA,67,2023-02-08,1.83,36.61,WorthPoint
nwa-lunar-meteorite,.276 Grams 8mm NWA 11788 Lunar Meteorite (feldspathic Breccia) Comes With A COA,25,2023-02-08,276,0.09,WorthPoint
nwa-lunar-meteorite,.232 Grams 8x6x3mm NWA 14685 Lunar Slice Fragment Breccia Meteorite With COA,24.99,2023-02-08,232,0.11,WorthPoint
nwa-lunar-meteorite,0.42 G NWA 11182 Lunar (Moon) Meteorite Frag (feldsp. Breccia) Found In Africa,59.5,2023-02-08,0.42,141.67,WorthPoint
nwa-lunar-meteorite,2 DELUXE EDITIONS-MOON & MARS METEORITE ROCK DISPLAYS +EASELS +CERTIFICATES Mc,31.95,2023-02-07,,,WorthPoint
nwa-lunar-meteorite,Meteorite: Lunar Feldspathic Breccia NWA 13859 Whole Individual 1.075 Grams #934,75,2023-02-06,1.075,69.77,WorthPoint
nwa-lunar-meteorite,2009 Cook Islands $5 Silver Moon Coin With Piece Of NWA 4881 Lunar Meteorite,324.95,2023-02-05,,,WorthPoint
nwa-lunar-meteorite,MUSEUM EDITION - 3 MOON ROCK DISPLAY- 33mg LUNAR METEORITE - Jumbo Display+Easel,33.95,2023-02-05,,,WorthPoint
nwa-lunar-meteorite,CK4 Carbonaceous Chondrite - 19.4g NWA 15319 / RARE! **BEAUTIFUL CK4**,47,2023-02-05,19.4,2.42,WorthPoint
nwa-lunar-meteorite,NWA 14358 Achondrite Lunar Meteorite - G731-0163 - Feldspathic Breccia - P-Slice,18.95,2023-02-04,,,WorthPoint
nwa-lunar-meteorite,NWA 15373 Lunar 3.28g Part Slice Feldspathic Breccia Moon Rock,131,2023-02-04,3.28,39.94,WorthPoint
nwa-lunar-meteorite,NWA 14685 Lunar 1.91g Part Slice Of A Fantastic Fragmental Breccia,62.98,2023-02-04,1.91,32.97,WorthPoint
nwa-lunar-meteorite,NWA 14685 Lunar 0.21g Part Slice Of A Fantastic Fragmental Breccia,15,2023-02-04,0.21,71.43,WorthPoint
nwa-lunar-meteorite,NWA 14685 Lunar 0.61g Part Slice Of A Fantastic Fragmental Breccia,39,2023-02-02,0.61,63.93,WorthPoint
nwa-lunar-meteorite,"NWA 14685 (8.387g) Lunar Meteorite, Polished Slice, A+ Quality, Free Stand, IMCA",560,2023-02-01,8.387,66.77,WorthPoint
nwa-lunar-meteorite,"NWA 14755 Lunar Feldspathic Breccia 2.22g Stone Polished Face, Hold The Moon",62,2023-02-01,2.22,27.93,WorthPoint
nwa-lunar-meteorite,2.39 Grams 23x11x8mm NWA 8455 Lunar Moon Meteorite Whole Individual With COA,159,2023-01-30,2.39,66.53,WorthPoint
nwa-lunar-meteorite,0.50 G NWA 14729 Lunar (polymict Anorthositic Troctolite Melt Breccia) Meteorite,120,2023-01-29,0.5,240,WorthPoint
nwa-lunar-meteorite,2.14 Grams 23x15x3mm Slice NWA 14577 Lunar Fragmental Breccia Meteorite With COA,129.99,2023-01-29,2.14,60.74,WorthPoint
nwa-lunar-meteorite,Meteorite: Lunar Granulitic Breccia NWA 4881 Slice Fragment 0.243 Grams #393,36,2023-01-28,0.243,148.15,WorthPoint
nwa-lunar-meteorite,.133 Grams NWA 11273 Lunar Moon Meteorite Cut Fragments With A COA,6.99,2023-01-28,133,0.05,WorthPoint
nwa-lunar-meteorite,NWA 15373 Lunar 0.92g Part Slice Feldspathic Breccia Moon Rock,37,2023-01-28,0.92,40.22,WorthPoint
nwa-lunar-meteorite,.125 Grams NWA 5717 Meteorite Cut Fragment Slice ( Chondrite-ung ) With A COA,21.07,2023-01-28,125,0.17,WorthPoint
nwa-lunar-meteorite,"LUNAR METEORITE, NWA 5000 (MOON ROCK), Very Rare",315,2023-01-27,,,WorthPoint
nwa-lunar-meteorite,"NWA 14755 Lunar Feldspathic Breccia 5.5g Stone With Polished Face, Hold The Moon",138.5,2023-01-26,5.5,25.18,WorthPoint
nwa-lunar-meteorite,CK4 Carbonaceous Chondrite - 35g NWA 15319 **Beautiful CK4**,199,2023-01-25,35,5.69,WorthPoint
nwa-lunar-meteorite,.701 Grams NWA 5717 Meteorite Cut Fragment Slice ( Chondrite-ung ) With A COA,154.49,2023-01-25,701,0.22,WorthPoint
nwa-lunar-meteorite,.338 Grams NWA 5717 Meteorite Cut Fragment Slice ( Chondrite-ung ) With A COA,56,2023-01-25,338,0.17,WorthPoint
nwa-lunar-meteorite,.569 Grams 9x7x6mm NWA 8455 Lunar Individual Moon Meteorite NorthWest Africa,29.99,2023-01-24,569,0.05,WorthPoint
nwa-lunar-meteorite,NWA 8343 Achondrite Howardite Meteorite - G511-0163 - 1.87g W/COA - Great Slice,27.95,2023-01-23,1.87,14.95,WorthPoint
nwa-lunar-meteorite,NWA 8343 Achondrite Howardite Meteorite - G511-0161 - 3.10g W/COA - Great Slice,46.95,2023-01-23,3.1,15.15,WorthPoint
nwa-lunar-meteorite,.157 Grams NWA 5717 Meteorite Cut Fragment Slice - Extemely Rare - With COA,26.25,2023-01-23,157,0.17,WorthPoint
nwa-lunar-meteorite,NWA 15334 L5 Chondrite Meteorite 21.9g Beautiful Individual W Fluted Regmaglypts,72,2023-01-22,21.9,3.29,WorthPoint
nwa-lunar-meteorite,NWA 15336 HED Achondrite Polymict Diogenite Meteorite 7.6g Slice Low TKW,34,2023-01-22,7.6,4.47,WorthPoint
nwa-lunar-meteorite,NWA 10699 LL(L) 3 Chondrite Meteorite 25.7g End Cut Of Primitive Early Type,55,2023-01-22,25.7,2.14,WorthPoint
nwa-lunar-meteorite,NWA 10499 LL3 Primitive Type 3 Chondrite Meteorite 17.5 Gram End Cut,39,2023-01-22,17.5,2.23,WorthPoint
nwa-lunar-meteorite,Meteorite ** Lunar Fragmental Breccia ** NWA 15373 ** 5.6 Grams End Cut!,113.5,2023-01-22,5.6,20.27,WorthPoint
nwa-lunar-meteorite,NWA 5717 Polished Meteorite Slice - Extemely Rare - 9.7g,766.56,2023-01-22,9.7,79.03,WorthPoint
nwa-lunar-meteorite,"Meteorite**NWA 11228, Lunar Felds. Breccia**1.441 Gram, Beautiful Best Endcut!!!",47.89,2023-01-22,1.441,33.23,WorthPoint
nwa-lunar-meteorite,"Meteorite**NWA 11237, Lunar Felds. Breccia**1.289 Gram, Gorgeous Endcut!!!!",57,2023-01-22,1.289,44.22,WorthPoint
nwa-lunar-meteorite,"Meteorite**NWA 11228, Lunar Felds. Breccia**2.997 Gram, Beautiful Lot!!",61,2023-01-22,2.997,20.35,WorthPoint
nwa-lunar-meteorite,"Meteorite**NWA 15373, Lunar Fragmental Breccia**4.796 Gram Gorgeous Slice!!!!",150,2023-01-22,4.796,31.28,WorthPoint
nwa-lunar-meteorite,"Meteorite**NWA 11228, Lunar Felds. Breccia**2.208 Gram, Beautiful Endcut!!",67,2023-01-22,2.208,30.34,WorthPoint
nwa-lunar-meteorite,NWA 15335 R3 Rumuruti Chondrite Meteorite 14 Gram Windowed - Unequlibrated -,66,2023-01-22,14,4.71,WorthPoint
nwa-lunar-meteorite,NWA 7192 LL4 Chondrite Meteorite 11.6 Gram End Cut With Some Fusion Crust,21.5,2023-01-22,11.6,1.85,WorthPoint
nwa-lunar-meteorite,NWA 12518 LL3 Primitive Chondrite Type 3 Meteorite 12 Gram Slice,10.5,2023-01-22,12,0.88,WorthPoint
nwa-lunar-meteorite,NWA 14143 L5 Monomict Breccia Chondrite Meteorite 6.5 Gram Part Slice,8.5,2023-01-21,6.5,1.31,WorthPoint
nwa-lunar-meteorite,NWA 14685 Lunar 2.07g Part Slice Of A Fantastic Fragmental Breccia,60,2023-01-21,2.07,28.99,WorthPoint
nwa-lunar-meteorite,NWA 15373 Lunar 1.33g Part Slice Feldspathic Breccia Moon Rock,55,2023-01-21,1.33,41.35,WorthPoint
nwa-lunar-meteorite,NWA 11788 0.46g Part Slice Of Lunar Feldspathic Breccia Meteorite,25,2023-01-21,0.46,54.35,WorthPoint
nwa-lunar-meteorite,NWA 7650 L6 Chondrite Meteorite 67.2 Gram Windowed Frag With Chondrules & Metal,25,2023-01-21,67.2,0.37,WorthPoint
nwa-lunar-meteorite,NWA 14133 H5 Chondrite Meteorite 28g Frag With Unusual Number Of Chondrules,15.5,2023-01-21,28,0.55,WorthPoint
nwa-lunar-meteorite,.341 Grams 8x5x5mm NWA 11421 Lunar Moon Meteorite As Found With C.O.A.,34,2023-01-20,341,0.1,WorthPoint
nwa-lunar-meteorite,Lunar-like NWA 4664 DIOGENITE(pm) Meteorite Part Slice - 1.69g,35,2023-01-18,1.69,20.71,WorthPoint
nwa-lunar-meteorite,.936 Grams NWA 5717 Meteorite Cut Fragment Slice ( Chondrite-ung ) With A COA,69.99,2023-01-18,936,0.07,WorthPoint
nwa-lunar-meteorite,RARE 14.3 Gram NWA 6355 METEORITE Signed By CHARLIE DUKE Apollo 16 Moon Walker!,3496.5,2023-01-17,14.3,244.51,WorthPoint
nwa-lunar-meteorite,"Meteorite**NWA 14681, Lunar Troc. Anorthosite**1.312 Gram Slice, Very Rare Lunar",152.5,2023-01-16,1.312,116.23,WorthPoint
nwa-lunar-meteorite,"Meteorite**NWA 11228, Lunar Felds. Breccia**1.268 Gram, Beautiful Endcut!!",31.2,2023-01-16,1.268,24.61,WorthPoint
nwa-lunar-meteorite,"Meteorite**NWA 11228, Lunar Felds. Breccia**0.794 Gram, Beautiful Endcut!!",22.5,2023-01-16,0.794,28.34,WorthPoint
nwa-lunar-meteorite,"Meteorite**NWA 11237, Lunar Felds. Breccia**1.0 Gram, Beautiful Slice!",63.99,2023-01-15,1,63.99,WorthPoint
nwa-lunar-meteorite,NWA 11788 Lunar Meteorite 5 Grams Total,65,2023-01-15,5,13,WorthPoint
nwa-lunar-meteorite,Meteorite ** Lunar Fragmental Breccia ** NWA 15373 ** 2.9 Grams End Cut!,59,2023-01-15,2.9,20.34,WorthPoint
nwa-lunar-meteorite,1.23 Grams 18x14x2mm NWA 11474 Lunar Feldsp. Breccia Meteorite Slice With A COA,104.99,2023-01-15,1.23,85.36,WorthPoint
nwa-lunar-meteorite,NWA 15373 Lunar 0.79g Part Slice Feldspathic Breccia Moon Rock,42,2023-01-14,0.79,53.16,WorthPoint
nwa-lunar-meteorite,NWA 15373 Lunar 4.43g Part Slice Feldspathic Breccia Moon Rock,177,2023-01-14,4.43,39.95,WorthPoint
nwa-lunar-meteorite,NWA 15373 Lunar 0.51g Part Slice Feldspathic Breccia Moon Rock,21,2023-01-14,0.51,41.18,WorthPoint
nwa-lunar-meteorite,NWA 13509 LL4-6 Chondrite Meteorite 16.4g Fusion Crusted End Cut With Regmaglypt,19.6,2023-01-12,16.4,1.2,WorthPoint
nwa-lunar-meteorite,NWA 14041 Meteorite Lunar Moon Rock Part Slice Weight .548 Grams,68,2023-01-09,548,0.12,WorthPoint
nwa-lunar-meteorite,"Meteorite**NWA 14900; LUNAR FRAGMENTAL BRECCIA**3.956 Gram, W/Dunite Clasts!!!",168.5,2023-01-09,3.956,42.59,WorthPoint
nwa-lunar-meteorite,"Meteorite**NWA 15373, Lunar Fragmental Breccia**3.138 Gram Gorgeous Slice!!!!",134.5,2023-01-09,3.138,42.86,WorthPoint
nwa-lunar-meteorite,"Meteorite**NWA 11228, Lunar Felds. Breccia**3.360 Gram, Nice Endcut & Individual",90,2023-01-09,3.36,26.79,WorthPoint
nwa-lunar-meteorite,"Meteorite**NWA 14681, Lunar Troc. Anorthosite**1.763 Gram Slice,Very Rare Lunar",197.28,2023-01-09,1.763,111.9,WorthPoint
nwa-lunar-meteorite,"Meteorite**NWA 032; Lunar Mare Basalt**0.324 Gram Frag. Slice, Historic Lunar!!!",265,2023-01-09,0.324,817.9,WorthPoint
nwa-lunar-meteorite,Meteorite**NWA Unclassified Meteorite**31.673 Gram Flight Shaped Individual!!!,49.99,2023-01-09,31.673,1.58,WorthPoint
nwa-lunar-meteorite,Meteorite NWA 14358 Achondrite Lunar - G731-0158 - Micro - Feldspathic Breccia,5.5,2023-01-08,,,WorthPoint
nwa-lunar-meteorite,NWA 14685 Lunar 4.99g Part Slice Of A Fantastic Fragmental Breccia,249,2023-01-07,4.99,49.9,WorthPoint
nwa-lunar-meteorite,NWA 11182 Lunar 1.68g Feldspathic Breccia Slice Of The Moon,84,2023-01-07,1.68,50,WorthPoint
nwa-lunar-meteorite,NWA 15373 Lunar 3.15g Part Slice Feldspathic Breccia Moon Rock,125,2023-01-07,3.15,39.68,WorthPoint
nwa-lunar-meteorite,NWA 15373 Lunar 1.20g Part Slice Feldspathic Breccia Moon Rock,46,2023-01-07,1.2,38.33,WorthPoint
nwa-lunar-meteorite,"Meteorite**NWA 13788, NEW LUNAR IMPACT MELT BRECCIA**5.712 Gram,Beautiful Slice!",429.99,2023-01-06,5.712,75.28,WorthPoint
nwa-lunar-meteorite,NWA 5000 - LUNAR METEORITE FRAGMENT / MOON ROCK - Feldsp Breccia - Hupe,39,2023-01-06,,,WorthPoint
nwa-lunar-meteorite,CK4 Carbonaceous Chondrite - 36g NWA 15319 RARE / **Christmas SALE: 20% Off $307,245,2023-01-06,36,6.81,WorthPoint
nwa-lunar-meteorite,Meteorite ** Lunar Fragmental Breccia ** NWA 15373 ** 9.2 Grams Slice,182.5,2023-01-05,9.2,19.84,WorthPoint
nwa-lunar-meteorite,NWA 11901 Primitive Achondrite Lodranite Meteorite 9.5 Gram Windowed Fragment,151.11,2023-01-05,9.5,15.91,WorthPoint
nwa-lunar-meteorite,2015 $50 Niue Meteorite Kilogram Silver Coin. Lunar NWA 5000 Only 99 Made!,2200,2023-01-04,,,WorthPoint
nwa-lunar-meteorite,Meteorite NWA 14358 Achondrite Lunar - G731-0154 - Micro - Feldspathic Breccia,7.71,2023-01-02,,,WorthPoint
nwa-lunar-meteorite,"Meteorite**NWA 11228, Lunar Frag. Breccia**0.907 Gram, Gorgeous Unique Endcut!!",30,2023-01-02,0.907,33.08,WorthPoint
nwa-lunar-meteorite,"Meteorite**NWA 14900; LUNAR FRAGMENTAL BRECCIA**3.838 Gram, W/+6 Lithologies!!!",416,2023-01-02,3.838,108.39,WorthPoint
nwa-lunar-meteorite,"Meteorite**NWA 11228, Lunar Felds. Breccia**1.173 Gram, Gorgeous Unique Endcut!!",40,2023-01-02,1.173,34.1,WorthPoint
nwa-lunar-meteorite,Meteorite NWA 14147 R3-4 Rumuruti Chondrite 17.6 Gram Part Slice,36,2023-01-02,17.6,2.05,WorthPoint
nwa-lunar-meteorite,NWA 6287 LL5 Chondrite Meteorite 31.1 Gram Part Slice With Wide Surface Area,11.5,2023-01-02,31.1,0.37,WorthPoint
nwa-lunar-meteorite,Meteorite NWA 14358 Achondrite Lunar - G731-0157 - Micro - Feldspathic Breccia,6.1,2023-01-01,,,WorthPoint
nwa-lunar-meteorite,NWA 14143 L5 Monomict Breccia Chondrite Meteorite 15.8g Desert Polished Fragment,11.5,2023-01-01,15.8,0.73,WorthPoint
nwa-lunar-meteorite,NWA 14358 Achondrite Lunar Meteorite - G731-0161 - Feldspathic Breccia - P-Slice,10.95,2022-12-31,,,WorthPoint
nwa-lunar-meteorite,Meteorite NWA 14358 Achondrite Lunar - G731-0156 - Micro - Feldspathic Breccia,9.06,2022-12-31,,,WorthPoint
nwa-lunar-meteorite,Meteorite: Lunar Feldspathic Breccia NWA 15018 End Cut 1.897 Grams #648,95,2022-12-31,1.897,50.08,WorthPoint
nwa-lunar-meteorite,NWA 15373 Lunar 4.32g Part Slice Feldspathic Breccia Moon Rock,154.5,2022-12-31,4.32,35.76,WorthPoint
nwa-lunar-meteorite,NWA 15373 Lunar 1.19g Part Slice Feldspathic Breccia Moon Rock,48,2022-12-31,1.19,40.34,WorthPoint
nwa-lunar-meteorite,NWA 15373 Lunar 0.48g Part Slice Feldspathic Breccia Moon Rock,31,2022-12-31,0.48,64.58,WorthPoint
nwa-lunar-meteorite,Meteorite ** Lunar Fragmental Breccia ** NWA 15373 End Cut ** 6.8 Grams,177.5,2022-12-31,6.8,26.1,WorthPoint
nwa-lunar-meteorite,NWA 14358 Achondrite Lunar Meteorite - G731-0165 - Feldspathic Breccia - P-Slice,17.95,2022-12-30,,,WorthPoint
nwa-lunar-meteorite,#40B2 MOON LUNAR METEORITE 45.74 G Feldspathic Breccia W/metal NWA 11828,1600,2022-12-29,45.74,34.98,WorthPoint
nwa-lunar-meteorite,NWA 15051 Lunar Meteorite üåô Moon Rock 1.14 Gram Slice By Steve Of Meteorite Men,165,2022-12-27,1.14,144.74,WorthPoint
nwa-lunar-meteorite,"Meteorite**NWA 11228, Lunar Felds. Breccia**1.483 Gram, Gorgeous Unique Endcut!!",67,2022-12-26,1.483,45.18,WorthPoint
nwa-lunar-meteorite,"Meteorite**NWA 11237, Lunar Felds. Breccia**1.072 Gram, Gorgeous Endcut!!!!",69,2022-12-26,1.072,64.37,WorthPoint
nwa-lunar-meteorite,"Meteorite**NWA 15373, Lunar Fragmental Breccia**2.002 Gram Gorgeous Slice!!!!",85,2022-12-26,2.002,42.46,WorthPoint
nwa-lunar-meteorite,"Meteorite**NWA 14681, Lunar Troc. Anorthosite**1.442 Gram Slice,Very Rare Lunar",207.5,2022-12-26,1.442,143.9,WorthPoint
nwa-lunar-meteorite,"Meteorite**NWA 11228, Lunar Felds. Breccia**1.697 Gram, Gorgeous Unique Endcut!!",50,2022-12-26,1.697,29.46,WorthPoint
nwa-lunar-meteorite,"Meteorite**NWA 11228, Lunar Felds. Breccia**2.206 Gram, Gorgeous Unique Endcut!!",66,2022-12-26,2.206,29.92,WorthPoint
nwa-lunar-meteorite,Lunar (moon) And Martian Meteorite (2 Meteorites),19,2022-12-25,,,WorthPoint
nwa-lunar-meteorite,NWA 15336 HED Achondrite Polymict Diogenite Meteorite 7.5g End Cut Low TKW,29.01,2022-12-25,7.5,3.87,WorthPoint
nwa-lunar-meteorite,NWA 15334 L5 Chondrite Meteorite 45.4 Gram Beautiful Flight Shaped Individual,53,2022-12-25,45.4,1.17,WorthPoint
nwa-lunar-meteorite,10.21 Grams 60x38x2mm NWA 13951 Starry Night Lunar Meteorite Feldspathic Breccia,770,2022-12-25,10.21,75.42,WorthPoint
nwa-lunar-meteorite,8.18 Grams 52x35x2mm NWA 13951 Starry Night Lunar Meteorite Feldspathic Breccia,620,2022-12-25,8.18,75.79,WorthPoint
nwa-lunar-meteorite,5.98 Grams 37x35x2mm NWA 13951 Starry Night Lunar Meteorite Feldspathic Breccia,479.99,2022-12-25,5.98,80.27,WorthPoint
nwa-lunar-meteorite,6.51 Grams 50x28x2mm NWA 13951 Starry Night Lunar Meteorite Feldspathic Breccia,489,2022-12-25,6.51,75.12,WorthPoint
nwa-lunar-meteorite,4.62 Grams 35x25x2mm NWA 13951 Starry Night Lunar Meteorite Feldspathic Breccia,369.95,2022-12-25,4.62,80.08,WorthPoint
nwa-lunar-meteorite,3.97 Grams 38x23x2mm NWA 13951 Starry Night Lunar Meteorite Feldspathic Breccia,395,2022-12-25,3.97,99.5,WorthPoint
nwa-lunar-meteorite,"7.93 Grams 46x39xmm NWA 13951 ""starry Night"" Lunar Meteorite Feldspathic Breccia",529,2022-12-25,7.93,66.71,WorthPoint
nwa-lunar-meteorite,".901 Gram 18x10x2mm NWA 13951 ""starry Night"" Lunar Meteorite Feldspathic Breccia",76.99,2022-12-25,901,0.09,WorthPoint
nwa-lunar-meteorite,"1.32 Gram 20x15x2mm NWA 13951 ""starry Night"" Lunar Meteorite Feldspathic Breccia",104.99,2022-12-25,1.32,79.54,WorthPoint
nwa-lunar-meteorite,"1.12 Gram 18x15x3mm NWA 13951 ""starry Night"" Lunar Meteorite Feldspathic Breccia",89.99,2022-12-25,1.12,80.35,WorthPoint
nwa-lunar-meteorite,".379 Grams 10x6x3mm NWA 13951 ""starry Night"" Lunar Meteorite Feldspathic Breccia",32.99,2022-12-25,379,0.09,WorthPoint
nwa-lunar-meteorite,".707 Grams 15x9x3mm NWA 13951 ""starry Night"" Lunar Meteorite Feldspathic Breccia",59,2022-12-25,707,0.08,WorthPoint
nwa-lunar-meteorite,"1.65 Gram 26x15x2mm NWA 13951 ""starry Night"" Lunar Meteorite Feldspathic Breccia",124.99,2022-12-25,1.65,75.75,WorthPoint
nwa-lunar-meteorite,NWA 13509 LL4-6 Chondrite Meteorite 10.5g Fusion Crusted End Cut With Regmaglypt,48,2022-12-24,10.5,4.57,WorthPoint
nwa-lunar-meteorite,NWA 15335 R3 Rumuruti Chondrite Meteorite 17.9 Gram End Cut - Unequlibrated -,90,2022-12-24,17.9,5.03,WorthPoint
nwa-lunar-meteorite,NWA 11266 Lunar Feldspathic Breccia Meteorite 1.1 Gram Fragment,41,2022-12-24,1.1,37.27,WorthPoint
nwa-lunar-meteorite,NWA 12518 LL3 Primitive Chondrite Type 3 Meteorite 6.1 Gram Part Slice,11.5,2022-12-24,6.1,1.89,WorthPoint
nwa-lunar-meteorite,NWA 6289 LL4 Chondrite Meteorite 10.1 Gram Part Slice,11.5,2022-12-24,10.1,1.14,WorthPoint
nwa-lunar-meteorite,NWA 10699 LL(L) 3 Chondrite Meteorite 2.4g Windowed Frag Of Primitive Early Type,9,2022-12-24,2.4,3.75,WorthPoint
nwa-lunar-meteorite,NWA 7716 Pallasite Meteorite 3.7 Gram Windowed Fragment With Visible Olivine,16.5,2022-12-24,3.7,4.46,WorthPoint
nwa-lunar-meteorite,NWA 10499 LL3 Primitive Type 3 Chondrite Meteorite 6.7 Gram Part Slice,10,2022-12-24,6.7,1.49,WorthPoint
nwa-lunar-meteorite,.867 Grams 19x11x2mm NWA 11182 Lunar Slice Meteorite (feldsp. Breccia) With COA,54.99,2022-12-24,867,0.06,WorthPoint
nwa-lunar-meteorite,NWA 15373 Lunar 3.78g Part Slice Feldspathic Breccia Moon Rock,99.55,2022-12-24,3.78,26.34,WorthPoint
nwa-lunar-meteorite,NWA 15373 Lunar 1.38g Part Slice Feldspathic Breccia Moon Rock,64,2022-12-24,1.38,46.38,WorthPoint
nwa-lunar-meteorite,Meteorite NWA 14147 R3-4 Rumuruti Chondrite 7 Gram Part Slice,28,2022-12-24,7,4,WorthPoint
nwa-lunar-meteorite,NWA 11901 Primitive Achondrite Lodranite Meteorite 7.6 Gram Windowed Fragment,111.2,2022-12-24,7.6,14.63,WorthPoint
nwa-lunar-meteorite,NWA 13867 CO3 Carbonaceous Chondrite Ornans Type Meteorite 7.6 Gram End Cut,42,2022-12-24,7.6,5.53,WorthPoint
nwa-lunar-meteorite,NWA 6080 LL4 Brecciated Chondrite Meteorite 6.6 Gram Part Slice,9.06,2022-12-24,6.6,1.37,WorthPoint
nwa-lunar-meteorite,NWA 14143 L5 Monomict Breccia Chondrite Meteorite 29.5g Desert Polished Fragment,32,2022-12-24,29.5,1.08,WorthPoint
nwa-lunar-meteorite,NWA 14133 H5 Chondrite Meteorite 8.4g Frag With Unusual Number Of Chondrules,6.5,2022-12-23,8.4,0.77,WorthPoint
nwa-lunar-meteorite,NWA 7650 L6 Chondrite Meteorite 133.2 Gram Windowed Frag With Chondrules & Metal,26,2022-12-23,133.2,0.2,WorthPoint
nwa-lunar-meteorite,2016 Lady Liberty Ounce Of Walking On Moon Lunar Meteorite Silver Coin 1/1000,75,2022-12-23,,,WorthPoint
nwa-lunar-meteorite,1.96 Grams 16mm NWA 15373 As Found Lunar Fragmental Breccia Meteorite With A COA,59,2022-12-23,1.96,30.1,WorthPoint
nwa-lunar-meteorite,.841 Grams 13mm NWA 15373 As Found Lunar Fragmental Breccia Meteorite With A COA,19.99,2022-12-22,841,0.02,WorthPoint
nwa-lunar-meteorite,1.59 Grams NWA 13974 Lunar Cut Fragment Moon Meteorite With A COA,84.99,2022-12-22,1.59,53.45,WorthPoint
nwa-lunar-meteorite,Meteorite: Lunar Feldspathic Breccia NWA 15018 Slice 1.27 Grams #657,64,2022-12-22,1.27,50.39,WorthPoint
nwa-lunar-meteorite,1.95 Gram - NWA 14685 LUNAR METEORITE Thin Slice - Lunar (frag. Breccia),203,2022-12-21,1.95,104.1,WorthPoint
nwa-lunar-meteorite,"Meteorite**NWA 15373, Lunar Fragmental Breccia**8.116 Gram Gorgeous Slice!!!!",199.5,2022-12-21,8.116,24.58,WorthPoint
nwa-lunar-meteorite,"MOON PIECE! Bechar 003 Lunar Breccia Meteorite, 2.0g Polished Piece Of The Moon!",63,2022-12-21,2,31.5,WorthPoint
nwa-lunar-meteorite,NWA 5000 Lunar Meteorite Moon Rock Hupe Provenance MG Fragment NR,15,2022-12-19,,,WorthPoint
nwa-lunar-meteorite,"Meteorite**NWA 11228, Lunar Felds Breccia**3.567 Gram Endcut,W/Micro-Gabbro Frag",139.99,2022-12-19,3.567,39.25,WorthPoint
nwa-lunar-meteorite,"Meteorite**NWA 11228, Lunar Felds. Breccia**1.48 Gram Endcut,W/Shock Melt Veins!",40,2022-12-19,1.48,27.03,WorthPoint
nwa-lunar-meteorite,"Meteorite**NWA 13951, Lunar Felds Breccia**25.508 Gram Slice, AKA STARRY NIGHT!!",580,2022-12-19,25.508,22.74,WorthPoint
nwa-lunar-meteorite,"Meteorite**NWA 11228, Lunar Felds. Breccia**3.120 Gram, Gorgeous Unique Endcut!!",100,2022-12-19,3.12,32.05,WorthPoint
nwa-lunar-meteorite,"MOON PIECE! Bechar 003 Lunar Breccia Meteorite, 1.8g Polished Piece Of The Moon!",50,2022-12-19,1.8,27.78,WorthPoint
nwa-lunar-meteorite,"LUNAR NWA 14576 Piece Of The MOON, 3.2g Polished Part Slice, Gorgeous 3D-look!",91,2022-12-19,3.2,28.44,WorthPoint
nwa-lunar-meteorite,"MOON PIECE! Bechar 003 Lunar Breccia Meteorite, 2.2g Polished Piece Of The Moon!",88,2022-12-19,2.2,40,WorthPoint
nwa-lunar-meteorite,"MOON PIECE! Bechar 003 Lunar Breccia Meteorite, 5.7g Polished End Of The Moon!",96,2022-12-19,5.7,16.84,WorthPoint
nwa-lunar-meteorite,NWA 13359 Polymict Eucrite 3.10 G Part Slice - VERY NICE Meteorite,35,2022-12-18,3.1,11.29,WorthPoint
nwa-lunar-meteorite,Meteorite: Lunar Feldspathic Breccia NWA 15018 End Cut 0.902 Grams #666,46,2022-12-18,0.902,51,WorthPoint
nwa-lunar-meteorite,2.39 Grams 19mm NWA 15373 As Found Lunar Fragmental Breccia Meteorite With A COA,69,2022-12-18,2.39,28.87,WorthPoint
nwa-lunar-meteorite,.753 Gram 19x12x2mm NWA 11898 Lunar Slice Moon Meteorite Feldspathic Breccia COA,72,2022-12-18,753,0.1,WorthPoint
nwa-lunar-meteorite,NWA 15373 Lunar 1.87g Part Slice Feldspathic Breccia Moon Rock,75,2022-12-17,1.87,40.11,WorthPoint
nwa-lunar-meteorite,NWA 15373 Lunar 1.08g Part Slice Feldspathic Breccia Moon Rock,44.57,2022-12-17,1.08,41.27,WorthPoint
nwa-lunar-meteorite,.349 Grams 14x6x3mm NWA 14685 Lunar Slice Fragment Breccia Meteorite With COA,33.99,2022-12-17,349,0.1,WorthPoint
nwa-lunar-meteorite,.050 Grams 4x3x2mm NWA 10644 Lunar Feldspathic Breccia Meteorite Fragment W/ COA,9.99,2022-12-16,50,0.2,WorthPoint
nwa-lunar-meteorite,"RARE!! NWA 7831 Achondrite Diogenite Meteorite, Complete Piece, 66.9 Grams",449.99,2022-12-15,66.9,6.73,WorthPoint
nwa-lunar-meteorite,#79 GIVE THEM THE MOON - Lunar Meteorite - 1.14 Grams - NWA 11828,39.9,2022-12-15,79,0.51,WorthPoint
nwa-lunar-meteorite,NWA 11901 Primitive Achondrite Lodranite Meteorite 5.9 Gram Windowed Fragment,23,2022-12-15,5.9,3.9,WorthPoint
nwa-lunar-meteorite,NWA 7716 Pallasite Meteorite 3.6 Gram Windowed Fragment With Visible Olivine,12,2022-12-14,3.6,3.33,WorthPoint
nwa-lunar-meteorite,NWA 10499 LL3 Primitive Type 3 Chondrite Meteorite 1.8 Gram Part Slice,5,2022-12-14,1.8,2.78,WorthPoint
nwa-lunar-meteorite,NWA 14133 H5 Chondrite Meteorite 29.6g Slice With Unusual Number Of Chondrules,28,2022-12-14,29.6,0.95,WorthPoint
nwa-lunar-meteorite,33.71 G- NWA 14685 LUNAR METEORITE Slice [Lunar Frag. Breccia] Only $50 Per Gram,1685,2022-12-14,33.71,49.99,WorthPoint
nwa-lunar-meteorite,NWA 15334 L5 Chondrite Meteorite 27.5 Gram Beautiful Flight Shaped Individual,76,2022-12-13,27.5,2.76,WorthPoint
nwa-lunar-meteorite,NWA 10699 LL(L) 3 Chondrite Meteorite 2.7g Part Slice Of Primitive Early Type,15,2022-12-13,2.7,5.56,WorthPoint
nwa-lunar-meteorite,NWA 14143 L5 Monomict Breccia Chondrite Meteorite 34.4g Desert Polished Fragment,8.5,2022-12-13,34.4,0.25,WorthPoint
nwa-lunar-meteorite,NWA 6287 LL5 Chondrite Meteorite 26.6 Gram Part Slice,15.5,2022-12-13,26.6,0.58,WorthPoint
nwa-lunar-meteorite,NWA 7650 L6 Chondrite Meteorite 53.8 Gram Part Slice,14,2022-12-13,53.8,0.26,WorthPoint
nwa-lunar-meteorite,NWA 6289 LL4 Chondrite Meteorite 5.5 Gram Part Slice,11.5,2022-12-13,5.5,2.09,WorthPoint
nwa-lunar-meteorite,NWA 11182 Lunar 1.24g Feldspathic Breccia Slice Of The Moon,82,2022-12-13,1.24,66.13,WorthPoint
nwa-lunar-meteorite,Meteorite: Lunar Feldspathic Breccia NWA 15018 Whole Individual 1.19 Grams #530,59.5,2022-12-12,1.19,50,WorthPoint
nwa-lunar-meteorite,"Meteorite**NWA 11228, Lunar Frag. Breccia**1.656 Gram, Gorgeous Unique Endcut!!",49.99,2022-12-12,1.656,30.19,WorthPoint
nwa-lunar-meteorite,"Meteorite**NWA 11228, Lunar Frag. Breccia**3.286 Gram, Gorgeous Unique Endcut!!",81,2022-12-12,3.286,24.65,WorthPoint
nwa-lunar-meteorite,"Meteorite**NWA 8687, Lunar Troctolitic**8.216 Gram Endcut!! HIGHLY SHOCKED!!!",760,2022-12-12,8.216,92.5,WorthPoint
nwa-lunar-meteorite,Part Of The MOON! NWA 14686 Lunar Meteorite. 6.8g MOON Polished Both Side!,210.5,2022-12-12,6.8,30.96,WorthPoint
nwa-lunar-meteorite,"Meteorite**NWA 11237, Lunar Felds. Breccia**1.869 Gram, Gorgeous Golden Endcut!",78.75,2022-12-12,1.869,42.13,WorthPoint
nwa-lunar-meteorite,"Meteorite**NWA 11228, Lunar Frag. Breccia**2.999 Gram, Gorgeous Unique Endcut!!",88,2022-12-12,2.999,29.34,WorthPoint
nwa-lunar-meteorite,"LUNAR NWA 14576 Piece Of The MOON, 3.7g Polished Part Slice, Gorgeous 3D-look!",107.89,2022-12-12,3.7,29.16,WorthPoint
nwa-lunar-meteorite,"MOON PIECE! Bechar 003 Lunar Breccia Meteorite, 3.3g Polished Piece Of The Moon!",71,2022-12-12,3.3,21.52,WorthPoint
nwa-lunar-meteorite,"MOON PIECE! Bechar 003 Lunar Breccia Meteorite, 2.5g Polished Piece Of The Moon!",99,2022-12-12,2.5,39.6,WorthPoint
nwa-lunar-meteorite,"Meteorite**NWA 14681, Lunar Troc. Anorthosite**4.842 Gram Slice,Very Rare Lunar",202.5,2022-12-12,4.842,41.82,WorthPoint
nwa-lunar-meteorite,Meteorite: Lunar Feldspathic Breccia NWA 15018 End Cut 0.876 Grams #684,44,2022-12-11,0.876,50.23,WorthPoint
nwa-lunar-meteorite,Meteorite: Lunar Feldspathic Breccia NWA 15018 Full Slice 0.620 Grams #639,31,2022-12-11,0.62,50,WorthPoint
nwa-lunar-meteorite,#62 GIVE THEM THE MOON - Lunar Meteorite - 2.36 Grams - NWA 11828,82.6,2022-12-11,62,1.33,WorthPoint
nwa-lunar-meteorite,Meteorite: Lunar Feldspathic Breccia NWA 15018 End Cut 1.103 Grams #675,56,2022-12-10,1.103,50.77,WorthPoint
nwa-lunar-meteorite,NWA 14685 Lunar 3.27g SALE! Part Slice Of A Fantastic Fragmental Breccia,130,2022-12-10,3.27,39.76,WorthPoint
nwa-lunar-meteorite,NWA 15373 Lunar 1.58g Full Slice Feldspathic Breccia Moon Rock,63,2022-12-10,1.58,39.87,WorthPoint
nwa-lunar-meteorite,"1.07 Gram 15x12x3mm NWA 13951 ""starry Night"" Lunar Meteorite Feldspathic Breccia",82,2022-12-10,1.07,76.64,WorthPoint
nwa-lunar-meteorite,".551 Gram 14x10x3mm NWA 13951 ""starry Night"" Lunar Meteorite Feldspathic Breccia",47.99,2022-12-10,551,0.09,WorthPoint
nwa-lunar-meteorite,".481 Grams 14x9x3mm NWA 13951 ""starry Night"" Lunar Meteorite Feldspathic Breccia",43.99,2022-12-10,481,0.09,WorthPoint
nwa-lunar-meteorite,NWA 14358 Achondrite Lunar Meteorite - G731-0167 - Feldspathic Breccia - P-Slice,25.95,2022-12-09,,,WorthPoint
nwa-lunar-meteorite,.501 Grams 16x9x3mm Slice NWA 14577 Lunar Fragmental Breccia Meteorite With COA,49,2022-12-09,501,0.1,WorthPoint
nwa-lunar-meteorite,.807 Grams 15x11x3mm Slice NWA 14577 Lunar Fragmental Breccia Meteorite With COA,69,2022-12-09,807,0.09,WorthPoint
nwa-lunar-meteorite,NWA 13509 LL4-6 Chondrite Meteorite 68.3g Fusion Crusted End Cut With Regmaglypt,137.5,2022-12-08,68.3,2.01,WorthPoint
nwa-lunar-meteorite,Meteorite NWA 14147 R3-4 Rumuruti Chondrite 7.5 Gram Part Slice,22.5,2022-12-08,7.5,3,WorthPoint
nwa-lunar-meteorite,NWA 15335 R3 Rumuruti Chondrite Meteorite 9.9 Gram End Cut - Unequlibrated -,57,2022-12-08,9.9,5.76,WorthPoint
nwa-lunar-meteorite,NWA 8343 Achondrite Howardite Meteorite - G511-0002 - 30.30g W/COA - Great Slice,359.95,2022-12-08,30.3,11.88,WorthPoint
nwa-lunar-meteorite,.543 Grams 12mm NWA 15373 As Found Lunar Fragmental Breccia Meteorite With A COA,12.99,2022-12-08,543,0.02,WorthPoint
nwa-lunar-meteorite,".263 Grams 12x5x2mm NWA 13951 ""starry Night"" Lunar Meteorite Feldspathic Breccia",24.99,2022-12-08,263,0.1,WorthPoint
nwa-lunar-meteorite,NWA 5000 Authentic Piece Of MOON üåô .464 Grams Lunar Meteorite Hupe Collection,219.99,2022-12-05,464,0.47,WorthPoint
nwa-lunar-meteorite,".154 Grams NWA 13951 ""starry Night"" Lunar Meteorite Feldspathic Breccia With COA",9.99,2022-12-04,154,0.06,WorthPoint
nwa-lunar-meteorite,.498 Grams 12x9x3mm NWA 11182 Lunar Moon Meteorite (feldsp. Breccia) With COA,39.99,2022-12-04,498,0.08,WorthPoint
nwa-lunar-meteorite,NWA 14358 Achondrite Lunar Meteorite - G731-0166 - Feldspathic Breccia - End Cut,20,2022-12-03,,,WorthPoint
nwa-lunar-meteorite,".259 Grams 10x6x2mm NWA 13951 ""starry Night"" Lunar Meteorite Feldspathic Breccia",24.99,2022-12-03,259,0.1,WorthPoint
nwa-lunar-meteorite,NWA 14685 Lunar 4.54g Part Slice Of A Fantastic Fragmental Breccia,225,2022-12-03,4.54,49.56,WorthPoint
nwa-lunar-meteorite,NWA 13951 Lunar 3.46g 'Starry Night' Feldspathic Breccia Moon Rock,173,2022-12-03,3.46,50,WorthPoint
nwa-lunar-meteorite,NWA 11788 1.16g Part Slice Of Lunar Feldspathic Breccia Meteorite,63,2022-12-03,1.16,54.31,WorthPoint
nwa-lunar-meteorite,Lunar-like NWA 4664 DIOGENITE(pm) Meteorite Part Slice - 4.60 G,57,2022-12-02,4.6,12.39,WorthPoint
nwa-lunar-meteorite,NWA 15051 Lunar Meteorite üåô Moon Rock 0.29 Gram Slice By Steve Of Meteorite Men,45,2022-12-02,0.29,155.17,WorthPoint
nwa-lunar-meteorite,NWA 12971 Lunar Troctolite Melt Moon Rock Meteorite (1 Of 1) .17g Slice Fragment,70.1,2022-12-01,17,4.12,WorthPoint
nwa-lunar-meteorite,NWA 15051 Lunar Meteorite üåô Moon Rock 0.74 Gram Slice By Steve Of Meteorite Men,115,2022-12-01,0.74,155.41,WorthPoint
nwa-lunar-meteorite,2.76 Grams 38x13x3mm Slice NWA 14577 Lunar Fragmental Breccia Meteorite With COA,134,2022-11-30,2.76,48.55,WorthPoint
nwa-lunar-meteorite,.301 Grams 14mm NWA 11898 Lunar Slice Moon Meteorite Feldspathic Breccia COA,28.99,2022-11-29,301,0.1,WorthPoint
nwa-lunar-meteorite,".170 Grams 13x4x2mm NWA 13951 ""starry Night"" Lunar Meteorite Feldspathic Breccia",17,2022-11-29,170,0.1,WorthPoint
nwa-lunar-meteorite,Meteorite/tektite Assortment,40,2022-11-28,,,WorthPoint
nwa-lunar-meteorite,"Meteorite**NWA 032; Lunar Mare Basalt**0.111 Gram Frag. Slice, Historic Lunar!!!",147.5,2022-11-28,0.111,1328.83,WorthPoint
nwa-lunar-meteorite,"Meteorite**NWA 13951, Lunar Felds Breccia**31.435 Gram Endcut, AKA STARRY NIGHT!",920,2022-11-28,31.435,29.27,WorthPoint
nwa-lunar-meteorite,"Meteorite**NWA 14526;LUNAR MARE BASALT**1.547 Gram Endcut, FRONT-SIDE MOON! Rare",328.23,2022-11-28,1.547,212.17,WorthPoint
nwa-lunar-meteorite,"Meteorite**NWA 8687, LUNAR TROCTOLITIC**2.092 GRAM SLICE!! HIGHLY SHOCKED!!!",256,2022-11-28,2.092,122.37,WorthPoint
nwa-lunar-meteorite,"NWA 14686, Lunar Fragmental Breccia Meteorite. 41.6g Super Colors! Great Clasts!",911.01,2022-11-28,41.6,21.9,WorthPoint
nwa-lunar-meteorite,.434 Grams 14x8x3mm NWA 14685 Lunar Slice Fragment Breccia Meteorite With COA,43.99,2022-11-27,434,0.1,WorthPoint
nwa-lunar-meteorite,"RARE!! NWA 7831 Achondrite Diogenite Meteorite, Lot Of Three Pieces, 9.0 Grams",69.99,2022-11-25,9,7.78,WorthPoint
nwa-lunar-meteorite,.281 Grams 10x8x3mm NWA 11303 Lunar Feldspathic Breccia Meteorite Fragment + COA,27,2022-11-25,281,0.1,WorthPoint
nwa-lunar-meteorite,Meteorite NWA 14358 Achondrite Lunar - G731-0139 - Feldspathic Breccia - P-Slice,14.95,2022-11-25,,,WorthPoint
nwa-lunar-meteorite,1.21 Gram 22x16x2mm NWA 11898 Lunar Slice Moon Meteorite Feldspathic Breccia COA,99.99,2022-11-24,1.21,82.64,WorthPoint
nwa-lunar-meteorite,"2.20 Gram 24x20x3mm NWA 13951 ""starry Night"" Lunar Meteorite Feldspathic Breccia",159.99,2022-11-24,2.2,72.72,WorthPoint
nwa-lunar-meteorite,NWA 10699 LL(L) 3 Chondrite Meteorite 3.6g Part Slice Of Primitive Early Type,32.75,2022-11-23,3.6,9.1,WorthPoint
nwa-lunar-meteorite,NWA 14133 H5 Chondrite Meteorite 16.4g Slice With Unusual Number Of Chondrules,13.61,2022-11-23,16.4,0.83,WorthPoint
nwa-lunar-meteorite,NWA 6080 LL4 Brecciated Chondrite Meteorite 48.6 Gram End Cut With Fusion Crust,87,2022-11-23,48.6,1.79,WorthPoint
nwa-lunar-meteorite,NWA 12518 LL3 Primitive Chondrite Type 3 Meteorite 9.1 Gram End Cut,24.5,2022-11-23,9.1,2.69,WorthPoint
nwa-lunar-meteorite,HUGE 67 Pc Space Meteorite Apollo 11 World Coin & Round Lot W/ 36 Oz .999 Silver,1399.99,2022-11-23,1020.6,1.37,WorthPoint
nwa-lunar-meteorite,.561 Grams 11mm NWA 15373 As Found Lunar Fragmental Breccia Meteorite With A COA,12.99,2022-11-22,561,0.02,WorthPoint
nwa-lunar-meteorite,Meteorite NWA 14358 Achondrite Lunar - G731-0140 - Feldspathic Breccia - P-Slice,17.95,2022-11-22,,,WorthPoint
nwa-lunar-meteorite,Genuine Moon Dust! From Lunar Meteorite NWA 11788 0.5 Grams From The Moon! COA,38,2022-11-22,0.5,76,WorthPoint
nwa-lunar-meteorite,"Melrose (a) Meteorite - RARE/ HISTORIC - Dr. Harvey H. Nininger, 1933 - IMCA",85,2022-11-22,,,WorthPoint
nwa-lunar-meteorite,.081 Grams 5x5x2mm NWA 6950 LUNAR GABBRO METEORITE A Glass Top Case With COA,32.99,2022-11-22,81,0.41,WorthPoint
nwa-lunar-meteorite,NWA 7716 Pallasite Meteorite 2.9 Gram Windowed Fragment With Visible Olivine,15.5,2022-11-21,2.9,5.34,WorthPoint
nwa-lunar-meteorite,NWA 11266 Lunar Feldspathic Breccia Meteorite 0.8 Gram Fragment,31.51,2022-11-21,0.8,39.39,WorthPoint
nwa-lunar-meteorite,"Lunar Meteorite Set (micro) NWA 4734 Basalt, NWA 6950 Gabbro, NWA 5000 Breccia",120,2022-11-21,6950,0.02,WorthPoint
nwa-lunar-meteorite,"Meteorite**NWA Unc.; Lunar Felds. Breccia**57.10 Grams Massive Slice, NEW FIND!",1325,2022-11-21,57.1,23.2,WorthPoint
nwa-lunar-meteorite,"Meteorite**NWA 14681, Lunar Troc. Anorthosite**11.170 Gram Slice,Very Rare Lunar",380,2022-11-21,11.17,34.02,WorthPoint
nwa-lunar-meteorite,"Meteorite**NWA 15373, Lunar Fragmental Breccia**16.642 Gram Gorgeous Slice!!!!",455,2022-11-21,16.642,27.34,WorthPoint
nwa-lunar-meteorite,"Meteorite**NWA 14188; Lunar Mare Basaltic Breccia**1.481 Grams,Extremely Rare!!!",162.5,2022-11-21,1.481,109.72,WorthPoint
nwa-lunar-meteorite,8.42 G- NWA 14685 LUNAR METEORITE Slice [Lunar Frag. Breccia] Only $50 Per Gram,336.8,2022-11-21,8.42,40,WorthPoint
nwa-lunar-meteorite,"Meteorite**NWA 11237, Lunar Felds. Breccia**2.551 Gram, Gorgeous Unique Slice!!",225,2022-11-21,2.551,88.2,WorthPoint
nwa-lunar-meteorite,.504 Grams 10mm NWA 15373 As Found Lunar Fragmental Breccia Meteorite With A COA,16.5,2022-11-20,504,0.03,WorthPoint
nwa-lunar-meteorite,NWA 14358 Achondrite Lunar Meteorite - G731-0138 - Feldspathic Breccia - P-Slice,27,2022-11-20,,,WorthPoint
nwa-lunar-meteorite,NWA 8343 Achondrite Howardite Meteorite - G511-0162 - 1.87g W/COA - Great Slice,27.95,2022-11-19,1.87,14.95,WorthPoint
nwa-lunar-meteorite,Meteorite NWA 14358 Achondrite Lunar - G731-0145 - Micro - Feldspathic Breccia,10.5,2022-11-19,,,WorthPoint
nwa-lunar-meteorite,.472 Grams 16x6x2mm Slice NWA 14577 Lunar Fragmental Breccia Meteorite With COA,47,2022-11-18,472,0.1,WorthPoint
nwa-lunar-meteorite,.260 Grams 9x7x3mm NWA 6950 LUNAR GABBRO METEORITE A Plastic Gem Case W/COA,79.99,2022-11-18,260,0.31,WorthPoint
nwa-lunar-meteorite,11.86 G- NWA 14685 LUNAR METEORITE Slice [Lunar Frag. Breccia] Only $50 Per Gram,474.4,2022-11-18,11.86,40,WorthPoint
nwa-lunar-meteorite,"Meteorite**NWA 15373, Lunar Fragmental Breccia**9.740 Gram Gorgeous Endcut!!!",345,2022-11-18,9.74,35.42,WorthPoint
nwa-lunar-meteorite,"Meteorite**NWA 6950; LUNAR GABBRO**0.203 Gram Slice, Extremely Rare Lunar!!!",42.25,2022-11-18,0.203,208.13,WorthPoint
nwa-lunar-meteorite,NWA 11901 Primitive Achondrite Lodranite Meteorite 8 Gram Part Slice,42,2022-11-17,8,5.25,WorthPoint
nwa-lunar-meteorite,NWA 6289 LL4 Chondrite Meteorite 6.6 Gram Part Slice,6,2022-11-17,6.6,0.91,WorthPoint
nwa-lunar-meteorite,NWA 14143 L5 Monomict Breccia Chondrite Meteorite 21.8g Desert Polished Fragment,10.5,2022-11-17,21.8,0.48,WorthPoint
nwa-lunar-meteorite,NWA 10499 LL3 Chondrite Meteorite 2.9g Part Slice Of Primitive Early Type,11.61,2022-11-16,2.9,4,WorthPoint
nwa-lunar-meteorite,NWA 7650 L6 Chondrite Meteorite 39.9 Gram End Cut,11.61,2022-11-16,39.9,0.29,WorthPoint
nwa-lunar-meteorite,CK5 Carbonaceous Chondrite - 17.8g Laghouat 001 / Beautiful CK5!!! New Find!,350,2022-11-16,17.8,19.66,WorthPoint
nwa-lunar-meteorite,31.39 G- NWA 14685 LUNAR METEORITE Slice [Lunar Frag. Breccia] Only $50 Per Gram,1256,2022-11-16,31.39,40.01,WorthPoint
nwa-lunar-meteorite,Low Price! Fabulous Fragment! Stunning Nwa 11474 Lunar Meteorite! .718 Gms,71.25,2022-11-15,718,0.1,WorthPoint
nwa-lunar-meteorite,"21.05g NWA 15377 Lunar Feldspathic Breccia Meteorite. Mirror Polish, Colorful",610,2022-11-14,21.05,28.98,WorthPoint
nwa-lunar-meteorite,"NWA 15286 ""everything Rare"" Lunar (troct, Anorth, Basalt) Meteorite. 10.3g Slice",355,2022-11-14,10.3,34.47,WorthPoint
nwa-lunar-meteorite,Lunar-like NWA 4664 DIOGENITE(pm) Meteorite Part Slice - 3.57 G,49,2022-11-13,3.57,13.73,WorthPoint
nwa-lunar-meteorite,NWA 8343 Achondrite Howardite Meteorite - G511-0065 - 1.95g W/COA - Great Slice,28.95,2022-11-12,1.95,14.85,WorthPoint
nwa-lunar-meteorite,NWA 14685 Lunar 1.19g Part Slice Of A Fantastic Fragmental Breccia,60,2022-11-12,1.19,50.42,WorthPoint
nwa-lunar-meteorite,NWA 11182 Lunar 1.20g Feldspathic Breccia Slice Of The Moon,60,2022-11-12,1.2,50,WorthPoint
nwa-lunar-meteorite,Achondrite Diogenite-pm HED NWA 13032 5.5g (#1008ec) BEAUTIFUL PIECE!!,88,2022-11-12,5.5,16,WorthPoint
nwa-lunar-meteorite,24.2 G- NWA 14685 LUNAR METEORITE Slice [Lunar Frag. Breccia] Only $50 Per Gram,968,2022-11-11,24.2,40,WorthPoint
nwa-lunar-meteorite,1.75 Grams 21x17x3mm Slice NWA 14577 Lunar Fragmental Breccia Meteorite With COA,79,2022-11-11,1.75,45.14,WorthPoint
nwa-lunar-meteorite,14.05g - NWA 14685 LUNAR METEORITE Slice [Lunar Frag. Breccia] Only $50 Per Gram,560,2022-11-11,14.05,39.86,WorthPoint
nwa-lunar-meteorite,CK4 Carbonaceous Chondrite - 19g NWA 15319 / NEW FIND...Beautiful RARE CK4!!,61,2022-11-08,19,3.21,WorthPoint
nwa-lunar-meteorite,"Meteorite**NWA 14526;LUNAR MARE BASALT**3.155 Gram Endcut, FRONT-SIDE MOON! Rare",535.25,2022-11-07,3.155,169.65,WorthPoint
nwa-lunar-meteorite,"Meteorite**NWA 14681, Lunar Troc. Anorthosite**9.957 Gram Slice, Very Rare Lunar",305,2022-11-07,9.957,30.63,WorthPoint
nwa-lunar-meteorite,Meteorite**NWA Unc.; Lunar Felds. Breccia**7.665 Gram Slice BEAUTIFUL NEW FIND!,98,2022-11-07,7.665,12.79,WorthPoint
nwa-lunar-meteorite,"Meteorite**NWA 8687, LUNAR TROCTOLITIC**0.496 GRAM SLICE!! HIGHLY SHOCKED!!!",82,2022-11-07,0.496,165.32,WorthPoint
nwa-lunar-meteorite,"Meteorite**NWA 15349; Lunar Frag Breccia**2.120 Gram Fragment Slice, NEW FIND!!!",86,2022-11-07,2.12,40.57,WorthPoint
nwa-lunar-meteorite,"Meteorite*Lunar Feldspathic Breccia**7.489 Gram Slice, UNDER CLASSIFICATION!!!",200,2022-11-07,7.489,26.71,WorthPoint
nwa-lunar-meteorite,NWA 8343 Achondrite Howardite Meteorite - G511-0164 - 1.84g W/COA - Great Slice,27.95,2022-11-06,1.84,15.19,WorthPoint
nwa-lunar-meteorite,Meteorite NWA 14358 Achondrite Lunar - G731-0137 - Feldspathic Breccia - P-Slice,11.95,2022-11-06,,,WorthPoint
nwa-lunar-meteorite,CK4 Carbonaceous - 27g NWA 15319 & Lunar 3.8g Bechar 003,465,2022-11-06,27,17.22,WorthPoint
nwa-lunar-meteorite,CK4 Carbonaceous Chondrite - 27g NWA 15319 / NEW FIND...Beautiful RARE CK4!!,405,2022-11-06,27,15,WorthPoint
nwa-lunar-meteorite,Meteorite NWA 14358 Achondrite Lunar - G731-0136 - Feldspathic Breccia - P-Slice,13.95,2022-11-05,,,WorthPoint
nwa-lunar-meteorite,.892 Grams 12x7x7mm NWA 11182 Lunar Moon Meteorite (feldsp. Breccia) With COA,37.99,2022-11-05,892,0.04,WorthPoint
nwa-lunar-meteorite,.393 Gram 11x9x2mm NWA 11898 Lunar Slice Moon Meteorite Feldspathic Breccia COA,59.95,2022-11-05,393,0.15,WorthPoint
nwa-lunar-meteorite,NWA 11788 1.47g Part Slice Of Lunar Feldspathic Breccia Meteorite,79,2022-11-05,1.47,53.74,WorthPoint
nwa-lunar-meteorite,NWA 11524 Lunar Meteorite Slice,5000,2022-11-04,,,WorthPoint
nwa-lunar-meteorite,.326 Grams 7x6x4mm NWA 8455 Lunar Moon Meteorite Whole Individual With COA,17.99,2022-11-04,326,0.06,WorthPoint
nwa-lunar-meteorite,NWA 5000 Authentic Piece Of MOON üåô .646 Grams Lunar Meteorite Hupe Collection,249.99,2022-11-03,646,0.39,WorthPoint
nwa-lunar-meteorite,2.01 Grams NWA 13974 As Found Individual LUNAR Meteorite With A COA,119.99,2022-11-03,2.01,59.7,WorthPoint
nwa-lunar-meteorite,.386 Grams 8x6x4mm NWA 13974 Lunar As Found Meteorite Feldsp. Breccia W/COA,34.99,2022-11-03,386,0.09,WorthPoint
nwa-lunar-meteorite,.123 Grams 6x5x2mm NWA 6950 LUNAR GABBRO METEORITE A Glass Top Case With COA,43.99,2022-11-03,123,0.36,WorthPoint
nwa-lunar-meteorite,CK5 Carbonaceous Chondrite - .35g Laghouat 001 / Beautiful Carbonaceous!!,20,2022-11-02,35,0.57,WorthPoint
nwa-lunar-meteorite,"2.70 Gram 32x21x3mm NWA 13951 ""starry Night"" Lunar Meteorite Feldspathic Breccia",189,2022-11-02,2.7,70,WorthPoint
nwa-lunar-meteorite,.501 Grams 9x7x6mm NWA 8455 Lunar Moon Meteorite Whole Individual With COA,27.99,2022-11-02,501,0.06,WorthPoint
nwa-lunar-meteorite,.301 Grams NWA 13974 As Found Moon Individual Lunar Meteorite With A COA,28,2022-11-01,301,0.09,WorthPoint
nwa-lunar-meteorite,"Meteorite**NWA 14900; LUNAR FRAGMENTAL BRECCIA**1.580 Gram, W/Dunite Clasts!!!",76.01,2022-10-31,1.58,48.11,WorthPoint
nwa-lunar-meteorite,"Meteorite**NWA 13788, NEW LUNAR IMPACT MELT BRECCIA**5.999 Gram,Beautiful Slice!",227.5,2022-10-31,5.999,37.92,WorthPoint
nwa-lunar-meteorite,"Meteorite**NWA 15349; Lunar Frag Breccia**6.280 Gram Fragment Slice, NEW FIND!!!",246.5,2022-10-31,6.28,39.25,WorthPoint
nwa-lunar-meteorite,"Meteorite**NWA 8687, LUNAR TROCTOLITIC**0.772 GRAM SLICE!! HIGHLY SHOCKED!!!",102.5,2022-10-31,0.772,132.77,WorthPoint
nwa-lunar-meteorite,Meteorite**NWA Unc.; Lunar Felds. Breccia**14.894 Gram Slice BEAUTIFUL NEW FIND!,337,2022-10-31,14.894,22.63,WorthPoint
nwa-lunar-meteorite,"Meteorite**NWA 11228, Lunar Felds. Breccia**2.506 Gram, Gorgeous Unique Slice!!",115.11,2022-10-31,2.506,45.93,WorthPoint
nwa-lunar-meteorite,Meteorite**NWA Unc.; Lunar Felds. Breccia**5.234 Gram Slice BEAUTIFUL NEW FIND!,145.5,2022-10-31,5.234,27.8,WorthPoint
nwa-lunar-meteorite,"Meteorite**NWA 15349; Lunar Frag Breccia**0.914 Gram Fragment Slice, NEW FIND!!!",52,2022-10-31,0.914,56.89,WorthPoint
nwa-lunar-meteorite,"Meteorite**NWA 11228, Lunar Felds. Breccia**2.082 Gram, Gorgeous Individual!!!",61,2022-10-31,2.082,29.3,WorthPoint
nwa-lunar-meteorite,"26.3g ""Starry Night"" Lunar, NWA 13951 Meteorite. Packed With White Clasts!",910,2022-10-31,26.3,34.6,WorthPoint
nwa-lunar-meteorite,#5 MOON LUNAR METEORITE - 58.98 Gr - Feldspathic Breccia - NWA 11828,2100,2022-10-30,58.98,35.61,WorthPoint
nwa-lunar-meteorite,Meteorite NWA 14358 Achondrite Lunar - G731-0135 - Feldspathic Breccia - P-Slice,15.95,2022-10-29,,,WorthPoint
nwa-lunar-meteorite,NWA 11788 Lunar Meteorite (feldspathic Breccia) Mali 0.897 Grams,89.75,2022-10-27,0.897,100.06,WorthPoint
nwa-lunar-meteorite,NWA 5000 Lunar Meteorite Apollo 14 Moon Coin SPACE FLOWN SILVER Genuine IMCA,179.99,2022-10-27,,,WorthPoint
nwa-lunar-meteorite,Framed Lunar Meteorite NWA 4483 With Certificate Of Authentication,90,2022-10-25,,,WorthPoint
nwa-lunar-meteorite,"Meteorite**NWA 12971, Lunar Troc. Melt Rock**2.496 Grams; Extremely Rare 1 Of 1!",599.99,2022-10-25,2.496,240.38,WorthPoint
nwa-lunar-meteorite,"Meteorite**NWA 14741, LUNAR MARE BASALT BRECCIA**0.654 Grams, RAREST LUNAR EVER!",406,2022-10-24,0.654,620.8,WorthPoint
nwa-lunar-meteorite,"Meteorite**NWA 15349; Lunar Frag Breccia**8.671 Gram Beautiful Slice, NEW FIND!!",296,2022-10-24,8.671,34.14,WorthPoint
nwa-lunar-meteorite,"Meteorite**NWA 12971, Lunar Troc. Melt Rock**2.300 Grams; Extremely Rare 1 Of 1!",100.87,2022-10-24,2.3,43.86,WorthPoint
nwa-lunar-meteorite,Meteorite**NWA Unc.; Lunar Felds. Breccia**17.317 Gram Slice BEAUTIFUL NEW FIND!,455,2022-10-24,17.317,26.27,WorthPoint
nwa-lunar-meteorite,NWA 14526 Lunar Mare Basalt - An Ultra Rare Meteorite From Deep Within Our Moon!,595,2022-10-24,,,WorthPoint
nwa-lunar-meteorite,"Meteorite**NWA 11237, Lunar Felds. Breccia**3.529 Gram, Gorgeous Golden Endcut!",199.99,2022-10-24,3.529,56.67,WorthPoint
nwa-lunar-meteorite,"Meteorite**NWA 15349; Lunar Frag Breccia**1.798 Gram Fragment Slice, NEW FIND!!!",124.5,2022-10-24,1.798,69.24,WorthPoint
nwa-lunar-meteorite,"MOON PIECE! Bechar 003 Lunar Breccia Meteorite, 2.4g Polished Piece Of The Moon!",58,2022-10-24,2.4,24.17,WorthPoint
nwa-lunar-meteorite,"Meteorite**NWA 11237, Lunar Felds. Breccia**7.232 Gram, Gorgeous Individual!!!",799.99,2022-10-20,7.232,110.62,WorthPoint
nwa-lunar-meteorite,22mg Gram NWA 001 Meteorite Fragment - Lunar - Found 2002 In Sudan,44.99,2022-10-19,,,WorthPoint
nwa-lunar-meteorite,13.9 Gram 65x50x2mm NWA 11898 Lunar Slice Moon Meteorite Feldspathic Breccia COA,749,2022-10-19,13.9,53.88,WorthPoint
nwa-lunar-meteorite,NWA 8559 Official Achondrite Howardite Meteorite - G586-0194 - W/COA - End Cut,11.5,2022-10-19,,,WorthPoint
nwa-lunar-meteorite,.258 Grams 8x7x3mm NWA 11474 Lunar (feldsp. Breccia) Meteorite Individual W/COA,26.99,2022-10-18,258,0.1,WorthPoint
nwa-lunar-meteorite,"Meteorite**NWA 14900; LUNAR FRAGMENTAL BRECCIA**4.643 Gram, VERY RARE LUNAR!!!",699.99,2022-10-17,4.643,150.76,WorthPoint
nwa-lunar-meteorite,Piece Of The MOON! NWA 14685 Lunar Meteorite. 1.4g MOON Polished One Side!,46,2022-10-17,1.4,32.86,WorthPoint
nwa-lunar-meteorite,"Meteorite**NWA 13951, Lunar Felds Breccia**61.300 Gram Slice, AKA STARRY NIGHT!!",2450,2022-10-17,61.3,39.97,WorthPoint
nwa-lunar-meteorite,"Meteorite**NWA 8687, LUNAR TROCTOLITIC**0.910 GRAM SLICE!! HIGHLY SHOCKED!!!",188.05,2022-10-17,0.91,206.65,WorthPoint
nwa-lunar-meteorite,"Meteorite**NWA 6950; LUNAR GABBRO**0.209 Gram Slice, Extremely Rare Lunar!!!",102.5,2022-10-17,0.209,490.43,WorthPoint
nwa-lunar-meteorite,"Meteorite**NWA 14900; LUNAR FRAGMENTAL BRECCIA**1.132 Gram, W/+6 Lithologies!!!",77.75,2022-10-17,1.132,68.68,WorthPoint
nwa-lunar-meteorite,"Meteorite**NWA 11237, Lunar Felds. Breccia**1.841 Gram, Gorgeous Unique Slice!!",124.49,2022-10-17,1.841,67.62,WorthPoint
nwa-lunar-meteorite,"Meteorite**NWA 12971, Lunar Troc. Melt Rock**1.164 Grams; Extremely Rare 1 Of 1!",138.05,2022-10-17,1.164,118.6,WorthPoint
nwa-lunar-meteorite,"MOON PIECE! Bechar 003 Lunar Breccia Meteorite, 6.4g Polished Piece Of The Moon!",232.5,2022-10-17,6.4,36.33,WorthPoint
nwa-lunar-meteorite,Meteorite NWA 14358 Achondrite Lunar - G731-0132 - Feldspathic Breccia - P-Slice,9.5,2022-10-15,,,WorthPoint
nwa-lunar-meteorite,NWA 14685 Lunar 5.47g Part Slice Of A Fantastic Fragmental Breccia,274,2022-10-15,5.47,50.09,WorthPoint
nwa-lunar-meteorite,NWA 13119 Lunar Meteorite Vial Pendant,159,2022-10-13,,,WorthPoint
nwa-lunar-meteorite,NWA 10822 Lunar Meteorite Slice,400,2022-10-13,,,WorthPoint
nwa-lunar-meteorite,NWA 13119 Lunar Meteorite Knife,575,2022-10-13,,,WorthPoint
nwa-lunar-meteorite,NWA 13119 Lunar Meteorite Stud Earrings,312.5,2022-10-13,,,WorthPoint
nwa-lunar-meteorite,.385 Grams 8mm NWA 11273 Lunar Moon Meteorite Fragment With A COA,33.99,2022-10-11,385,0.09,WorthPoint
nwa-lunar-meteorite,NWA 11788 1.28g SALE! Lunar Feldspathic Breccia Meteorite,72,2022-10-11,1.28,56.25,WorthPoint
nwa-lunar-meteorite,NWA 14686 (11.77g) Fragmental Lunar Breccia Polioshed Meteorite Slice A+++,805,2022-10-11,11.77,68.39,WorthPoint
nwa-lunar-meteorite,NWA 14041 Meteorite Lunar Moon Rock Part Slice Weight 8.69 Grams,782,2022-10-11,8.69,89.99,WorthPoint
nwa-lunar-meteorite,5.6 Gram - NWA 11898 Meteorite - Polished Lunar Feldsp. Breccia - End Cut,672,2022-10-10,5.6,120,WorthPoint
nwa-lunar-meteorite,Piece Of The MOON! NWA 14685 Lunar Meteorite. 0.5g MOON Polished One Side!,35,2022-10-10,0.5,70,WorthPoint
nwa-lunar-meteorite,Part Of The MOON! NWA 14686 Lunar Meteorite. 5.0g MOON Polished One Side!,200,2022-10-10,5,40,WorthPoint
nwa-lunar-meteorite,"NWA 11182, Lunar Breccia Meteorite 30.3g, Slice Of MOON! Super Colors! Polished",940,2022-10-10,30.3,31.02,WorthPoint
nwa-lunar-meteorite,"13.4 Gram 80x54x2mm NWA 13951 ""starry Night"" Lunar Meteorite Feldspathic Breccia",749,2022-10-09,13.4,55.9,WorthPoint
nwa-lunar-meteorite,"Meteorite**NWA 13185, Lunar Felds. Breccia**1.963 Gram Slice AKA Dark Lunar!!!",229.99,2022-10-09,1.963,117.16,WorthPoint
nwa-lunar-meteorite,"Meteorite**NWA 13992, Polymict Frag. Lunar Breccia**8.550 Gram Slice, 1 Of 7!!!",899,2022-10-09,8.55,105.15,WorthPoint
nwa-lunar-meteorite,Lunar-like NWA 4664 DIOGENITE(pm) Meteorite Part End Cut (fragment) - 8.7 G,89,2022-10-08,8.7,10.23,WorthPoint
nwa-lunar-meteorite,.454 Grams 10x7x4mm NWA 8455 Lunar Individual Moon Meteorite NorthWest Africa,40.99,2022-10-04,454,0.09,WorthPoint
nwa-lunar-meteorite,"NWA 14681 Troctolite, Anorthosite Lunar Melt Meteorite. 25.9g, Huge Vesicle",1200,2022-10-04,25.9,46.33,WorthPoint
nwa-lunar-meteorite,Meteorite: NWA 11228 Lunar Feldsp. Breccia 0.5g,21.01,2022-10-03,0.5,42.02,WorthPoint
nwa-lunar-meteorite,"Meteorite NWA 11228, Lunar Felds. Breccia** 0.9 Gram, WHOLE Stone",25.51,2022-10-03,0.9,28.34,WorthPoint
nwa-lunar-meteorite,"LUNAR NWA 14576 Piece Of The MOON, 9.8g Polished Part Slice, Gorgeous 3D-look!",234.09,2022-10-03,9.8,23.89,WorthPoint
nwa-lunar-meteorite,"MOON PIECE! Bechar 003 Lunar Breccia Meteorite, 2.8g Polished Piece Of The Moon!",76.5,2022-10-03,2.8,27.32,WorthPoint
nwa-lunar-meteorite,"30.6g ""Starry Night"" Lunar, NWA 13951 Meteorite. Packed With White Clasts!",1775,2022-10-03,30.6,58.01,WorthPoint
nwa-lunar-meteorite,Piece Of The MOON! NWA 14685 Lunar Meteorite. 0.8g MOON Polished One Side!,44,2022-10-01,0.8,55,WorthPoint
nwa-lunar-meteorite,Meteorite NWA 14358 Achondrite Lunar - G731-0133 - Feldspathic Breccia - P-Slice,10.95,2022-10-01,,,WorthPoint
nwa-lunar-meteorite,CK5 Carbonaceous Chondrite - 12.8g Laghouat 001 / Beautiful Carbonaceous!!,59,2022-09-26,12.8,4.61,WorthPoint
nwa-lunar-meteorite,"Meteorite**NWA 11237, Lunar Felds. Breccia**1.822 Gram, Gorgeous Unique Slice!!",61,2022-09-26,1.822,33.48,WorthPoint
nwa-lunar-meteorite,"Meteorite**NWA 14188; Lunar Mare Basaltic Breccia**0.281 Grams, Front-side Moon!",66,2022-09-26,0.281,234.88,WorthPoint
nwa-lunar-meteorite,"NWA Lunar Breccia, Meteorite Bechar 003, 1.6g Polished MOON Piece",51,2022-09-26,1.6,31.88,WorthPoint
nwa-lunar-meteorite,"NWA Lunar Breccia, Meteorite Bechar 003, 3.4g Polished MOON Piece",100,2022-09-26,3.4,29.41,WorthPoint
nwa-lunar-meteorite,Part Of The MOON! NWA 14686 Lunar Meteorite. 4.7g MOON Polished One Side!,168.5,2022-09-26,4.7,35.85,WorthPoint
nwa-lunar-meteorite,Piece Of The MOON! NWA 14685 Lunar Meteorite. 1.2g MOON Polished One Side!,44,2022-09-26,1.2,36.67,WorthPoint
nwa-lunar-meteorite,"NWA Lunar Breccia Meteorite Bechar 003, 33.25g, Slice Of MOON! Super Colors!",866,2022-09-26,33.25,26.05,WorthPoint
nwa-lunar-meteorite,NWA 11788 0.56g Part Slice Of Lunar Feldspathic Breccia Meteorite,31,2022-09-24,0.56,55.36,WorthPoint
nwa-lunar-meteorite,NWA 13951 Lunar 1.18g 'Starry Night' Feldspathic Breccia Moon Rock,77,2022-09-24,1.18,65.25,WorthPoint
nwa-lunar-meteorite,NWA 14685 Lunar 2.38g Part Slice Of A Fantastic Fragmental Breccia,155,2022-09-24,2.38,65.13,WorthPoint
nwa-lunar-meteorite,NWA 7329 Achondrite Howardite-W1 Meteorite - G195-0008 - 1.99g COA - Flow Lines,99.95,2022-09-23,1.99,50.23,WorthPoint
nwa-lunar-meteorite,"Rare Meteorite Collection! Pallasite, Diogenite, Lunar, Martian, Carbonaceous!",250,2022-09-23,,,WorthPoint
nwa-lunar-meteorite,Meteorite: Lunar Melt Breccia NWA 13757 Slice Of 8.245 Grams #519,415,2022-09-23,8.245,50.33,WorthPoint
nwa-lunar-meteorite,Meteorite NWA 14147 R3-4 Rumuruti Chondrite 5.8 Gram Part Slice,37,2022-09-23,5.8,6.38,WorthPoint
nwa-lunar-meteorite,NWA 6287 LL5 Chondrite Meteorite 13.2 Gram Part Slice,11.63,2022-09-23,13.2,0.88,WorthPoint
nwa-lunar-meteorite,NWA 14133 H5 Chondrite Meteorite 30.6g Slice With Unusual Number Of Chondrules,22.5,2022-09-22,30.6,0.74,WorthPoint
nwa-lunar-meteorite,NWA 10499 LL3 Chondrite Meteorite 4.1g Part Slice Of Primitive Early Type,20.5,2022-09-22,4.1,5,WorthPoint
nwa-lunar-meteorite,NWA 6080 LL4 Brecciated Chondrite Meteorite 5.3 Gram Part Slice,21.5,2022-09-22,5.3,4.06,WorthPoint
nwa-lunar-meteorite,NWA 10699 LL(L) 3 Chondrite Meteorite 3.8g Part Slice Of Primitive Early Type,18.5,2022-09-22,3.8,4.87,WorthPoint
nwa-lunar-meteorite,NWA 8672 CK5 Meteorite 12.3 Gram Complete Slice Main Mass,525,2022-09-22,12.3,42.68,WorthPoint
nwa-lunar-meteorite,1.44 Gram - NWA 14685 LUNAR METEORITE Thin Slice - Lunar (frag. Breccia),176,2022-09-22,1.44,122.22,WorthPoint
nwa-lunar-meteorite,Meteorite: Lunar Melt Breccia NWA 13757 Slice Of 6.295 Grams #501,315,2022-09-22,6.295,50.04,WorthPoint
nwa-lunar-meteorite,"Meteorite**NWA 14741, LUNAR MARE BASALT BRECCIA**1.001 Grams, RAREST LUNAR EVER!",1999.99,2022-09-22,1.001,1997.99,WorthPoint
nwa-lunar-meteorite,"Meteorite**NWA 14900; LUNAR FRAGMENTAL BRECCIA**7.263 Gram, VERY RARE LUNAR!!!",999.99,2022-09-22,7.263,137.68,WorthPoint
nwa-lunar-meteorite,"Meteorite**NWA 14741, LUNAR MARE BASALT BRECCIA**1.217 Grams, RAREST LUNAR EVER!",2399.99,2022-09-22,1.217,1972.05,WorthPoint
nwa-lunar-meteorite,"Meteorite**NWA 14188; Lunar Mare Basaltic Breccia**1.002 Grams,Extremely Rare!!!",899,2022-09-22,1.002,897.21,WorthPoint
nwa-lunar-meteorite,"Meteorite**NWA 14526; LUNAR MARE BASALT**1.884 Gram Endcut, FRONT-SIDE MOON!",1799.99,2022-09-22,1.884,955.41,WorthPoint
nwa-lunar-meteorite,"1999, NWA 032 Lunar (basalt) Meteorite, Northwest Africa .02 Grams, Rare Low TKW",40,2022-09-21,2,20,WorthPoint
nwa-lunar-meteorite,1.09 Grams Cool Lunar Looking NWA Unclassified Eucrite? Meteorite Cut Fragment,6.99,2022-09-21,1.09,6.41,WorthPoint
nwa-lunar-meteorite,NWA 14526 Lunar Mare Basalt RARE Meteorite -Mare Region Of Our Moon - IMCA #3950,1270,2022-09-21,,,WorthPoint
nwa-lunar-meteorite,NWA 13951 Lunar Moon Meteorite Nicknamed Starry Night 14.1gm,774.99,2022-09-20,14.1,54.96,WorthPoint
nwa-lunar-meteorite,.135 Grams 6x5x3mm NWA 11421 Lunar Moon Meteorite As Found With A COA,16.5,2022-09-20,135,0.12,WorthPoint
nwa-lunar-meteorite,Meteorite NWA 14358 Achondrite Lunar - G731-0127 - Micro - Feldspathic Breccia,8.1,2022-09-20,,,WorthPoint
nwa-lunar-meteorite,Meteorite NWA 14358 Achondrite Lunar - G731-0134 - Feldspathic Breccia - P-Slice,11.95,2022-09-20,,,WorthPoint
nwa-lunar-meteorite,"Meteorite**NWA 11237, Lunar Felds. Breccia**2.590 Gram, Gorgeous; Low Supply!!",91,2022-09-19,2.59,35.14,WorthPoint
nwa-lunar-meteorite,"NWA Lunar Breccia, Meteorite Bechar 003, 6.4g Polished MOON End",182.5,2022-09-19,6.4,28.52,WorthPoint
nwa-lunar-meteorite,Part Of The MOON! NWA 14685 Lunar Meteorite. 2.0g MOON Polished One Side!,82.87,2022-09-19,2,41.44,WorthPoint
nwa-lunar-meteorite,"NWA Lunar Breccia Meteorite Bechar 003, 16.15g, Slice Of MOON! Super Colors!",560,2022-09-19,16.15,34.67,WorthPoint
nwa-lunar-meteorite,"NWA Lunar Breccia Meteorite Bechar 003, 34.2g, Slice Of MOON! Super Colors!",1325,2022-09-19,34.2,38.74,WorthPoint
nwa-lunar-meteorite,"LUNAR NWA 14576, 7.1g Piece Of The MOON, Polished Part Slice, Gorgeous 3D-look!",180.19,2022-09-19,7.1,25.38,WorthPoint
nwa-lunar-meteorite,".342 Gram 8x7x2mm NWA 13951 ""starry Night"" Lunar Meteorite Feldspathic Breccia",24,2022-09-17,342,0.07,WorthPoint
nwa-lunar-meteorite,.061 Grams 4x4x2mm NWA 10644 Lunar Feldspathic Breccia Meteorite Fragment W/ COA,15,2022-09-17,61,0.25,WorthPoint
nwa-lunar-meteorite,.229 Grams 9x5x3mm NWA 11182 Lunar Moon Meteorite (feldsp. Breccia) With COA,19.99,2022-09-17,229,0.09,WorthPoint
nwa-lunar-meteorite,.461 Grams 12x6x2mm Slice NWA 14685 Fragmental Breccia Lunar Meteorite With COA,49,2022-09-17,461,0.11,WorthPoint
nwa-lunar-meteorite,Meteorite NWA 14358 Achondrite Lunar - G731-0131 - Feldspathic Breccia - P-Slice,10.95,2022-09-17,,,WorthPoint
nwa-lunar-meteorite,.159 Grams 7x6x3mm NWA 11421 Lunar Moon Meteorite As Found With C.O.A.,17.5,2022-09-17,159,0.11,WorthPoint
nwa-lunar-meteorite,".320 Gram 11x7x2mm NWA 13951 ""starry Night"" Lunar Meteorite Feldspathic Breccia",28,2022-09-16,320,0.09,WorthPoint
nwa-lunar-meteorite,".687 Gram 20x11x2mm NWA 13951 ""starry Night"" Lunar Meteorite Feldspathic Breccia",52.99,2022-09-16,687,0.08,WorthPoint
nwa-lunar-meteorite,"Meteorite**NWA 14900; LUNAR FRAGMENTAL BRECCIA**4.931 Gram, W/Dunite Clasts!!!",999.99,2022-09-14,4.931,202.8,WorthPoint
nwa-lunar-meteorite,"Meteorite**NWA 13788, NEW LUNAR MELT BRECCIA**17.335 Gram Slice, W/High Metal!",1299.99,2022-09-14,17.335,74.99,WorthPoint
nwa-lunar-meteorite,".720 Gram 17x14x3mm NWA 13951 ""starry Night"" Lunar Meteorite Feldspathic Breccia",52.99,2022-09-13,720,0.07,WorthPoint
nwa-lunar-meteorite,".604 Grams Samples NWA 13951 ""starry Night"" Lunar Meteorite Feldspathic Breccia",29.99,2022-09-13,604,0.05,WorthPoint
nwa-lunar-meteorite,"Meteorite**NWA 6950; LUNAR GABBRO**1.704 Gram Slice, Extremely Rare Lunar!!!",899,2022-09-13,1.704,527.58,WorthPoint
nwa-lunar-meteorite,HED Achondrite Diogenite-pm NWA 13032 44g (#1008d) BEAUTIFUL SLICE!!,87,2022-09-12,44,1.98,WorthPoint
nwa-lunar-meteorite,"Meteorite**NWA 14900; LUNAR FRAG. BRECCIA**3.166 Gram, EXTREMELY RARE LUNAR!!!",187.59,2022-09-12,3.166,59.25,WorthPoint
nwa-lunar-meteorite,"Meteorite**NWA 11237, Lunar Felds. Breccia**8.212 Gram, Gorgeous Individual!!!",301.01,2022-09-12,8.212,36.65,WorthPoint
nwa-lunar-meteorite,"Meteorite**NWA 14741, LUNAR MARE BASALT BRECCIA**0.481 Grams, RAREST LUNAR EVER!",404.99,2022-09-12,0.481,841.98,WorthPoint
nwa-lunar-meteorite,"Meteorite**NWA 11237, Lunar Felds. Breccia**1.875 Gram, Gorgeous Unique Slice!!",89,2022-09-12,1.875,47.47,WorthPoint
nwa-lunar-meteorite,"Meteorite**NWA 12971, Lunar Troc. Melt Rock**1.332 Grams; Extremely Rare 1 Of 1!",91,2022-09-12,1.332,68.32,WorthPoint
nwa-lunar-meteorite,"LUNAR NWA 14576 Piece Of The MOON, 1.8g Polished Part Slice, Gorgeous 3D-look!",78.54,2022-09-12,1.8,43.63,WorthPoint
nwa-lunar-meteorite,"NWA Lunar Breccia Meteorite Bechar 003, 29.0g, Slice Of MOON! Super Colors!",1180.55,2022-09-12,29,40.71,WorthPoint
nwa-lunar-meteorite,"NWA Lunar Breccia Meteorite Bechar 003, 7.95g, Slice Of MOON! Super Colors!",264,2022-09-12,7.95,33.21,WorthPoint
nwa-lunar-meteorite,".522 Grams Samples NWA 13951 ""starry Night"" Lunar Meteorite Feldspathic Breccia",56,2022-09-11,522,0.11,WorthPoint
nwa-lunar-meteorite,NWA 14685 Lunar 2.24g Part Slice Of A Fantastic Fragmental Breccia,112,2022-09-10,2.24,50,WorthPoint
nwa-lunar-meteorite,Meteorite: Lunar Feldspathic Breccia NWA 12826 Whole Individual 0.4 Grams #361,25,2022-09-08,0.4,62.5,WorthPoint
nwa-lunar-meteorite,Niue Moon NWA 8609 Meteorite Solar System 2015 Silver Coin,250,2022-09-07,,,WorthPoint
nwa-lunar-meteorite,Meteorite NWA 14358 Achondrite Lunar - G731-0116 - Feldspathic Breccia /Complete,14.95,2022-09-07,,,WorthPoint
nwa-lunar-meteorite,"NWA 14685 (4.841g) Lunar Meteorite, Polished End Cut, A+ Quality, FREE STAND",370,2022-09-06,4.841,76.43,WorthPoint
nwa-lunar-meteorite,CK5 Carbonaceous Chondrite - 1.9g Laghouat 001 / Beautiful CK5!!! New Find!,123,2022-09-05,1.9,64.74,WorthPoint
nwa-lunar-meteorite,"Meteorite**NWA 14188; Lunar Mare Basaltic Breccia**1.695 Grams,Extremely Rare!!!",1200,2022-09-05,1.695,707.96,WorthPoint
nwa-lunar-meteorite,"Meteorite**NWA 11237, Lunar Felds. Breccia**4.676 Gram, Gorgeous Individual!!!",169,2022-09-05,4.676,36.14,WorthPoint
nwa-lunar-meteorite,"Meteorite**NWA 12971, Lunar Troc. Melt Rock**0.478 Grams; Extremely Rare 1 Of 1!",57.87,2022-09-05,0.478,121.07,WorthPoint
nwa-lunar-meteorite,"Meteorite**NWA 14526; LUNAR MARE BASALT**0.327 Gram Fragments, FRONT-SIDE MOON!",100,2022-09-05,0.327,305.81,WorthPoint
nwa-lunar-meteorite,"Meteorite**NWA 14188; Lunar Mare Basaltic Breccia**0.213 Grams, EXTREMELY RARE!!",48.87,2022-09-05,0.213,229.44,WorthPoint
nwa-lunar-meteorite,"Meteorite**NWA 14900; LUNAR FRAGMENTAL BRECCIA**1.639 Gram, VERY RARE LUNAR!!!",66,2022-09-05,1.639,40.27,WorthPoint
nwa-lunar-meteorite,"Meteorite**NWA 11228, Lunar Felds. Breccia**2.405 Gram, Gorgeous Unique Slice!",52,2022-09-05,2.405,21.62,WorthPoint
nwa-lunar-meteorite,"Meteorite**NWA 11237, Lunar Felds. Breccia**2.110 Gram, Gorgeous Unique Slice!!",81.01,2022-09-05,2.11,38.39,WorthPoint
nwa-lunar-meteorite,"Meteorite**NWA 6950; LUNAR GABBRO**0.342 Gram Slice, Extremely Rare Lunar!!!",81,2022-09-05,0.342,236.84,WorthPoint
nwa-lunar-meteorite,"NWA Lunar Breccia, 2.4g Piece Of The MOON Gorgeous Colors",112.5,2022-09-05,2.4,46.88,WorthPoint
nwa-lunar-meteorite,"5.25 G NWA 13916 Lunar Fragmental Breccia Meteorite. Mirror Polish, Rare Class",158.5,2022-09-05,5.25,30.19,WorthPoint
nwa-lunar-meteorite,NWA 13951 Lunar 1.21g 'Starry Night' Feldspathic Breccia Moon Rock,61,2022-09-03,1.21,50.41,WorthPoint
nwa-lunar-meteorite,NWA 13951 Lunar 0.75g 'Starry Night' Feldspathic Breccia Moon Rock,39,2022-09-03,0.75,52,WorthPoint
nwa-lunar-meteorite,NWA 13788 0.67g Slice Of Lunar Impact Melt Breccia Meteorite,45,2022-09-03,0.67,67.16,WorthPoint
nwa-lunar-meteorite,NWA 13036 1.20g SALE! Lunar Feldspathic Breccia Meteorite,65,2022-09-02,1.2,54.17,WorthPoint
nwa-lunar-meteorite,NWA 11788 2.09g SALE! Lunar Feldspathic Breccia Meteorite,116,2022-09-01,2.09,55.5,WorthPoint
nwa-lunar-meteorite,.722 Grams 15x12x3mm Slice NWA 14577 Lunar Fragmental Breccia Meteorite With COA,74,2022-08-31,722,0.1,WorthPoint
nwa-lunar-meteorite,102.5 G NWA 14729 METEORITE Lunar-polymict Anorthositic Troctolite Melt Breccia,4400,2022-08-30,102.5,42.93,WorthPoint
nwa-lunar-meteorite,"Meteorite**NWA 11237, Lunar Felds. Breccia**2.000 Gram, Gorgeous Unique Slice!!",199.99,2022-08-30,2,100,WorthPoint
nwa-lunar-meteorite,"Meteorite**NWA 11237, Lunar Felds. Breccia**2.448 Gram, Gorgeous Unique Slice!!",225,2022-08-30,2.448,91.91,WorthPoint
nwa-lunar-meteorite,NWA 14685 Lunar 0.52g Part Slice Of A Fantastic Fragmental Breccia,34,2022-08-29,0.52,65.38,WorthPoint
nwa-lunar-meteorite,"NWA Lunar Breccia Meteorite Bechar 003, 4.7g End BEAUTIFUL Polished MOON Piece",95.55,2022-08-29,4.7,20.33,WorthPoint
nwa-lunar-meteorite,1.48 Grams Cool Lunar Looking NWA Unclassified Eucrite? Meteorite Cut Fragment,6.99,2022-08-28,1.48,4.72,WorthPoint
nwa-lunar-meteorite,"Lunar Meteorite NWA 13717 End Cut, Feldspathic Breccia, 0.74 G. Very Low TKW!",68,2022-08-28,0.74,91.89,WorthPoint
nwa-lunar-meteorite,NWA 8559 Achondrite Howardite Meteorite - G586-0072 - 12.59g COA - Great End Cut,249.95,2022-08-28,12.59,19.85,WorthPoint
nwa-lunar-meteorite,NWA 13951 Lunar 1.56g 'Starry Night' Feldspathic Breccia Moon Rock,78,2022-08-27,1.56,50,WorthPoint
nwa-lunar-meteorite,"Meteorite**NWA 11228, Lunar Felds. Breccia**4.129 Gram, Gorgeous Unique Endcut!!",399.99,2022-08-26,4.129,96.87,WorthPoint
nwa-lunar-meteorite,"Meteorite**NWA 11228, Lunar Felds. Breccia**3.865 Gram, Gorgeous Unique Endcut!!",349.99,2022-08-26,3.865,90.55,WorthPoint
nwa-lunar-meteorite,2.33 Grams Cool Lunar Looking NWA Unclassified Eucrite? Meteorite Nice Slice,8.99,2022-08-26,2.33,3.86,WorthPoint
nwa-lunar-meteorite,Meteorite: Lunar Melt Breccia NWA 13757 Slice Of 5.99 Grams #510,299.5,2022-08-26,5.99,50,WorthPoint
nwa-lunar-meteorite,Lunar Meteorite + Nwa 7753 + Nwa 1955 (3 Meteorites),14.95,2022-08-25,,,WorthPoint
nwa-lunar-meteorite,Meteorite NWA 14358 Achondrite Lunar - G731-0119 - 0.29g - Feldspathic Breccia,14.95,2022-08-24,0.29,51.55,WorthPoint
nwa-lunar-meteorite,.127 Grams 6x5x2mm NWA 6950 LUNAR GABBRO METEORITE A Plastic Gem Case W/COA,41.99,2022-08-23,127,0.33,WorthPoint
nwa-lunar-meteorite,.551 Gram 14x9x2mm NWA 11898 Lunar Slice Moon Meteorite Feldspathic Breccia COA,49.99,2022-08-22,551,0.09,WorthPoint
nwa-lunar-meteorite,"Meteorite**NWA 11237, Lunar Felds. Breccia**1.998 Gram, Gorgeous Unique Slice!!",199.99,2022-08-22,1.998,100.1,WorthPoint
nwa-lunar-meteorite,NWA 14685 Lunar 0.75g Part Slice Of A Fantastic Fragmental Breccia,50,2022-08-20,0.75,66.67,WorthPoint
nwa-lunar-meteorite,NWA 13951 Lunar 0.90g 'Starry Night' Feldspathic Breccia Moon Rock,45,2022-08-20,0.9,50,WorthPoint
nwa-lunar-meteorite,NWA 13788 1.97g Slice Of Lunar Impact Melt Breccia Meteorite,112.5,2022-08-20,1.97,57.11,WorthPoint
nwa-lunar-meteorite,Lunar Meteorite NWA 13757 3.904 Grams (1 Of Only 4 Lunar Melt Breccias) Broken,150,2022-08-20,3.904,38.42,WorthPoint
nwa-lunar-meteorite,"Meteorite NWA 11228, Lunar Felds. Breccia** 1.0 Gram, Gorgeous Unique End Cut!",42,2022-08-20,1,42,WorthPoint
nwa-lunar-meteorite,.161 Grams 7x4x3mm NWA 11303 Lunar Feldspathic Breccia Meteorite Fragment + COA,17.99,2022-08-19,161,0.11,WorthPoint
nwa-lunar-meteorite,.188 Grams 7x7x2mm NWA 6950 LUNAR GABBRO METEORITE A Plastic Gem Case W/COA,59.99,2022-08-17,188,0.32,WorthPoint
nwa-lunar-meteorite,.735 Grams 12x12x3mm Slice NWA 14577 Lunar Fragmental Breccia Meteorite With COA,75,2022-08-17,735,0.1,WorthPoint
nwa-lunar-meteorite,.333 Grams 10x7x2mm Slice NWA 14577 Lunar Fragmental Breccia Meteorite With COA,33,2022-08-16,333,0.1,WorthPoint
nwa-lunar-meteorite,.493 Grams 14mm NWA 11182 Lunar Moon Slice Meteorite Feldsp. Breccia With COA,34.99,2022-08-16,493,0.07,WorthPoint
nwa-lunar-meteorite,4.67 Grams 37x24x2mm NWA 14577 Lunar Slice Fragmental Breccia Meteorite With COA,319,2022-08-16,4.67,68.31,WorthPoint
nwa-lunar-meteorite,Moon Ring - Genuine Lunar Meteorite Jewelry - Size 6 - TOP METEORITE Jewelry,1500,2022-08-15,,,WorthPoint
nwa-lunar-meteorite,"Meteorite**NWA 11237, Lunar Felds. Breccia**3.046 Gram, Gorgeous Unique Endcut!!",231.5,2022-08-15,3.046,76,WorthPoint
nwa-lunar-meteorite,"Meteorite**NWA 14526; LUNAR MARE BASALT**0.142 Gram Individual, FRONT-SIDE MOON!",71.01,2022-08-15,0.142,500.07,WorthPoint
nwa-lunar-meteorite,"Meteorite**NWA 14188; Lunar Mare Basaltic Breccia**0.375 Grams,EXTREMELY RARE!!!",128.51,2022-08-15,0.375,342.69,WorthPoint
nwa-lunar-meteorite,"Meteorite**NWA 14741, LUNAR MARE BASALT BRECCIA**0.256 Grams, RAREST LUNAR EVER!",159.77,2022-08-15,0.256,624.1,WorthPoint
nwa-lunar-meteorite,"Meteorite**NWA 13788, NEW LUNAR IMPACT MELT BRECCIA**5.496 Gram,Beautiful Slice!",178.5,2022-08-15,5.496,32.48,WorthPoint
nwa-lunar-meteorite,"Meteorite**NWA 14900; LUNAR FRAGMENTAL BRECCIA**0.461 Gram, VERY RARE LUNAR!!!",39,2022-08-15,0.461,84.6,WorthPoint
nwa-lunar-meteorite,"Meteorite**NWA 6950; LUNAR GABBRO**0.361 Gram Slice, Extremely Rare Lunar!!!",41,2022-08-15,0.361,113.57,WorthPoint
nwa-lunar-meteorite,"Meteorite**NWA 11237, Lunar Felds. Breccia**1.746 Gram, Gorgeous Unique Slice!!",175,2022-08-15,1.746,100.23,WorthPoint
nwa-lunar-meteorite,Meteorite NWA 14358 Achondrite Lunar - G731-0120 - 0.39g - Feldspathic Breccia,19.95,2022-08-14,0.39,51.15,WorthPoint
nwa-lunar-meteorite,5.96 Grams 24x20x11mm NWA 11182 Lunar Moon Meteorite Feldsp. Breccia W/COA,449,2022-08-14,5.96,75.34,WorthPoint
nwa-lunar-meteorite,NWA 14685 Lunar 1.94g Part Slice Of A Fantastic Fragmental Breccia,97,2022-08-13,1.94,50,WorthPoint
nwa-lunar-meteorite,.165 Grams 10mm NWA 11474 Lunar Feldspathic Breccia As Found Meteorite With COA,21.99,2022-08-13,165,0.13,WorthPoint
nwa-lunar-meteorite,"Meteorite**NWA 14188; Lunar Mare Basaltic Breccia**0.541 Grams,EXTREMELY RARE!!!",116.5,2022-08-08,0.541,215.34,WorthPoint
nwa-lunar-meteorite,"Meteorite**NWA 14526; LUNAR MARE BASALT**0.178 Gram Individual, FRONT-SIDE MOON!",117.5,2022-08-08,0.178,660.11,WorthPoint
nwa-lunar-meteorite,"Meteorite**NWA 11228, Lunar Felds. Breccia**1.003 Gram, Gorgeous Unique Endcut!!",56,2022-08-08,1.003,55.83,WorthPoint
nwa-lunar-meteorite,"Meteorite**NWA 14741, LUNAR MARE BASALT BRECCIA**0.084 Grams, RAREST LUNAR EVER!",177.75,2022-08-08,0.084,2116.07,WorthPoint
nwa-lunar-meteorite,"Meteorite**NWA 14900; LUNAR FRAGMENTAL BRECCIA**1.370 Gram, VERY RARE LUNAR!!!",101,2022-08-08,1.37,73.72,WorthPoint
nwa-lunar-meteorite,"Meteorite**NWA 11237, Lunar Felds. Breccia**1.908 Gram, Gorgeous Unique Slice!!",100,2022-08-08,1.908,52.41,WorthPoint
nwa-lunar-meteorite,"Meteorite**NWA 13992, Polymict Frag. Lunar Breccia**0.497 Gram Slice, 1 Of 9!!",36,2022-08-08,0.497,72.43,WorthPoint
nwa-lunar-meteorite,Part Of The MOON! NWA 14685 Lunar Meteorite. 3.2g MOON Polished Part Slice!,190,2022-08-08,3.2,59.38,WorthPoint
nwa-lunar-meteorite,NEW 2021 LUNAR METEORITE / MOON ROCK - NWA 14358 W/COA - Feldsp Breccia - Africa,22,2022-08-07,,,WorthPoint
nwa-lunar-meteorite,2.15 Grams Cool Lunar Looking NWA Unclassified Eucrite? Meteorite Nice Slice,9.99,2022-08-05,2.15,4.65,WorthPoint
nwa-lunar-meteorite,Part Of The MOON! NWA 14685 Lunar Meteorite. 1.4g MOON Polished One Side!,67,2022-08-05,1.4,47.86,WorthPoint
nwa-lunar-meteorite,1.33 Gram - NWA 14685 LUNAR METEORITE Thin Slice - Lunar (frag. Breccia),159.2,2022-08-05,1.33,119.7,WorthPoint
nwa-lunar-meteorite,1.31 Gram - NWA 14685 LUNAR METEORITE Thin Slice - Lunar (frag. Breccia),159.2,2022-08-05,1.31,121.53,WorthPoint
nwa-lunar-meteorite,1.08 Gram - NWA 14685 LUNAR METEORITE Thin Slice - Lunar (frag. Breccia),128,2022-08-04,1.08,118.52,WorthPoint
nwa-lunar-meteorite,.555 Grams 14x9x3mm Slice NWA 14577 Lunar Fragmental Breccia Meteorite With COA,58,2022-08-04,555,0.1,WorthPoint
nwa-lunar-meteorite,"NWA Lunar Breccia Meteorite Bechar 003, 2.1g End BEAUTIFUL Polished MOON Piece",94,2022-08-04,2.1,44.76,WorthPoint
nwa-lunar-meteorite,Part Of The MOON! NWA 14685 Lunar Meteorite. 1.9g MOON Polished Part Slice!,107,2022-08-03,1.9,56.32,WorthPoint
nwa-lunar-meteorite,NWA 11266 Lunar Feldspathic Regolith Breccia Meteorite 1 Gram Fragment,58,2022-08-03,1,58,WorthPoint
nwa-lunar-meteorite,NWA 13867 CO3 Ornans Type Carbonaceous Chondrite Meteorite 5.1 Gram Full Slice,10.5,2022-08-03,5.1,2.06,WorthPoint
nwa-lunar-meteorite,NWA 12518 LL3 Primitive Chondrite Meteorite 2.3 Gram Polished End Cut,38,2022-08-02,2.3,16.52,WorthPoint
nwa-lunar-meteorite,NWA 5000 Authentic Piece Of MOON üåô .310 Grams Lunar Meteorite Hupe Collection,259.99,2022-08-01,310,0.84,WorthPoint
nwa-lunar-meteorite,"NWA Lunar Breccia Meteorite Bechar 003, 10.9g, Slice Of MOON! Super Colors!",285.01,2022-08-01,10.9,26.15,WorthPoint
nwa-lunar-meteorite,"NWA Lunar Breccia Meteorite Bechar 003, 10.25g, Slice Of MOON! Super Colors!",271.56,2022-08-01,10.25,26.49,WorthPoint
nwa-lunar-meteorite,2 Grams 26x18x2mm NWA 11182 Lunar END CUT Meteorite Feldsp. Breccia With COA,159.99,2022-07-31,2,80,WorthPoint
nwa-lunar-meteorite,.176 Grams 9mm NWA 13974 Lunar Fragment Moon Meteorite Feldsp. Breccia With COA,24,2022-07-31,176,0.14,WorthPoint
nwa-lunar-meteorite,#53 MOON LUNAR METEORITE - 2.40 Grams - Feldspathic Breccia - NWA 11828,95,2022-07-30,2.4,39.58,WorthPoint
nwa-lunar-meteorite,Meteorite NWA 14358 Achondrite Lunar - G731-0117 - 0.33g - Feldspathic Breccia,16.95,2022-07-30,0.33,51.36,WorthPoint
nwa-lunar-meteorite,"Meteorite ** NWA 11237, Lunar Felds. Breccia **.6 Gram, Beautiful End Cut!",11.5,2022-07-28,6,1.92,WorthPoint
nwa-lunar-meteorite,Moon Rock Meteorite NWA 4483 Mars Rock NWA 4766 Apollo 40th Anniv Set 23269,99,2022-07-26,,,WorthPoint
nwa-lunar-meteorite,.325 Grams 12x7x2mm Slice NWA 14577 Lunar Fragmental Breccia Meteorite With COA,33,2022-07-26,325,0.1,WorthPoint
nwa-lunar-meteorite,"Meteorite** NWA 11237, Lunar Felds. Breccia**.3 Gram, Beautiful Slice!",11.5,2022-07-25,3,3.83,WorthPoint
nwa-lunar-meteorite,Micro Samples NWA 6950 LUNAR GABBRO METEORITE In A Glass Top Plastic Case,8.99,2022-07-25,,,WorthPoint
nwa-lunar-meteorite,"Meteorite**NWA 11228, Lunar Felds. Breccia**3.957 Gram, Gorgeous Unique Slice!!",141.5,2022-07-25,3.957,35.76,WorthPoint
nwa-lunar-meteorite,"Meteorite**NWA 14900; LUNAR FRAGMENTAL BRECCIA**1.785 Gram, W/Dunite Clasts!!!",76.01,2022-07-25,1.785,42.58,WorthPoint
nwa-lunar-meteorite,"Meteorite**NWA 13992, Polymict Frag. Lunar Breccia**1.189 Gram Slice,LAST SLICE!",48.75,2022-07-25,1.189,41,WorthPoint
nwa-lunar-meteorite,"Meteorite**NWA 14685, Lunar Fragmental Breccia**4.063 Grams Slice; NEW FIND!!!",232.5,2022-07-25,4.063,57.22,WorthPoint
nwa-lunar-meteorite,"Meteorite**NWA 11237, Lunar Felds. Breccia**2.460 Gram, Gorgeous Unique Slice!!",168.5,2022-07-25,2.46,68.5,WorthPoint
nwa-lunar-meteorite,7.2 G Slice Of The MOON! NWA 14686 Lunar Meteorite. Packed With White Clasts!,310.26,2022-07-25,7.2,43.09,WorthPoint
nwa-lunar-meteorite,"NEW!! RARE!! NWA 8743 Eucrite, Melt Breccia, 2.85 Grams Part Slice",8,2022-07-24,2.85,2.81,WorthPoint
nwa-lunar-meteorite,Nwa 10901 Lunar (moon) Meteorite + Nwa 10442 H3.9 Meteorite (2 Meteorites),21,2022-07-24,,,WorthPoint
nwa-lunar-meteorite,"MOON! ""STARRY NIGHT"" NWA 13951 Lunar Meteorite. 5.4g MOON Polished One Side!",349,2022-07-24,5.4,64.63,WorthPoint
nwa-lunar-meteorite,".362 Gram 12x9x2mm NWA 13951 ""starry Night"" Lunar Meteorite Feldspathic Breccia",39,2022-07-23,362,0.11,WorthPoint
nwa-lunar-meteorite,NWA 13951 Lunar 1.19g 'Starry Night' Feldspathic Breccia Moon Rock,77,2022-07-23,1.19,64.71,WorthPoint
nwa-lunar-meteorite,NEW 2021 LUNAR MELT METEORITE / MOON ROCK NWA 13974 W/COA - Feldsp Melt Breccia,41,2022-07-23,,,WorthPoint
nwa-lunar-meteorite,Lunar Meteorite NWA 13757 4.307 Gram Endcut (1 Of Only 4 Lunar Melt Breccias),169,2022-07-23,4.307,39.24,WorthPoint
nwa-lunar-meteorite,.742 Gram Nwa 5000 Lunar Meteorite Ex Hupe Collection,260,2022-07-21,742,0.35,WorthPoint
nwa-lunar-meteorite,2.46 Grams 24mm NWA 13974 Lunar As Found Moon Meteorite Feldsp. Breccia With COA,189.99,2022-07-21,2.46,77.23,WorthPoint
nwa-lunar-meteorite,.965 Grams 25x8x4mm NWA 11182 Lunar END CUT Meteorite Feldsp. Breccia With COA,74.99,2022-07-19,965,0.08,WorthPoint
nwa-lunar-meteorite,"Meteorite**NWA 12971, Lunar Troc. Melt Rock**1.200 Grams; Extremely Rare 1 Of 1!",399.99,2022-07-19,1.2,333.33,WorthPoint
nwa-lunar-meteorite,"Meteorite**NWA 11237, Lunar Felds. Breccia**1.460 Gram, Gorgeous Unique Slice!!",89.99,2022-07-18,1.46,61.64,WorthPoint
nwa-lunar-meteorite,"Meteorite**NWA 6950; LUNAR GABBRO**0.506 Gram Slice, Extremely Rare Lunar!!!",125.01,2022-07-18,0.506,247.06,WorthPoint
nwa-lunar-meteorite,"Meteorite**NWA 11228, Lunar Felds. Breccia**1.723 Gram, Gorgeous Unique Slice!!",132.53,2022-07-18,1.723,76.92,WorthPoint
nwa-lunar-meteorite,"Meteorite**NWA 11237, Lunar Felds. Breccia**3.184 Gram, Gorgeous Unique Endcut!!",328.55,2022-07-18,3.184,103.19,WorthPoint
nwa-lunar-meteorite,"NWA Lunar Breccia Meteorite 21.35g, Slice Of MOON! Super Colors! Class Pending",503,2022-07-18,21.35,23.56,WorthPoint
nwa-lunar-meteorite,.017 Grams 4x2x1mm NWA 6950 LUNAR GABBRO METEORITE A Plastic Gem Case W/COA,9.99,2022-07-16,17,0.59,WorthPoint
nwa-lunar-meteorite,"Meteorite**NWA 11228, Lunar Felds. Breccia**1.645 Gram, Gorgeous Unique Endcut!!",169.99,2022-07-16,1.645,103.34,WorthPoint
nwa-lunar-meteorite,Lunar Meteorite NWA 13757 5.872 Gram Slice (1 Of Only 4 Lunar Melt Breccias),199,2022-07-16,5.872,33.89,WorthPoint
nwa-lunar-meteorite,"Meteorite**NWA 13788, NEW LUNAR IMPACT MELT BRECCIA**0.965 Gram, BLACK LUNAR!!!",99.99,2022-07-16,0.965,103.62,WorthPoint
nwa-lunar-meteorite,Meteorite NWA 14147 R3-4 Rumuruti Chondrite 18 Gram End Cut With Glossy Crust,53,2022-07-15,18,2.94,WorthPoint
nwa-lunar-meteorite,NWA 12826 - LUNAR METEORITE / MOON ROCK - Feldspathic Breccia - Found In 2019,47,2022-07-15,,,WorthPoint
nwa-lunar-meteorite,LUNAR METEORITE / MOON ROCK - NWA 14358 W/COA - Feldsp Breccia - Found In Africa,21,2022-07-15,,,WorthPoint
nwa-lunar-meteorite,".241 Grams 10x7x2mm NWA 13951 ""starry Night"" Lunar Meteorite Feldspathic Breccia",27,2022-07-15,241,0.11,WorthPoint
nwa-lunar-meteorite,"Meteorite**NWA 5744, LUNAR GRANULITIC TROCTOLITIC BRECCIA**0.254 GRAM FRAG SLICE",89.99,2022-07-14,0.254,354.29,WorthPoint
nwa-lunar-meteorite,"Meteorite**NWA 11237, Lunar Felds. Breccia**0.807 Gram, Gorgeous Unique Slice!!",129.99,2022-07-14,0.807,161.08,WorthPoint
nwa-lunar-meteorite,NWA 12518 LL3 Primitive Chondrite Meteorite 17.6g End Cut Red & Blue Chondrules,44,2022-07-14,17.6,2.5,WorthPoint
nwa-lunar-meteorite,NWA 13741 LL3-5 Primitive Chondrite Meteorite 1.2 Gram Slice (1 Of 8 This Type),20.5,2022-07-14,1.2,17.08,WorthPoint
nwa-lunar-meteorite,NWA 14143 L5 Monomict Breccia Chondrite Meteorite 24.8 Gram Desert Polished Frag,6.5,2022-07-14,24.8,0.26,WorthPoint
nwa-lunar-meteorite,NWA 7716 Pallasite Meteorite 3.8 Gram Windowed Fragment With Visible Olivine,9.5,2022-07-14,3.8,2.5,WorthPoint
nwa-lunar-meteorite,NWA 14133 H5 Chondrite Meteorite 23.8g Slice With Unusual Number Of Chondrules,15.5,2022-07-13,23.8,0.65,WorthPoint
nwa-lunar-meteorite,NWA 11266 Lunar Feldspathic Regolith Breccia Meteorite 2.1 Gram Fragment,26,2022-07-12,2.1,12.38,WorthPoint
nwa-lunar-meteorite,NWA 13867 CO3 Carbonaceous Chondrite Meteorite 5.2 Gram Full Slice,15.25,2022-07-12,5.2,2.93,WorthPoint
nwa-lunar-meteorite,Part Of The MOON! NWA 14686 Lunar Meteorite. 7.4g MOON Polished One Side!,481,2022-07-11,7.4,65,WorthPoint
nwa-lunar-meteorite,MUSEUM EDITION - 3 MOON ROCK DISPLAY - LUNAR METEORITE - Jumbo Display+Easel,29.95,2022-07-11,,,WorthPoint
nwa-lunar-meteorite,NWA 11303 Moon Rock 3.68g Lunar Part Slice By Meteorite Men Steve,460,2022-07-11,3.68,125,WorthPoint
nwa-lunar-meteorite,1.91 G NWA 11474 Lunar (Moon) Meteorite Specimen (feldsp. Breccia) From Africa,223.2,2022-07-11,1.91,116.86,WorthPoint
nwa-lunar-meteorite,"Meteorite**NWA 6950; LUNAR GABBRO**0.573 Gram Slice, Extremely Rare Lunar!!!",170,2022-07-11,0.573,296.68,WorthPoint
nwa-lunar-meteorite,"Meteorite**NWA 14900; LUNAR FRAGMENTAL BRECCIA**1.552 Gram, W/Dunite Clasts!!!",108.05,2022-07-11,1.552,69.62,WorthPoint
nwa-lunar-meteorite,"Meteorite**NWA 11237, Lunar Felds. Breccia**1.837 Gram, Gorgeous Unique Slice!!",91,2022-07-11,1.837,49.54,WorthPoint
nwa-lunar-meteorite,"Meteorite**NWA 14526; LUNAR MARE BASALT**0.862 Gram Individual, LAST SLICE!!!",230.4,2022-07-11,0.862,267.29,WorthPoint
nwa-lunar-meteorite,"Meteorite**NWA 14188; Lunar Mare Basaltic Breccia**0.421 Grams, Front-side Moon!",97.01,2022-07-11,0.421,230.43,WorthPoint
nwa-lunar-meteorite,"NWA 11182, Lunar Breccia Meteorite 8.2g, Slice Of MOON! Super Colors! Polished",255,2022-07-11,8.2,31.1,WorthPoint
nwa-lunar-meteorite,"Meteorite**NWA 13788, NEW LUNAR MELT BRECCIA**3.367 Gram Endcut, HIGH METAL!",132.5,2022-07-11,3.367,39.35,WorthPoint
nwa-lunar-meteorite,22.33g End Of The MOON! NWA 14686 Lunar Meteorite. Packed With White Clasts!,480,2022-07-11,22.33,21.5,WorthPoint
nwa-lunar-meteorite,"Meteorite**NWA 13992, Polymict Frag. Lunar Breccia**4.609 Gram Slice, 1 Of 9!!!!",399.99,2022-07-09,4.609,86.78,WorthPoint
nwa-lunar-meteorite,Lunar Meteorite NWA 13757 ENDCUT 7.91 Grams (1 Of 4 Lunar Melt Breccias),299,2022-07-09,7.91,37.8,WorthPoint
nwa-lunar-meteorite,Meteorite NWA 14358 Achondrite Lunar - G731-0114 - 0.27g - Feldspathic Breccia,15.45,2022-07-08,0.27,57.22,WorthPoint
nwa-lunar-meteorite,5 NWA 5000 Lunar Meteroties And 1 Lunar Meteorite Dust NWA 5000,50,2022-07-08,,,WorthPoint
nwa-lunar-meteorite,Meteorite NWA 14358 Achondrite Lunar - G731-0118 - 0.32g - Feldspathic Breccia,15.95,2022-07-08,0.32,49.84,WorthPoint
nwa-lunar-meteorite,".312 Grams 10x9x2mm NWA 13951 ""starry Night"" Lunar Meteorite Feldspathic Breccia",29.99,2022-07-06,312,0.1,WorthPoint
nwa-lunar-meteorite,1.67 Grams 14mm NWA 13974 Lunar As Found Moon Meteorite Feldsp. Breccia With COA,129.99,2022-07-06,1.67,77.84,WorthPoint
nwa-lunar-meteorite,NWA 13297 LL3 Chondrite Meteorite 2.8g Flat Spalled Desert Polished Tablet,11,2022-07-05,2.8,3.93,WorthPoint
nwa-lunar-meteorite,NWA 12518 LL3 Primitive Chondrite Meteorite 5.1g Part Slice Many Chondrules,22.5,2022-07-05,5.1,4.41,WorthPoint
nwa-lunar-meteorite,NWA 14143 L5 Monomict Breccia Chondrite Meteorite 11.1 Gram Desert Polished Frag,15.5,2022-07-05,11.1,1.4,WorthPoint
nwa-lunar-meteorite,Legendary NWA 5000 Lunar Meteorite Moon Rock .330 Grams,150,2022-07-03,330,0.45,WorthPoint
nwa-lunar-meteorite,NWA 11788 0.76g Part Slice Of Lunar Feldspathic Breccia Meteorite,38,2022-07-02,0.76,50,WorthPoint
nwa-lunar-meteorite,"NEW! NWA 12676 And Tass√©det 004 H5-melt Breccia Meteorite, 2.95 Gram Full Slice",14.75,2022-07-02,2.95,5,WorthPoint
nwa-lunar-meteorite,"Meteorite**NWA 14900; LUNAR FRAGMENTAL BRECCIA**1.079 Gram, W/Dunite Clasts!!!",61.01,2022-06-29,1.079,56.54,WorthPoint
nwa-lunar-meteorite,"Meteorite**NWA 13992, Polymict Frag. Lunar Breccia**0.969 Gram Slice, 1 Of 9!!",40,2022-06-29,0.969,41.28,WorthPoint
nwa-lunar-meteorite,"Meteorite**NWA 11237, Lunar Felds. Breccia**2.351 Gram, Gorgeous Unique Slice!!",144.27,2022-06-29,2.351,61.37,WorthPoint
nwa-lunar-meteorite,"Meteorite**NWA 6950; LUNAR GABBRO**0.507 Gram Slice, Extremely Rare Lunar!!!",105.5,2022-06-29,0.507,208.09,WorthPoint
nwa-lunar-meteorite,"Meteorite**NWA 14526; LUNAR MARE BASALT**0.930 Gram Individual, FRONT-SIDE MOON!",170,2022-06-29,0.93,182.8,WorthPoint
nwa-lunar-meteorite,"Meteorite**NWA 14188; Lunar Mare Basaltic Breccia**0.721 Grams, Front-side Moon!",102.6,2022-06-29,0.721,142.3,WorthPoint
nwa-lunar-meteorite,"Meteorite**NWA 13788, NEW LUNAR IMPACT MELT BRECCIA**6.374 Gram, Metal Rich!!!",220.17,2022-06-29,6.374,34.54,WorthPoint
nwa-lunar-meteorite,"Meteorite**NWA 11237, Lunar Felds. Breccia**3.568 Gram, Gorgeous Unique Endcut!!",299.99,2022-06-27,3.568,84.08,WorthPoint
nwa-lunar-meteorite,12.45 G Slice Of The MOON! NWA 14686 Lunar Meteorite. Packed With White Clasts!,295,2022-06-27,12.45,23.69,WorthPoint
nwa-lunar-meteorite,"NEW RARE!! NWA 7831 Achondrite Diogenite Meteorite, Fragment, 3.7 Grams",25.99,2022-06-27,3.7,7.02,WorthPoint
nwa-lunar-meteorite,"Own The MOON! NWA 13951, 20.5g ""starry Night"" Lunar Meteorite. Big Iron Flecks",767.98,2022-06-27,20.5,37.46,WorthPoint
nwa-lunar-meteorite,"NEW!! RARE!! NWA 8743 Eucrite, Melt Breccia, 2.67 Grams Part Slice",6,2022-06-26,2.67,2.25,WorthPoint
nwa-lunar-meteorite,NWA 11303 Lunar Feldspathic Breccia Meteorite Very Small Sample Fragments + COA,5.99,2022-06-25,,,WorthPoint
nwa-lunar-meteorite,NWA 13951 Lunar 8.61g 'Starry Night' Feldspathic Breccia Moon Rock,550,2022-06-25,8.61,63.88,WorthPoint
nwa-lunar-meteorite,NWA 13951 Lunar 0.50g 'Starry Night' Feldspathic Breccia Moon Rock,43,2022-06-25,0.5,86,WorthPoint
nwa-lunar-meteorite,NWA 11474 Lunar Meteorite Slice With Signed Charlie Duke 8.5 X 11 Photograph,6000,2022-06-22,,,WorthPoint
nwa-lunar-meteorite,"Meteorite**NWA 13992, Polymict Frag. Lunar Breccia**1.001 Gram Slice, 1 Of 9!!",129.99,2022-06-22,1.001,129.86,WorthPoint
nwa-lunar-meteorite,"Meteorite**NWA 14188; Lunar Mare Basaltic Breccia**1.188 Grams,Extremely Rare!!!",102.51,2022-06-22,1.188,86.29,WorthPoint
nwa-lunar-meteorite,"Meteorite**NWA 14526; LUNAR MARE BASALT**0.763 Gram Individual, FRONT-SIDE MOON!",202.5,2022-06-22,0.763,265.4,WorthPoint
nwa-lunar-meteorite,"Meteorite**NWA 11237, Lunar Felds. Breccia**1.463 Gram, Gorgeous Unique Endcut!!",66,2022-06-22,1.463,45.11,WorthPoint
nwa-lunar-meteorite,"Meteorite**NWA 6950; LUNAR GABBRO**0.463 Gram Slice, Extremely Rare Lunar!!!",89,2022-06-22,0.463,192.22,WorthPoint
nwa-lunar-meteorite,"Meteorite**NWA 14188; Lunar Mare Basaltic Breccia**0.469 Grams,Extremely Rare!!!",80,2022-06-22,0.469,170.58,WorthPoint
nwa-lunar-meteorite,3.65 G NWA 11474 Lunar (Moon) Meteorite Specimen (feldsp. Breccia) From Africa,455,2022-06-22,3.65,124.66,WorthPoint
nwa-lunar-meteorite,.22 Grams Lunar Meteorite NWA 10986 Lunar Highlands Melt Breccia COA,28.6,2022-06-20,22,1.3,WorthPoint
nwa-lunar-meteorite,NWA 8559 Achondrite Howardite Meteorite - G586-0189 - 0.59g W/COA - Part Slice,5.5,2022-06-20,0.59,9.32,WorthPoint
nwa-lunar-meteorite,"NWA 11182, Lunar Breccia Meteorite 24g, Slice Of MOON! Super Colors! Polished",661,2022-06-20,24,27.54,WorthPoint
nwa-lunar-meteorite,"NWA Lunar Breccia Meteorite 21.95g, Slice Of MOON! Super Colors! Class Pending",621,2022-06-20,21.95,28.29,WorthPoint
nwa-lunar-meteorite,.055 Grams 4x3x3mm NWA 10644 Lunar Feldspathic Breccia Meteorite Fragment W/ COA,15,2022-06-18,55,0.27,WorthPoint
nwa-lunar-meteorite,NWA 13951 Lunar 3.06g 'Starry Night' Feldspathic Breccia Moon Rock,199,2022-06-18,3.06,65.03,WorthPoint
nwa-lunar-meteorite,NWA 13951 Lunar 0.46g 'Starry Night' Feldspathic Breccia Moon Rock,42,2022-06-18,0.46,91.3,WorthPoint
nwa-lunar-meteorite,NWA 11788 3.25g Part Slice Of Lunar Feldspathic Breccia Meteorite,130,2022-06-18,3.25,40,WorthPoint
nwa-lunar-meteorite,.15 Grams Lunar Meteorite NWA 13964 Feldspathic Breccia Found 2021! COA,18,2022-06-18,15,1.2,WorthPoint
nwa-lunar-meteorite,Meteorite NWA 14358 Achondrite Lunar - G731-0113 - 0.26g - Feldspathic Breccia,12.95,2022-06-18,0.26,49.81,WorthPoint
nwa-lunar-meteorite,.451 Grams 12x10x4mm NWA 11421 Lunar Moon Meteorite As Found With C.O.A.,38.99,2022-06-17,451,0.09,WorthPoint
nwa-lunar-meteorite,.527 Grams 10mm NWA 11474 Lunar Feldspathic Breccia As Found Meteorite With COA,39.99,2022-06-17,527,0.08,WorthPoint
nwa-lunar-meteorite,NWA 11266 Lunar Feldspathic Regolith Breccia Meteorite 1.3 Gram Fragment,93.67,2022-06-16,1.3,72.05,WorthPoint
nwa-lunar-meteorite,NWA 13353 CO3 Carbonaceous Chondrite Meteorite With Jarosite 2.2 Gram Fragment,36,2022-06-16,2.2,16.36,WorthPoint
nwa-lunar-meteorite,Meteorite NWA 14358 Achondrite Lunar - G731-0115 - 0.22g - Feldspathic Breccia,10.95,2022-06-15,0.22,49.77,WorthPoint
nwa-lunar-meteorite,NWA 8559 Achondrite Howardite Meteorite - G586-0188 - 0.58g W/COA - Part Slice,10,2022-06-14,0.58,17.24,WorthPoint
nwa-lunar-meteorite,NWA 8343 Achondrite Howardite Meteorite - G511-0189 - 0.47g W/COA - Great Slice,10.5,2022-06-14,0.47,22.34,WorthPoint
nwa-lunar-meteorite,"Meteorite**NWA 14685, Lunar Fragmental Breccia**2.511 Grams Slice; NEW FIND!!!",115,2022-06-13,2.511,45.8,WorthPoint
nwa-lunar-meteorite,"Meteorite**NWA Unc., Eucrite Polymict**2.233 Gram Gorgeous Quality Slice!!!",11,2022-06-13,2.233,4.93,WorthPoint
nwa-lunar-meteorite,"Meteorite**NWA 14900; LUNAR FRAGMENTAL BRECCIA**1.555 Gram, W/Dunite Clasts!!!",113.5,2022-06-13,1.555,72.99,WorthPoint
nwa-lunar-meteorite,"Meteorite**NWA 11237, Lunar Felds. Breccia**2.488 Gram, Gorgeous Unique Slice!!",113.5,2022-06-13,2.488,45.62,WorthPoint
nwa-lunar-meteorite,NWA 13509 LL4-6 Chondrite Meteorite 26.7 Grams Windowed With Black Fusion Crust,62,2022-06-13,26.7,2.32,WorthPoint
nwa-lunar-meteorite,.367 Grams 11mm NWA 11788 Lunar Meteorite (feldspathic Breccia) Comes With A COA,35,2022-06-12,367,0.1,WorthPoint
nwa-lunar-meteorite,NWA 12518 LL3 Primitive Chondrite Meteorite 16.9g End Cut Many Chondrules,25.99,2022-06-12,16.9,1.54,WorthPoint
nwa-lunar-meteorite,.394 Grams 7mm NWA 13974 Lunar Fragment Moon Meteorite Feldsp. Breccia With COA,29.99,2022-06-11,394,0.08,WorthPoint
nwa-lunar-meteorite,Meteorite NWA 14358 Achondrite Lunar - G731-0112 - 0.20g - Feldspathic Breccia,9.95,2022-06-10,0.2,49.75,WorthPoint
nwa-lunar-meteorite,NWA 14143 L5 Monomict Breccia Chondrite Meteorite 18.7 Gram Desert Polished Frag,9.59,2022-06-10,18.7,0.51,WorthPoint
nwa-lunar-meteorite,NWA 13297 LL3 Chondrite Meteorite 3.4g Flat Spalled Desert Polished Tablet,11.5,2022-06-10,3.4,3.38,WorthPoint
nwa-lunar-meteorite,NWA 6080 LL4 Chondrite Meteorite 12.9 Gram Part Slice,6.51,2022-06-10,12.9,0.5,WorthPoint
nwa-lunar-meteorite,NWA 14133 H5 Chondrite Meteorite 23.7g Slice With Unusual Number Of Chondrules,9.5,2022-06-09,23.7,0.4,WorthPoint
nwa-lunar-meteorite,"Meteorite**NWA 11237, Lunar Felds. Breccia**5.089 Gram, Gorgeous Unique Endcut!!",499.99,2022-06-09,5.089,98.25,WorthPoint
nwa-lunar-meteorite,NWA 13951 Lunar 0.48g 'Starry Night' Feldspathic Breccia Moon Rock,41,2022-06-09,0.48,85.42,WorthPoint
nwa-lunar-meteorite,NWA 11788 2.45g Part Slice Of Lunar Feldspathic Breccia Meteorite,129,2022-06-09,2.45,52.65,WorthPoint
nwa-lunar-meteorite,.018 Grams 4x2x1mm NWA 6950 LUNAR GABBRO METEORITE A Plastic Gem Case W/COA,9.99,2022-06-07,18,0.56,WorthPoint
nwa-lunar-meteorite,"Meteorite**NWA 14526; LUNAR MARE BASALT**0.861 Gram Individual, FRONT-SIDE MOON!",183.5,2022-06-06,0.861,213.12,WorthPoint
nwa-lunar-meteorite,"Meteorite**NWA 14188; Lunar Mare Basaltic Breccia**0.256 Grams, Front-side Moon!",58.75,2022-06-06,0.256,229.49,WorthPoint
nwa-lunar-meteorite,"Meteorite**NWA 13788, NEW LUNAR IMPACT MELT BRECCIA**0.930 Gram, BLACK LUNAR!!!",33,2022-06-06,0.93,35.48,WorthPoint
nwa-lunar-meteorite,"Meteorite**NWA 13992, Polymict Frag. Lunar Breccia**2.436 Grams. LOW SUPPLY!!!",84,2022-06-06,2.436,34.48,WorthPoint
nwa-lunar-meteorite,"Meteorite**NWA 11237, Lunar Felds. Breccia**0.601 Gram, Gorgeous Unique Slice!!",36,2022-06-06,0.601,59.9,WorthPoint
nwa-lunar-meteorite,1.36 Grams 15x9x7mm NWA 11273 Lunar Moon Meteorite Fragment With A COA,105,2022-06-05,1.36,77.21,WorthPoint
nwa-lunar-meteorite,.927 Grams 12mm NWA 11273 Lunar Moon Meteorite Fragment With A COA,69.99,2022-06-05,927,0.08,WorthPoint
nwa-lunar-meteorite,".949 Gram 14x10x3mm NWA 13951 ""starry Night"" Lunar Meteorite Feldspathic Breccia",94,2022-06-05,949,0.1,WorthPoint
nwa-lunar-meteorite,".431 Grams 11x9x3mm NWA 13951 ""starry Night"" Lunar Meteorite Feldspathic Breccia",42.99,2022-06-05,431,0.1,WorthPoint
nwa-lunar-meteorite,.525 Grams 14mm NWA 11182 Lunar Moon Slice Meteorite Feldsp. Breccia With COA,43.99,2022-06-05,525,0.08,WorthPoint
nwa-lunar-meteorite,"Meteorite: NWA 13951 ""Starry Night"" Lunar Polished Slice Frag 23.75 Grams + COA",610,2022-06-04,23.75,25.68,WorthPoint
nwa-lunar-meteorite,NWA 13951 Lunar 2.02g 'Starry Night' Feldspathic Breccia Moon Rock,152.5,2022-06-04,2.02,75.5,WorthPoint
nwa-lunar-meteorite,NWA 13951 Lunar 0.59g 'Starry Night' Feldspathic Breccia Moon Rock,50,2022-06-04,0.59,84.75,WorthPoint
nwa-lunar-meteorite,Lunar (moon) Meteorite Nwa 11273,22,2022-06-03,,,WorthPoint
nwa-lunar-meteorite,"Meteorite**NWA 13788, NEW LUNAR MELT BRECCIA**27.847 Gram, VERY RARE 1of 5 Ever!",1599.99,2022-06-02,27.847,57.46,WorthPoint
nwa-lunar-meteorite,NWA 11266 Lunar Feldspathic Regolith Breccia Meteorite 4.7 Gram Fragment,143.51,2022-06-02,4.7,30.53,WorthPoint
nwa-lunar-meteorite,NWA 14147 R3-4 Rumuruti Chondrite Meteorite 14.8 Gram Part Slice,93,2022-06-02,14.8,6.28,WorthPoint
nwa-lunar-meteorite,LUNAR METEORITE / MOON ROCK - NWA 11788 W/COA - Feldspathic Breccia - Mali 2017,36,2022-06-01,,,WorthPoint
nwa-lunar-meteorite,Meteorite NWA 14358 Achondrite Lunar - G731-0111 - 0.27g - Feldspathic Breccia,9.5,2022-06-01,0.27,35.19,WorthPoint
nwa-lunar-meteorite,Meteorite NWA 14358 Achondrite Lunar - G731-0089 - 0.19g - Feldspathic Breccia,8.5,2022-06-01,0.19,44.74,WorthPoint
nwa-lunar-meteorite,CM2 Meteorite - Sme Ra 001 - 7.6g / New CM2 Find! (1062c),435,2022-05-30,7.6,57.24,WorthPoint
nwa-lunar-meteorite,2 Micro Samples NWA 6950 LUNAR GABBRO METEORITE In A Glass Top Plastic Case,5.99,2022-05-28,,,WorthPoint
nwa-lunar-meteorite,NWA 11788 1.64g Part Slice Of Lunar Feldspathic Breccia Meteorite,85,2022-05-28,1.64,51.83,WorthPoint
nwa-lunar-meteorite,.976 Gram Nwa 5000 Lunar Meteorite Ex Hupe Collection,400,2022-05-28,976,0.41,WorthPoint
nwa-lunar-meteorite,.654 Gram Nwa 5000 Lunar Meteorite Ex Hupe Collection,250,2022-05-28,654,0.38,WorthPoint
nwa-lunar-meteorite,NWA 12518 LL3 Primitive Chondrite Meteorite 2.8g Part Slice Many Chondrules,17.5,2022-05-26,2.8,6.25,WorthPoint
nwa-lunar-meteorite,NWA 14143 L5 Monomict Breccia Chondrite Meteorite 12.7 Gram Desert Polished Frag,12.5,2022-05-26,12.7,0.98,WorthPoint
nwa-lunar-meteorite,NWA 14133 H5 Chondrite Meteorite 15.4g Slice With Unusual Number Of Chondrules,8.5,2022-05-26,15.4,0.55,WorthPoint
nwa-lunar-meteorite,"1.03 Gram 16x14x2mm NWA 13951 ""starry Night"" Lunar Meteorite Feldspathic Breccia",99,2022-05-26,1.03,96.12,WorthPoint
nwa-lunar-meteorite,Meteorite NWA 14358 Achondrite Lunar - G731-0048 - 0.54g PAYING ATTENTION? LOL,10.5,2022-05-24,0.54,19.44,WorthPoint
nwa-lunar-meteorite,"Meteorite**NWA 13788, NEW LUNAR IMPACT MELT BRECCIA**3.998 Gram Endcut, RARE!",349.99,2022-05-23,3.998,87.54,WorthPoint
nwa-lunar-meteorite,.310 Gram Nwa 5000 Lunar Meteorite Ex Hupe Collection,120,2022-05-23,310,0.39,WorthPoint
nwa-lunar-meteorite,Official Lunar Meteorite NWA 13621 Partially Hydrothermaly Altered .07 Grams,7.89,2022-05-23,7,1.13,WorthPoint
nwa-lunar-meteorite,"Meteorite**NWA 14900; LUNAR FRAGMENTAL BRECCIA**1.001 Gram, W/Dunite Clasts!!!",82,2022-05-23,1.001,81.92,WorthPoint
nwa-lunar-meteorite,"Meteorite**NWA 11237, Lunar Felds. Breccia**3.674 Gram, Gorgeous Individual!!!",61.01,2022-05-23,3.674,16.61,WorthPoint
nwa-lunar-meteorite,"Meteorite**NWA 14900; LUNAR FRAGMENTAL BRECCIA**2.434 Gram, W/Dunite Clasts!!!",117.5,2022-05-23,2.434,48.27,WorthPoint
nwa-lunar-meteorite,"Meteorite**NWA 11237, Lunar Felds. Breccia**2.258 Gram, Gorgeous Unique Slice!!",102.5,2022-05-23,2.258,45.39,WorthPoint
nwa-lunar-meteorite,"Meteorite**NWA 14526; LUNAR MARE BASALT**0.393 Gram Fragment, FRONT-SIDE MOON!",51,2022-05-23,0.393,129.77,WorthPoint
nwa-lunar-meteorite,"Own The MOON! NWA 13951, 2.56g ""starry Night"" Lunar Meteorite. Mirror Polish!",100,2022-05-23,2.56,39.06,WorthPoint
nwa-lunar-meteorite,"Own The MOON! NWA 13951, 14.1g ""starry Night"" Lunar Meteorite. Mirror Polish!",455,2022-05-23,14.1,32.27,WorthPoint
nwa-lunar-meteorite,"NWA Lunar Breccia Meteorite 8.5g, Slice Of MOON! Super Colors! Class Pending",255,2022-05-23,8.5,30,WorthPoint
nwa-lunar-meteorite,"NEW!! RARE!! NWA 8743 Eucrite, Melt Breccia, 2.40 Grams Part Polished Slice",5.5,2022-05-22,2.4,2.29,WorthPoint
nwa-lunar-meteorite,3.80 G NWA 11182 Lunar (Moon) Meteorite Slice (feldsp. Breccia) Found In Africa,450,2022-05-22,3.8,118.42,WorthPoint
nwa-lunar-meteorite,Lunar-like NWA 4664 DIOGENITE(pm) - (3) Meteorite Part Slices Totals - 0.82 G,17,2022-05-20,0.82,20.73,WorthPoint
nwa-lunar-meteorite,20.45 G Slice Of The MOON! NWA 14685 Lunar Meteorite. Packed With White Clasts!,1200,2022-05-20,20.45,58.68,WorthPoint
nwa-lunar-meteorite,.291 Grams 11x8x3mm NWA 11421 Lunar Moon Meteorite As Found With C.O.A.,24.99,2022-05-19,291,0.09,WorthPoint
nwa-lunar-meteorite,".5g MOON DUST MIX From 3 Different Lunar Classifications NWA 10986, 11788, 13992",35.99,2022-05-18,5,7.2,WorthPoint
nwa-lunar-meteorite,NWA 13951 & Gadamis 003 Apollo Lunar Moon Meteorite Cutting Dust 1 Gram With COA,49.95,2022-05-18,1,49.95,WorthPoint
nwa-lunar-meteorite,"Meteorite NWA 11228, Lunar Felds. Breccia** .5 Gram, Gorgeous Unique End Cut!",50,2022-05-18,5,10,WorthPoint
nwa-lunar-meteorite,"Meteorite**NWA 14137, LUNAR MARE BASALT**0.311 Grams, RAREST, NEARSIDE OF MOON!!",599.99,2022-05-17,0.311,1929.23,WorthPoint
nwa-lunar-meteorite,Meteorite: Lunar Feldspathic Breccia NWA 12826 Fragment Of 0.6 Grams #365,36,2022-05-17,0.6,60,WorthPoint
nwa-lunar-meteorite,NWA 11788 0.83g Fragment Of Lunar Feldspathic Breccia Meteorite,43,2022-05-17,0.83,51.81,WorthPoint
nwa-lunar-meteorite,.412 Gram Nwa 5000 Lunar Meteorite Ex Hupe Collection,110,2022-05-16,412,0.27,WorthPoint
nwa-lunar-meteorite,"Meteorite**NWA 11237, Lunar Felds. Breccia**1.178 Gram, Gorgeous Unique Slice!!",81,2022-05-16,1.178,68.76,WorthPoint
nwa-lunar-meteorite,"Meteorite**NWA 11228, Lunar Felds. Breccia**0.387 Gram, Gorgeous Unique Slice!",23.5,2022-05-16,0.387,60.72,WorthPoint
nwa-lunar-meteorite,"Meteorite**NWA 13788, NEW LUNAR IMPACT MELT BRECCIA**1.723 Gram Slice, RARE!",79.5,2022-05-16,1.723,46.14,WorthPoint
nwa-lunar-meteorite,"NWA Lunar Breccia Meteorite 32g, Slice Of MOON! Super Colors! Class Pending",890,2022-05-16,32,27.81,WorthPoint
nwa-lunar-meteorite,"1.78 Grams 18x10x9mm NWA 11303 Lunar Moon Meteorite W/ Sanded, Polished, Window",165,2022-05-15,1.78,92.7,WorthPoint
nwa-lunar-meteorite,NWA 11788 1.77g Part Slice Of Lunar Feldspathic Breccia Meteorite,71,2022-05-14,1.77,40.11,WorthPoint
nwa-lunar-meteorite,Meteorite NWA 14358 Achondrite Lunar - G731-0088 - 0.16g - Feldspathic Breccia,15.95,2022-05-13,0.16,99.69,WorthPoint
nwa-lunar-meteorite,#8 MOON LUNAR METEORITE - 27.93 Grams - Feldspathic Breccia - NWA 11828,1150,2022-05-11,27.93,41.17,WorthPoint
nwa-lunar-meteorite,"Meteorite**NWA 13992, Polymict Frag. Lunar Breccia**5.294 Gram Slice, 1 Of 9!!!!",499.99,2022-05-11,5.294,94.44,WorthPoint
nwa-lunar-meteorite,NWA 14147 R3-4 Rumuruti Chondrite Meteorite 10g Part Slice With Rim Of Crust,99,2022-05-11,10,9.9,WorthPoint
nwa-lunar-meteorite,NWA 11266 Lunar Feldspathic Regolith Breccia Meteorite 2.9 Gram Fragment,69,2022-05-10,2.9,23.79,WorthPoint
nwa-lunar-meteorite,NWA 14143 L5 Monomict Breccia Chondrite Meteorite 32.5 Gram Desert Polished Frag,12,2022-05-10,32.5,0.37,WorthPoint
nwa-lunar-meteorite,NWA 14133 H5 Chondrite Meteorite 23.5g Slice With Unusual Number Of Chondrules,17.05,2022-05-10,23.5,0.73,WorthPoint
nwa-lunar-meteorite,.109 Grams 7mm NWA 11303 Lunar Feldspathic Breccia Meteorite With A COA,11.99,2022-05-10,109,0.11,WorthPoint
nwa-lunar-meteorite,.311 Gram 17x6x2mm NWA 11898 Lunar Slice Moon Meteorite Feldspathic Breccia COA,23.99,2022-05-10,311,0.08,WorthPoint
nwa-lunar-meteorite,".263 Grams 10x6x2mm NWA 13951 ""starry Night"" Lunar Meteorite Feldspathic Breccia",23.99,2022-05-10,263,0.09,WorthPoint
nwa-lunar-meteorite,NWA 12518 LL3 Primitive Chondrite Meteorite 3.7g Part Slice Many Chondrules,12,2022-05-09,3.7,3.24,WorthPoint
nwa-lunar-meteorite,10 Grams 60x39x2mm NWA 14577 Lunar Slice (fragmental Breccia) Meteorite With COA,639,2022-05-09,10,63.9,WorthPoint
nwa-lunar-meteorite,Stony Meteorite Lot,91,2022-05-08,,,WorthPoint
nwa-lunar-meteorite,.077 Grams 5mm NWA 11303 Lunar Feldspathic Breccia Meteorite With A COA,9.99,2022-05-07,77,0.13,WorthPoint
nwa-lunar-meteorite,Lunar-like NWA 4664 DIOGENITE(pm) Meteorite Part End Cut - 3.3 G,55,2022-05-06,3.3,16.67,WorthPoint
nwa-lunar-meteorite,5.57 G NWA 11182 Lunar (Moon) Meteorite Endcut (feldsp. Breccia) Found In Africa,445.6,2022-05-05,5.57,80,WorthPoint
nwa-lunar-meteorite,.179 Grams 13mm NWA 11182 Lunar Moon Slice Meteorite Feldsp. Breccia With COA,13.99,2022-05-05,179,0.08,WorthPoint
nwa-lunar-meteorite,Meteorite NWA 14358 Achondrite Lunar - G731-0090 - 0.24g - Feldspathic Breccia,23.95,2022-05-05,0.24,99.79,WorthPoint
nwa-lunar-meteorite,Lunar Meteorite NWA 13964 Fresh New Find 2021! - .21 Grams Feldspathic Breccia,21,2022-05-05,21,1,WorthPoint
nwa-lunar-meteorite,NWA 6550 Official Meteorite - LL3.7 Type 3 Chondrite - G065-0206 - 1.60g W/COA,9.5,2022-05-04,1.6,5.94,WorthPoint
nwa-lunar-meteorite,.506 Grams 10x9x2mm NWA 11182 Lunar Moon Meteorite (feldsp. Breccia) With COA,37.99,2022-05-03,506,0.08,WorthPoint
nwa-lunar-meteorite,Meteorite NWA 14358 Achondrite Lunar - G731-0085 - 0.15g - Feldspathic Breccia,20.5,2022-05-02,0.15,136.67,WorthPoint
nwa-lunar-meteorite,"Own The MOON! NWA 13951, 2.95g ""starry Night"" Lunar Meteorite. Mirror Polish!",167.5,2022-05-02,2.95,56.78,WorthPoint
nwa-lunar-meteorite,"NWA 11182, Lunar Breccia Meteorite 16.0g, Slice Of MOON! Super Colors! Polished",536.69,2022-05-02,16,33.54,WorthPoint
nwa-lunar-meteorite,"NEW!! RARE!! NWA 8743 Eucrite, Melt Breccia, 2.36 Grams Part Polished Slice",6,2022-05-01,2.36,2.54,WorthPoint
nwa-lunar-meteorite,"LUNAR Highlands Meteorite NWA 5000, VERY RARE Feldspathic Breccia Specimen 456mg",186,2022-05-01,,,WorthPoint
nwa-lunar-meteorite,"Meteorite: NWA 13951 ""Starry Night"" Lunar Polished Slice 12.26 Grams + COA",310,2022-04-30,12.26,25.29,WorthPoint
nwa-lunar-meteorite,NWA 11788 3.18g Part Slice Of Lunar Feldspathic Breccia Meteorite,125,2022-04-30,3.18,39.31,WorthPoint
nwa-lunar-meteorite,"Meteorite**NWA 11237, Lunar Felds. Breccia**0.475 Gram, Gorgeous Unique Slice!!",49.99,2022-04-30,0.475,105.24,WorthPoint
nwa-lunar-meteorite,NWA 11182 Lunar 0.38g Feldspathic Breccia Slice Of The Moon,25,2022-04-28,0.38,65.79,WorthPoint
nwa-lunar-meteorite,Lunar Meteorite NWA 10986 Highland Impact Melt Breccia .28 Grams Tkw. 108 Grams!,28,2022-04-28,28,1,WorthPoint
nwa-lunar-meteorite,"Meteorite: NWA 13951 ""Starry Night"" Lunar Polished Slice 7.86 Grams + COA",233.5,2022-04-27,7.86,29.71,WorthPoint
nwa-lunar-meteorite,Meteorite: NWA 14685 Polished Sliced Lunar 1.96 Grams,102.5,2022-04-27,1.96,52.3,WorthPoint
nwa-lunar-meteorite,NWA 8559 Achondrite Howardite Meteorite - G586-0180 - 4.77g W/COA - Part Slice,95.95,2022-04-26,4.77,20.12,WorthPoint
nwa-lunar-meteorite,"Meteorite**NWA 11237, Lunar Felds. Breccia**1.261 Gram, Gorgeous Unique Slice!!",61,2022-04-26,1.261,48.37,WorthPoint
nwa-lunar-meteorite,"Meteorite**NWA 13788, NEW LUNAR IMPACT MELT BRECCIA**1.878 Gram,Beautiful Slice!",91,2022-04-26,1.878,48.46,WorthPoint
nwa-lunar-meteorite,"Meteorite**NWA 13408, Lunar Felds. Breccia**0.347 Grams, RARE GOLDEN LUNAR!!!",29.99,2022-04-26,0.347,86.43,WorthPoint
nwa-lunar-meteorite,"Meteorite**NWA 13992, Polymict Frag. Lunar Breccia**0.390 Gram Slice, 1 Of 9!!!!",16.75,2022-04-26,0.39,42.95,WorthPoint
nwa-lunar-meteorite,"Meteorite**NWA 14526; LUNAR MARE BASALT**0.292 Gram Fragment, FRONT-SIDE MOON!",91,2022-04-26,0.292,311.64,WorthPoint
nwa-lunar-meteorite,"Meteorite**NWA 6950; LUNAR GABBRO**0.592 Gram Slice, Extremely Rare Lunar!!!",94,2022-04-26,0.592,158.78,WorthPoint
nwa-lunar-meteorite,"Meteorite: NWA 13951 ""Starry Night"" Lunar Polished Slice 3.42 Grams + COA",140.5,2022-04-25,3.42,41.08,WorthPoint
nwa-lunar-meteorite,Meteorite NWA 14358 Achondrite Lunar - G731-0084 - 0.19g - Feldspathic Breccia,18.95,2022-04-24,0.19,99.74,WorthPoint
nwa-lunar-meteorite,"Meteorite**NWA 11228, Lunar Felds. Breccia**0.714 Gram, Gorgeous Unique Endcut!!",79.99,2022-04-24,0.714,112.03,WorthPoint
nwa-lunar-meteorite,NWA 11182 Lunar 0.83g Feldspathic Breccia Slice Of The Moon,55,2022-04-24,0.83,66.27,WorthPoint
nwa-lunar-meteorite,Meteorite NWA 14358 Achondrite Lunar - G731-0086 - 0.14g - Feldspathic Breccia,13.95,2022-04-24,0.14,99.64,WorthPoint
nwa-lunar-meteorite,NWA 11182 Lunar 0.35g Feldspathic Breccia Slice Of The Moon,18,2022-04-23,0.35,51.43,WorthPoint
nwa-lunar-meteorite,HED Achondrite Diogenite-pm NWA 13032 2.6g (#1008j),10,2022-04-21,2.6,3.85,WorthPoint
nwa-lunar-meteorite,NWA 11182 Lunar 0.70g Feldspathic Breccia Slice Of The Moon,46,2022-04-20,0.7,65.71,WorthPoint
nwa-lunar-meteorite,NWA 11182 Lunar 1.17g Slice W/ Nice Plagioclase Nugget,77,2022-04-20,1.17,65.81,WorthPoint
nwa-lunar-meteorite,.266 Grams 12mm NWA 11303 Lunar Feldspathic Breccia Meteorite Fragment + COA,25,2022-04-20,266,0.09,WorthPoint
nwa-lunar-meteorite,NWA 11201 Official Meteorite LL4-S3-W2 Chondrite - G682-0009 - 21.87g COA - End,99.95,2022-04-18,21.87,4.57,WorthPoint
nwa-lunar-meteorite,NWA 11201 Official Meteorite LL4-S3-W2 Chondrite - G682-0011 - 5.73g COA - Frag,49.95,2022-04-18,5.73,8.72,WorthPoint
nwa-lunar-meteorite,"RARE ""APOLLO"" NWA 14729 Lunar Meteorite 13.75g Anorthosite/Troctolite Melt",898,2022-04-18,13.75,65.31,WorthPoint
nwa-lunar-meteorite,"NWA 13951, ""starry Night"" With Teardrop Lunar Meteorite, 34.5g Full Slice",1250,2022-04-18,34.5,36.23,WorthPoint
nwa-lunar-meteorite,Meteorite: NWA 14576 Sliced & Polished Lunar 13.22 Grams NO RESERVE!,610,2022-04-17,13.22,46.14,WorthPoint
nwa-lunar-meteorite,NWA 8277 Lunar Mingled Breccia Meteorite (Purchased From Big Kahuna Meteorites),200,2022-04-17,,,WorthPoint
nwa-lunar-meteorite,Meteorite NWA 14358 Achondrite Lunar - G731-0097 - Micro - Feldspathic Breccia,5.13,2022-04-16,,,WorthPoint
nwa-lunar-meteorite,NWA 11182 Lunar 2.77g Feldspathic Breccia Slice Of The Moon,139,2022-04-16,2.77,50.18,WorthPoint
nwa-lunar-meteorite,NWA 11182 Lunar 0.60g Slice W/ Nice Plagioclase Nugget,30,2022-04-16,0.6,50,WorthPoint
nwa-lunar-meteorite,"Meteorite**NWA 11237, Lunar Felds. Breccia**1.000 Gram, Gorgeous Unique Slice!!",99.99,2022-04-16,1,99.99,WorthPoint
nwa-lunar-meteorite,Meteorite NWA 14358 Achondrite Lunar - G731-0096 - Micro - Feldspathic Breccia,5.09,2022-04-16,,,WorthPoint
nwa-lunar-meteorite,Meteorite NWA 10901 Achondrite Lunar Polymict Felds/Breccia - G676-0085 - Micro,5,2022-04-16,,,WorthPoint
nwa-lunar-meteorite,Meteorite NWA 14358 Achondrite Lunar - G731-0087 - 0.17g - Feldspathic Breccia,28.21,2022-04-15,0.17,165.94,WorthPoint
nwa-lunar-meteorite,Lunar Meteorite NWA 10986 Highland Impact Melt Breccia .05 Grams Tkw. 108 Grams!,7.99,2022-04-15,5,1.6,WorthPoint
nwa-lunar-meteorite,"NEWEST!!! RARE NWA 8118 LODRANITE METEORITE, SLICE, 10.45 Gr",313.49,2022-04-14,10.45,30,WorthPoint
nwa-lunar-meteorite,5.17 Grams 47x27x2mm NWA 11182 Lunar Moon Meteorite (feldsp. Breccia) With COA,259.99,2022-04-14,5.17,50.29,WorthPoint
nwa-lunar-meteorite,NWA 8559 Achondrite Howardite Meteorite - G586-0167 - 0.71g W/COA - Part Slice,13.95,2022-04-14,0.71,19.65,WorthPoint
nwa-lunar-meteorite,#51 MOON LUNAR METEORITE - 1.52 Grams - Feldspathic Breccia - NWA 11828,76,2022-04-12,1.52,50,WorthPoint
nwa-lunar-meteorite,8.0 G NWA 11474 Lunar (Moon) Meteorite Specimen (feldsp. Breccia) From Africa,559.3,2022-04-11,8,69.91,WorthPoint
nwa-lunar-meteorite,#81 MOON LUNAR METEORITE - 1.21 Grams - Feldspathic Breccia - NWA 11828,32,2022-04-11,1.21,26.45,WorthPoint
nwa-lunar-meteorite,"Meteorite**NWA 11237, Lunar Felds. Breccia**3.256 Gram, Gorgeous Unique Endcut!!",299,2022-04-11,3.256,91.83,WorthPoint
nwa-lunar-meteorite,#52 MOON LUNAR METEORITE - 1.67 Grams - Feldspathic Breccia - NWA 11828,83.5,2022-04-11,1.67,50,WorthPoint
nwa-lunar-meteorite,.44 Gram - NWA 11788 LUNAR Meteorite (feldspathic Breccia) 2017 Mali Find,31.5,2022-04-11,44,0.72,WorthPoint
nwa-lunar-meteorite,Meteorite NWA 14358 Achondrite Lunar - G731-0091 - Micro - Feldspathic Breccia,6.61,2022-04-10,,,WorthPoint
nwa-lunar-meteorite,Meteorite NWA 14358 Achondrite Lunar - G731-0083 - 0.15g - Feldspathic Breccia,20,2022-04-08,0.15,133.33,WorthPoint
nwa-lunar-meteorite,2.12 Grams 20x15x3mm NWA 11273 Lunar Moon Meteorite Full Slice With A COA,169,2022-04-08,2.12,79.72,WorthPoint
nwa-lunar-meteorite,Meteorite NWA 14358 Achondrite Lunar - G731-0082 - 0.13g - Feldspathic Breccia,16.6,2022-04-08,0.13,127.69,WorthPoint
nwa-lunar-meteorite,Authentic Moon Rock Lunar Meteorite NWA 13408 2x2 Display Case 50 Mg. Fragment,7.99,2022-04-07,,,WorthPoint
nwa-lunar-meteorite,"Meteorite**NWA 13788, NEW LUNAR IMPACT MELT BRECCIA**1.949 Gram Slice, RARE!",104.5,2022-04-06,1.949,53.62,WorthPoint
nwa-lunar-meteorite,"Meteorite**NWA 11237, Lunar Felds. Breccia**0.841 Gram, Gorgeous Unique Endcut!!",77.55,2022-04-06,0.841,92.21,WorthPoint
nwa-lunar-meteorite,"Meteorite**NWA 14526; LUNAR MARE BASALT**0.205 Gram Fragment, FRONT-SIDE MOON!",82.1,2022-04-06,0.205,400.49,WorthPoint
nwa-lunar-meteorite,NWA 11182 Lunar 0.45g Feldspathic Breccia Slice Of The Moon,30,2022-04-05,0.45,66.67,WorthPoint
nwa-lunar-meteorite,.345 Grams 10mm NWA 11182 Lunar As Found Moon Meteorite Feldsp. Breccia With COA,31.99,2022-04-05,345,0.09,WorthPoint
nwa-lunar-meteorite,#80 MOON LUNAR METEORITE - 1.14 Grams - Feldspathic Breccia - NWA 11828,50,2022-04-04,1.14,43.86,WorthPoint
nwa-lunar-meteorite,"Meteorite**NWA 11237, Lunar Felds. Breccia**1.148 Gram, Gorgeous Unique Slice!!",59.67,2022-04-04,1.148,51.98,WorthPoint
nwa-lunar-meteorite,NWA 11182 Lunar 0.79g Slice W/ Nice Plagioclase Nugget,52,2022-04-03,0.79,65.82,WorthPoint
nwa-lunar-meteorite,"Meteorite**NWA 14526; LUNAR MARE BASALT**0.186 Gram Fragment, FRONT-SIDE MOON!",299.99,2022-04-03,0.186,1612.85,WorthPoint
nwa-lunar-meteorite,.116 Grams 5x3x3mm NWA 10644 Lunar Feldspathic Breccia Meteorite Fragment W/ COA,25,2022-04-02,116,0.22,WorthPoint
nwa-lunar-meteorite,4.12 Grams 30x24x3mm NWA Xxxxx Lunar Full Slice Meteorite Pending Classification,269,2022-04-02,4.12,65.29,WorthPoint
nwa-lunar-meteorite,.384 Grams 8mm NWA 11788 Lunar Meteorite (feldspathic Breccia) Comes With A COA,34.99,2022-04-02,384,0.09,WorthPoint
nwa-lunar-meteorite,Meteorite: Polished Lunar Slice 37.5 Grams NWA 14686 + COA,1493.67,2022-04-01,37.5,39.83,WorthPoint
nwa-lunar-meteorite,Beautiful Achondrite Eucrite Breccia NWA XXXX- 7.1g Full Slice,35.5,2022-03-30,7.1,5,WorthPoint
nwa-lunar-meteorite,Meteorite: Polished Lunar Slice 34.34 Grams NWA 14686 + COA,832,2022-03-28,34.34,24.23,WorthPoint
nwa-lunar-meteorite,"Meteorite**NWA 6950; LUNAR GABBRO**0.302 Gram Slice, Extremely Rare Lunar!!!",31,2022-03-28,0.302,102.65,WorthPoint
nwa-lunar-meteorite,"Meteorite**NWA 13907 Lunar Ferroan Anorthosite**0.885 Gram, LUNAR HIGHLANDS!!!",19.05,2022-03-28,0.885,21.53,WorthPoint
nwa-lunar-meteorite,"Meteorite**NWA 11228, Lunar Felds. Breccia**1.041 Gram, Gorgeous Unique Endcut!!",41,2022-03-28,1.041,39.39,WorthPoint
nwa-lunar-meteorite,"Meteorite**NWA 11237, Lunar Felds. Breccia**0.864 Gram, Gorgeous Unique Slice!!",68,2022-03-28,0.864,78.7,WorthPoint
nwa-lunar-meteorite,"Meteorite**NWA 14526; LUNAR MARE BASALT**0.458 Gram Individual, FRONT-SIDE MOON!",155.5,2022-03-28,0.458,339.52,WorthPoint
nwa-lunar-meteorite,"Meteorite**NWA 11237, Lunar Felds. Breccia**1.402 Gram, Gorgeous Unique Slice!!",77.66,2022-03-28,1.402,55.39,WorthPoint
nwa-lunar-meteorite,"Meteorite**NWA 11228, Lunar Felds. Breccia**0.854 Gram, Gorgeous Unique Endcut!!",21.5,2022-03-28,0.854,25.18,WorthPoint
nwa-lunar-meteorite,"NWA 11182, Lunar Breccia Meteorite 22.9g, Slice Of MOON! Super Colors! Polished",811.01,2022-03-28,22.9,35.42,WorthPoint
nwa-lunar-meteorite,"Own The MOON! NWA 13951, ""starry Night"" Lunar Meteorite, 18.85g Full Slice",1288,2022-03-28,18.85,68.33,WorthPoint
nwa-lunar-meteorite,Authentic Moon Rock Lunar Meteorite NWA 13621 - 50 Mg. In 2x2 Clear Case,8.05,2022-03-28,,,WorthPoint
nwa-lunar-meteorite,Meteorite: Polished Lunar Slice 1.76 Grams NWA 14686 + COA,86.67,2022-03-26,1.76,49.24,WorthPoint
nwa-lunar-meteorite,NWA 7329 Achondrite Howardite-W1 Meteorite - G195-0006 - 3.71g COA - Flow Lines,199.95,2022-03-26,3.71,53.89,WorthPoint
nwa-lunar-meteorite,NWA 13788 Lunar Meteorite,6000,2022-03-25,,,WorthPoint
nwa-lunar-meteorite,NWA 11273 Lunar Meteorite End Cut,52500,2022-03-25,,,WorthPoint
nwa-lunar-meteorite,38.4 G NWA 11182 Lunar (Moon) Meteorite Slice (feldsp. Breccia) Found In Africa,1560,2022-03-25,38.4,40.63,WorthPoint
nwa-lunar-meteorite,"Meteorite**NWA 11228, Lunar Felds. Breccia**0.997 Gram, Gorgeous Unique Endcut!!",89,2022-03-25,0.997,89.27,WorthPoint
nwa-lunar-meteorite,".678 Grams 16x9x2mm NWA 13951 ""starry Night"" Lunar Meteorite Feldspathic Breccia",68,2022-03-24,678,0.1,WorthPoint
nwa-lunar-meteorite,1.28 Grams 19x18x2mm NWA 11182 Lunar Slice Meteorite Feldsp. Breccia With COA,79.99,2022-03-24,1.28,62.49,WorthPoint
nwa-lunar-meteorite,.465 Grams 9mm NWA 11273 Lunar Moon Meteorite Fragment With A COA,42,2022-03-24,465,0.09,WorthPoint
nwa-lunar-meteorite,Meteorite NWA 6950 Achondrite Lunar Gabbro - ALG-0146 - 0.01g W/COA - 1 Of 11,9.95,2022-03-23,,,WorthPoint
nwa-lunar-meteorite,HED Achondrite Diogenite-pm NWA 13032 26g (#1008g) BEAUTIFUL SLICE!!,99,2022-03-23,26,3.81,WorthPoint
nwa-lunar-meteorite,.324 Grams 7mm NWA 11273 Lunar Moon Meteorite Fragment With A COA,30,2022-03-21,324,0.09,WorthPoint
nwa-lunar-meteorite,0.994 Grams About 12x12mm NWA 11303 Lunar Moon Northwest Africa Meteorite,84.95,2022-03-21,0.994,85.46,WorthPoint
nwa-lunar-meteorite,"Meteorite**NWA 11228, Lunar Felds. Breccia**0.534 Gram, Gorgeous Unique Endcut!!",29,2022-03-21,0.534,54.31,WorthPoint
nwa-lunar-meteorite,"Meteorite**NWA 13992, Polymict Frag. Lunar Breccia**2.069 Grams. LOW SUPPLY!!!",70,2022-03-21,2.069,33.83,WorthPoint
nwa-lunar-meteorite,LUNAR METEORITE / MOON ROCK - NWA 11182 W/COA - Feldspathic Breccia Africa 2017,69,2022-03-20,,,WorthPoint
nwa-lunar-meteorite,NWA 11182 Lunar 1.47g Feldspathic Breccia Slice Of The Moon,75,2022-03-19,1.47,51.02,WorthPoint
nwa-lunar-meteorite,NWA 11182 Lunar 0.63g Feldspathic Breccia Slice Of The Moon,33,2022-03-19,0.63,52.38,WorthPoint
nwa-lunar-meteorite,.518 Grams 14mm NWA 11182 Lunar As Found Moon Meteorite Feldsp. Breccia With COA,49.99,2022-03-16,518,0.1,WorthPoint
nwa-lunar-meteorite,14.2g Polymict Fragmental Lunar Breccia -NWA 13989 - Colored Clasts! IMCA #3950,1345,2022-03-15,14.2,94.72,WorthPoint
nwa-lunar-meteorite,.170 Grams 6mm NWA 13974 Lunar Fragment Moon Meteorite Feldsp. Breccia With COA,17.99,2022-03-14,170,0.11,WorthPoint
nwa-lunar-meteorite,.097 Grams 5mm NWA 13974 Lunar Fragment Moon Meteorite Feldsp. Breccia With COA,9.99,2022-03-14,97,0.1,WorthPoint
nwa-lunar-meteorite,.384 Grams 12x9x2mm NWA 11182 Lunar Moon Meteorite (feldsp. Breccia) With COA,24.99,2022-03-14,384,0.07,WorthPoint
nwa-lunar-meteorite,"NWA 14526 Lunar Mare Basalt Meteorite, 1.41g Individual. Extremely Rare!",201.5,2022-03-14,1.41,142.91,WorthPoint
nwa-lunar-meteorite,"Own The MOON! NWA 13951, ""starry Night"" Lunar Meteorite, 19.4g Full Slice",1326,2022-03-14,19.4,68.35,WorthPoint
nwa-lunar-meteorite,"Meteorite**NWA 11237, Lunar Felds. Breccia**1.798 Gram, Gorgeous Unique Endcut!!",199.99,2022-03-12,1.798,111.23,WorthPoint
nwa-lunar-meteorite,.146 Grams 6x5x4mm NWA 11474 Lunar Feldspathic Breccia Meteorite Fragment W/ COA,18.5,2022-03-10,146,0.13,WorthPoint
nwa-lunar-meteorite,.246 Grams 7mm NWA 13974 Lunar Fragment Moon Meteorite Feldsp. Breccia With COA,24.5,2022-03-10,246,0.1,WorthPoint
nwa-lunar-meteorite,NWA 7778 Official Meteorite LL4-6 Chondrite - G344-0017 - 0.22g COA - Very Rare,6.95,2022-03-10,0.22,31.59,WorthPoint
nwa-lunar-meteorite,Micro Sample Size #1 NWA 6950 LUNAR GABBRO METEORITE In A Glass Top Plastic Case,5.99,2022-03-10,,,WorthPoint
nwa-lunar-meteorite,.16 Grams Lunar Meteorite NWA 11788 Feldspathic Breccia Found 2017 Mali,24,2022-03-10,16,1.5,WorthPoint
nwa-lunar-meteorite,CM2 Meteorite - Sme Ra 001 - 6.6g / New CM2 Find....,429,2022-03-09,6.6,65,WorthPoint
nwa-lunar-meteorite,"Meteorite**NWA 13992, Polymict Lunar Breccia 1.20 Gram Individual!!",119,2022-03-09,1.2,99.17,WorthPoint
nwa-lunar-meteorite,.651 Grams 11x10x4mm NWA 8455 Lunar Individual Moon Meteorite Northwest Africa,65,2022-03-08,651,0.1,WorthPoint
nwa-lunar-meteorite,"1.94 Grams 16x10x8mm NWA 11273 Lunar Moon Meteorite Sanded, Polished, Window",174,2022-03-07,1.94,89.69,WorthPoint
nwa-lunar-meteorite,"NEW! NWA 12564 MARTIAN, Shergottite (aphyric, Diabasic) Part Slice, 0.38 Grams",94.99,2022-03-07,0.38,249.97,WorthPoint
nwa-lunar-meteorite,"Meteorite**NWA 11237, Lunar Felds. Breccia**2.634 Gram, Gorgeous Unique Endcut!!",303,2022-03-07,2.634,115.03,WorthPoint
nwa-lunar-meteorite,"Meteorite**NWA 13788, NEW LUNAR MELT BRECCIA**5.819 Gram Slice, Nice Vesicle!!",131.5,2022-03-07,5.819,22.6,WorthPoint
nwa-lunar-meteorite,"Meteorite**NWA 13408, Lunar Felds. Breccia**0.665 Grams, RARE GOLDEN LUNAR!!!",73.22,2022-03-07,0.665,110.11,WorthPoint
nwa-lunar-meteorite,"Meteorite**NWA 13992, Polymict Frag. Lunar Breccia**0.659 Gram Slice, 1 Of 9!!!!",37,2022-03-07,0.659,56.15,WorthPoint
nwa-lunar-meteorite,"Meteorite**NWA 14526; LUNAR MARE BASALT**0.347 Gram Individual, FRONT-SIDE MOON!",157.5,2022-03-07,0.347,453.89,WorthPoint
nwa-lunar-meteorite,"Own The MOON! NWA 13951, ""starry Night"" Lunar Meteorite, 8.75g Full Slice",377,2022-03-07,8.75,43.09,WorthPoint
nwa-lunar-meteorite,"NWA 11182, Lunar Breccia Meteorite 3.45g, Slice Of MOON! Super Colors! Polished",124.5,2022-03-07,3.45,36.09,WorthPoint
nwa-lunar-meteorite,"NWA 14526 Lunar Mare Basalt Meteorite, 1.33g Individual. Extremely Rare!",255,2022-03-07,1.33,191.73,WorthPoint
nwa-lunar-meteorite,"NWA 8687, Lunar Troctolite Meteorite 4.0g Has Translucent, Green Glass Veins",800,2022-03-07,4,200,WorthPoint
nwa-lunar-meteorite,HED Achondrite Diogenite-pm NWA 13032 17.5g (#1008h) BEAUTIFUL SLICE!!,42,2022-03-06,17.5,2.4,WorthPoint
nwa-lunar-meteorite,".463 Grams 13x9x3mm NWA 13951 ""starry Night"" Lunar Meteorite Feldspathic Breccia",46.99,2022-03-06,463,0.1,WorthPoint
nwa-lunar-meteorite,.09 Grams Lunar Meteorite NWA 11788 Feldspathic Breccia Found 2017 Mali,13.5,2022-03-06,9,1.5,WorthPoint
nwa-lunar-meteorite,HED Cataclastic Brecciated Diogenite NWA 13176 27g (#1023a) Beautiful!!,132,2022-03-06,27,4.89,WorthPoint
nwa-lunar-meteorite,HED Cataclastic Brecciated Diogenite NWA 13176 8.4g (#1021c) Beautiful End Cut,41,2022-03-06,8.4,4.88,WorthPoint
nwa-lunar-meteorite,HED Cataclastic Brecciated Diogenite NWA 13176 23g (#1021b) Beautiful!!,112,2022-03-06,23,4.87,WorthPoint
nwa-lunar-meteorite,"1.33 Gram 23x16x2mm NWA 13951 ""starry Night"" Lunar Meteorite Feldspathic Breccia",123,2022-03-05,1.33,92.48,WorthPoint
nwa-lunar-meteorite,9.8g Polymict Fragmental Lunar Breccia - NWA 13989 -Different Color Clasts! IMCA,880,2022-03-05,9.8,89.8,WorthPoint
nwa-lunar-meteorite,5.6g Polymict Fragmental Lunar Breccia - NWA 13989 -Different Color Clasts! IMCA,565,2022-03-05,5.6,100.89,WorthPoint
nwa-lunar-meteorite,"Lunar Meteorite NWA 8682 Fieldspathic Breccia, Northwest Africa .38 Grams Powder",110.1,2022-03-05,38,2.9,WorthPoint
nwa-lunar-meteorite,".265 Grams 9x5x3mm NWA 13951 ""starry Night"" Lunar Meteorite Feldspathic Breccia",26.99,2022-03-04,265,0.1,WorthPoint
nwa-lunar-meteorite,1.69 Grams 18x10x8mm NWA 11421 Lunar Moon Meteorite As Found With C.O.A.,149,2022-03-04,1.69,88.17,WorthPoint
nwa-lunar-meteorite,.444 Grams 6mm NWA 11303 Lunar Feldspathic Breccia Meteorite As Found With COA,44,2022-03-04,444,0.1,WorthPoint
nwa-lunar-meteorite,Meteorite NWA 14358 Achondrite Lunar - G731-0046 - 0.35g Feldspathic Breccia NEW,34.95,2022-03-04,0.35,99.86,WorthPoint
nwa-lunar-meteorite,"1.05 Gram 20x13x3mm NWA 13951 ""starry Night"" Lunar Meteorite Feldspathic Breccia",99,2022-03-03,1.05,94.29,WorthPoint
nwa-lunar-meteorite,2.69 Grams About 21x12mm NWA 11273 Lunar Moon Northwest Africa Meteorite End Cut,229.5,2022-03-01,2.69,85.32,WorthPoint
nwa-lunar-meteorite,.454 Grams 10mm NWA 11273 Lunar Moon Meteorite Fragment With A COA,43,2022-02-28,454,0.09,WorthPoint
nwa-lunar-meteorite,1.07 Grams 10x9x7mm NWA 8455 Lunar Moon Meteorite Whole Individual With COA,115,2022-02-28,1.07,107.48,WorthPoint
nwa-lunar-meteorite,"Meteorite**NWA 13992, Polymict Frag. Lunar Breccia**4.000 Gram Slice,RARE LUNAR",201.5,2022-02-28,4,50.38,WorthPoint
nwa-lunar-meteorite,"Meteorite**NWA 14526; LUNAR MARE BASALT**0.545 Gram Slice, FRONT-SIDE MOON!",332.72,2022-02-28,0.545,610.5,WorthPoint
nwa-lunar-meteorite,HED Cataclastic Brecciated Diogenite / NWA 13176 11.2g End (#1023c) Beautiful!,55,2022-02-28,11.2,4.91,WorthPoint
nwa-lunar-meteorite,HED Achondrite Diogenite-pm NWA 13032 11g (#1008i) BEAUTIFUL SLICE!!,44,2022-02-28,11,4,WorthPoint
nwa-lunar-meteorite,"Own The MOON! NWA 13951, ""starry Night"" Lunar Meteorite, 13.75g Full Slice",877,2022-02-28,13.75,63.78,WorthPoint
nwa-lunar-meteorite,STARRY NIGHT LUNAR METEORITE - NWA 13951 W/COA - Feldsp Breccia Found Mauritania,32,2022-02-27,,,WorthPoint
nwa-lunar-meteorite,".199 Grams 13x5x2mm NWA 13951 ""starry Night"" Lunar Meteorite Feldspathic Breccia",20.99,2022-02-27,199,0.11,WorthPoint
nwa-lunar-meteorite,.142 Grams 11x4x2mm NWA 11898 Lunar Moon Meteorite (feldsp. Breccia) With COA,17.99,2022-02-26,142,0.13,WorthPoint
nwa-lunar-meteorite,.08 Grams Lunar Meteorite NWA 11788 Feldspathic Breccia Found 2017 Mali,12,2022-02-26,8,1.5,WorthPoint
nwa-lunar-meteorite,Lunar Meteorite NWA 13992 Polymict Fragmental Lunar Breccia .067g. Rare 1 Of 9!,12.06,2022-02-26,67,0.18,WorthPoint
nwa-lunar-meteorite,12.7 Gram - NWA 11898 - Fantastic Lunar Meteorite Feldspathic Breccia End Cut,799.2,2022-02-25,12.7,62.93,WorthPoint
nwa-lunar-meteorite,0.854 Grams About 17x11mm NWA 11444 Lunar Moon Northwest Africa Meteorite,72,2022-02-25,0.854,84.31,WorthPoint
nwa-lunar-meteorite,"1.66 Grams 17x12x5mm NWA 11421 Lunar Moon Meteorite W/ Sanded, Polished, Window",145,2022-02-25,1.66,87.35,WorthPoint
nwa-lunar-meteorite,Beautiful Achondrite Eucrite Breccia NWA XXXX- 7.3g Full Slice,36.5,2022-02-25,7.3,5,WorthPoint
nwa-lunar-meteorite,.142 Grams 6mm NWA 13974 Lunar Fragment Moon Meteorite Feldsp. Breccia With COA,13.99,2022-02-25,142,0.1,WorthPoint
nwa-lunar-meteorite,70.89 Gram - FANTASTIC Lunar (feldsp. Breccia) METEORITE SLICE - NWA 13951,3680,2022-02-25,70.89,51.91,WorthPoint
nwa-lunar-meteorite,5.15 Grams 55x25x2mm NWA 13951 Starry Night Lunar Meteorite Feldspathic Breccia,385.99,2022-02-25,5.15,74.95,WorthPoint
nwa-lunar-meteorite,.160 Grams 7x6x3mm NWA 6950 LUNAR GABBRO METEORITE A Plastic Gem Case W/COA,34.33,2022-02-25,160,0.21,WorthPoint
nwa-lunar-meteorite,Beautiful Achondrite Eucrite Breccia NWA XXXX- 11.3g End Cut,56.5,2022-02-25,11.3,5,WorthPoint
nwa-lunar-meteorite,1.68 Grams 19x13x7mm NWA 11303 Lunar Feldspathic Breccia Meteorite Fragment +COA,149,2022-02-24,1.68,88.69,WorthPoint
nwa-lunar-meteorite,NWA 8559 Achondrite Howardite Meteorite - G586-0074 - 1.72g W/COA - Part Slice,34.95,2022-02-24,1.72,20.32,WorthPoint
nwa-lunar-meteorite,NWA 5000 LUNAR Meteorite VERY RARE Feldspathic Breccia MOON Space .356g,459.99,2022-02-24,356,1.29,WorthPoint
nwa-lunar-meteorite,.136 Grams 6mm NWA 13974 Lunar Fragment Moon Meteorite Feldsp. Breccia With COA,12.99,2022-02-23,136,0.1,WorthPoint
nwa-lunar-meteorite,.151 Grams 5mm NWA 13974 Lunar Fragment Moon Meteorite Feldsp. Breccia With COA,13.99,2022-02-23,151,0.09,WorthPoint
nwa-lunar-meteorite,.493 Grams 10x9x2mm NWA 11182 Lunar Moon Meteorite (feldsp. Breccia) With COA,39.99,2022-02-23,493,0.08,WorthPoint
nwa-lunar-meteorite,.309 Grams 16x7x2mm NWA 11898 Lunar Moon Meteorite (feldsp. Breccia) With COA,29.99,2022-02-23,309,0.1,WorthPoint
nwa-lunar-meteorite,1.73 Grams 18x14x3mm NWA 6950 LUNAR GABBRO METEORITE A Plastic Gem Case W/COA,332,2022-02-23,1.73,191.91,WorthPoint
nwa-lunar-meteorite,NWA 13621 LUNAR METEORITE W/COA Feldsp. Breccia Partially Hydrothermally-altered,44,2022-02-23,,,WorthPoint
nwa-lunar-meteorite,NWA 14147 R3-4 Rumuruti Chondrite Meteorite 12.3g Part Slice With Rim Of Crust,120.5,2022-02-23,12.3,9.8,WorthPoint
nwa-lunar-meteorite,NWA 13741 LL3-5 Primitive Chondrite Meteorite 3.2 Gram Slice (1 Of 8 This Type),33,2022-02-23,3.2,10.31,WorthPoint
nwa-lunar-meteorite,NWA 13297 LL3 C-S3 W1-3 Primitive Unequilibrated Chondrite Meteorite 4.8g Tablet,17.5,2022-02-23,4.8,3.65,WorthPoint
nwa-lunar-meteorite,NWA 10699 LL(L) 3 Chondrite Meteorite 3.3g Part Slice Of Primitive Early Type,11.5,2022-02-23,3.3,3.48,WorthPoint
nwa-lunar-meteorite,"Meteorite**NWA 14526; LUNAR MARE BASALT**1.962 Gram Individual, FRONT-SIDE MOON!",3899,2022-02-22,1.962,1987.26,WorthPoint
nwa-lunar-meteorite,"Meteorite**NWA 13788, NEW LUNAR IMPACT MELT BRECCIA**1.002 Gram,Beautiful Slice!",46,2022-02-22,1.002,45.91,WorthPoint
nwa-lunar-meteorite,"Meteorite** NWA 14280, Lunar Felds. Frag. Breccia**0.433 Gram Slice, RARE!!!",33,2022-02-22,0.433,76.21,WorthPoint
nwa-lunar-meteorite,"Meteorite**NWA 6950; LUNAR GABBRO**1.304 Gram Slice, Extremely Rare Lunar!!!",193.5,2022-02-22,1.304,148.39,WorthPoint
nwa-lunar-meteorite,"Meteorite**NWA 13992, Polymict Frag. Lunar Breccia**4.879 Gram Slice,RARE LUNAR",207.5,2022-02-22,4.879,42.53,WorthPoint
nwa-lunar-meteorite,"Meteorite**NWA 6950; LUNAR GABBRO**0.668 Gram Slice, Extremely Rare Lunar!!!",86,2022-02-22,0.668,128.74,WorthPoint
nwa-lunar-meteorite,"Meteorite**NWA 13992, Polymict Frag. Lunar Breccia**0.877 Gram Slice, 1 Of 9!!!!",36,2022-02-22,0.877,41.05,WorthPoint
nwa-lunar-meteorite,NWA 7611 LUNAR ACHONDRITE BRECCIA SLICE MOON METEORITE 0.91 Gram,250,2022-02-21,0.91,274.73,WorthPoint
nwa-lunar-meteorite,"NWA 11182, Lunar Breccia Meteorite 11.8g, Slice Of MOON! Super Colors! Polished",317.2,2022-02-21,11.8,26.88,WorthPoint
nwa-lunar-meteorite,".337 Grams 9x6x3mm NWA 13951 ""starry Night"" Lunar Meteorite Feldspathic Breccia",33.99,2022-02-20,337,0.1,WorthPoint
nwa-lunar-meteorite,".423 Grams 13x8x3mm NWA 13951 ""starry Night"" Lunar Meteorite Feldspathic Breccia",42.99,2022-02-20,423,0.1,WorthPoint
nwa-lunar-meteorite,".528 Grams 17x6x3mm NWA 13951 ""starry Night"" Lunar Meteorite Feldspathic Breccia",50.99,2022-02-20,528,0.1,WorthPoint
nwa-lunar-meteorite,Meteorite NWA 14358 Achondrite Lunar - G731-0057 - 0.01g Feldspathic Breccia NEW,7.5,2022-02-20,,,WorthPoint
nwa-lunar-meteorite,NWA 11182 Lunar 1.85g Feldspathic Breccia Slice Of The Moon,121,2022-02-19,1.85,65.41,WorthPoint
nwa-lunar-meteorite,NWA 8687 0.72g Lunar Troctolitic Granulitic Part Slice Of The Moon!,204,2022-02-19,0.72,283.33,WorthPoint
nwa-lunar-meteorite,.559 Grams 9mm NWA 11788 Lunar Meteorite (feldspathic Breccia) Comes With A COA,51.99,2022-02-19,559,0.09,WorthPoint
nwa-lunar-meteorite,1.035 Grams About 13x9mm NWA 11303 Lunar Moon Northwest Africa Meteorite,87.99,2022-02-15,1.035,85.01,WorthPoint
nwa-lunar-meteorite,NWA 5000 LUNAR Meteorite RARE CRUSTED Fusion Crust Breccia Moon Space IMCA C,599.99,2022-02-15,,,WorthPoint
nwa-lunar-meteorite,NEW LUNAR MELT METEORITE / MOON ROCK - NWA 13788 W/COA - Melt Breccia - Algeria,40,2022-02-14,,,WorthPoint
nwa-lunar-meteorite,"NWA 11182, Lunar Breccia Meteorite 6.6g, Slice Of MOON! Super Colors! Polished",220.39,2022-02-14,6.6,33.39,WorthPoint
nwa-lunar-meteorite,"Own The MOON! NWA 13951, 2.0g ""starry Night"" Lunar Meteorite. Mirror Polish!",125.46,2022-02-14,2,62.73,WorthPoint
nwa-lunar-meteorite,Own Mars!! NWA 11220 Black Beauty Martian Meteorite Part Slice In Display Box,77,2022-02-14,,,WorthPoint
nwa-lunar-meteorite,NWA 6285 4.4 Grams Chondrite LL5 Beautiful Part Slice,18,2022-02-14,4.4,4.09,WorthPoint
nwa-lunar-meteorite,NWA 7518 Official Meteorite LL4-W2 Chondrite - G248-0065 - 1.11g COA - PartSlice,16.95,2022-02-13,1.11,15.27,WorthPoint
nwa-lunar-meteorite,NWA 8559 Achondrite Howardite Meteorite - G586-0166 - 0.93g W/COA - Part Slice,18.95,2022-02-13,0.93,20.38,WorthPoint
nwa-lunar-meteorite,Lunar Meteorite NWA 11273 - 0.88 Gram Thin Slice - Feldspathic Breccia,200,2022-02-13,0.88,227.27,WorthPoint
nwa-lunar-meteorite,NWA 11182 Lunar 7.11g Feldspathic Breccia Slice Of The Moon,350,2022-02-12,7.11,49.23,WorthPoint
nwa-lunar-meteorite,NWA 11182 Lunar 0.74g Feldspathic Breccia Slice Of The Moon,37,2022-02-12,0.74,50,WorthPoint
nwa-lunar-meteorite,NWA 11182 Lunar 0.26g Feldspathic Breccia Slice Of The Moon,31,2022-02-12,0.26,119.23,WorthPoint
nwa-lunar-meteorite,NEW LUNAR FINDS METEORITE / MOON ROCK - NWA 14358 Feldsp Breccia 13788 Melt Brec,34,2022-02-11,,,WorthPoint
nwa-lunar-meteorite,"Meteorite**NWA 13992, Polymict Frag. Lunar Breccia**0.648 Gram Slice, RARE LUNAR",69.99,2022-02-11,0.648,108.01,WorthPoint
nwa-lunar-meteorite,Lunar Fragmental Regolith Breccia Meteorite - Own The Moon! NWA 12592 12.9g,599,2022-02-10,12.9,46.43,WorthPoint
nwa-lunar-meteorite,Meteorite NWA 6950 Achondrite Lunar Gabbro - ALG-0144 - 0.01g W/COA - 1 Of 11,9.95,2022-02-10,,,WorthPoint
nwa-lunar-meteorite,".152 Grams 6mm NWA 13951 ""starry Night"" Lunar Meteorite Feldspathic Breccia COA",17.9,2022-02-10,152,0.12,WorthPoint
nwa-lunar-meteorite,NWA 8559 Achondrite Howardite Meteorite - G586-0097 - 1.24g W/COA - Part Slice,24.95,2022-02-09,1.24,20.12,WorthPoint
nwa-lunar-meteorite,"Meteorite**NWA 14526; LUNAR MARE BASALT**1.360 Gram Individual, FRONT-SIDE MOON!",2399.99,2022-02-09,1.36,1764.7,WorthPoint
nwa-lunar-meteorite,"Meteorite**NWA 13788, NEW LUNAR MELT BRECCIA**3.136 Gram Slice,W/Blue Inclusion!",299.99,2022-02-09,3.136,95.66,WorthPoint
nwa-lunar-meteorite,"Meteorite**NWA 13992, Polymict Frag. Lunar Breccia**0.542 Gram Slice, 1 Of 9!!!!",69.99,2022-02-09,0.542,129.13,WorthPoint
nwa-lunar-meteorite,Rare MOON & MARS Genuine Meteorite Set Lunar Martian NWA 5000 & NWA 1110 IMCA,249.99,2022-02-08,,,WorthPoint
nwa-lunar-meteorite,"1.25 Gram 16x13x2mm NWA 13951 ""starry Night"" Lunar Meteorite Feldspathic Breccia",109,2022-02-08,1.25,87.2,WorthPoint
nwa-lunar-meteorite,.100 Grams 5x4x3mm NWA 10644 Lunar Feldspathic Breccia Meteorite Fragment W/ COA,23,2022-02-07,100,0.23,WorthPoint
nwa-lunar-meteorite,NWA 7778 Official Meteorite LL4-6 Chondrite - G344-0015 - 0.21g COA - Very Rare,6.95,2022-02-07,0.21,33.1,WorthPoint
nwa-lunar-meteorite,Meteorite NWA 14358 Achondrite Lunar - G731-0041 - 0.17g Feldspathic Breccia NEW,16.95,2022-02-06,0.17,99.71,WorthPoint
nwa-lunar-meteorite,"New Lunar Meteorite Tichiya 003 Slice 2.8g Gray, Messy & Vesicular!",140,2022-02-06,2.8,50,WorthPoint
nwa-lunar-meteorite,"Meteorite**NWA 13408, Lunar Felds. Breccia**7.526 Grams, RARE GOLDEN LUNAR!!!",699.99,2022-02-06,7.526,93.01,WorthPoint
nwa-lunar-meteorite,NWA 13408 - LUNAR METEORITE W/COA - Feldsp. Breccia - Found In Algeria 2018,40,2022-02-06,,,WorthPoint
nwa-lunar-meteorite,4.33g Endcut Of NWA 13992 1 Of 9 Lunar Meteorite From The Moon,375,2022-02-05,4.33,86.61,WorthPoint
nwa-lunar-meteorite,".745 Gram 12x13x2mm NWA 13951 ""starry Night"" Lunar Meteorite Feldspathic Breccia",75,2022-02-05,745,0.1,WorthPoint
nwa-lunar-meteorite,"Real Moon Dust Meteorite Earrings, With A Sample From Lunar Meteorite NWA 5000",149.95,2022-02-04,,,WorthPoint
nwa-lunar-meteorite,.167 Grams 7mm NWA 11421 Lunar Moon Meteorite As Found,17.9,2022-02-03,167,0.11,WorthPoint
nwa-lunar-meteorite,.474 Grams About 12x7mm NWA 11273 Lunar Moon Northwest Africa Meteorite,40.99,2022-02-03,474,0.09,WorthPoint
nwa-lunar-meteorite,Beautiful Achondrite Eucrite Breccia NWA XXXX- 8.2g Full Slice,41,2022-02-03,8.2,5,WorthPoint
nwa-lunar-meteorite,"Meteorite**NWA 14137, LUNAR MARE BASALT**0.371 Grams, RAREST, NEARSIDE OF MOON!!",699.99,2022-02-03,0.371,1886.77,WorthPoint
nwa-lunar-meteorite,NWA 14147 R3-4 Rumuruti Chondrite Meteorite 17.3g Part Slice With Rim Of Crust,99,2022-02-03,17.3,5.72,WorthPoint
nwa-lunar-meteorite,NWA 14143 L5 Monomict Breccia Chondrite Meteorite 74 Gram Windowed Individual,30,2022-02-03,74,0.41,WorthPoint
nwa-lunar-meteorite,NWA 12518 LL3 Primitive Chondrite Meteorite 8.1g End Cut With Tons Of Chondrules,23.5,2022-02-03,8.1,2.9,WorthPoint
nwa-lunar-meteorite,.269 Grams 7x5x4mm NWA 8455 Lunar Individual Moon Meteorite Northwest Africa,27,2022-01-31,269,0.1,WorthPoint
nwa-lunar-meteorite,"Meteorite**NWA 14137, LUNAR MARE BASALT**0.152 Grams, RAREST, NEARSIDE OF MOON!!",183.5,2022-01-31,0.152,1207.24,WorthPoint
nwa-lunar-meteorite,"Meteorite**NWA 13907 Lunar Ferroan Anorthosite**0.328 Gram, LUNAR HIGHLANDS!!!",102,2022-01-31,0.328,310.98,WorthPoint
nwa-lunar-meteorite,"Meteorite**NWA 13992, Polymict Frag. Lunar Breccia**0.856 Gram Slice, 1 Of 9!!!!",41,2022-01-31,0.856,47.9,WorthPoint
nwa-lunar-meteorite,"Meteorite**NWA 13788, NEW LUNAR IMPACT MELT BRECCIA**1.414 Gram,Beautiful Slice!",138.38,2022-01-31,1.414,97.86,WorthPoint
nwa-lunar-meteorite,"Meteorite**NWA 13992, Polymict Frag. Lunar Breccia**0.604 Gram Slice, 1 Of 9!!!!",20,2022-01-31,0.604,33.11,WorthPoint
nwa-lunar-meteorite,"Meteorite**NWA 13788, NEW LUNAR IMPACT MELT BRECCIA**4.851 Gram,Beautiful Slice!",185.5,2022-01-31,4.851,38.24,WorthPoint
nwa-lunar-meteorite,CM2 Meteorite - Sme Ra 001 - 8.2g / New CM2 Find....20% SALE From $656.00,524.8,2022-01-30,8.2,64,WorthPoint
nwa-lunar-meteorite,HED Achondrite Diogenite-pm / NWA 13032 53g (#1008b),210,2022-01-30,53,3.96,WorthPoint
nwa-lunar-meteorite,HED Cataclastic Brecciated Diogenite NWA 13176 27.5g (#1021a) Beautiful End Cut,135,2022-01-30,27.5,4.91,WorthPoint
nwa-lunar-meteorite,Lunar Meteorite NWA 13408 Feldspathic Breccia Golden Lunar Algeria .17 Grams,30.6,2022-01-29,17,1.8,WorthPoint
nwa-lunar-meteorite,"1.84 Grams 17x10x7mm NWA 11421 Lunar Moon Meteorite W/ Sanded, Polished, Window",159,2022-01-28,1.84,86.41,WorthPoint
nwa-lunar-meteorite,".257 Grams 12mm NWA 13951 ""starry Night"" Lunar Meteorite Feldspathic Breccia COA",26.9,2022-01-26,257,0.1,WorthPoint
nwa-lunar-meteorite,.352 Grams 10x6x3mm NWA 6950 LUNAR GABBRO METEORITE A Plastic Gem Case W/COA,119.99,2022-01-26,352,0.34,WorthPoint
nwa-lunar-meteorite,Meteorite NWA 6950 Achondrite Lunar Gabbro - ALG-0192 - 0.01g W/COA - 1 Of 11,9.95,2022-01-25,,,WorthPoint
nwa-lunar-meteorite,"9 Gram 44x15x2mm NWA 13951 ""starry Night"" Lunar Meteorite Feldspathic Breccia",190,2022-01-25,9,21.11,WorthPoint
nwa-lunar-meteorite,Low Price! Superior Slice! Magnificent Nwa 11182 Lunar Meteorite! 2.519 Gms,236.25,2022-01-24,2.519,93.79,WorthPoint
nwa-lunar-meteorite,Meteorite NWA 14358 Achondrite Lunar - G731-0045 - 0.25g Feldspathic Breccia NEW,41.95,2022-01-22,0.25,167.8,WorthPoint
nwa-lunar-meteorite,Meteorite NWA 14358 Achondrite Lunar - G731-0047 - 0.37g Feldspathic Breccia NEW,61.95,2022-01-22,0.37,167.43,WorthPoint
nwa-lunar-meteorite,.458 Grams 9x8x4mm NWA 8455 Lunar Individual Moon Meteorite Northwest Africa,46,2022-01-21,458,0.1,WorthPoint
nwa-lunar-meteorite,NWA 11303 Moon Rock 0.449g Lunar Part Slice By Meteorite Men Steve,79.99,2022-01-21,0.449,178.15,WorthPoint
nwa-lunar-meteorite,"NEW RARE!! NWA 8472 LL3 Chondrite, 15.2 Gram Slice",151.99,2022-01-20,15.2,10,WorthPoint
nwa-lunar-meteorite,"Meteorite**NWA 13992, Polymict Frag. Lunar Breccia**0.562 Gram Slice, 1 Of 9!!!!",54.76,2022-01-20,0.562,97.44,WorthPoint
nwa-lunar-meteorite,"Meteorite**NWA 13408, Lunar Felds. Breccia**0.777 Grams, RARE GOLDEN LUNAR!!!",65,2022-01-20,0.777,83.66,WorthPoint
nwa-lunar-meteorite,"Meteorite**NWA 14137, LUNAR MARE BASALT**0.290 Grams, RAREST, NEARSIDE OF MOON!!",315,2022-01-20,0.29,1086.21,WorthPoint
nwa-lunar-meteorite,"Meteorite**NWA 13992, Polymict Frag. Lunar Breccia**1.906 Gram Slice, 1 Of 9!!!!",93,2022-01-20,1.906,48.79,WorthPoint
nwa-lunar-meteorite,"Meteorite**NWA 13408, Lunar Felds. Breccia**1.873 Grams, RARE GOLDEN LUNAR!!!",110,2022-01-20,1.873,58.73,WorthPoint
nwa-lunar-meteorite,"Meteorite**NWA 14137, LUNAR MARE BASALT**0.080 Grams, RAREST, NEARSIDE OF MOON!!",147.5,2022-01-20,0.08,1843.75,WorthPoint
nwa-lunar-meteorite,NEW 2021 LUNAR METEORITE / MOON ROCK - NWA 13788 W/COA - Melt Breccia - Algeria,47,2022-01-19,,,WorthPoint
nwa-lunar-meteorite,".196 Grams 9mm NWA 13951 ""starry Night"" Lunar Meteorite Feldspathic Breccia COA",21.9,2022-01-19,196,0.11,WorthPoint
nwa-lunar-meteorite,0.67 G NWA 11474 Lunar (Moon) Meteorite Specimen (feldsp. Breccia) From Africa,120,2022-01-19,0.67,179.1,WorthPoint
nwa-lunar-meteorite,"Meteorite**NWA 13992, Polymict Frag. Lunar Breccia**1.319 Gram Slice, 1 Of 9!!!!",129.99,2022-01-19,1.319,98.55,WorthPoint
nwa-lunar-meteorite,Low Price! Exquisite End Cut! Museum Quality Nwa 11228 Lunar Meteorite! 5.7 Gms,854.25,2022-01-18,5.7,149.87,WorthPoint
nwa-lunar-meteorite,.421 Grams 8mm NWA 11273 Lunar Moon Meteorite Fragment With A COA,39,2022-01-18,421,0.09,WorthPoint
nwa-lunar-meteorite,.216 Grams 9mm NWA 11421 Lunar Moon Meteorite As Found,22.5,2022-01-18,216,0.1,WorthPoint
nwa-lunar-meteorite,".051 Gram Micros NWA 13951 ""starry Night"" Lunar Meteorite Feldspathic Breccia",6.6,2022-01-18,51,0.13,WorthPoint
nwa-lunar-meteorite,NWA 13621 Meteorite,15625,2022-01-17,,,WorthPoint
nwa-lunar-meteorite,"Meteorite**NWA 13992, Polymict Frag. Lunar Breccia**3.615 Gram Endcut, 1 Of 9!",349.99,2022-01-17,3.615,96.82,WorthPoint
nwa-lunar-meteorite,.096 Grams 5mm NWA 11273 Lunar Moon Meteorite Fragment With A COA,14.5,2022-01-17,96,0.15,WorthPoint
nwa-lunar-meteorite,.064 Grams 4x3x2mm NWA 10644 Lunar Feldspathic Breccia Meteorite Fragment W/ COA,14.9,2022-01-17,64,0.23,WorthPoint
nwa-lunar-meteorite,"Meteorite**NWA 14137, LUNAR MARE BASALT**0.949 Grams, RAREST, NEARSIDE OF MOON!!",1400,2022-01-17,0.949,1475.24,WorthPoint
nwa-lunar-meteorite,".069 Grams All 3 Very Small NWA 13951 ""starry Night"" Lunar Meteorite With A COA",7.99,2022-01-17,69,0.12,WorthPoint
nwa-lunar-meteorite,.049 Grams 5mm NWA 11421 Lunar Moon Meteorite As Found,9.26,2022-01-16,49,0.19,WorthPoint
nwa-lunar-meteorite,.181 Grams 6x5x3mm NWA 6950 LUNAR GABBRO METEORITE Fragment In A Gem Case W/COA,35.99,2022-01-16,181,0.2,WorthPoint
nwa-lunar-meteorite,".424 Grams 13mm NWA 13951 ""starry Night"" Lunar Meteorite Feldspathic Breccia COA",44,2022-01-16,424,0.1,WorthPoint
nwa-lunar-meteorite,".072 Grams 5mm NWA 13951 ""starry Night"" Lunar Meteorite Feldspathic Breccia COA",8,2022-01-16,72,0.11,WorthPoint
nwa-lunar-meteorite,".053 Grams 6mm NWA 13951 ""starry Night"" Lunar Meteorite Feldspathic Breccia COA",7,2022-01-15,53,0.13,WorthPoint
nwa-lunar-meteorite,IMB NWA 13475 L5 Chondrite Melt Breccia Meteorite 13.3 Gram End Cut,15.5,2022-01-15,13.3,1.17,WorthPoint
nwa-lunar-meteorite,NWA 6080 LL4 Chondrite Meteorite 6.9 Gram Part Slice,6.5,2022-01-15,6.9,0.94,WorthPoint
nwa-lunar-meteorite,NWA 13741 LL3-5 Primitive Chondrite Meteorite 1.8g End Cut (1 Of 8 This Type),9.25,2022-01-15,1.8,5.14,WorthPoint
nwa-lunar-meteorite,NWA 10699 LL(L) 3 Chondrite Meteorite 11.4g End Cut Of Primitive Early Type,52,2022-01-15,11.4,4.56,WorthPoint
nwa-lunar-meteorite,6.9 G NWA 11474 Lunar (Moon) Meteorite Specimen (feldsp. Breccia) From Africa,552,2022-01-14,6.9,80,WorthPoint
nwa-lunar-meteorite,3.69 Grams 20x14x10mm NWA 11273 Lunar Moon Meteorite Sanded + Polished All Sides,314,2022-01-13,3.69,85.09,WorthPoint
nwa-lunar-meteorite,"Meteorite**NWA 13408, Lunar Felds. Breccia**1.915 Grams, RARE GOLDEN LUNAR!!!",199.99,2022-01-13,1.915,104.43,WorthPoint
nwa-lunar-meteorite,.226 Grams 8mm NWA 11421 Lunar Moon Meteorite Fragment,26,2022-01-13,226,0.12,WorthPoint
nwa-lunar-meteorite,".281 Grams 7mm NWA 13951 ""starry Night"" Lunar Meteorite Feldspathic Breccia COA",26,2022-01-13,281,0.09,WorthPoint
nwa-lunar-meteorite,"Meteorite**NWA 13992, Polymict Frag. Lunar Breccia**10.275 Gram Slice, 1 Of 7!!!",999,2022-01-12,10.275,97.23,WorthPoint
nwa-lunar-meteorite,.281 Grams 6mm NWA 11303 Lunar Feldspathic Breccia Meteorite Fragment + COA,16.9,2022-01-12,281,0.06,WorthPoint
nwa-lunar-meteorite,2.46g Endcut Of NWA 13992 1 Of 9 Lunar Meteorite From The Moon,215,2022-01-11,2.46,87.4,WorthPoint
nwa-lunar-meteorite,.854 Grams 11x8x5mm NWA 8455 Lunar Individual Moon Meteorite As Found In Africa,86,2022-01-11,854,0.1,WorthPoint
nwa-lunar-meteorite,"Meteorite**NWA 13788, NEW LUNAR MELT BRECCIA**13.118 Gram,VERY RARE, ""The Snail""",999.99,2022-01-10,13.118,76.23,WorthPoint
nwa-lunar-meteorite,Meteorite NWA 14358 Achondrite Lunar - G731-0039 - 0.13g Feldspathic Breccia NEW,12.95,2022-01-08,0.13,99.62,WorthPoint
