material_slug,title,price_usd,sale_date,weight_grams,price_per_gram,source
osmium,Crystalline Osmium 1/4 Oz Sealed In Acrylic Housing - Made In Austria,820,2026-01-23,113.4,7.23,WorthPoint
osmium,Vintage Phonograph Tins And Needles - Lot,62,2026-01-23,,,WorthPoint
osmium,Refining Precious Metals Waste-Cast Iron Mold+Chapman Flux-Thinner-Borax,119.95,2026-01-22,,,WorthPoint
osmium,100g Mirror Metal Osmium Beads Os 99.95%,3000,2026-01-21,100,30,WorthPoint
osmium,Grainmint- 1/10 Grain *Rhodium Iridium Osmium Ruthenium Palladium Gold Platinum*,26,2026-01-17,10,2.6,WorthPoint
osmium,Osmium Set Of The First Five Fractional Bars Ever Released!,2025,2026-01-02,,,WorthPoint
osmium,"OSMIUM Var. IRIDOSMINE * VERY RARE !!! Uchaly, RUSSIA",24.99,2025-12-31,,,WorthPoint
osmium,Pure 99.9% Iridium Metal .17 Grams Super Rare Platinum Group BEST PRICE ON EBAY,50,2025-12-29,17,2.94,WorthPoint
osmium,1.17 Gram 99.95% Solid Osmium Metal Pellet Element 76 Sample,114.71,2025-12-27,1.17,98.04,WorthPoint
osmium,PARLIAMENT Osmium +7 *Sealed* CD Japan Import W/ OBI And Bonus Tracks Limited Ed,34.59,2025-12-23,,,WorthPoint
osmium,"Osmium 1 Gram Engraved Pellet, 99.95%, Electric-arc Molten, Produced By SMT",59,2025-12-20,1,59,WorthPoint
osmium,Pure 99.9% Iridium Metal .23 Grams Super Rare Platinum Group BEST PRICE ON EBAY,62,2025-12-19,23,2.7,WorthPoint
osmium,Pure 99.9% Iridium Metal 1.55 Grams Super Rare Platinum Group BEST PRICE ON EBAY,295,2025-12-17,1.55,190.32,WorthPoint
osmium,Osmium Diamond .035g - Rare Earth Gem,90,2025-12-15,35,2.57,WorthPoint
osmium,Victorian 1863-1888. Osmium Silver Antique Spoon. Edward Vll Silver Wedding.,20.08,2025-12-15,,,WorthPoint
osmium,Pure 99.9% Iridium Metal 1.28 Grams Super Rare Platinum Group BEST PRICE ON EBAY,250,2025-12-12,1.28,195.31,WorthPoint
osmium,"Osmium 10 Gram Etched And Engraved Pellet. 99.95%, SMT, Made In Austria, 2025.",425,2025-12-10,10,42.5,WorthPoint
osmium,"Osmium 1oz Bar, 2025 Year Of The Snake, Made By SMT/Meta Metals Of Austria!",1799,2025-12-09,28.35,63.46,WorthPoint
osmium,4 Piece Pfanstiehl 4000 Play Osmium Needle Record Player Accessory Lot,55,2025-12-09,,,WorthPoint
osmium,Rhenium Metal .9995 1 Oz Ounce Bar Bullion Or Element Collection USA SHIPPING,280,2025-12-08,28.35,9.88,WorthPoint
osmium,Pure 99.9% Iridium Metal 1.42 Grams Super Rare Platinum Group BEST PRICE ON EBAY,275,2025-12-07,1.42,193.66,WorthPoint
osmium,Phonograph Osmium Needle Stylus Astatic A-84 G-78 (M) Cartridge 78 Rpm,6,2025-12-07,84,0.07,WorthPoint
osmium,"2025 Hexagonal 0.25 Troy Oz Bar Of Osmium, Mintage Of 25!",625,2025-12-05,,,WorthPoint
osmium,Osmium Metal 99.95% 100mg Exotic Bullion Or Element Collection USA SHIPPING,15,2025-12-04,,,WorthPoint
osmium,"""""""Refining Precious Metal Wastes"""" By C. M Hoke-362pg Book-Gold-Rhodium-DIY""",79.95,2025-12-01,,,WorthPoint
osmium,"Osmium 1 Gram Bar With Snake Design, 2025, Produced By SMT Of Austria!",119.99,2025-12-01,1,119.99,WorthPoint
osmium,PARLIAMENT • Osmium • 1970 Invictus ST 7302 Rare Funk Soul In Shrink,249.99,2025-11-30,,,WorthPoint
osmium,Pure 99.9% Iridium Metal .42 Grams Super Rare Platinum Group BEST PRICE ON EBAY,95,2025-11-29,42,2.26,WorthPoint
osmium,Pure 99.9% Iridium Metal 2.44 Grams Super Rare Platinum Group BEST PRICE ON EBAY,475,2025-11-29,2.44,194.67,WorthPoint
osmium,Pure 99.9% Iridium Metal One Full Ounce (31.12 Grams) Super Rare Platinum Group,5550,2025-11-29,31.12,178.34,WorthPoint
osmium,Rhenium One Ounce 99.95% Pure RE (sealed) “the Next Rhodium”,386,2025-11-27,,,WorthPoint
osmium,CHROMITE In Dunite From Unst (Shetland) Ophiolite Complex - PGE Bearing,35,2025-11-23,,,WorthPoint
osmium,PARLIAMENT Osmium RARE SEALED CD FACTORY SEALED/NEW GEORGE CLINTON,19.99,2025-11-20,,,WorthPoint
osmium,"Impact Breccia From The Serpent Mound Impact Structure/Crater - Adams County, OH",15,2025-11-20,,,WorthPoint
osmium,Rhenium Bullion .9999 Pure,3150,2025-11-19,,,WorthPoint
osmium,1 Phonograph Needle Carillon Dynamic - Unused Old Stock 78rpm Long Play Osmium,7,2025-11-19,,,WorthPoint
osmium,Pamp Suisse 1/2oz Ruthenium - 1/500,825.5,2025-11-16,56.7,14.56,WorthPoint
osmium,Cole's 78rpm 5733 Osmium Stylus Needle Shure Phonograph A62A Old Stock,10,2025-11-15,,,WorthPoint
osmium,Osmium Metal 99.95% 1 Gram Exotic Bullion Or Element Collection USA SHIPPING,60,2025-11-14,1,60,WorthPoint
osmium,1001 Arabian Nights: The Adventures Of Sinbad #9A VF/NM; Zenescope | Marat Mycha,5.98,2025-11-12,,,WorthPoint
osmium,"GM 1/4 Grain Of Precious Metals Silver, Platinum, Gold + More On A Titanium Back",159.95,2025-11-04,4,39.99,WorthPoint
osmium,"Osmium By Parliament (Record, 2019)",15.5,2025-11-01,,,WorthPoint
osmium,Parliament - Osmium…plus Album Cover Locker Fridge Magnet,6.98,2025-10-29,,,WorthPoint
osmium,"Osmium 1 Gram Pellet, 99.95%, Electric-arc Molten, Produced By SMT Of Austria!",53,2025-10-28,1,53,WorthPoint
osmium,Pure 99.9% Iridium Metal Five Gram (5.07 Grams) Super Rare Platinum Group,955,2025-10-22,5.07,188.36,WorthPoint
osmium,"2024 Year Of Dragon With 5 Precious Metals Set! 1/10th Oz Ag, Au, Pt, Pd, And Os",1205,2025-10-22,,,WorthPoint
osmium,Gold Ore And Platinum Mineral Specimens/ Black Hills South Dakota,20,2025-10-20,,,WorthPoint
osmium,Iridescent Bismuth Rainbow Hopper Crystal Cluster Mineral Specimen W/ ID Card,6.5,2025-10-20,,,WorthPoint
osmium,PARLIAMENT • Osmium • 1970 ROCK FUNK R&B SOUL GOSPEL Jacksonville Pressing EX,271.75,2025-10-17,,,WorthPoint
osmium,Parliament 1974 Original Pressing Lp Of Up For The Down Stroke Its Graded A VG +,180.99,2025-10-16,,,WorthPoint
osmium,Iridium Metal .9995 1 Gram Bar Bullion Or Element Collection USA SHIPPING,355,2025-10-16,1,355,WorthPoint
osmium,PARLIAMENT Osmium 1970 Funkadelic LP Vinyl George Clinton VG+,282.87,2025-10-15,,,WorthPoint
osmium,Vintage Permo Point Nylon Phonograph / Jukebox Needle For 78's / 3 Mil Tip,11.99,2025-10-13,,,WorthPoint
osmium,Osmium Set In Resin Element Collectable,125,2025-10-13,,,WorthPoint
osmium,Parliament Osmium 1970 8 Track Tape Invictus 8XT-7302 George Clinton Untested,26,2025-10-12,7302,0,WorthPoint
osmium,Parliament - Osmium Vinyl LP Invictus Reissue EX/EX Geroge Clinton P-funk,8.5,2025-10-09,,,WorthPoint
osmium,"""the Next Morning """"same"""" New Vinyl Reissue""",16.25,2025-10-08,,,WorthPoint
osmium,BISMUTH Rainbow Iridescent Crystal Cluster Mineral Specimen Element,10.39,2025-10-07,,,WorthPoint
osmium,Rhenium Metal 10mm Density Cube 99.95% For Element Collection USA SHIPPING,275,2025-10-05,,,WorthPoint
osmium,Osmium: Deluxe Edition-Limited Expanded Edition With Bonus Tracks By Parliament,32.99,2025-10-05,,,WorthPoint
osmium,Crystalline Osmium 1/10th Oz Sealed In Acrylic Housing - Made In Austria,330,2025-10-04,,,WorthPoint
osmium,OSMIUM From The Ashes CD - Rare Thrash Metal Exodus Warbringer FREE SHIPPING,19.99,2025-10-04,,,WorthPoint
osmium,Parliament Osmium: Deluxe Limited Expanded Edition 2LP Record Store Day 2024,34.95,2025-09-30,,,WorthPoint
osmium,RARE HISTORIC Native Iridium Platinum-Group Crystals COLOMBIA - Ex. Sherk,160.5,2025-09-26,,,WorthPoint
osmium,"Parliament - Osmium - RSD 2LP GREEN VINYL IN SHRINK W/ HYPE 2024 Demon Records,",35,2025-09-21,,,WorthPoint
osmium,Crystalline Osmium 1 Gram Sealed In Acrylic Housing - Made In Austria,125,2025-09-18,1,125,WorthPoint
osmium,Crystalline Osmium 2.59 Gram Specimen Produced By SMT Of Austria,415,2025-09-14,2.59,160.23,WorthPoint
osmium,NOS 32 Recoton Phoneedles Osmium & Nylon Tipped Phonograph Needle Store Display,99,2025-09-07,,,WorthPoint
osmium,PARLIAMENT • Osmium • 1970 FUNK SOUL MORE! • UK First Press Beautiful Copy EX/EX,281.69,2025-09-07,,,WorthPoint
osmium,Raw Osmium Metal 1g,55,2025-09-01,1,55,WorthPoint
osmium,30 Gram Osmium Ingot,1200,2025-08-26,30,40,WorthPoint
osmium,1:43 Norev 2020 Polestar 1 Electric Car Osmium Grey RARE!,27.99,2025-08-26,,,WorthPoint
osmium,"NATIVE OSMIUM Var. Iridosmine - Nizhnii Tagil, Ural Mountains, RUSSIA",199,2025-08-22,,,WorthPoint
osmium,P Funk - Lp Collection (parliament/ Funkadelic Etc),380.75,2025-08-19,,,WorthPoint
osmium,Parliament - Osmium Lp (st-7302 - Us Original),588.43,2025-08-19,,,WorthPoint
osmium,Parliament - Osmium 2024 RSD LP (Deluxe Edition) GREEN Vinyl SEALED!!,27.99,2025-08-19,,,WorthPoint
osmium,PARLIAMENT • Osmium • FUNK SOUL Clear Vinyl Reissue 2003 Earmark Italy EX/EX,27,2025-08-18,,,WorthPoint
osmium,BIBLIOGRAPHY OF THE METALS OF THE PLATINUM GROUP 1748-1917 By Howe 1919 Mining,19.95,2025-08-14,,,WorthPoint
osmium,"""Parliament – Osmium LP 12"""" Vinyl Record - Debut Studio Album - NEW""",30.51,2025-08-05,,,WorthPoint
osmium,Osmium [2/1] New Vinyl,32.3,2025-07-31,,,WorthPoint
osmium,Osmium Deluxe Edition Limited Expanded Edition RSD DOUBLE VINYL LP By Parliament,11.99,2025-07-29,,,WorthPoint
osmium,Funkadelic - America Eats Its Young New Vinyl,30.79,2025-07-28,,,WorthPoint
osmium,Pure 99.9% Iridium Metal 3/4 Gram (.75 Grams) Super Rare Platinum Group,175,2025-07-24,4,43.75,WorthPoint
osmium,Osmium 1 Gm Of .9995 Osmium Element Small Chips In Acrylic Box.,65.75,2025-07-24,1,65.75,WorthPoint
osmium,Parliament Osmium 180g Funkadelic Uk Lp New Sealed,31.99,2025-07-22,180,0.18,WorthPoint
osmium,Parliament - Osmium 2024 Dbl LP (RSD Deluxe Edition) GREEN Vinyl SEALED!!,32.99,2025-07-19,,,WorthPoint
osmium,PARLIAMENT • Osmium • 1970 P.FUNK SOUL ROCK GOSPEL COUNTRY OG Winchester VG+,229.49,2025-07-18,,,WorthPoint
osmium,1 Phonograph Needle Carillon Dynamic Unused Old Stock 33 45 Rpm Long Play Osmium,7,2025-07-13,,,WorthPoint
osmium,"Fidelitone Permometal Osmium Alloy Stylus, C-42, New (O GB)",13.99,2025-07-13,,,WorthPoint
osmium,Jensen J-3 Hi-Fi Needle Record Player Part New Old Stock Sealed Osmium Vintage78,9.99,2025-07-09,,,WorthPoint
osmium,"Osmium 1/10th Oz Bar By SMT/Meta Metals, 2025 Year Of The Snake, PROOF Series",249,2025-07-04,,,WorthPoint
osmium,Refining Precious Metal Wastes - C M. Hoke - 362 Pages - Soft Cover FREE SHIPN,50,2025-07-02,,,WorthPoint
osmium,Pure 99.9% Iridium Metal One Gram (1.09 Grams) Super Rare Platinum Group,225,2025-07-02,1.09,206.42,WorthPoint
osmium,"Osmium Metal Bead, 6+ Gram, 99.95%. AI-free Listing.",260,2025-06-23,,,WorthPoint
osmium,Vtg OSMIUM SILVER 1887 Royal Jubilee Exhibit John Noddersons Spoon,7.5,2025-06-23,,,WorthPoint
osmium,"""parliament """"mothership Connection"""" 2003 Reissue Remastered Unplayed Nm Oop Cd""",6.99,2025-06-20,,,WorthPoint
osmium,Parliament - Osmium - Deluxe Gatefold 2CD Set [New CD] Gatefold,19.99,2025-06-20,,,WorthPoint
osmium,Osmium 1 Gm Bead Element. Sealed By Luciteria Science. Metal W/highest Density,89.95,2025-06-18,1,89.95,WorthPoint
osmium,Refining Precious Metal Wastes By C M Hoke 362pg Gold - Rhodium LB306,54.99,2025-06-17,,,WorthPoint
osmium,Parliament - Osmium (2 Cd),32.95,2025-06-10,,,WorthPoint
osmium,Parliament - Osmium - FUNK *SEALED/RSD/COLOR*,51.9,2025-06-08,,,WorthPoint
osmium,Single: KILLA-KAN~ORKS Dreadnought NEW Model Sprue~Games Workshop: WARHAMMER 40K,2.79,2025-06-04,,,WorthPoint
osmium,P-funk (parliament/funkadelic/related) - Lp Collection,552.83,2025-06-03,,,WorthPoint
osmium,Iridosmine Micro Crescent City Del Norte Co CALIFORNIA USA Iridium & Osmium,88,2025-06-02,,,WorthPoint
osmium,"Ruth Copeland With PARLIAMENT 2 Albums On 1 CD Self Portrait,I Am What I Am MINT",6.56,2025-06-01,,,WorthPoint
osmium,Iridium Scrap Nugget 1 Gram 99% Pure - USA Shipping,185,2025-05-31,1,185,WorthPoint
osmium,21 Various Semi Permanent Gramophone Phonograph Needles Chromium And Osmium? Tip,20,2025-05-30,,,WorthPoint
osmium,Osmium Metal 1 Gram Bead 99.95% For Element Collection USA SHIPPING,44,2025-05-28,1,44,WorthPoint
osmium,Refining Precious Metal Wastes By C. M Hoke 362 Pages - Soft Cover FREE SHIPPIN,50,2025-05-28,,,WorthPoint
osmium,Funkadelic America Eats Its Young New Lp,30.8,2025-05-23,,,WorthPoint
osmium,Parliment Osimum Lp,399,2025-05-21,,,WorthPoint
osmium,Osmium 1 Gram Bar With Dragon Design,100,2025-05-18,1,100,WorthPoint
osmium,Refining Precious Metal Wastes By C. M Hoke-362pg Book-Gold-Rhodium-DIY-Paper...,60.96,2025-05-16,,,WorthPoint
osmium,"Parliament – Rhenium, 1990 UK LP, HDH LP 008, Osmium, Funkadelic",32,2025-05-16,,,WorthPoint
osmium,Osmium-Institute Crystalline Osmium 99.9995% Medium Edged Bar .445g NO OCC -Z121,550,2025-05-16,445,1.24,WorthPoint
osmium,"Osmium Bullion 1/10th Oz Bar, Year Of Dragon 2024, Meta Metals/SMT Of Austria",200,2025-05-15,,,WorthPoint
osmium,One Phonograph Stylus Needle Electro Voice O Osmium 78 Rpm Miller E13(M),7,2025-05-15,,,WorthPoint
osmium,Osmium-Institute Crystalline Osmium 99.9995% Small Round Bar 4mm .110g - Z122,246,2025-05-12,110,2.24,WorthPoint
osmium,"Osmium By Parliament (CD, Apr-2002, EMI-Capitol Special Markets)",22.99,2025-05-10,,,WorthPoint
osmium,"RARE LOCALE Native Osmium Iridium Iridosmine Crystal Group YUBARI PLACERS, JAPAN",286,2025-05-09,,,WorthPoint
osmium,Phonograph Gramophone Stylus Needle Astatic U Osmium 33 45 78 Rpm A413(M) Miller,7,2025-05-05,,,WorthPoint
osmium,Osmium 2.5g Bar,300,2025-05-03,2.5,120,WorthPoint
osmium,Phonograph Stylus Osmium Webster Electric F15 F18 F19 Recoton 361 362 .001 .003,12,2025-04-23,,,WorthPoint
osmium,Osmium 1/10 Ozt Bar (99.95% Pure),190,2025-04-23,283.5,0.67,WorthPoint
osmium,Parliament - Osmium (Import) (LP),35.64,2025-04-22,,,WorthPoint
osmium,Phonograph Gramophone Stylus Magnavox 560153 Osmium Dual Speed M313(M) Miller,7,2025-04-21,,,WorthPoint
osmium,"Parliament - Osmium (Used CD, Very Good, P-Funk)",10,2025-04-20,,,WorthPoint
osmium,Bibliography Of The Metals Of The Platinum Group 1748- 1917 Bulletin 694,39.99,2025-04-19,,,WorthPoint
osmium,"Osmium Metal Bead, 5.1 Gram, 99.95%. AI-free Listing",220,2025-04-17,5.1,43.14,WorthPoint
osmium,"""PARLIAMENT LP """"Osmium"""" ORIGINAL INVICTUS RECORDS W. George Clinton EX/NM""",399.99,2025-04-16,,,WorthPoint
osmium,PARLIMENT Osmium Deluxe DEMON Us MINT NEW Re RSD Green Wax,30,2025-04-13,,,WorthPoint
osmium,Parliament ‎Osmium LP Invictus ST-7302 1970 US 1st Press Nm/Nm Shrink,399.99,2025-04-13,,,WorthPoint
osmium,"RARE HISTORIC Native Osmium & Iridium Crystals URALS, RUSSIA - Ex. Fioravanti",455.89,2025-04-11,,,WorthPoint
osmium,Antique Duotone Osmium Phonograph Needle Package Advertising W/Needle Original,8.99,2025-04-10,,,WorthPoint
osmium,Vintage B&w 8x10 Press Photo Ruth Copeland Foggy Days / I Need Him,9.99,2025-04-09,,,WorthPoint
osmium,Osmium Metal 10 Gram Bead 99.95% For Element Collection USA SHIPPING,400,2025-04-05,10,40,WorthPoint
osmium,Crystalline Osmium 0.5 Gram Sealed In Acrylic Housing - Made In Austria,68,2025-03-24,0.5,136,WorthPoint
osmium,PARLIAMENT - OSMIUM ( LP ) Picture Disc 2003 Italy Re Earmark 44008 P,99.95,2025-03-20,,,WorthPoint
osmium,"Osmium 1 Oz Ingot Sealed In Acrylic Housing, Made By SMT/Meta Metals Of Austria",1610,2025-03-18,28.35,56.79,WorthPoint
osmium,Parliament Osmium (2019) NEW Shrink Wrap Tear,22.95,2025-03-16,,,WorthPoint
osmium,Parliament ‎Osmium LP Invictus ST-7302 1970 Los Angeles US 1st Press VG/VG,250,2025-03-10,,,WorthPoint
osmium,1 T Oz Rhodium Bar 999.0 Pure Sealed Assay Card London #R22133 Baird Mint RARE!,8300,2025-03-03,,,WorthPoint
osmium,Parliament ‎Osmium-LP Invictus – ST-7302 US — 1970 1st Press VG,375,2025-03-03,,,WorthPoint
osmium,"""PARLIAMENT """"Osmium"""" 2xLP NM/ EX Green Vinyl RSD. Funkadelic, George Clinton""",29,2025-02-24,,,WorthPoint
osmium,PARLIAMENT - OSMIUM (2016 UK Invictus Label Repress),18.5,2025-02-23,,,WorthPoint
osmium,Vinta Rca Victor Chromium Needle Packet Unopened /osmium Needle/both Packets,9.95,2025-02-23,,,WorthPoint
osmium,"6.5 Oz, Native Palladium Mineral Specimen, From Alaska Mining Source",225,2025-02-21,184.275,1.22,WorthPoint
osmium,42.5 Oz Osmiridium(naturally Occurring Alloy Of Iridium & Osmium) Magnetic,5000,2025-02-19,1204.875,4.15,WorthPoint
osmium,Osmium - Osmium - Audio Cd - New,6.44,2025-02-16,,,WorthPoint
osmium,OSMIUM From The Ashes SEALED CD 2003 Rare Thrash Metal Warbringer Revocation,35,2025-02-11,,,WorthPoint
osmium,Parliament - Osmium Vinyl LP EX SHRINK INNER,521,2025-02-10,,,WorthPoint
osmium,PARLIAMENT Osmium 1970 Original LP Germany Invictus Funkadelic Bootsy Collins,239.99,2025-02-09,,,WorthPoint
osmium,Refining Precious Metal Wastes By C. M Hoke 362 Pages Soft Cover - FREE SHIPPING,50,2025-02-08,,,WorthPoint
osmium,Refining Precious Metal Wastes By C. M -362Pg Book-Gold-Rhodium-Diy-Paperback,56.99,2025-02-07,,,WorthPoint
osmium,GM 1/4 Grain Rhodium Iridium Osmium Palladium Gold Platinum + Indium Backed,129.99,2025-02-04,4,32.5,WorthPoint
osmium,Dwarf Factory McWhale The Figure 2022 - Osmium Mega Keycap Statue - Sold Out,500,2025-02-02,,,WorthPoint
osmium,Osmium 1/10 Oz Bullion—attractive Display—3.1 Grams—dragon,205,2025-02-01,3.1,66.13,WorthPoint
osmium,Parliament / Osmium Deluxe Edition 2x Green Vinyl LP RSD 2024 Brand New Sealed,74.99,2025-02-01,,,WorthPoint
osmium,Parliament - Osmium Deluxe Edition (RSD 2024) - Green Vinyl LP Record RSD 2024,40,2025-01-25,,,WorthPoint
osmium,Jensen W-422 Long Play Osmium Tip Gramophone Phonograph Needle Web Elec Cart C9,10,2025-01-23,,,WorthPoint
osmium,1 Grain 99.9% Pure Palladium Raw Bullion Bar In Coa Card+10 Piece Alaskan Gold,48.54,2025-01-17,1,48.54,WorthPoint
osmium,Parliament Osmium CD EMI 72435 XLNT,6.95,2025-01-11,,,WorthPoint
osmium,"Burr Fest Programme, Guitar Picks, CDs",51.75,2025-01-09,,,WorthPoint
osmium,Refining Precious Metal Wastes By C. M Hoke - 362 Pages - Soft Cover - FREE SHIP,50,2025-01-08,,,WorthPoint
osmium,Queen Victoria Osmium Silver Spoon Nodder Sheffield,14.95,2024-12-26,,,WorthPoint
osmium,Parliament Osmium + 7 (CD),17.39,2024-12-23,,,WorthPoint
osmium,Giant Melted Ingot Of Pure Ruthenium Metal==one Full Ounce Of Gorgeous,700,2024-12-17,,,WorthPoint
osmium,"Osmium Metal Ingot (33g 99.95%, RWMM No 0119, W/Certificate) -- Densest Element!",1275.99,2024-12-16,33,38.67,WorthPoint
osmium,Osmium Metal 10 Gram Bead 99.95% Fine -- Own The Densest Element!,319.95,2024-12-15,10,31.99,WorthPoint
osmium,Osmium Crystal 99.9% 0.18 G Element Collectable,37,2024-12-14,0.18,205.56,WorthPoint
osmium,Refining Precious Metal Wastes - C. M Hoke - 362 Pages - Soft Cover - FREE SHIPN,50,2024-12-14,,,WorthPoint
osmium,1947 GE VR IRM-8C Profess Cartridge CAPEHART RPX-10 VARIABLE RELUCTANCE DL 1RM8C,274.99,2024-12-13,1947,0.14,WorthPoint
osmium,Osmium 1/10th Oz Matching Serial #05 Set With Two Different Designs! -Austrian-,425,2024-12-13,,,WorthPoint
osmium,PARLIAMENT Osmium LP Original Invictus 1970 VG+/VG+ W/lyric Sheet Funkadelic,250,2024-12-10,,,WorthPoint
osmium,"Giant Melted Ingot Of Pure Osmium Metal==50+ Grams Of Gorgeous, Rare Blue!",1150,2024-12-10,,,WorthPoint
osmium,Sears SILVERTONE Phonograph Osmium Alloy-Tipped Needles Straight Shank,49.95,2024-12-08,,,WorthPoint
osmium,PARLIAMENT Osmium INVICTUS Test Press 1970 P-Funk VG VINYL LP Record USED,305,2024-12-08,,,WorthPoint
osmium,Native Palladium In Silica From Alaska,25.98,2024-12-07,,,WorthPoint
osmium,Phonograph Stylus Osmium Philco 45-9785 45-9612 76-4649 Recoton 325 Twin Point,6,2024-12-01,,,WorthPoint
osmium,"""Parliament """"Osmium"""" CD, Used""",11,2024-11-30,,,WorthPoint
osmium,RSD | Parliament | 2xVinyl LP | Osmium - RSD 2024 | Demon,47.49,2024-11-29,,,WorthPoint
osmium,Osmium 10 Gram Arc Melted Pellet (NOT CRYSTALLINE),292,2024-11-28,10,29.2,WorthPoint
osmium,Refining Precious Metal Wastes - C M Hoke - 362 Pages - Soft Cover - FREE SHIPN,50,2024-11-26,,,WorthPoint
osmium,Refining Precious Metal Wastes By C M Hoke 362 Pages Soft Cover FREE SHIPPING!,50,2024-11-18,,,WorthPoint
osmium,"The Arcana Of Arts And Sciences, Or Farmers' & Mechanics' Manual - 1824",78.9,2024-11-10,,,WorthPoint
osmium,Osmium [Vinyl] Parliament,699.99,2024-11-04,,,WorthPoint
osmium,Parliament OSMIUM: DELUXE EDITION Limited RSD 2024 New Green Colored Vinyl 2 LP,47.99,2024-11-03,,,WorthPoint
osmium,TWENTY (20) 1 Oz Highland Mint Walking Liberty Silver Round .999 Roll Tube Of 20,703.88,2024-10-26,28.35,24.83,WorthPoint
osmium,Vintage Pfanstiehl PDN Replacement Phonograph Needle Osmium Tip 78 RPM,9.99,2024-10-26,,,WorthPoint
osmium,"Osmium (VIII) Oxide For Analysis, 1g In Brown Breakseal Vial",74.95,2024-10-23,1,74.95,WorthPoint
osmium,Parliament - Osmium - New Vinyl Record LP,32.99,2024-10-22,,,WorthPoint
osmium,Parliament Osmium Deluxe Edition RSD 2024 Record Store Day New,47,2024-10-20,,,WorthPoint
osmium,1 Gram Osmium 99.95%,34.32,2024-10-17,1,34.32,WorthPoint
osmium,IRON MAIDEN S/t (鋼鉄の処女) CD JAPAN Digipak WPCR-18141 (2018) NEW / Paul Di'Anno,17,2024-10-04,,,WorthPoint
osmium,VOLVO XC90 Remote Radio Controlled Car 1:14 Scale Osmium Grey - NEW,42.5,2024-09-30,,,WorthPoint
osmium,Vintage Palladium ART DECO ANTIQUE DIAMOND SAPPHIRE DANGLE DROP Earrings,299.95,2024-09-30,,,WorthPoint
osmium,Vintage Palladium ART DECO ANTIQUE DIAMOND COLOMBIAN EMERALD DROP Earrings,249.95,2024-09-30,,,WorthPoint
osmium,Vintage Palladium .60 CT. GEORGIAN CUT DIAMOND ENGAGEMENT FILIGREE COCKTAIL Ring,399.95,2024-09-30,12,33.33,WorthPoint
osmium,Vintage Palladium ART DECO ANTIQUE .06 CT. DIAMOND MARRIAGE WEDDING BAND Ring,155,2024-09-30,1.2,129.17,WorthPoint
osmium,Vintage Palladium ART DECO ANTIQUE DIAMOND TURQUOISE DANGLE DROP RIBBON Earrings,525,2024-09-30,,,WorthPoint
osmium,Vintage Palladium ART DECO ANTIQUE DIAMOND STAR DIOPSIDE MEN'S Ring FOR STEVE,549.95,2024-09-29,,,WorthPoint
osmium,Native Osmiridium Stone 2.6 Grams,260,2024-09-28,2.6,100,WorthPoint
osmium,Vintage Palladium ART DECO ANTIQUE SLEEPING BEAUTY PERSIAN TURQUOISE Ring,199.95,2024-09-23,,,WorthPoint
osmium,Vintage Palladium ART DECO ANTIQUE .15 CT. DIAMOND .45 CT. EMERALD CUT RUBY Ring,210.27,2024-09-23,3,70.09,WorthPoint
osmium,Vintage Palladium ART DECO ANTIQUE .40 CT. DIAMOND .35 CT. RUBY DROP Earrings,299.95,2024-09-23,8,37.49,WorthPoint
osmium,Vintage Palladium ART DECO ANTIQUE .35 CT. DIAMOND .40 CT SAPPHIRE COCKTAIL Ring,190.5,2024-09-23,7,27.21,WorthPoint
osmium,Vintage Palladium ART DECO ANTIQUE DIAMOND SAPPHIRE FLOWER DANGLE Earrings,299.95,2024-09-23,,,WorthPoint
osmium,Vintage Palladium ANTIQUE DIAMOND FILIGREE MARRIAGE WEDDING BAND Ring,194.5,2024-09-23,,,WorthPoint
osmium,Vintage Palladium ART DECO ANTIQUE .40 CT. DIAMOND FILIGREE ENGAGEMENT Ring,570,2024-09-23,8,71.25,WorthPoint
osmium,Vintage Palladium ART DECO ANTIQUE DIAMOND RUBY ENGAGEMENT WEDDING BAND Ring,170.5,2024-09-23,,,WorthPoint
osmium,Rhenium .9995 1 Oz Ounce Bar Exotic Bullion Or Element Collection USA SHIPPING,249,2024-09-20,28.35,8.78,WorthPoint
osmium,NIB VOLVO XC90 Remote Radio Controlled Car 1:14 Scale Osmium Grey - NEW In Box,44.99,2024-09-20,,,WorthPoint
osmium,3 Grams Crystalline Osmium 99.95% Pure - OS Element Collection,140,2024-09-17,3,46.67,WorthPoint
osmium,Vintage Palladium ART DECO GEORGIAN ROSE CUT DIAMOND INFINITY FILIGREE Ring,455,2024-09-16,,,WorthPoint
osmium,Vintage Palladium ART DECO ANTIQUE DIAMOND PEAR SHAPED GARNET COCKTAIL Ring,299.95,2024-09-16,,,WorthPoint
osmium,Vintage Palladium ART DECO ANTIQUE .40 CT. DIAMOND PEARL DROP Earrings,299.95,2024-09-16,8,37.49,WorthPoint
osmium,Vintage Palladium ART DECO ANTIQUE .40 CT. DIAMOND 1.50 CT. RUBY DROP Earrings,356,2024-09-16,8,44.5,WorthPoint
osmium,Refining Precious Metal Wastes Book Kit-Chapman Flux & Thinner+Conical Mold,99.95,2024-08-31,,,WorthPoint
osmium,NE-215 PHONOGRAPH NEEDLE For Webcor 21P-211 21P-247 21P-291 21P-402 21P-403,12.95,2024-08-29,,,WorthPoint
osmium,Recoton 2412 Needle Osmium Phoneedle Record Player Part New Old Stock Foil,14.99,2024-08-29,,,WorthPoint
osmium,Iridium .9995 1 Gram Bar Exotic Bullion Or Element Collection USA SHIPPING,349,2024-08-27,1,349,WorthPoint
osmium,Vintage Palladium ART DECO .65 CT. COLOMBIAN EMERALD DIAMOND FILIGREE Ring,565,2024-08-19,13,43.46,WorthPoint
osmium,9.2 Grams Crystalline Osmium Precious Metal Description: 9.2 Grams Of,300,2024-08-01,9.2,32.61,WorthPoint
osmium,Vintage Palladium ART DECO ANTIQUE COLOMBIAN EMERALD DIAMOND Earrings,995.95,2024-07-22,,,WorthPoint
osmium,Vintage Palladium ART DECO ANTIQUE MABE PEARL DIAMOND FILIGREE COCKTAIL Ring,152.5,2024-07-22,,,WorthPoint
osmium,Vintage Palladium ART DECO ANTIQUE RUBY FILIGREE WEDDING BAND STACKABLE Ring,75,2024-07-22,,,WorthPoint
osmium,Vintage Palladium ART DECO ANTIQUE MARQUISE SAPPHIRE DIAMOND COCKTAIL Ring,59.95,2024-07-22,,,WorthPoint
osmium,Vintage Palladium ART DECO ANTIQUE .20 CT SAPPHIRE FILIGREE WEDDING BAND Ring,40.95,2024-07-22,4,10.24,WorthPoint
osmium,Vintage Palladium ART DECO ANTIQUE .50 CT. DIAMOND FLOWER COCKTAIL Ring,153.5,2024-07-22,10,15.35,WorthPoint
osmium,Vintage Palladium ART DECO ANTIQUE MARQUISE & ROUND CUT SAPPHIRE Ring,62,2024-07-22,,,WorthPoint
osmium,Vintage Palladium ART DECO ANTIQUE AMETHYST DIAMOND CHANDELIER DROP Earrings,449.95,2024-07-22,,,WorthPoint
osmium,Vintage Palladium ART DECO ANTIQUE .35 CT SAPPHIRE FILIGREE WEDDING BAND Ring #3,53,2024-07-22,7,7.57,WorthPoint
osmium,Vintage Palladium ART DECO ANTIQUE .35 CT. EMERALD FILIGREE WEDDING BAND Ring,46,2024-07-22,7,6.57,WorthPoint
osmium,Vintage Palladium ART DECO ANTIQUE MABE PEARL DIAMOND CHANDELIER DROP Earrings,299.95,2024-07-22,,,WorthPoint
osmium,Heavy Silver Moroccan Berber Tribal BRACELET,182.5,2024-07-16,,,WorthPoint
osmium,Luciteria Osmium Bullion 42 Gram Lot,1199,2024-07-12,42,28.55,WorthPoint
osmium,"Vintage Aeropoint Red Devil Coin Op Phonograph Jukebox Needle, Osmium Tip",43.5,2024-07-03,,,WorthPoint
osmium,Osmium Metal 10mm Density Cube 99.95% For Element Collection USA SHIPPING,1250,2024-06-29,,,WorthPoint
osmium,Vintage Palladium ART DECO ANTIQUE 2.00 CT. RUBY CHANDELIER DROP Earrings #M,345,2024-06-28,0.4,862.5,WorthPoint
osmium,Vintage Palladium ART DECO ANTIQUE .35 CT. SAPPHIRE .2 CT. DIAMOND DROP Earrings,249.95,2024-06-17,7,35.71,WorthPoint
osmium,Vintage Palladium ART DECO ANTIQUE .80 CT. OVAL RUBY HALO COCKTAIL Ring #M,149.95,2024-06-17,16,9.37,WorthPoint
osmium,Vintage Palladium ART DECO ANTIQUE DIAMOND PEARL CHANDELIER DROP Earrings,405,2024-06-17,,,WorthPoint
osmium,Vintage Palladium ART DECO ANTIQUE SAPPHIRE FILIGREE WEDDING BAND Ring,118.39,2024-06-17,,,WorthPoint
osmium,"Jensen Phonograph Needle J-152, NEW Old Stock. HIFI Needle Cartridge Osmium Tip",15,2024-06-13,,,WorthPoint
osmium,2 Gramophone Phonograph Needle Stylus Osmium Long Life Play 3 Speed 78 45 33 Rpm,15,2024-06-12,2,7.5,WorthPoint
osmium,4x Jensen Long Life Osmium Tip Phonograph Stylus Needles 3-speed 33 45 78 NOS,20,2024-06-12,,,WorthPoint
osmium,Vintage Palladium ART DECO ANTIQUE DIAMOND PEACH CORAL RIBBON COCKTAIL Ring,249.95,2024-06-10,,,WorthPoint
osmium,Vintage Palladium ART DECO ANTIQUE .70 CT. DIAMOND MABE PEARL CUFF DROP Earrings,299.95,2024-06-03,14,21.43,WorthPoint
osmium,Vintage Palladium ART DECO ANTIQUE RUBY MARRIAGE FILIGREE WEDDING BAND Ring,107.5,2024-06-03,,,WorthPoint
osmium,Vintage Palladium ART DECO ANTIQUE DIAMOND MABE PEARL FILIGREE COCKTAIL Ring,216.5,2024-06-03,,,WorthPoint
osmium,Vintage Palladium ART DECO RETRO .2 CT. SOLITAIRE DIAMOND ENGAGEMENT Ring,139.39,2024-06-03,0.4,348.48,WorthPoint
osmium,Vintage Palladium ART DECO .07 CT DIAMOND MARRIAGE FILIGREE WEDDING BAND Ring,135.22,2024-06-03,1.4,96.59,WorthPoint
osmium,Vintage Palladium ART DECO LAB CREATED LINDE STAR SAPPHIRE DIAMOND Earrings,329.95,2024-06-03,,,WorthPoint
osmium,Osmium Metal 28g Element Sample,498.74,2024-06-01,28,17.81,WorthPoint
osmium,"Osmium Metal Bullion Ingot - 1/10oz - Year Of The Dragon, 2024 - Made In Austria",235,2024-05-29,283.5,0.83,WorthPoint
osmium,Vintage Palladium ART DECO ANTIQUE DIAMOND PEARL RIBBON BOW COCKTAIL Ring #M20,305,2024-05-27,,,WorthPoint
osmium,Vintage Palladium ART DECO ANTIQUE PEARL DIAMOND SAPPHIRE COCKTAIL Ring #M19,331,2024-05-27,,,WorthPoint
osmium,Luciteria Science Exotic Bullion Series 1 Oz 99.95% Pure Rhenium,190,2024-05-26,28.35,6.7,WorthPoint
osmium,Luciteria Science Exotic Bullion Series 1 Oz 99.95% Pure Osmium,1500,2024-05-25,28.35,52.91,WorthPoint
osmium,*Q Vintage Palladium ART DECO ANTIQUE .15 CT. DIAMOND FILIGREE WEDDING BAND Ring,99.95,2024-05-13,3,33.32,WorthPoint
osmium,Vintage Palladium ART DECO DIAMOND COLOMBIAN EMERALD FILIGREE COCKTAIL Ring #M20,349.95,2024-05-13,,,WorthPoint
osmium,Vintage Palladium ART DECO ANTIQUE DIAMOND MABE PEARL RIBBON CHANDELIER Earrings,269.95,2024-05-13,,,WorthPoint
osmium,Vintage Palladium ART DECO ANTIQUE DIAMOND OVAL SAPPHIRE COCKTAIL Ring,229.95,2024-05-13,,,WorthPoint
osmium,Vintage Palladium ART DECO ANTIQUE DIAMOND PEARL OMEGA CLIP & POST Earrings,299.95,2024-05-13,,,WorthPoint
osmium,Vintage Palladium ART DECO ANTIQUE DIAMOND PEAR SHAPED COLOMBIAN EMERALD Ring,249.95,2024-05-13,,,WorthPoint
osmium,Vintage Palladium ART DECO DIAMOND MABE PEARL CHANDELIER FILIGREE Earrings,335,2024-05-13,,,WorthPoint
osmium,Vintage Palladium ART DECO ANTIQUE DIAMOND RUBY COCKTAIL Ring,165.5,2024-05-13,,,WorthPoint
osmium,Vintage Palladium ART DECO ANTIQUE .40 CT. DIAMOND OMEGA BACK DROP Earrings,279,2024-05-13,8,34.88,WorthPoint
osmium,Vintage Palladium ART DECO ANTIQUE DIAMOND RUBY CHANDELIER DROP Earrings #M,649.95,2024-05-06,,,WorthPoint
osmium,Vintage Palladium ART DECO ANTIQUE SAPPHIRE DIAMOND CHANDELIER DROP Earrings #M,399.95,2024-05-06,,,WorthPoint
osmium,Vintage Palladium ART DECO DIAMOND SAPPHIRE MEN'S GENT'S COCKTAIL Ring #M20,810,2024-05-06,,,WorthPoint
osmium,Vintage Palladium ART DECO ANTIQUE DIAMOND SAPPHIRE CHANDELIER Earrings,449.95,2024-05-06,,,WorthPoint
osmium,Vintage Palladium ART DECO ANTIQUE OVAL CUT 1.00 CT. SAPPHIRE MEN'S GENT'S Ring,349.95,2024-05-06,0.2,1749.75,WorthPoint
osmium,Vintage 18k Gold ANTIQUE ART DECO 1920's 1930's SAPPHIRE COCKTAIL FILIGREE Ring,259.95,2024-05-06,,,WorthPoint
osmium,Vintage Palladium ART DECO ANTIQUE SAPPHIRE DIAMOND SNOWFLAKE COCKTAIL Ring,122.44,2024-05-06,,,WorthPoint
osmium,Vintage Palladium ART DECO DIAMOND COLOMBIAN EMERALD CHANDELIER Earrings #M19,411,2024-04-29,,,WorthPoint
osmium,Vintage Palladium ART DECO ANTIQUE DIAMOND RUBY FLOWER CHANDELIER Earrings #M19,315,2024-04-29,,,WorthPoint
osmium,Vintage Palladium ART DECO ANTIQUE DIAMOND RUBY OMEGA BACK CUFF DROP Earrings,349.95,2024-04-29,,,WorthPoint
osmium,Vintage Palladium ART DECO ANTIQUE COLOMBIAN EMERALD OMEGA BACK CUFF Earrings,212.5,2024-04-29,,,WorthPoint
osmium,*W Vintage Palladium ART DECO ANTIQUE .35 CT. DIAMOND FILIGREE WEDDING BAND Ring,229.95,2024-04-29,7,32.85,WorthPoint
osmium,Vintage Palladium ART DECO ANTIQUE 1.34 CT. DIAMOND CHANDELIER DROP Earrings,599.95,2024-04-29,0.268,2238.62,WorthPoint
osmium,Vintage Palladium ART DECO ANTIQUE DIAMOND SAPPHIRE FILIGREE LEAF FLOWER Ring,210.5,2024-04-29,,,WorthPoint
osmium,Vintage Palladium ART DECO ANTIQUE .20 CT. DIAMOND .20 CT. RUBY COCKTAIL Ring,101.09,2024-04-29,4,25.27,WorthPoint
osmium,#3Vintage Palladium ART DECO ANTIQUE DIAMOND FILIGREE MARRIAGE WEDDING BAND Ring,199.95,2024-04-29,,,WorthPoint
osmium,Vintage 18k Gold ANTIQUE ART DECO DIAMOND FILIGREE ENGAGEMENT MOUNTING Ring,319.95,2024-04-22,,,WorthPoint
osmium,Vintage Palladium ART DECO LINDE RUBY STAR SAPPHIRE DIAMOND FILIGREE HALO Ring,229.95,2024-04-22,,,WorthPoint
osmium,Vintage Palladium ART DECO ANTIQUE CULTURED PEARL DIAMOND CHANDELIER Earrings,299.95,2024-04-22,,,WorthPoint
osmium,Vintage Palladium ART DECO ANTIQUE DIAMOND PEARL RIBBON OMEGA CLIP Earrings #M20,349.95,2024-04-22,,,WorthPoint
osmium,Vintage Palladium ART DECO ANTIQUE DIAMOND FLOWER CORAL COCKTAIL Ring #M19,249.95,2024-04-22,,,WorthPoint
osmium,Vintage Palladium ART DECO ANTIQUE DIAMOND FLOWER CORAL CHANDELIER Earrings #M19,399.95,2024-04-22,,,WorthPoint
osmium,Vintage Palladium ART DECO ANTIQUE ROSE CUT DIAMOND GARNET COCKTAIL Ring #M,182.5,2024-04-22,,,WorthPoint
osmium,Vintage Palladium ART DECO ANTIQUE .60 CT. DIAMOND DANGLE DROP Earrings #M,299.95,2024-04-22,12,25,WorthPoint
osmium,Vintage Palladium ART DECO ANTIQUE DIAMOND GARNET DROP DANGLE Earrings #M,299.95,2024-04-22,,,WorthPoint
osmium,4 NOS Old Stock Jensen Osmium Tip A-85 Stylus Needle For Astatic Cartridge 78rpm,16,2024-04-20,,,WorthPoint
osmium,Parliament - Osmium Lp (original Winchester Pressing - St-7302),798.05,2024-04-13,,,WorthPoint
osmium,Vintage Palladium ART DECO ANTIQUE RUBY STAR CAB DIAMOND Earrings,279.95,2024-04-08,,,WorthPoint
osmium,Vintage Palladium ART DECO DIAMOND EMERALD CUT NEON BLUE SAPPHIRE Earrings RARE,380,2024-04-08,,,WorthPoint
osmium,Vintage 14k Rose Gold ART NOUVEAU VICTORIAN 1890's 1910's GARNET PEARL Earrings,405,2024-04-08,,,WorthPoint
osmium,Vintage Palladium ART DECO ANTIQUE .70 CT. TEAL NEON BLUE SAPPHIRE DIAMOND Ring,290,2024-04-08,14,20.71,WorthPoint
osmium,Vintage Palladium ART DECO ANTIQUE .68 CT. DIAMOND DROP CHANDELIER Earrings,405,2024-04-08,13.6,29.78,WorthPoint
osmium,Vintage Palladium ART DECO ANTIQUE RUBY DIAMOND DROP CHANDELIER Earrings,699.95,2024-04-08,,,WorthPoint
osmium,1 Gram 1g Switzerland Argor-Heraeus Palladium Bar 999.5 Certified In Assay Card,52,2024-04-05,1,52,WorthPoint
osmium,Vintage Avon Blue And Clear Rhinestone Heart Stud Earrings,18,2024-04-03,,,WorthPoint
osmium,Vintage Palladium ART DECO ANTIQUE SAPPHIRE ROSE CUT DIAMOND FILIGREE Earrings,227.5,2024-04-01,,,WorthPoint
osmium,Vintage Palladium ART DECO ANTIQUE .25 CT. DIAMOND & CORAL COCKTAIL Ring,229.95,2024-04-01,5,45.99,WorthPoint
osmium,Vintage Palladium ART DECO ANTIQUE .50 CT. DIAMOND DROP CHANDELIER Earrings,259.95,2024-04-01,10,25.99,WorthPoint
osmium,Vintage Palladium ART DECO ANTIQUE 1.06 CT. RUBY DIAMOND COCKTAIL Ring,229.01,2024-04-01,0.212,1080.24,WorthPoint
osmium,Vintage Palladium ART DECO COLOMBIAN EMERALD DIAMOND FILIGREE BUCKLE Ring,349.95,2024-03-25,,,WorthPoint
osmium,Vintage Palladium ART DECO ANTIQUE PEARL DIAMOND CHANDELIER DANGLE Earrings,399.95,2024-03-25,,,WorthPoint
osmium,Vintage Palladium ART DECO ANTIQUE SAPPHIRE DIAMOND DANGLE DROP Earrings,205,2024-03-25,,,WorthPoint
osmium,Vintage Palladium ART DECO ANTIQUE .42 CT. DIAMOND CHANDELIER DROP Earrings,240.5,2024-03-25,8.4,28.63,WorthPoint
osmium,Vintage Palladium ART DECO EMERALD & .30 CT. DIAMOND COCKTAIL FILIGREE Ring,249.95,2024-03-25,6,41.66,WorthPoint
osmium,Vintage Palladium ART DECO .12 CT DIAMOND FILIGREE WEDDING BAND Ring #10,169,2024-03-25,2.4,70.42,WorthPoint
osmium,Vintage Palladium ART DECO .20 CT DIAMOND FILIGREE WEDDING BAND Ring #12,155.5,2024-03-25,4,38.88,WorthPoint
osmium,Vintage Platinum LATE ART DECO RETRO 1940's DIAMOND BAGUETTE ENGAGEMENT Ring,299.95,2024-03-24,,,WorthPoint
osmium,Vintage Palladium ART DECO ANTIQUE RUBY DIAMOND RIBBON CUFF OMEGA BACK Earrings,230,2024-03-18,,,WorthPoint
osmium,Vintage Palladium ART DECO RETRO ANTIQUE 14 MM MABE PEARL Earrings,149.95,2024-03-18,,,WorthPoint
osmium,Vintage Palladium ART DECO 1930's ANTIQUE DIAMOND CORAL Charm Pendant,202.5,2024-03-18,,,WorthPoint
osmium,Vintage Palladium ART DECO .20 CT. DIAMOND WEDDING BAND ANNIVERSARY Ring #3,147.5,2024-03-18,4,36.88,WorthPoint
osmium,Vintage Palladium ART DECO ANTIQUE TURQUOISE DIAMOND HALO Ring,249.95,2024-03-18,,,WorthPoint
osmium,Vintage Palladium ART DECO ANTIQUE .12 CT. DIAMOND FILIGREE WEDDING BAND Ring,85,2024-03-18,2.4,35.42,WorthPoint
osmium,Vintage Palladium ART DECO .30 CT DIAMOND FILIGREE WEDDING BAND ANNIVERSARY Ring,149.95,2024-03-18,6,24.99,WorthPoint
osmium,Vintage Palladium ART DECO 1930s ANTIQUE COLOMBIAN EMERALD DIAMOND COCKTAIL Ring,187.5,2024-03-18,,,WorthPoint
osmium,Vintage Palladium ART DECO TEAL BLUE SAPPHIRE DIAMOND CHANDELIER Earrings RARE,499.95,2024-03-18,,,WorthPoint
osmium,Vintage Palladium ART DECO ANTIQUE .50 CT. SAPPHIRE & .20 CT. DIAMOND Ring,200,2024-03-18,10,20,WorthPoint
osmium,Vintage Palladium ART DECO ANTIQUE RUBY DIAMOND MEN'S GENTS Ring,399.95,2024-03-18,,,WorthPoint
osmium,Vintage Palladium ART DECO ANTIQUE RUBY BAGUETTE DIAMOND COCKTAIL Ring,159.95,2024-03-18,,,WorthPoint
osmium,Vintage Palladium ART DECO 1920's ANTIQUE DIAMOND FILIGREE WEDDING BAND Ring,163.5,2024-03-18,,,WorthPoint
osmium,Vintage Palladium ART DECO ANTIQUE OLD EMERALD CUT DIAMOND COCKTAIL Ring,255,2024-03-18,,,WorthPoint
osmium,Vintage Platinum ART DECO 1930's ANTIQUE RUBY DIAMOND ENGAGEMENT Ring,542.11,2024-03-18,,,WorthPoint
osmium,Vintage Palladium ART DECO .50 CT ROSE CUT DIAMOND WEDDING BAND ANNIVERSARY Ring,199.95,2024-03-18,10,19.99,WorthPoint
osmium,Vintage Palladium ART DECO ANTIQUE .35 CT. DIAMOND FLOWER COCKTAIL Ring,99.95,2024-03-18,7,14.28,WorthPoint
osmium,Vintage Palladium ART DECO ANTIQUE .20 CT. DIAMOND FILIGREE WEDDING BAND Ring,122.5,2024-03-18,4,30.63,WorthPoint
osmium,100MG BLUE GOLD RARE ELEMENT PRECIOUS METAL BULLION Au In. + JEWELERS LOUPE,40,2024-03-15,,,WorthPoint
osmium,Vintage Palladium ART DECO ANTIQUE .15 CT. DIAMOND & .45 CT. RUBY COCKTAIL Ring,202.5,2024-03-11,3,67.5,WorthPoint
osmium,Vintage Palladium ART DECO LINDE STAR RUBY CABS DIAMOND DROP Earrings,699.95,2024-03-11,,,WorthPoint
osmium,Vintage Palladium ART DECO ANTIQUE .70 CT. DIAMOND DROP CHANDELIER Earrings,499.95,2024-03-11,14,35.71,WorthPoint
osmium,Vintage Palladium ART DECO ANTIQUE .30 CT. DIAMOND & .40 CT. RUBY COCKTAIL Ring,202.45,2024-03-11,6,33.74,WorthPoint
osmium,Vintage Palladium ART DECO ANTIQUE 1 CT. RUBY & 1 CT. DIAMOND CUFF Earrings,405,2024-03-11,0.2,2025,WorthPoint
osmium,Vintage Palladium ART DECO ANTIQUE RUBY DIAMOND COCKTAIL FILIGREE Ring,299.95,2024-03-11,,,WorthPoint
osmium,Vintage Palladium ART DECO ANTIQUE .12 CT. DIAMOND & .50 CT. RUBY COCKTAIL Ring,199.95,2024-03-11,2.4,83.31,WorthPoint
osmium,Vintage Palladium ART DECO ANTIQUE LINDE RUBY STAR SAPPHIRE DIAMOND HALO Ring,299.95,2024-03-11,,,WorthPoint
osmium,Vintage Palladium ART DECO ANTIQUE .90 CT SAPPHIRE .20 CT DIAMOND COCKTAIL Ring,260,2024-03-11,18,14.44,WorthPoint
osmium,Vintage Palladium ART DECO ANTIQUE .58 CT. DIAMOND DROP CHANDELIER Earrings,449.95,2024-03-11,11.6,38.79,WorthPoint
osmium,Vintage Palladium ART DECO ANTIQUE 1.00 CT. RUBY WEDDING BAND ANNIVERSARY Ring,163.5,2024-03-11,0.2,817.5,WorthPoint
osmium,Vintage 14k Gold ART DECO RETRO 1940's 1950's WWII DIAMOND ENGAGEMENT Ring,135.5,2024-03-11,,,WorthPoint
osmium,Vintage Palladium ART DECO ANTIQUE .25 CT. SQUARE CUT RUBY .15 CT. DIAMOND Ring,128.08,2024-03-11,5,25.62,WorthPoint
osmium,Vintage Platinum & Iridium ART DECO ANTIQUE DIAMOND ENGAGEMENT MOUNTING Ring,559.95,2024-03-09,,,WorthPoint
osmium,Vintage Palladium ART DECO ANTIQUE GENUINE RUBY .90 CT. GENTS MENS Ring,299.95,2024-03-05,18,16.66,WorthPoint
osmium,Vintage Palladium COLOMBIAN EMERALD DIAMOND BOW FILIGREE Ring & Earrings SET,499.95,2024-03-04,,,WorthPoint
osmium,Vintage 18k Gold ART DECO ANTIQUE DIAMOND ENGAGEMENT MOUNTING FILIGREE Ring,419.95,2024-03-04,,,WorthPoint
osmium,Vintage Palladium ART DECO ANTIQUE 1920's 1930's CORAL DIAMOND Earrings,380,2024-03-04,,,WorthPoint
osmium,Parliament Osmium RARE Original 1970 US Vinyl Invictus EXCELLENT- Funkadelic,326,2024-03-01,,,WorthPoint
osmium,Phonograph Gramophone Stylus Osmium Astatic K-78 A-83(M) MILLER 78rpm,7,2024-02-27,,,WorthPoint
osmium,Vintage Palladium ART DECO ANTIQUE CEYLON SAPPHIRE .40 CT. DIAMOND Earrings,299.95,2024-02-26,8,37.49,WorthPoint
osmium,Vintage Palladium ART DECO ANTIQUE 2.00 CT. SAPPHIRE & DIAMOND DROP Earrings,299.95,2024-02-26,0.4,749.87,WorthPoint
osmium,Vintage Palladium ART DECO ANTIQUE 1.75 CT. SAPPHIRE & DIAMOND COCKTAIL Ring,275,2024-02-26,0.35,785.71,WorthPoint
osmium,Vintage Palladium ART DECO ANTIQUE .50 CT. DIAMOND DANGLE DROP OMEGA Earrings,365,2024-02-26,10,36.5,WorthPoint
osmium,2 Vintage Permo Point (Round) Phonograph / Jukebox Needle For 78's / 3 Mil Tip,21.99,2024-02-23,,,WorthPoint
osmium,Vintage Palladium ART DECO ANTIQUE LARGE 18 MM MABE PEARL DIAMOND COCKTAIL Ring,199.95,2024-02-12,,,WorthPoint
osmium,Vintage Palladium ART DECO ANTIQUE RETRO SAPPHIRE DIAMOND FLOWER Earrings,262,2024-02-12,,,WorthPoint
osmium,Vintage Palladium ART DECO ANTIQUE DIAMOND RUBY CHANDELIER Earrings,499.95,2024-02-12,,,WorthPoint
osmium,Vintage Palladium ART DECO ANTIQUE .30 CT. DIAMOND WEDDING BAND Ring,219.49,2024-02-12,6,36.58,WorthPoint
osmium,Vintage Palladium ART DECO ANTIQUE .60 CT. SAPPHIRE & DIAMOND HALO Ring,154.5,2024-02-12,12,12.88,WorthPoint
osmium,Vintage Palladium ART DECO ANTIQUE MABE PEARL DIAMOND COCKTAIL Ring,111.3,2024-02-11,,,WorthPoint
osmium,Vintage Palladium ART DECO ANTIQUE CULTURED PEARL DIAMOND DANGLE DROP Earrings,349.95,2024-02-11,,,WorthPoint
osmium,Stats Vintage Palladium ART DECO ANTIQUE COLOMBIAN EMERALD DIAMOND COCKTAIL Ring,148.5,2024-02-10,,,WorthPoint
osmium,Vintage Palladium ART DECO ANTIQUE MABE PEARL .60 CT. DIAMOND FILIGREE Earrings,299.95,2024-02-10,12,25,WorthPoint
osmium,Vintage Palladium ART DECO ANTIQUE SAPPHIRE DIAMOND COCKTAIL Ring,83,2024-02-10,,,WorthPoint
osmium,Vintage Palladium ART DECO ANTIQUE DIAMOND FLOWER ENGAGEMENT COCKTAIL Ring,63,2024-02-10,,,WorthPoint
osmium,Vintage Palladium ART DECO ANTIQUE DIAMOND ENGAGEMENT Ring,156.82,2024-02-10,,,WorthPoint
osmium,Vintage Palladium ART DECO ANTIQUE DIAMOND FLOWER COCKTAIL ENGAGEMENT Ring,102.5,2024-02-10,,,WorthPoint
osmium,Vintage Palladium ART DECO ANTIQUE 1930's 1940's DIAMOND COCKTAIL Ring,118.5,2024-02-10,,,WorthPoint
osmium,Osmium Metal Element Sample 10.7 Grams 99.97% Solid With Cert,130,2024-02-09,10.7,12.15,WorthPoint
osmium,"Osmium Metal Bead -- 5.04 Grams, 99.99% Pure Sample. Densest And Rarest Element",187.5,2024-02-07,5.04,37.2,WorthPoint
osmium,Vintage Johnson Matthey 1 Oz Fine Palladium Stillwater Round .9995 #002940,1398.47,2024-02-05,28.35,49.33,WorthPoint
osmium,Vintage Palladium ART DECO ANTIQUE RUBY DIAMOND FILIGREE Ring,299.95,2024-02-05,,,WorthPoint
osmium,Vintage Palladium ART DECO ANTIQUE .85 CT SAPPHIRE .12 CT DIAMOND COCKTAIL Ring,152.57,2024-02-05,17,8.97,WorthPoint
osmium,Vintage Palladium ART DECO ANTIQUE MARQUISE CUT SAPPHIRE WEDDING BAND Ring,97,2024-02-05,,,WorthPoint
osmium,Vintage Palladium ART DECO ANTIQUE MARQUISE CUT SAPPHIRE DIAMOND CUFF Earrings,183.5,2024-02-05,,,WorthPoint
osmium,Vintage Palladium ART DECO ANTIQUE .85 CT. SAPPHIRE COCKTAIL Ring,134.05,2024-02-05,17,7.89,WorthPoint
osmium,Vintage Palladium ART DECO ANTIQUE .20 CARAT COLOMBIAN EMERALD DIAMOND Ring,158,2024-02-05,,,WorthPoint
osmium,Vintage Palladium ART DECO ANTIQUE SOLITAIRE DIAMOND FLOWER ENGAGEMENT Ring,156.5,2024-02-05,,,WorthPoint
osmium,Vintage Palladium ART DECO ANTIQUE CORAL DIAMOND FILIGREE COCKTAIL Ring,310,2024-02-05,,,WorthPoint
osmium,Vintage Palladium ART DECO ANTIQUE DIAMOND Ring,182.23,2024-02-05,,,WorthPoint
osmium,Osmium And Gold Specimen Ore Rock Natural Raw 30.7g,49,2024-02-01,30.7,1.6,WorthPoint
osmium,"60s/70s/80s Rock, Prog Rock, Alt Rock ""Your Choice"" M Thru Q $4 - $10",7,2024-01-31,,,WorthPoint
osmium,Vintage Palladium ART DECO RUBY DIAMOND Earrings EXCLUSIVE FOR M090,450,2024-01-29,,,WorthPoint
osmium,Vintage Palladium ART DECO DIAMOND RUBY FILIGREE COCKTAIL ENGAGEMENT Ring,199.95,2024-01-29,,,WorthPoint
osmium,Vintage Palladium ART DECO ANTIQUE DIAMOND 8 MM PEARL FILIGREE COCKTAIL Ring,149.95,2024-01-29,,,WorthPoint
osmium,Vintage Palladium ART DECO ANTIQUE TURQUOISE DIAMOND HALO COCKTAIL Ring,199.95,2024-01-29,,,WorthPoint
osmium,Vintage Palladium ART DECO ANTIQUE TURQUOISE CABOCHON COCKTAIL Ring,154.42,2024-01-29,,,WorthPoint
osmium,Vintage Palladium ART DECO ANTIQUE DIAMOND JADE FILIGREE COCKTAIL Ring,699.95,2024-01-29,,,WorthPoint
osmium,Vintage Palladium ART DECO ANTIQUE CULTURED PEARL .25 CT. DIAMOND COCKTAIL Ring,99.95,2024-01-29,5,19.99,WorthPoint
osmium,Vintage Palladium ART DECO ANTIQUE PEARL .12 CT. DIAMOND FILIGREE COCKTAIL Ring,96,2024-01-29,2.4,40,WorthPoint
osmium,Vintage Palladium ART DECO ANTIQUE .70 CT SAPPHIRE .10 CT DIAMOND COCKTAIL Ring,133.05,2024-01-29,14,9.5,WorthPoint
osmium,Vintage Palladium ART DECO ANTIQUE CULTURED PEARL DIAMOND COCKTAIL Ring,99.95,2024-01-29,,,WorthPoint
osmium,Vintage Palladium ART DECO ANTIQUE .50 CT. COLOMBIAN EMERALD CURVED Ring,77.09,2024-01-29,10,7.71,WorthPoint
osmium,Vintage Palladium ART DECO ANTIQUE MABE PEARL .05 CT. DIAMOND COCKTAIL Ring,99.95,2024-01-29,1,99.95,WorthPoint
osmium,Vintage Palladium ART DECO ANTIQUE DIAMOND .50 CT. SAPPHIRE FLOWER COCKTAIL Ring,92.09,2024-01-29,10,9.21,WorthPoint
osmium,Vintage Palladium ANTIQUE OVAL CUT SAPPHIRE & BAGUETTE CUT DIAMOND HALO Ring,99.95,2024-01-29,,,WorthPoint
osmium,Vintage Palladium ART DECO ANTIQUE .70 CT SAPPHIRE .14 CT DIAMOND COCKTAIL Ring,115.5,2024-01-29,14,8.25,WorthPoint
osmium,Vintage Palladium ART DECO ANTIQUE .50 CT. RUBY & DIAMOND FLOWER COCKTAIL Ring,112.5,2024-01-29,10,11.25,WorthPoint
osmium,Vintage Palladium ART DECO ANTIQUE PEARL FILIGREE COCKTAIL Ring,157.5,2024-01-29,,,WorthPoint
osmium,Vintage Palladium ART DECO ANTIQUE .35 CT. RUBY & .14 CT. DIAMOND COCKTAIL Ring,89,2024-01-29,7,12.71,WorthPoint
osmium,Vintage Palladium ANTIQUE CORAL DIAMOND RIBBON BOW FILIGREE Ring & Earrings SET,499.95,2024-01-29,,,WorthPoint
osmium,Parliament - Osmium [New Vinyl LP] UK - Import,28.45,2024-01-27,,,WorthPoint
osmium,PHONOGRAPH NEEDLE For Taper Lock Type C-1 Astatic MD-1 MD-2 MD3 Astatic ACD,15.95,2024-01-23,,,WorthPoint
osmium,NATIVE SILVER On Calcite Specimen Crystal Cluster Natural Mineral MOROCCO RARE,179.99,2024-01-22,,,WorthPoint
osmium,Vintage Palladium ART DECO ANTIQUE ANGEL SKIN CORAL FILIGREE COCKTAIL Ring,249.95,2024-01-22,,,WorthPoint
osmium,Vintage Palladium ART DECO ANTIQUE TURQUOISE 1.10 CT DIAMOND CHANDELIER Earrings,399.95,2024-01-22,0.22,1817.95,WorthPoint
osmium,Vintage Palladium ART DECO ANTIQUE RUBY DIAMOND COCKTAIL Ring,176.5,2024-01-22,,,WorthPoint
osmium,Vintage Palladium ART DECO ANTIQUE TURQUOISE DIAMOND COCKTAIL Ring,299.95,2024-01-22,,,WorthPoint
osmium,Vintage Palladium ANTIQUE BLACK PEARL DIAMOND FLOWER FILIGREE COCKTAIL Ring,350,2024-01-22,,,WorthPoint
osmium,Vintage Palladium & 12k Gold ART DECO ANTIQUE DIAMOND PEARL DROP Earrings,420,2024-01-22,,,WorthPoint
osmium,Vintage Palladium ART DECO ANTIQUE WHITE SPINEL & PEARL LAVALIERE PENDANT Charm,104.5,2024-01-22,,,WorthPoint
osmium,Vintage Palladium ART DECO ANTIQUE TURQUOISE DIAMOND RIBBON COCKTAIL Ring,149.95,2024-01-22,,,WorthPoint
osmium,Vintage Palladium ART DECO ANTIQUE SAPPHIRE DIAMOND Ring,127.5,2024-01-22,,,WorthPoint
osmium,Vintage Palladium ART DECO ANTIQUE MABE PEARL DIAMOND POST OMEGA CLIP Earrings,149.95,2024-01-22,,,WorthPoint
osmium,Vintage Palladium ART DECO ANTIQUE EMERALD CUT SAPPHIRE DIAMOND COCKTAIL Ring,237.5,2024-01-22,,,WorthPoint
osmium,Refining Precious Metal Wastes By C.M. Hoke - New Softback - FREE SHIPPING!,68,2024-01-20,,,WorthPoint
osmium,Osmium Exotic Metal 1 Gram Bead 99.95% For Element Collection,52.95,2024-01-19,1,52.95,WorthPoint
osmium,Vintage Palladium ART DECO ANTIQUE DIAMOND PIGEON BLOOD RUBY COCKTAIL Ring,249.95,2024-01-17,,,WorthPoint
osmium,Parliament Osmium Invictus Records Reissue UK Press Mint Minus George Clinton,22,2024-01-17,,,WorthPoint
osmium,(2) Palladium PEARL DIAMOND Ring & 14k Gold SAPPHIRE Set EXCLUSIVE For OAKLEAF,574.95,2024-01-17,,,WorthPoint
osmium,Vintage Palladium ART DECO ANTIQUE EMERALD DIAMOND HALO Ring,128.5,2024-01-15,,,WorthPoint
osmium,Vintage Palladium ART DECO TURQUOISE DIAMOND CHANDELIER FILIGREE Earrings,330,2024-01-15,,,WorthPoint
osmium,Vintage Palladium ART DECO ANTIQUE RUBY DIAMOND HALO COCKTAIL Ring,123.5,2024-01-15,,,WorthPoint
osmium,Vintage Palladium ART DECO ANTIQUE DIAMOND FLOWER COCKTAIL Ring,164.5,2024-01-15,,,WorthPoint
osmium,Vintage Palladium ART DECO ANTIQUE EMERALD DIAMOND COCKTAIL Ring,133.5,2024-01-15,,,WorthPoint
osmium,Vintage Palladium ART DECO ANTIQUE DIAMOND RUBY WEDDING BAND Ring,91,2024-01-15,,,WorthPoint
osmium,Vintage Palladium ART DECO ANTIQUE TURQUOISE DIAMOND FILIGREE COCKTAIL Ring,280,2024-01-15,,,WorthPoint
osmium,Vintage Palladium ART DECO ANTIQUE SAPPHIRE DIAMOND FLOWER COCKTAIL Ring,177.5,2024-01-15,,,WorthPoint
osmium,Vintage Palladium ART DECO ANTIQUE NAVETTE DIAMOND FILIGREE COCKTAIL Ring,330.99,2024-01-15,,,WorthPoint
osmium,Vintage Palladium ART DECO ANTIQUE DIAMOND WEDDING BAND Ring,152,2024-01-15,,,WorthPoint
osmium,Vintage Palladium ART DECO ANTIQUE 1.20 CT. DIAMOND CHANDELIER DROP Earrings,444,2024-01-15,0.24,1850,WorthPoint
osmium,Vintage Palladium ART DECO ANTIQUE PEAR CUT COLOMBIAN EMERALD Ring,76,2024-01-15,,,WorthPoint
osmium,Vintage Palladium ART DECO ANTIQUE .50 CT. CEYLON SAPPHIRE CUFF Earrings,255,2024-01-15,10,25.5,WorthPoint
osmium,Vintage Palladium ART DECO ANTIQUE LARGE GENUINE TURQUOISE DIAMOND COCKTAIL Ring,399.95,2024-01-15,,,WorthPoint
osmium,100MG PURPLE & 100MG BLUE GOLD RARE ELEMENTS PRECIOUS METAL BULLION Au Al In,125,2024-01-13,,,WorthPoint
osmium,Vintage Palladium ART DECO SILVER GREY MABE PEARL DIAMOND FILIGREE Earrings,227.5,2024-01-08,,,WorthPoint
osmium,Vintage Sterling Silver ART DECO 1940's CULTURED PEARL RETRO MINIMALIST Earrings,33.23,2024-01-08,,,WorthPoint
osmium,Vintage Palladium ART DECO DIAMOND BICOLOR SAPPHIRE FILIGREE COCKTAIL Ring,299.95,2024-01-08,,,WorthPoint
osmium,Vintage Palladium ANTIQUE ART DECO PEARL DIAMOND CHANDELIER DROP Earrings,349.95,2024-01-08,,,WorthPoint
osmium,Vintage Silver AUTHENTIC ART DECO 1920's FLAPPER MARCASITE HEMATITE Earrings,39.95,2024-01-08,,,WorthPoint
osmium,PARLIAMENT Osmium INVICTUS DEMREC342,13.5,2024-01-06,,,WorthPoint
osmium,Vintage Palladium ART DECO MABE PEARL 1.00 CT. DIAMOND CHANDELIER Earrings,699.95,2024-01-01,0.2,3499.75,WorthPoint
osmium,Vintage Palladium ANTIQUE ART DECO GENUINE TURQUOISE DIAMOND CHANDELIER Earrings,257.87,2024-01-01,,,WorthPoint
osmium,Vintage Palladium ART DECO ANTIQUE MABE PEARL DIAMOND STICK PIN STICKPIN Brooch,146.5,2024-01-01,,,WorthPoint
osmium,Vintage Palladium ART DECO ANTIQUE GENUINE 1.50 CARAT GARNET COCKTAIL Ring,215.5,2024-01-01,,,WorthPoint
osmium,Vintage Palladium ART DECO ANTIQUE MABE PEARL COCKTAIL Ring,224.72,2024-01-01,,,WorthPoint
osmium,Vintage Palladium BI-COLOR GREENISH SAPPHIRE ROSE DIAMOND CHANDELIER Earrings,249.95,2024-01-01,,,WorthPoint
osmium,Vintage Palladium ART DECO ANTIQUE GENUINE RUBY Ring,399.95,2024-01-01,,,WorthPoint
osmium,Vintage Palladium ART DECO ANTIQUE SAPPHIRE .90 CT ROSE CUT DIAMOND Ring,255,2024-01-01,18,14.17,WorthPoint
osmium,Vintage Palladium ART DECO ANTIQUE SAPPHIRE .65 CT. DIAMOND COCKTAIL HALO Ring,349.95,2024-01-01,13,26.92,WorthPoint
osmium,Vintage 14k Gold & Platinum ANTIQUE ART DECO DIAMOND HALO FILIGREE Ring,1699.95,2024-01-01,,,WorthPoint
osmium,Vintage Palladium ART DECO ANTIQUE 1.50 CT. PIGEON BLOOD RUBY DIAMOND Ring,347,2024-01-01,0.3,1156.67,WorthPoint
osmium,Vintage Palladium ART DECO ANTIQUE .50 CT OVAL RUBY FILIGREE Ring,173,2024-01-01,10,17.3,WorthPoint
osmium,Vintage Platinum & Iridium ART DECO DIAMOND FILIGREE ENGAGEMENT Ring Mounting,599.95,2024-01-01,,,WorthPoint
osmium,Vintage Palladium ART DECO ANTIQUE CULTURED PEARL CHANDELIER DROP Earrings,299.95,2023-12-30,,,WorthPoint
osmium,"Osmium Metal Bead, 1.1g, 99.999% Pure",59.95,2023-12-28,1.1,54.5,WorthPoint
osmium,Vintage Palladium ART DECO ANTIQUE RUBY DIAMOND CHANDELIER Earrings,450,2023-12-28,,,WorthPoint
osmium,"* 1,279 Grams Famous Sikhote-Alin Meteorite From Russia | Museum Quality Piece",2700,2023-12-27,279,9.68,WorthPoint
osmium,Vintage Palladium ART DECO ANTIQUE FINE TURQUOISE COCKTAIL HALO Ring,207.5,2023-12-25,,,WorthPoint
osmium,Vintage Palladium ART DECO ANTIQUE OLD EUROPEAN DIAMOND CHANDELIER Earrings,599.95,2023-12-25,,,WorthPoint
osmium,Vintage Palladium ART DECO ANTIQUE .30 CARAT DIAMOND FILIGREE WEDDING BAND Ring,207.5,2023-12-25,,,WorthPoint
osmium,Vintage Palladium ART DECO ANTIQUE LARGE GENUINE 1.70 CT. SAPPHIRE DIAMOND Ring,248.35,2023-12-25,0.34,730.44,WorthPoint
osmium,Vintage Palladium ART DECO ANTIQUE GENUINE .50 CT. RUBY DIAMOND COCKTAIL Ring,157.5,2023-12-25,10,15.75,WorthPoint
osmium,Vintage Palladium ART DECO ANTIQUE RUBY DIAMOND Ring & Earrings SET,599.95,2023-12-25,,,WorthPoint
osmium,Vintage Palladium ART DECO ANTIQUE LARGE 16MM PEARL LAVALIERE PENDANT Charm,199.95,2023-12-25,,,WorthPoint
osmium,Vintage Palladium ART DECO ANTIQUE GENUINE TURQUOISE DIAMOND CHANDELIER Earrings,799.95,2023-12-25,,,WorthPoint
osmium,Vintage Palladium ART DECO ANTIQUE 2.00 CARAT RUBY DIAMOND CHANDELIER Earrings,1002,2023-12-25,,,WorthPoint
osmium,Vintage Palladium ART DECO ANTIQUE .65 CT GENUINE RUBY FILIGREE COCKTAIL Ring,399.95,2023-12-25,13,30.77,WorthPoint
osmium,Vintage Palladium ART DECO ANTIQUE SAPPHIRE .60 CT. DIAMOND GENTS MENS Ring #M,599.95,2023-12-25,12,50,WorthPoint
osmium,Vintage Palladium ART DECO RETRO ANTIQUE .33 DIAMOND FLOWER COCKTAIL Ring,249.95,2023-12-18,,,WorthPoint
osmium,*N Vintage Palladium ART DECO COLOMBIAN EMERALD DIAMOND CHANDELIER Earrings,521,2023-12-18,,,WorthPoint
osmium,Vintage Palladium ART DECO ANTIQUE ANGEL SKIN CORAL OMEGA CLIP POST Earrings,299.95,2023-12-18,,,WorthPoint
osmium,Vintage Palladium ART DECO ANTIQUE 1940's .27 CT. DIAMOND ENGAGEMENT Ring,149.95,2023-12-18,5.4,27.77,WorthPoint
osmium,Vintage Palladium ART DECO ANTIQUE GENUINE .60 CARAT RUBY DIAMOND COCKTAIL Ring,317,2023-12-18,,,WorthPoint
osmium,Vintage Palladium ART DECO ANTIQUE GENUINE RUBY DIAMOND COCKTAIL Ring,149.95,2023-12-18,,,WorthPoint
osmium,Vintage Palladium ART DECO ANTIQUE 1930's SAPPHIRE DIAMOND CHANDELIER Earrings,416,2023-12-18,,,WorthPoint
osmium,Vintage Palladium ART DECO SAPPHIRE COCKTAIL Ring & CHANDELIER Earrings SET,405,2023-12-18,,,WorthPoint
osmium,Vintage Palladium ART DECO ANTIQUE 1.6 CT ROSE CUT DIAMOND CHANDELIER Earrings,299.95,2023-12-18,0.32,937.34,WorthPoint
osmium,Vintage Palladium ART DECO RETRO 1.50 CT BLUE ZIRCON SOLITAIRE ENGAGEMENT Ring,99.95,2023-12-18,0.3,333.17,WorthPoint
osmium,Vintage Palladium ART DECO ANTIQUE 1.00 CT. CEYLON SAPPHIRE DIAMOND HALO Ring,421.99,2023-12-18,0.2,2109.95,WorthPoint
osmium,Vintage Palladium ART DECO ANTIQUE 1930's DIAMOND WEDDING BAND Ring,165,2023-12-18,,,WorthPoint
osmium,Vintage Palladium ART DECO ANTIQUE GENUINE .20 CT. RUBY DIAMOND COCKTAIL Ring,118.39,2023-12-18,4,29.6,WorthPoint
osmium,Vintage Palladium ART DECO ANTIQUE .40 CT. DIAMOND GENTS MEN'S SIGNET Ring,390,2023-12-18,8,48.75,WorthPoint
osmium,Vintage Palladium ART DECO ANTIQUE .20 CARAT DIAMOND WEDDING BAND Ring,122.5,2023-12-18,,,WorthPoint
osmium,Vintage Palladium ART DECO ANTIQUE .40 CT. COLOMBIAN EMERALD DIAMOND Ring,131.5,2023-12-18,8,16.44,WorthPoint
osmium,Vintage Palladium ART DECO ANTIQUE .70 CT. RUBY DIAMOND POST OMEGA CLIP Earrings,177.5,2023-12-18,14,12.68,WorthPoint
osmium,Vintage Palladium ART DECO ANTIQUE GENUINE .60 CT. SAPPHIRE & DIAMOND HALO Ring,372,2023-12-18,12,31,WorthPoint
osmium,Vintage Palladium ART DECO ANTIQUE GENUINE .60 CT. RUBY DIAMOND COCKTAIL Ring,163.5,2023-12-18,12,13.63,WorthPoint
osmium,Vintage Palladium ART DECO ANTIQUE 8 MM CULTURED PEARL COCKTAIL Ring,102.5,2023-12-18,,,WorthPoint
osmium,Vintage Palladium ART DECO ANTIQUE GENUINE SAPPHIRE FILIGREE WEDDING BAND Ring,90,2023-12-18,,,WorthPoint
osmium,Vintage Palladium ART DECO ANTIQUE 1930's 1940's COLOMBIAN EMERALD &DIAMOND Ring,249.95,2023-12-18,,,WorthPoint
osmium,Vintage Palladium ART DECO ANTIQUE GENUINE SAPPHIRE DIAMOND COCKTAIL Ring,203.61,2023-12-18,,,WorthPoint
osmium,Vintage Palladium ART DECO ANTIQUE 1.10 CT GENUINE RUBY COCKTAIL Ring,349.95,2023-12-17,0.22,1590.68,WorthPoint
osmium,Vintage Palladium ART DECO ANTIQUE DIAMOND Ring EXCLUSIVE FOR BRIAN,175,2023-12-13,,,WorthPoint
osmium,Vintage Palladium ART DECO ANTIQUE GENUINE RUBY Ring EXCLUSIVE FOR DAVID,350,2023-12-13,,,WorthPoint
osmium,Vintage Palladium ART DECO ANTIQUE MARQUISE LAB CREATED LINDE STAR SAPPHIRE Ring,99.95,2023-12-13,,,WorthPoint
osmium,"""Refining Precious Metal Wastes"" By C. M Hoke-362pg Book-Gold-Rhodium-DIY",79.95,2023-12-12,,,WorthPoint
osmium,1001 Arabian Nights: The Adventures Of Sinbad #10 VF/NM; Zenescope | We Combine,7.98,2023-12-11,,,WorthPoint
osmium,Vintage Palladium ART DECO ANTIQUE DIAMOND CHANDELIER Earrings,399.95,2023-12-11,,,WorthPoint
osmium,Vintage Palladium ART DECO RETRO ANTIQUE SAPPHIRE DIAMOND FILIGREE COCKTAIL Ring,263,2023-12-11,,,WorthPoint
osmium,Vintage Palladium ART DECO ANTIQUE SAPPHIRE & DIAMOND FLOWER LEAF Earrings,199.95,2023-12-11,,,WorthPoint
osmium,Vintage Palladium ART DECO ANTIQUE LINDE STAR SAPPHIRE CHANDELIER Earrings,249.95,2023-12-11,,,WorthPoint
osmium,Vintage Palladium ART DECO ANTIQUE CORAL & DIAMOND CHANDELIER Earrings,449.95,2023-12-11,,,WorthPoint
osmium,Vintage Palladium ART DECO ANTIQUE .40 CT COLOMBIAN EMERALD ENGAGEMENT Ring,149.95,2023-12-11,8,18.74,WorthPoint
osmium,Vintage Palladium ART DECO 1930's 1940's ANTIQUE CABOCHON GARNET Earrings,329.95,2023-12-11,,,WorthPoint
osmium,Vintage Palladium ART DECO ANTIQUE COLOMBIAN EMERALD Ring & Earrings SET,609.95,2023-12-11,,,WorthPoint
osmium,Vintage Palladium ART DECO ANTIQUE SOLITAIRE DIAMOND ENGAGEMENT Ring,68.09,2023-12-11,,,WorthPoint
osmium,Vintage Palladium ART DECO .80 CT NEON ELECTRIC BLUE SAPPHIRE DIAMOND Earrings,229.95,2023-12-11,16,14.37,WorthPoint
osmium,Vintage Palladium ART DECO ANTIQUE COLOMBIAN EMERALD FILIGREE WEDDING BAND Ring,159.5,2023-12-11,,,WorthPoint
osmium,Vintage Palladium ART DECO RETRO ANTIQUE GENUINE TURQUOISE RIBBON Earrings,299.95,2023-12-11,,,WorthPoint
osmium,Vintage Palladium ART DECO EMERALD CUT RUBY FILIGREE WEDDING BAND Ring,175,2023-12-11,,,WorthPoint
osmium,New PARLIAMENT Osmium CD George Clinton Funk,20,2023-12-10,,,WorthPoint
osmium,"LOT Of 8 PUNK POST PUNK LPS Costello, Inmates, Pig Bag, Ian Dury, Patti Smith...",15.99,2023-12-10,,,WorthPoint
osmium,"RARE Native Platinum Osmium PGEs & Gold KLAMATH MTS., CALIFORNIA",187.5,2023-12-08,,,WorthPoint
osmium,Recoton 2124 Needle Osmium Phoneedle Record Player Part New Old Stock Foil Pair,13.99,2023-12-06,,,WorthPoint
osmium,Osmium By Parliament (BRAND NEW SEALED CD HAD LOOSE WRAP SO USED TAPE),14.99,2023-12-05,,,WorthPoint
osmium,Vintage Palladium ART DECO ANTIQUE GENUINE RUBY DIAMOND CHANDELIER Earrings,449.95,2023-12-04,,,WorthPoint
osmium,Vintage Palladium ART DECO ANTIQUE PEARL .70 CT. DIAMOND COCKTAIL Ring #M,339.95,2023-12-04,14,24.28,WorthPoint
osmium,Vintage Palladium ART DECO LARGE 1.10 CT. RUBY & DIAMOND FILIGREE COCKTAIL Ring,799.95,2023-12-04,0.22,3636.14,WorthPoint
osmium,Vintage Palladium ART DECO ANTIQUE CORAL DIAMOND FILIGREE Brooch Pin,199.95,2023-12-04,,,WorthPoint
osmium,Vintage Palladium ART DECO ANTIQUE LINDE STAR SAPPHIRE HALO Ring,199.95,2023-12-04,,,WorthPoint
osmium,Vintage Palladium ART DECO ANTIQUE 1.5 CT RUBY CHANDELIER Earrings,449.95,2023-12-04,0.3,1499.83,WorthPoint
osmium,Vintage Palladium & 14k Gold ART DECO PRINCESS CUT DIAMOND WEDDING BAND Ring,229.49,2023-12-04,,,WorthPoint
osmium,Vintage Palladium ART DECO 1930's 1940's ANTIQUE .45 CT DIAMOND DROP Earrings,355,2023-12-04,9,39.44,WorthPoint
osmium,Vintage Palladium ART DECO ANTIQUE COLOMBIAN EMERALD CHANDELIER Earrings,515.01,2023-12-04,,,WorthPoint
osmium,Vintage Palladium ART DECO ANTIQUE 1.25 CT CEYLON SAPPHIRE COCKTAIL Ring,341.99,2023-12-04,0.25,1367.96,WorthPoint
osmium,Vintage Palladium ART DECO ANTIQUE .50 CT SAPPHIRE COCKTAIL Ring,142.5,2023-12-04,10,14.25,WorthPoint
osmium,Vintage Palladium ART DECO ANTIQUE 1.00 CT RUBY COCKTAIL Ring,106.5,2023-12-04,0.2,532.5,WorthPoint
osmium,Vintage Palladium ART DECO ANTIQUE .30 CT DIAMOND WEDDING BAND Ring,199.95,2023-12-04,6,33.32,WorthPoint
osmium,Vintage Palladium ART DECO ANTIQUE 1 CT SAPPHIRE Ring & 2 CT Earrings SET,255,2023-12-04,0.2,1275,WorthPoint
osmium,PARLIAMENT - Osmium,32.18,2023-12-04,,,WorthPoint
osmium,Vintage Palladium ART DECO ANTIQUE .50 CT RUBY CUFF Earrings,99.95,2023-12-04,10,10,WorthPoint
osmium,Vintage Palladium ART DECO ANTIQUE TEAL BLUE SAPPHIRE WEDDING BAND Ring RARE,230,2023-12-04,,,WorthPoint
osmium,Vintage Palladium ART DECO ANTIQUE .35 CT RUBY WEDDING BAND Ring,82,2023-12-04,7,11.71,WorthPoint
osmium,2022 Platinum American Eagle $100 Dollar Bullion Uncirculated Coin.,1050,2023-12-02,,,WorthPoint
osmium,1001 Arabian Nights: The Adventures Of Sinbad #10 VF; Zenescope | We Combine Shi,6.98,2023-12-01,,,WorthPoint
osmium,"Parliament Rhenium CD (Osmium LP Plus Three Bonus 7"" Singles)",6.99,2023-11-29,,,WorthPoint
osmium,Vintage Palladium ART DECO ANTIQUE LARGE TURQUOISE DIAMOND COCKTAIL HALO Ring,325,2023-11-27,,,WorthPoint
osmium,Vintage Palladium ART DECO ANTIQUE 1.20 CT SAPPHIRE & DIAMOND COCKTAIL Ring,225,2023-11-27,0.24,937.5,WorthPoint
osmium,Vintage Palladium ART DECO ANTIQUE GENUINE 1.10 CARAT SAPPHIRE DIAMOND Earrings,349.95,2023-11-27,,,WorthPoint
osmium,Vintage Palladium ART DECO ANTIQUE RETRO ERA CORAL .60 CARAT DIAMOND Ring,349.95,2023-11-27,,,WorthPoint
osmium,Vintage Palladium ART DECO ANTIQUE MABE PEARL .70 CT DIAMOND FILIGREE Earrings,459.95,2023-11-27,14,32.85,WorthPoint
osmium,Vintage Palladium ART DECO ANTIQUE COLOMBIAN EMERALD 1.00 CARAT DIAMOND Earrings,699.95,2023-11-27,,,WorthPoint
osmium,Vintage Palladium ART DECO ANTIQUE SILVER GREY MABE PEARL DIAMOND FILIGREE Ring,249.95,2023-11-27,,,WorthPoint
osmium,Vintage Palladium ART DECO RUBY DIAMOND BUCKLE COCKTAIL Ring,249.95,2023-11-27,,,WorthPoint
osmium,Vintage Palladium ART DECO 1930's 1940's RETRO RUBY DIAMOND CHANDELIER Earrings,599.95,2023-11-27,,,WorthPoint
osmium,Vintage Palladium ART DECO ANTIQUE SAPPHIRE & .40 CT DIAMOND WEDDING BAND Ring,113.5,2023-11-27,8,14.19,WorthPoint
osmium,Vintage Palladium ART DECO MABE PEARL .40 CT. DIAMOND FILIGREE Pendant Charm,199.95,2023-11-27,8,24.99,WorthPoint
osmium,Vintage Palladium ANTIQUE ART DECO SAPPHIRE DIAMOND CHANDELIER DROP Earrings,499.95,2023-11-27,,,WorthPoint
osmium,Vintage Palladium RETRO ANTIQUE .60 CT DIAMOND 1950's 1960's Insert Ring,229.95,2023-11-27,12,19.16,WorthPoint
osmium,Vintage Palladium ART DECO RETRO 4.35 CT. GREEN TOURMALINE DIAMOND FILIGREE Ring,899.95,2023-11-27,0.87,1034.43,WorthPoint
osmium,Vintage Palladium ART DECO ANTIQUE SAPPHIRE WIDE WEDDING BAND Ring,199.95,2023-11-27,,,WorthPoint
osmium,Vintage Palladium ART DECO 1930's 1940's ANTIQUE RUBY & DIAMOND TENNIS Bracelet,610,2023-11-27,,,WorthPoint
osmium,Vintage Palladium ART DECO RETRO ANTIQUE SAPPHIRE & DIAMOND CUFF Earrings,299.95,2023-11-27,,,WorthPoint
osmium,Vintage Palladium ANTIQUE ART DECO DIAMOND WEDDING BAND Ring,202.52,2023-11-27,,,WorthPoint
osmium,Vintage Palladium ART DECO ANTIQUE RETRO 1.80 CT. SAPPHIRE GENT'S MEN'S Ring,330,2023-11-27,0.36,916.67,WorthPoint
osmium,Vintage Palladium ART DECO ANTIQUE DIAMOND DROP CHANDELIER Earrings,599.95,2023-11-27,,,WorthPoint
osmium,Vintage Palladium ART DECO TURQUOISE & DIAMOND CHANDELIER Earrings,599.95,2023-11-27,,,WorthPoint
osmium,Vintage Palladium ART DECO RUBY SAPPHIRE EMERALD PEARL FLOWER BASKET Brooch Pin,399.95,2023-11-27,,,WorthPoint
osmium,Vintage Palladium ART DECO ANTIQUE GENUINE JADE DIAMOND FILIGREE Earrings RARE,299.95,2023-11-27,,,WorthPoint
osmium,Vintage Palladium & 10k Gold ART DECO ANTIQUE PEARL & DIAMOND DROP Earrings,255,2023-11-27,,,WorthPoint
osmium,Vintage Palladium ART DECO ANTIQUE RUBY & .04 CT DIAMOND COCKTAIL Ring,157.5,2023-11-27,0.8,196.88,WorthPoint
osmium,1/10 Grain Full Precious Metals Set Rhodium Ruthenium Palladium Gold Osmium Etc,54.88,2023-11-25,10,5.49,WorthPoint
osmium,Vintage Phonograph Replacement Needle #3803 Setscrew Cartridge Osmium!,9.99,2023-11-23,,,WorthPoint
osmium,Vintage Palladium ART DECO 1.79 CT DIAMOND Bracelet #M EXCLUSIVE FOR RIS21,1000,2023-11-21,0.358,2793.3,WorthPoint
osmium,Vintage Palladium & Gold ART DECO ANTIQUE DIAMOND CHANDELIER Earrings,390,2023-11-20,,,WorthPoint
osmium,Vintage Palladium ART DECO ANTIQUE GENUINE RUBY DIAMOND FILIGREE Earrings,399.95,2023-11-20,,,WorthPoint
osmium,Vintage Palladium ART DECO LARGE MABE PEARL DIAMOND CHANDELIER Earrings #E,599.95,2023-11-20,,,WorthPoint
osmium,Vintage Palladium ANTIQUE RETRO 1950 1960 GENTS MEN'S 3 STONE DIAMOND Ring NEW,1025,2023-11-20,1960,0.52,WorthPoint
osmium,Vintage Palladium ART DECO ANTIQUE RUBY DIAMOND FILIGREE WEDDING BAND Ring,329.95,2023-11-20,,,WorthPoint
osmium,Vintage Palladium ART DECO ANTIQUE DIAMOND WEDDING BAND FILIGREE Ring,81,2023-11-20,,,WorthPoint
osmium,Vintage Palladium ART DECO .65 CT COLOMBIAN EMERALD & DIAMOND COCKTAIL Ring,129.95,2023-11-20,13,10,WorthPoint
osmium,Vintage Palladium ART DECO ANTIQUE CEYLON SAPPHIRE DIAMOND CHANDELIER Earrings,299.95,2023-11-20,,,WorthPoint
osmium,Vintage Silver RETRO ANTIQUE 1950's 1960's CARVED CABOCHON MODERNE Earrings,11.98,2023-11-19,,,WorthPoint
osmium,1 Oz PAMP Suisse Palladium Bar .9995 Fine,1173.63,2023-11-18,28.35,41.4,WorthPoint
osmium,Parliment Osmium Uk Import 180g Reissue Sequel Records Funk Psych Lp Nm,24.99,2023-11-18,180,0.14,WorthPoint
osmium,Osmium Crystal 99.95% Pure Osmium Metal ~2.2g,99,2023-11-14,2.2,45,WorthPoint
osmium,Parliament - Up For The Down Stroke [New Vinyl LP] 150 Gram,25.02,2023-11-13,150,0.17,WorthPoint
osmium,Vintage Palladium & Gold ART DECO BICOLOR SAPPHIRE DIAMOND CHANDELIER Earrings,325,2023-11-13,,,WorthPoint
osmium,Vintage Palladium ART DECO RETRO LINDE RUBY STAR SAPPHIRE DIAMOND Earrings #M,780,2023-11-13,,,WorthPoint
osmium,Vintage Palladium ART DECO ANTIQUE RETRO NO HEAT RUBY ENGAGEMENT Ring,56,2023-11-13,,,WorthPoint
osmium,Vintage Palladium ANTIQUE RETRO 1940's 1950's GENUINE SAPPHIRE CUFF Earrings,78,2023-11-13,,,WorthPoint
osmium,Vintage Platinum ART DECO ANTIQUE RETRO SAPPHIRE DIAMOND FILIGREE COCKTAIL Ring,699.95,2023-11-13,,,WorthPoint
osmium,Vintage Sterling Silver MODERN EMERALD CUT AMETRINE COCKTAIL Ring NEW OLD STOCK,102.5,2023-11-13,,,WorthPoint
osmium,Vintage Silver AUTHENTIC ART DECO ONYX MARCASITE CHANDELIER Earrings,72,2023-11-13,,,WorthPoint
osmium,Vintage Palladium ART DECO LARGE NATURAL CORAL DIAMOND COCKTAIL Ring,499.95,2023-11-13,,,WorthPoint
osmium,Vintage Palladium ART DECO ANTIQUE RETRO SAPPHIRE .40 CT DIAMOND FILIGREE Ring,329.95,2023-11-13,8,41.24,WorthPoint
osmium,Vintage Palladium ART DECO ANTIQUE 1.00 CARAT COLOMBIAN EMERALD DIAMOND Ring,405,2023-11-13,,,WorthPoint
osmium,"Parliament ""Osmium"" LP Earmark Italy Reissue 180g",20.5,2023-11-06,180,0.11,WorthPoint
osmium,"1 Gram Natural Palladium - Braggite (PGM) Minerals, Canada Great Lakes Region.",25,2023-11-06,1,25,WorthPoint
osmium,Vintage Palladium ART DECO ANTIQUE 1.25 CARAT COLOMBIAN EMERALD DIAMOND Ring,259.95,2023-11-06,,,WorthPoint
osmium,Vintage Palladium ART DECO COLOMBIAN EMERALD DIAMOND COCKTAIL Ring,129.95,2023-11-06,,,WorthPoint
osmium,Vintage Palladium ART DECO ANTIQUE GENUINE SAPPHIRE CABOCHON DIAMOND Earrings,299.95,2023-11-06,,,WorthPoint
osmium,Vintage Palladium ART DECO COLOMBIAN EMERALD DIAMOND CHANDELIER Earrings,599.95,2023-11-06,,,WorthPoint
osmium,Vintage Palladium ART DECO ANTIQUE RETRO 1940's TURQUOISE PENDANT Charm,77,2023-11-06,,,WorthPoint
osmium,Vintage Palladium ART DECO ANTIQUE GENUINE .50 CARAT SAPPHIRE DIAMOND Ring,149.95,2023-11-06,,,WorthPoint
osmium,Vintage Palladium ART DECO ANTIQUE 1.33 CARAT DIAMOND FILIGREE ENGAGEMENT Ring,699.95,2023-11-06,,,WorthPoint
osmium,Vintage Yellow Gold Filled ART DECO ANTIQUE CARVED CAMEO VICTORIAN Ring,49,2023-11-06,,,WorthPoint
osmium,Vintage Palladium ART DECO 1940's RETRO 3.60 CARAT SAPPHIRE TENNIS Bracelet,899.95,2023-11-06,,,WorthPoint
osmium,Vintage Palladium ART DECO ANTIQUE COLOMBIAN EMERALD CUFF Earrings,130.5,2023-11-06,,,WorthPoint
osmium,Vintage Palladium ART DECO ANTIQUE RETRO SAPPHIRE DIAMOND TENNIS Bracelet,1095,2023-11-04,,,WorthPoint
osmium,Parliament - Osmium - OG 1970 LP - INVICTUS - P FUNK - RARE,99.99,2023-11-01,,,WorthPoint
osmium,Vintage Palladium ART DECO ANTIQUE DIAMOND COCKTAIL Ring,217.5,2023-10-30,,,WorthPoint
osmium,Vintage Palladium ART DECO ANTIQUE RUBY CUFF Earrings,69.95,2023-10-30,,,WorthPoint
osmium,Vintage Palladium ART DECO ANTIQUE SAPPHIRE CUFF Earrings,49.95,2023-10-30,,,WorthPoint
osmium,Vintage Palladium ART DECO ANTIQUE RUBY & DIAMOND COCKTAIL FILIGREE Ring,349.95,2023-10-30,,,WorthPoint
osmium,Vintage Palladium ART DECO ANTIQUE CORAL 1.20 CT. DIAMOND CHANDELIER Earrings,499.95,2023-10-30,0.24,2083.13,WorthPoint
osmium,Vintage Palladium ART DECO 1920's ANTIQUE .50 CT. RUBY DIAMOND COCKTAIL Ring,202.5,2023-10-30,10,20.25,WorthPoint
osmium,Vintage Palladium ART DECO NATURAL AQUAMARINE DIAMOND CHANDELIER DROP Earrings,416,2023-10-30,,,WorthPoint
osmium,Vintage Palladium ART DECO GENUINE TURQUOISE DIAMOND CHANDELIER Earrings,599.95,2023-10-30,,,WorthPoint
osmium,Vintage 14k Gold & Platinum ART DECO RUBY DIAMOND HALO ENGAGEMENT FILIGREE Ring,1699.95,2023-10-28,,,WorthPoint
osmium,Vintage Palladium ART DECO ANTIQUE 1930's RETRO RUBY DIAMOND CHANDELIER Earrings,699.95,2023-10-24,,,WorthPoint
osmium,Vintage Palladium & 14k Gold ART DECO ANTIQUE PEARL DIAMOND CHANDELIER Earrings,599.95,2023-10-23,,,WorthPoint
osmium,Vintage Palladium ART DECO COLOMBIAN EMERALD DIAMOND Ring EXCLUSIVE FOR DAWN,349.95,2023-10-23,,,WorthPoint
osmium,Vintage Silver NATIVE AMERICAN NAVAJO TURQUOISE Earrings QT CAROLYN POLLACK,62,2023-10-23,,,WorthPoint
osmium,Vintage 14k Gold RETRO 1940's 1950's HANDHELD VANITY REAL MIRROR Charm,59.95,2023-10-23,,,WorthPoint
osmium,Vintage Palladium ART DECO ANTIQUE SAPPHIRE DIAMOND Ring EXCLUSIVE FOR CHINACAT,199.95,2023-10-23,,,WorthPoint
osmium,Vintage Palladium ART DECO ANTIQUE SAPPHIRE DIAMOND Earrings,249.95,2023-10-23,,,WorthPoint
osmium,Vintage Palladium ART DECO RETRO ERA ANTIQUE .35 CARAT DIAMOND COCKTAIL Ring,203.5,2023-10-23,,,WorthPoint
osmium,Vintage Palladium ART DECO ANTIQUE TURQUOISE FILIGREE CHANDELIER Earrings,599.95,2023-10-23,,,WorthPoint
osmium,Vintage Palladium ART DECO ANTIQUE SAPPHIRE DIAMOND FILIGREE BUCKLE Ring #E,360,2023-10-23,,,WorthPoint
osmium,Vintage Palladium ART DECO ANTIQUE NATURAL PEARL DIAMOND FILIGREE COCKTAIL Ring,399.95,2023-10-23,,,WorthPoint
osmium,Parliament Osmium New Lp,32.6,2023-10-22,,,WorthPoint
osmium,GM 1/2 Grain Rhodium Iridium Osmium Palladium Gold Platinum+Tantalum Backed US03,189,2023-10-22,2,94.5,WorthPoint
osmium,Osmium By Parliament Vinyl LP Record 2019 Reissue,26,2023-10-20,,,WorthPoint
osmium,"RARE Native Osmium Crystal Osmiridium URALS, RUSSIA",290,2023-10-20,,,WorthPoint
osmium,Vintage Palladium ART DECO ANTIQUE 1.16 CT. DIAMOND FILIGREE ENGAGEMENT Ring,599.95,2023-10-18,0.232,2585.99,WorthPoint
osmium,Parliament - Up For The Down Stroke [Used Vinyl LP] 150 Gram,13.82,2023-10-17,150,0.09,WorthPoint
osmium,Rhenium Metal 10mm Density Cube 99.95% Pure Re Mirror Polished W/acrylic Box,235,2023-10-16,,,WorthPoint
osmium,Vintage Palladium ART DECO ANTIQUE .50 CARAT COLOMBIAN EMERALD DIAMOND Ring,199.95,2023-10-16,,,WorthPoint
osmium,Vintage 14k Gold & Silver LATE ART DECO RETRO 1940's WWII RIBBON Earrings,199.95,2023-10-16,,,WorthPoint
osmium,Vintage Rhodium ART DECO ANTIQUE FILIGREE BLUE ZIRCON ENGAGEMENT SOLITAIRE Ring,59.95,2023-10-16,,,WorthPoint
osmium,Vintage Palladium ART DECO ANTIQUE 11 MM MABE PEARL DIAMOND COCKTAIL Ring,143.3,2023-10-16,,,WorthPoint
osmium,Vintage Palladium ART DECO ANTIQUE PINK CORAL DIAMOND CHANDELIER Earrings,411,2023-10-16,,,WorthPoint
osmium,Vintage Palladium ART DECO RETRO 3.75 CARAT GENUINE SAPPHIRE DIAMOND BROOCH Pin,860,2023-10-16,,,WorthPoint
osmium,Vintage Palladium ART DECO ANTIQUE .60 CARAT DIAMOND DROP DANGLE Earrings,585,2023-10-16,,,WorthPoint
osmium,Vintage Palladium ART DECO ANTIQUE PINK ANGEL SKIN DIAMOND FILIGREE Ring,331,2023-10-16,,,WorthPoint
osmium,Vintage Palladium ART DECO ANTIQUE 1.50 CARAT GENUINE RUBY DIAMOND COCKTAIL Ring,197.5,2023-10-16,,,WorthPoint
osmium,Vintage Palladium ANTIQUE COLOMBIAN EMERALD GEORGIAN ROSE CUT DIAMOND Earrings,476,2023-10-16,,,WorthPoint
osmium,Vintage Palladium ART DECO 1920's 1930's SILVER GRAY TONE PEARL DIAMOND Earrings,599.95,2023-10-16,,,WorthPoint
osmium,Vintage Palladium ART DECO MABE PEARL DIAMOND PENDANT Charm,182.5,2023-10-16,,,WorthPoint
osmium,Vintage Palladium ART DECO ANTIQUE PEARL .40 CT. DIAMOND DROP DANGLE Earrings,299.95,2023-10-16,8,37.49,WorthPoint
osmium,6x Jensen Long Life Osmium Tip Phonograph Stylus Needles - Rust On Shafts,20,2023-10-12,,,WorthPoint
osmium,Parliament/Funkadelic 12 CD Collection First Thangs Maggot Brain Free Your Mind+,127.99,2023-10-11,,,WorthPoint
osmium,Vintage Palladium MABE PEARL DIAMOND Earring & Ring Set Exclusively For Cristina,549.9,2023-10-10,,,WorthPoint
osmium,Vintage Palladium ART DECO JADE DIAMOND EARRINGS & BROOCH Lot FOR DEB,1375,2023-10-09,,,WorthPoint
osmium,Vintage Palladium ART DECO 1.25 CT. COLOMBIAN EMERALD DIAMOND ENGAGEMENT Ring,499.95,2023-10-09,0.25,1999.8,WorthPoint
osmium,Vintage 10k Gold VICTORIAN ART DECO GENUINE AUSTRALIAN BLACK OPAL STICK Pin,99.95,2023-10-09,,,WorthPoint
osmium,Vintage Palladium ART DECO ANTIQUE MABE PEARL DIAMOND ENGAGEMENT COCKTAIL Ring,228.5,2023-10-09,,,WorthPoint
osmium,Vintage Platinum & 14k Gold ART DECO RETRO BLUE ZIRCON DIAMOND ENGAGEMENT Ring,399.95,2023-10-09,,,WorthPoint
osmium,Vintage 14k Gold RETRO 1940's 1950's RADIO MICROPHONE MOVABLE Charm A.C.,79.95,2023-10-09,,,WorthPoint
osmium,Vintage 14k Gold & Silver NATIVE AMERICAN INDIAN NAVAJO CUFF BANGLE Bracelet,99.95,2023-10-09,,,WorthPoint
osmium,Vintage Palladium ART DECO BLUE ZIRCON DIAMOND Ring EXCLUSIVE FOR ESTATEANTIQUE,449.95,2023-10-08,,,WorthPoint
osmium,Vintage Palladium ART DECO ANTIQUE RUBY DIAMOND Earrings Exclusively For Sveta2,412.5,2023-10-06,,,WorthPoint
osmium,Vintage Palladium ART DECO BI COLOR SAPPHIRE DIAMOND Ring2 Exclusively For Brian,200,2023-10-06,,,WorthPoint
osmium,Parliament -- Osmium 1970 George Clinton Fuzzy Haskins P-Funk Soul Rock Vinyl VG+,314.99,2023-10-04,1970,0.16,WorthPoint
osmium,RECORD PLAYER NEEDLE For Webster AG-1 Webster AG-7 Webster AG-9M AG-11M,10.48,2023-10-04,,,WorthPoint
osmium,Vintage Gold Filled LARGE WIRE WRAPPED CHINESE ASIAN CARVED JADE LEAF Pendant,49.98,2023-10-04,,,WorthPoint
osmium,"Vintage 14k Gold GREEN TOURMALINE MULTI COLOR TOURMALINE NECKLACE Chain 17""",79.95,2023-10-02,,,WorthPoint
osmium,Vintage Palladium ART DECO ANTIQUE ALEXANDRITE .65 CARAT DIAMOND COCKTAIL Ring,399.95,2023-10-02,,,WorthPoint
osmium,Vintage 14k Gold AUTHENTIC ART NOUVEAU MOONSTONE CABOCHON Ring,483,2023-10-02,,,WorthPoint
osmium,Vintage Sterling Silver ART DECO FILIGREE CAMPHOR GLASS DIAMOND ENAMEL Ring,149.95,2023-10-02,,,WorthPoint
osmium,Vintage Platinum ART DECO ANTIQUE .50 CARAT DIAMOND FILIGREE ENGAGEMENT Ring,755,2023-10-02,,,WorthPoint
osmium,Vintage Palladium ART DECO COLOR CHANGE ALEXANDRITE DIAMOND CHANDELIER Earrings,599.95,2023-10-02,,,WorthPoint
osmium,Vintage 14k Gold VICTORIAN ITALY ITALIAN CARVED LAVA CAMEO CHARM Bracelet,430.99,2023-10-02,,,WorthPoint
osmium,Parliament LP Osmium 1970 Invictus Records ST-7302 UltraSonic Clean Lyric Sheet,124.72,2023-10-01,,,WorthPoint
osmium,Vintage Silver SIGNED NATIVE AMERICAN NAVAJO MALACHITE CUFF OLD PAWN Bracelet,51.98,2023-09-29,,,WorthPoint
osmium,Vintage Rose Gold & Silver VICTORIAN EDWARDIAN PASTE BUCKLE / FUR Clip JACKSON,59.95,2023-09-25,,,WorthPoint
osmium,Vintage Palladium ART DECO ANTIQUE SAPPHIRE DIAMOND HALO ENGAGEMENT Ring,399.95,2023-09-25,,,WorthPoint
osmium,Vintage 14k Gold ART NOUVEAU VICTORIAN GENUINE AMETHYST PEARL STICKPIN STICK Pin,279.95,2023-09-25,,,WorthPoint
osmium,Vintage Palladium ART DECO ANTIQUE MABE PEARL DIAMOND DANGLING Earrings,599.95,2023-09-25,,,WorthPoint
osmium,Vintage Sterling Silver RETRO ART DECO COLOR CHANGE ALEXANDRITE COCKTAIL Ring,49.95,2023-09-20,,,WorthPoint
osmium,Vintage ADDITIONAL SHIPPING EXCLUSIVE FOR JEN,30,2023-09-19,,,WorthPoint
osmium,Vintage Platinum MODERN .38 CARAT DIAMOND SOLITAIRE ENGAGEMENT Ring,349.95,2023-09-18,,,WorthPoint
osmium,Vintage 14k Gold VICTORIAN ART DECO OLD EUROPEAN DIAMOND ENGAGEMENT Ring,535,2023-09-18,,,WorthPoint
osmium,Vintage Palladium ART DECO ANTIQUE 1.20 CARAT DIAMOND CHANDELIER Earrings,589.97,2023-09-18,,,WorthPoint
osmium,Vintage Palladium ART DECO ANTIQUE RUBY DIAMOND DANGLING CHANDELIER Earrings,461.86,2023-09-17,,,WorthPoint
osmium,"Up For The Down Stroke By Parliament (LP, 2019) Red Vinyl, NM",6.5,2023-09-12,,,WorthPoint
osmium,Vintage Palladium ART DECO FILIGREE BLUE ZIRCON DIAMOND BAGUETTE ENGAGEMENT Ring,499.95,2023-09-11,,,WorthPoint
osmium,Vintage Palladium ART DECO ANTIQUE FILIGREE TURQUOISE DIAMOND DANGLING Earrings,699.95,2023-09-11,,,WorthPoint
osmium,Vintage Palladium ART DECO ANTIQUE DIAMOND DANGLING CHANDELIER Earrings,365,2023-09-11,,,WorthPoint
osmium,Vintage Palladium ART DECO ANTIQUE SAPPHIRE DIAMOND ENGAGEMENT COCKTAIL Ring,260,2023-09-11,,,WorthPoint
osmium,Vintage Sterling Silver LARGE MODERNIST BAYANIHAN MIKAL-JON BANGLE Bracelet,99.95,2023-09-11,,,WorthPoint
osmium,Vintage Rhodium VICTORIAN ART DECO FILIGREE EMERALD PASTE Bangle Bracelet,99.95,2023-09-11,,,WorthPoint
osmium,Vintage Sterling Silver LARGE NATIVE AMERICAN NAVAJO BALL CUFF BANGLE Bracelet,199.95,2023-09-04,,,WorthPoint
osmium,Vintage Gold Filled LARGE CARVED MALACHITE HEART CHARM Pendant,32,2023-09-04,,,WorthPoint
osmium,Vintage 14k Gold ART DECO 1920's 1930's AUSTRALIAN BLACK OPAL STICK Pin,69.95,2023-09-04,,,WorthPoint
osmium,Vintage Gold Filled ANTIQUE VICTORIAN - ART DECO DIAMOND BANGLE Bracelet,425,2023-09-04,,,WorthPoint
osmium,Vintage Palladium ART DECO ANTIQUE CUSHION CUT AQUAMARINE DIAMOND BAGUETTE Ring,532,2023-09-04,,,WorthPoint
osmium,Vintage Platinum ART DECO 1920's 1930's .50 CT. CARAT DIAMOND PENDANT Cross,305,2023-09-04,10,30.5,WorthPoint
osmium,Vintage Palladium ART DECO ANTIQUE PEARL .30 CARAT DIAMOND DROP DANGLE Earrings,399.95,2023-09-04,,,WorthPoint
osmium,Vintage Palladium ART DECO ANTIQUE FILIGREE BLUE TOPAZ & DIAMOND COCKTAIL Ring,399.95,2023-09-04,,,WorthPoint
osmium,Vintage Gold Filled CHINESE CHINA ASIAN JADE LINK Bracelet W/ SAFETY,49.95,2023-09-04,,,WorthPoint
osmium,"Parliament- Osmium (CD, 2002) EMI-Capitol",12.99,2023-09-02,,,WorthPoint
osmium,Vintage Palladium ART DECO ANTIQUE ALEXANDRITE DIAMOND CHANDELIER Earrings,699.95,2023-08-28,,,WorthPoint
osmium,Vintage Palladium ART DECO ANTIQUE .80 CARAT COLOMBIAN EMERALD DIAMOND Earrings,429.95,2023-08-28,,,WorthPoint
osmium,Vintage Silver NATIVE AMERICAN NAVAJO GENUINE TURQUOISE CUFF BANGLE Bracelet S.E,24.95,2023-08-28,,,WorthPoint
osmium,Vintage Palladium ART DECO ANTIQUE 1.00 CT. COLOMBIAN EMERALD DIAMOND BROOCH Pin,399.95,2023-08-28,0.2,1999.75,WorthPoint
osmium,Vintage Sterling Silver .925 CARVED PURPLE JADE CUFF HOOP Earrings,32,2023-08-28,,,WorthPoint
osmium,Vintage Palladium ART DECO ANTIQUE 1.00 CT. CARAT RUBY WEDDING BAND Ring,239.5,2023-08-28,0.2,1197.5,WorthPoint
osmium,Vintage 14K Gold ART DECO ANTIQUE FILIGREE AQUAMARINE COCKTAIL Ring,369.95,2023-08-28,,,WorthPoint
osmium,Vintage Silver VICTORIAN EDWARDIAN INTAGLIO CARNELIAN ROMAN SOLDIER Ring,73,2023-08-28,,,WorthPoint
osmium,Vintage Sterling Silver ANTIQUE CARL ART ETCHED BANGLE Bracelet NEW IN BOX NOS,49.95,2023-08-28,,,WorthPoint
osmium,Vintage Palladium ART DECO ANTIQUE GREY PEARL .50 CARAT DIAMOND DANGLE Earrings,326,2023-08-28,,,WorthPoint
osmium,Vintage Palladium ART DECO ANTIQUE FILIGREE .80 CARAT RUBY WEDDING BAND Ring #2,149.95,2023-08-28,,,WorthPoint
osmium,Vintage Palladium ART DECO ANTIQUE FILIGREE 60 CT CARAT RUBY WEDDING BAND Ring 1,135,2023-08-28,12,11.25,WorthPoint
osmium,Vintage Gold Filled & Silver ITALY CARVED CORAL CAMEO ART DECO STICK Pin,39.95,2023-08-27,,,WorthPoint
osmium,"Parliament - Osmium Vinyl LP Record (Invictus, 1970) VG+/EX",199.99,2023-08-26,,,WorthPoint
osmium,"VERY RARE Old Native Iridium Iridosmine & Native Osmium Crystal SIBERIA, RUSSIA",599,2023-08-25,,,WorthPoint
osmium,Parliament ‎- Osmium LP - First Debut Vinyl Album - P FUNK RECORD - SEALED NEW,39.99,2023-08-23,,,WorthPoint
osmium,Vintage Palladium ART DECO ANTIQUE GENUINE CORAL 1.50 CT. DIAMOND Earrings,399.95,2023-08-21,0.3,1333.17,WorthPoint
osmium,Vintage Palladium ART DECO ANTIQUE RETRO 15 MM MABE PEARL & DIAMOND Earrings,440,2023-08-21,,,WorthPoint
osmium,Vintage Palladium ART DECO ANTIQUE RED STAR RUBY SAPPHIRE CABOCHON DIAMOND Ring,1025,2023-08-21,,,WorthPoint
osmium,Vintage Palladium ART DECO 1920's ANTIQUE SAPPHIRE & DIAMOND FILIGREE Earrings,347,2023-08-21,,,WorthPoint
osmium,Vintage Palladium ART DECO ANTIQUE MABE PEARL RUBY & DIAMOND FILIGREE Earrings,330,2023-08-21,,,WorthPoint
osmium,Vintage Gold Filled VICTORIAN REPOUSSE BANGLE Bracelet BSF,115.1,2023-08-21,,,WorthPoint
osmium,Vintage Palladium ART DECO ANTIQUE GENUINE OPAL DIAMOND COCKTAIL Ring,199.95,2023-08-21,,,WorthPoint
osmium,Vintage Palladium ART DECO 1920's ANTIQUE MOONSTONE DIAMOND FILIGREE Earrings,399.95,2023-08-21,,,WorthPoint
osmium,Vintage Palladium ART DECO ANTIQUE MABE PEARL SAPPHIRE DIAMOND FILIGREE Earrings,315,2023-08-21,,,WorthPoint
osmium,Vintage Palladium ART DECO 1940's RETRO GENUINE SAPPHIRE DIAMOND TENNIS Bracelet,899.95,2023-08-21,,,WorthPoint
osmium,Vintage Palladium ART DECO ANTIQUE .70 CARAT COLOMBIAN EMERALD DIAMOND Earrings,295,2023-08-21,,,WorthPoint
osmium,Vintage Palladium ART DECO ANTIQUE .80 CARAT GENUINE SAPPHIRE COCKTAIL Ring,112.5,2023-08-21,,,WorthPoint
osmium,Vintage Palladium ART DECO ANTIQUE GENUINE CORAL .75 CT. DIAMOND COCKTAIL Ring,399.95,2023-08-21,15,26.66,WorthPoint
osmium,"Parliament LP ""Osmium"" Original ~ Invictus 7302 ~ Psych Funk George Clinton VG++",350,2023-08-17,,,WorthPoint
osmium,99.95% Pure 1 Ounce Osmium Metal Rare World Metals Mint (RWMM),1600,2023-08-15,,,WorthPoint
osmium,Parliament - Osmium LP - Invictus,204.38,2023-08-14,,,WorthPoint
osmium,#c000027 - Statue Of Liberty - 1 Gram 999.5 Platnium Bar - Pamp Suisse - $178.88,166.36,2023-08-11,1,166.36,WorthPoint
osmium,"Parliament Osmium #644008 12"" Vinyl LP 33 RPM Earmake Nice Price 1970 RARE NM",40,2023-08-03,,,WorthPoint
osmium,PARLIAMENT LP Osmium Invictus Excellent Original Rare Psych Funk Classic!,346,2023-07-31,,,WorthPoint
osmium,Osmium Crystal 99.9% 0.18 G Element Collectable Free Shipping,32,2023-07-31,0.18,177.78,WorthPoint
osmium,Vintage Palladium ART DECO 1.25 CT SAPPHIRE DIAMOND Ring EXCLUSIVE FOR Tayis,399.95,2023-07-31,0.25,1599.8,WorthPoint
osmium,Vintage Palladium ART DECO CEYLON SAPPHIRE DIAMOND Ring EXCLUSIVE FOR Tayis,199.95,2023-07-31,,,WorthPoint
osmium,Vintage Palladium ART DECO ANTIQUE RUBY & DIAMOND CHANDELIER Earrings,399.95,2023-07-31,,,WorthPoint
osmium,Vintage Palladium ART DECO ANTIQUE LARGE PEAR SHAPE TURQUOISE DIAMOND Ring,249.95,2023-07-31,,,WorthPoint
osmium,Vintage Palladium ART DECO ANTIQUE GENUINE CORAL DIAMOND COCKTAIL Ring,299.95,2023-07-31,,,WorthPoint
osmium,Vintage Palladium 1950's 1960's ANTIQUE GENUINE SAPPHIRE DIAMOND STACKABLE Ring,70.95,2023-07-31,,,WorthPoint
osmium,Vintage Palladium ART DECO ANTIQUE 2.00 CARAT SAPPHIRE PEARL DIAMOND Earrings,610,2023-07-31,,,WorthPoint
osmium,Vintage Palladium 1950's 1960's ANTIQUE GENUINE RUBY DIAMOND STACKABLE Ring,102.5,2023-07-31,,,WorthPoint
osmium,Osmium,8.04,2023-07-28,,,WorthPoint
osmium,Osmium Crystal 99.9% 0.15 G Element Collectable,27,2023-07-24,0.15,180,WorthPoint
osmium,"Rhenium Specimen, ~11.3 Gram 99.95% Pure Full Density Bead In Display Box",80,2023-07-24,11.3,7.08,WorthPoint
osmium,Vintage Palladium ART DECO ANTIQUE .54 CARAT DIAMOND CHANDELIER Earrings,302,2023-07-24,,,WorthPoint
osmium,Vintage Palladium ART DECO ANTIQUE LARGE GENUINE SAPPHIRE DIAMOND FILIGREE Ring,314.95,2023-07-24,,,WorthPoint
osmium,Parliament Rhenium Osmium Reissue George Clinton Funk LP On HDH,12.5,2023-07-18,,,WorthPoint
osmium,"Parasite Inc. Cyan Night Dreams (Vinyl) 12"" Album Coloured Vinyl",40.73,2023-07-18,,,WorthPoint
osmium,Vintage Palladium GEORGIAN VICTORIAN ONYX DIAMOND CHANDELIER Earrings RARE,999.95,2023-07-17,,,WorthPoint
osmium,Vintage Palladium ART DECO SOUTH SEA PEARL DIAMOND CHANDELIER DROP Earrings,499.95,2023-07-17,,,WorthPoint
osmium,Vintage Palladium ART DECO ANTIQUE 8 MM PEARL DIAMOND CHANDELIER Earrings,272,2023-07-17,,,WorthPoint
osmium,Vintage Palladium ART DECO ANTIQUE 1.00 CT. MARQUISE RUBY DIAMOND COCKTAIL Ring,165.21,2023-07-17,0.2,826.05,WorthPoint
osmium,Vintage Palladium ART DECO ANTIQUE GRAY MABE PEARL DIAMOND FILIGREE Earrings,281,2023-07-17,,,WorthPoint
osmium,Vintage Palladium ART DECO ANTIQUE 11 MM GRAY MABE PEARL DIAMOND FILIGREE Ring,204.22,2023-07-17,,,WorthPoint
osmium,Vintage Palladium ART DECO ANTIQUE GENUINE CEYLON SAPPHIRE DIAMOND Earrings,585,2023-07-17,,,WorthPoint
osmium,Vintage Palladium ART DECO ANTIQUE 8 MM GRAY PEARL DIAMOND COCKTAIL Ring,174.5,2023-07-17,,,WorthPoint
osmium,Vintage Palladium ART DECO 1920's ANTIQUE 8 MM PEARL DIAMOND COCKTAIL Ring,199.95,2023-07-17,,,WorthPoint
osmium,Vintage Palladium RETRO ART DECO 1950's ANTIQUE 7 MM PEARL COCKTAIL Ring,103.5,2023-07-17,,,WorthPoint
osmium,"12"" Very Rare Lp Osmium By Parliament (1970) Invictus Records St-7302",169.49,2023-07-16,,,WorthPoint
osmium,Vintage Palladium ART DECO CABOCHON COLOMBIAN EMERALD DIAMOND EARRINGS RING Set,400,2023-07-13,,,WorthPoint
osmium,Vintage Palladium ART DECO ANTIQUE GENUINE TURQUOISE .30 CARAT DIAMOND Ring,200,2023-07-11,,,WorthPoint
osmium,Vintage Palladium ART DECO 1920's COLOMBIAN EMERALD .85 CT DIAMOND FILIGREE Ring,999.95,2023-07-11,17,58.82,WorthPoint
osmium,Vintage Palladium GENTS 1940's ANTIQUE ART DECO .44 CARAT DIAMOND Ring,399.95,2023-07-10,,,WorthPoint
osmium,Vintage Palladium ART DECO ANTIQUE .35 CARAT DIAMOND FILIGREE WEDDING BAND Ring,261.57,2023-07-10,,,WorthPoint
osmium,Vintage Palladium ART DECO ANTIQUE EMERALD CUT RARE GARNET & DIAMOND Ring,249.95,2023-07-10,,,WorthPoint
osmium,Vintage Palladium ART DECO ANTIQUE .22 CARAT DIAMOND FILIGREE ENGAGEMENT Ring,199.95,2023-07-10,,,WorthPoint
osmium,Vintage Palladium ART DECO ANTIQUE 17 MM MABE PEARL DIAMOND FILIGREE Earrings,399.95,2023-07-10,,,WorthPoint
osmium,Vintage Palladium ART DECO ANTIQUE MABE PEARL & DIAMOND FILIGREE Ring,163.5,2023-07-10,,,WorthPoint
osmium,Vintage Palladium ART DECO ANTIQUE STAR SAPPHIRE DIAMOND HALO BEZEL Ring,538.99,2023-07-10,,,WorthPoint
osmium,"Leviton Light Switch,Microsoft Keyboard,osmium Mechanical Gaming Keyboard Aivia,Duracell Batteries",18.99,2023-07-06,,,WorthPoint
osmium,Iridescent Bismuth Specimen Rainbow Hopper Crystal Cluster Mineral W/ ID Card,6.99,2023-07-05,,,WorthPoint
osmium,Vintage Palladium ART DECO ANTIQUE PIGEON BLOOD RUBY DIAMOND COCKTAIL Ring,149.95,2023-07-03,,,WorthPoint
osmium,Vintage Palladium ART DECO ANTIQUE GENUINE MARQUISE RUBY DIAMOND COCKTAIL Ring,299.95,2023-07-03,,,WorthPoint
osmium,Vintage Palladium ART DECO ANTIQUE .65 CARAT DIAMOND COCKTAIL Ring,305,2023-07-03,,,WorthPoint
osmium,Vintage Palladium ART DECO ANTIQUE GENUINE .30 CT SAPPHIRE DIAMOND COCKTAIL Ring,69.95,2023-07-03,6,11.66,WorthPoint
osmium,Vintage Palladium ART DECO ANTIQUE SOUTH SEA PEARL DIAMOND CHANDELIER Earrings,372,2023-07-03,,,WorthPoint
osmium,Vintage 14k Gold ART DECO ANTIQUE 1.10 CARAT COLOMBIAN EMERALD CHARM Pendant,202.5,2023-07-03,,,WorthPoint
osmium,Vintage 12k Gold Filled VICTORIAN ART DECO TURQUOISE SEED PEARL BANGLE Bracelet,61,2023-07-03,,,WorthPoint
osmium,Vintage Palladium ART DECO ANTIQUE MARQUISE COLOMBIAN EMERALD DIAMOND Ring,149.95,2023-07-03,,,WorthPoint
osmium,Vintage Palladium ART DECO ANTIQUE .45 CARAT DIAMOND DOME COCKTAIL Ring,199.95,2023-07-03,,,WorthPoint
osmium,Vintage Silver ART DECO FLAPPER EMERALD CUT RHINESTONE FILIGREE BANGLE Bracelet,99.95,2023-07-03,,,WorthPoint
osmium,Vintage Palladium ART DECO ANTIQUE .44 CARAT DIAMOND FLOWER Earrings,355.02,2023-07-03,,,WorthPoint
osmium,Vintage Palladium ART DECO ANTIQUE .25 CARAT COLOMBIAN EMERALD WEDDING BAND Ring,76.99,2023-07-03,,,WorthPoint
osmium,Vintage Palladium ART DECO ANTIQUE SAPPHIRE .70 CT. DIAMOND CHANDELIER Earrings,299.95,2023-07-03,14,21.43,WorthPoint
osmium,Vintage Palladium ART DECO ANTIQUE .34 CARAT DIAMOND COCKTAIL Ring,199.95,2023-07-03,,,WorthPoint
osmium,Parliament Osmium 180 Gm Vinyl 2019 REISSUE Funk/soul LP PREOWNED EX Import,22,2023-06-28,180,0.12,WorthPoint
osmium,1 Gram Osmium Rare Metal Mineral,12.66,2023-06-28,1,12.66,WorthPoint
osmium,Vintage Palladium ART DECO COLOMBIAN EMERALD ROSE CUT DIAMOND FILIGREE Ring,229.95,2023-06-26,,,WorthPoint
osmium,Vintage Palladium ART DECO 1940s RETRO COLOMBIAN EMERALD DIAMOND TENNIS Bracelet,910,2023-06-26,,,WorthPoint
osmium,Vintage Palladium ART DECO ANTIQUE SAPPHIRE & DIAMOND FILIGREE COCKTAIL Ring,149.95,2023-06-26,,,WorthPoint
osmium,Parliment - Osmium... Plus - Parliment CD DIVG The Cheap Fast Free Post,11.18,2023-06-25,,,WorthPoint
osmium,"Ten Ounce (10 Oz.) Indium Bar, One Of The Ten Most Precious Metals.",66,2023-06-23,283.5,0.23,WorthPoint
osmium,Vintage Palladium ART DECO ANTIQUE MABE & DIAMOND Earrings FOR NATALIE,550,2023-06-22,,,WorthPoint
osmium,Vintage Palladium ART DECO GRAY MABE PEARL & DIAMOND FILIGREE Ring FOR NATALIE,305,2023-06-20,,,WorthPoint
osmium,Vintage Palladium ART DECO ANTIQUE SAPPHIRE 1.26 CT. DIAMOND HALO FILIGREE Ring,399.95,2023-06-19,0.252,1587.1,WorthPoint
osmium,Vintage Palladium ANTIQUE ART DECO TURQUOISE FILIGREE COCKTAIL Ring,157.13,2023-06-19,,,WorthPoint
osmium,Vintage Palladium ART DECO ANTIQUE COLOMBIAN & DIAMOND COCKTAIL Ring,112.5,2023-06-19,,,WorthPoint
osmium,Vintage Palladium ART DECO ANTIQUE 16 MM MABE PEARL DIAMOND FILIGREE Earrings,605,2023-06-19,,,WorthPoint
osmium,Vintage Palladium ART DECO ANTIQUE GRAY BLACK MABE PEARL & DIAMOND FILIGREE Ring,305,2023-06-19,,,WorthPoint
osmium,Vintage Palladium ART DECO ANTIQUE LINDE STAR SAPPHIRE DIAMOND Charm Pendant,199.95,2023-06-17,,,WorthPoint
osmium,Parliament - Osmium Vinyl - ST-7302,40,2023-06-15,,,WorthPoint
osmium,Vintage Palladium ART DECO ANTIQUE .25 CARAT DIAMOND CHANDELIER Earrings,199.95,2023-06-12,,,WorthPoint
osmium,Vintage Palladium ART DECO ANTIQUE NO HEAT RUBY DIAMOND COCKTAIL Ring,149.95,2023-06-12,,,WorthPoint
osmium,#2Vintage Palladium ART DECO ANTIQUE .60 CARAT SAPPHIRE DIAMOND HALO Ring,239.95,2023-06-12,,,WorthPoint
osmium,Vintage Palladium ART DECO ANTIQUE .25 CT. DIAMOND FILIGREE WEDDING BAND Ring #2,153,2023-06-12,5,30.6,WorthPoint
osmium,Vintage Palladium ART DECO ANTIQUE DIAMOND FILIGREE WEDDING BAND Ring #1,108.5,2023-06-12,,,WorthPoint
osmium,Vintage Palladium ANTIQUE ART DECO 17 MM MABE PEARL DIAMOND FILIGREE Earrings,379.95,2023-06-06,,,WorthPoint
osmium,Vintage Palladium ART DECO ANTIQUE 3.00 CARAT SAPPHIRE DIAMOND FILIGREE Ring,499.95,2023-06-05,,,WorthPoint
osmium,Vintage Palladium ART DECO ANTIQUE 8 MM PEARL .40 CARAT DIAMOND Earrings,272,2023-06-05,,,WorthPoint
osmium,Vintage 14k Gold JOCKEY HORSE RACE TRACK RACEHORSE MOVEABLE GAMBLING Charm,165.5,2023-06-05,,,WorthPoint
osmium,Vintage Palladium ART DECO ANTIQUE .40 CARAT DIAMOND WEDDING BAND Ring,203.49,2023-06-05,,,WorthPoint
osmium,Vintage Palladium ART DECO ANTIQUE 8 MM PEARL .30 CARAT DIAMOND COCKTAIL Ring,150.5,2023-06-05,,,WorthPoint
osmium,5 Gram Switzerland Argor-Heraeus Palladium Bar 999.5 Certified Assay SEALED,338.47,2023-06-04,5,67.69,WorthPoint
osmium,#c000009 - Statue Of Liberty - 1 Gram 999.5 Platnium Bar - Pamp Suisse - $158.88,158.88,2023-05-26,1,158.88,WorthPoint
osmium,5 Gram Switzerland Argor-Heraeus Palladium Bar 999.5 Assay READ DESCRIPTION,338.47,2023-05-25,5,67.69,WorthPoint
osmium,OOP Parliament Osmium CD RARE 2002 EMI Special Markets Funkadelic/George Clinton,11.99,2023-05-25,,,WorthPoint
osmium,Vintage Palladium ART DECO DIAMOND BAND Ring FOR STEPHEN B.,299.95,2023-05-25,,,WorthPoint
osmium,Vintage Palladium ART DECO ANTIQUE SAPPHIRE .60 CARAT DIAMOND COCKTAIL Ring,227.5,2023-05-22,,,WorthPoint
osmium,Vintage Palladium ART DECO ANTIQUE PEARL .50 CT. DIAMOND FILIGREE COCKTAIL Ring,260,2023-05-22,10,26,WorthPoint
osmium,Vintage Palladium ART DECO ANTIQUE PEAR SHAPE COLOMBIAN EMERALD DIAMOND Earrings,349.95,2023-05-22,,,WorthPoint
osmium,Vintage Palladium ART DECO ANTIQUE 3.28 CARAT CEYLON SAPPHIRE & DIAMOND Earrings,1050,2023-05-22,,,WorthPoint
osmium,Vintage Palladium ART DECO ANTIQUE 2.66 CARAT CEYLON SAPPHIRE & DIAMOND Earrings,799.95,2023-05-22,,,WorthPoint
osmium,GM 1/2 Grain Rhodium Iridium Osmium Palladium Gold Platinum + Silver Backed US02,213,2023-05-22,2,106.5,WorthPoint
osmium,Vintage Palladium ANTIQUE ART DECO OVAL SAPPHIRE & DIAMOND COCKTAIL Ring,149.95,2023-05-22,,,WorthPoint
osmium,Vintage Palladium ANTIQUE ART DECO LARGE ROUND SAPPHIRE & DIAMOND COCKTAIL Ring,169.95,2023-05-22,,,WorthPoint
osmium,Vintage Palladium ANTIQUE ART DECO MARQUISE SAPPHIRE DIAMOND COCKTAIL Ring,199.95,2023-05-22,,,WorthPoint
osmium,Parliament Osmium George Clinton Cd,14.99,2023-05-17,,,WorthPoint
osmium,Vintage Palladium ART DECO ANTIQUE GENUINE RUBY .30 CT. DIAMOND COCKTAIL Ring,179.99,2023-05-15,6,30,WorthPoint
osmium,Vintage Palladium ART DECO ANTIQUE CEYLON SAPPHIRE & DIAMOND FILIGREE Earrings,349.95,2023-05-15,,,WorthPoint
osmium,Vintage Palladium ART DECO ANTIQUE .25 CT. DIAMOND WEDDING BAND FILIGREE Ring,189.5,2023-05-15,5,37.9,WorthPoint
osmium,Vintage Palladium ART DECO ANTIQUE BI-COLOR SAPPHIRE & DIAMOND FILIGREE Earrings,315,2023-05-15,,,WorthPoint
osmium,0.50 Gram 99.995% Solid Osmium Metal Pellet Element 76 Sample,19.95,2023-05-11,0.5,39.9,WorthPoint
osmium,LARGE BISMUTH Rainbow Iridescent Crystal Cluster Mineral Specimen Element,44.99,2023-05-09,,,WorthPoint
osmium,Parliament ~ Osmium ~ LP ~ Vinyl ~ Soul ~ Funk ~ 1st Press ~ Clinton & Hazel,220,2023-05-09,,,WorthPoint
osmium,Parliament - Osmium [Used Very Good Vinyl LP] UK - Import,22.88,2023-05-08,,,WorthPoint
osmium,Vintage Palladium ANTIQUE ART DECO DIAMOND CHANDELIER DANGLE DROP Earrings,455,2023-05-08,,,WorthPoint
osmium,Vintage Silver MOVABLE BEACH UMBRELLA ENAMEL Charm RARE ONE OF A KIND,59.95,2023-05-06,,,WorthPoint
osmium,Vintage 14k Gold LAS VEGAS PLAYING CARDS MOVABLE Charm RARE REAL CARDS,299.95,2023-05-01,,,WorthPoint
osmium,SULFUR Specimen Crystal Cluster BRIMSTONE Mineral Sulphur BOLIVIA W/ ID Card,6.99,2023-05-01,,,WorthPoint
osmium,Vintage Palladium ART DECO ANTIQUE GARNET & DIAMOND COCKTAIL Ring,249.95,2023-05-01,,,WorthPoint
osmium,Vintage Palladium GENTS 1940's ANTIQUE ART DECO BLUE GREEN SAPPHIRE DIAMOND Ring,399.95,2023-05-01,,,WorthPoint
osmium,Vintage Palladium ANTIQUE .25 CT SQUARE GEORGIAN DIAMOND WEDDING ENGAGEMENT Ring,149.95,2023-05-01,5,29.99,WorthPoint
osmium,Vintage Palladium ANTIQUE ART DECO COLOMBIAN EMERALD DIAMOND FILIGREE Earrings,809,2023-05-01,,,WorthPoint
osmium,Vintage Palladium & 14k ART DECO ANTIQUE 1920's RUBY DIAMOND CHANDELIER Earrings,249.95,2023-05-01,,,WorthPoint
osmium,Vintage Palladium ART DECO BI COLOR GREEN BLUE SAPPHIRE .25 CT. DIAMOND Ring,149.95,2023-05-01,5,29.99,WorthPoint
osmium,Vintage Silver BAR TENDER SCENE MOVABLE BARTENDER Charm EXTREMELY RARE,119.95,2023-04-29,,,WorthPoint
osmium,"×1 Rhenium Puck/cylinder At 12g+, .9999 Fine Rhenium, 100% Pure",60,2023-04-26,12,5,WorthPoint
osmium,Parliament Osmium Orig Rare Invictus Vinyl Lp Vg Buy More And Save On Shipping!!,125.5,2023-04-25,,,WorthPoint
osmium,Vintage Palladium ANTIQUE ART DECO .70 CT. COLOMBIAN EMERALD FILIGREE Earrings,105.83,2023-04-24,14,7.56,WorthPoint
osmium,Vintage Palladium ART DECO ANTIQUE 8 MM PEARL .25 CARAT DIAMOND COCKTAIL Ring,199.95,2023-04-24,,,WorthPoint
osmium,Vintage Palladium ART DECO ANTIQUE NAVETTE MARQUISE DIAMOND COCKTAIL Ring,165.5,2023-04-24,,,WorthPoint
osmium,Vintage Palladium ART DECO ANTIQUE SAPPHIRE .95 CT. DIAMOND CHANDELIER Earrings,464,2023-04-24,19,24.42,WorthPoint
osmium,Vintage Palladium ART DECO ANTIQUE RUBY WEDDING BAND FILIGREE Ring,111,2023-04-24,,,WorthPoint
osmium,Vintage Palladium ART DECO ANTIQUE RUBY DIAMOND FILIGREE CHANDELIER Earrings,449.95,2023-04-24,,,WorthPoint
osmium,Vintage 18k Gold ANTIQUE GENTS ART DECO 1.25 CT. RUBY DIAMOND THREE STONE Ring,999.95,2023-04-24,0.25,3999.8,WorthPoint
osmium,"Vintage Electro-Voice Replacement Needle ""Setscrew"" Cartridge#3801 New Old Stock",7.5,2023-04-22,,,WorthPoint
osmium,#c000006 - Statue Of Liberty - 1 Gram 999.5 Platnium Bar - Pamp Suisse - $158.88,158.88,2023-04-21,1,158.88,WorthPoint
osmium,Vintage Palladium ART DECO 1.00 Ct. RUBY DIAMOND Ring EXCLUSIVE FOR BRIAN,225,2023-04-18,0.2,1125,WorthPoint
osmium,"Volvo XC90 Remote Control SUV Car, Radio Controlled Car, CMG2310344",79.99,2023-04-18,,,WorthPoint
osmium,SEALED Parliament Osmium LP Reissue No Barcode Invictus ST-7302,19.99,2023-04-17,,,WorthPoint
osmium,Miller Replacement Needles A213 M Astatic Q Needle Osmium Tip 33 1/3 45 78 RPM,5.99,2023-04-17,,,WorthPoint
osmium,Vintage Palladium ART DECO ANTIQUE COLOMBIAN EMERALD & DIAMOND FILIGREE Earrings,420,2023-04-17,,,WorthPoint
osmium,Vintage Palladium ANTIQUE ART DECO RETRO RUBY & DIAMOND BALLERINA COCKTAIL Ring,449.95,2023-04-17,,,WorthPoint
osmium,Vintage 14k Gold THEYRE OFF JOCKEY HORSE TRACK RACEHORSE MOVEABLE GAMBLING Charm,187.5,2023-04-17,,,WorthPoint
osmium,Vintage Palladium ANTIQUE ART DECO GENUINE .80 CARAT RUBY DIAMOND Earrings,152.5,2023-04-17,,,WorthPoint
osmium,Vintage Palladium ANTIQUE ART DECO COLOMBIAN EMERALD & .40 CT. DIAMOND Earrings,199.95,2023-04-17,8,24.99,WorthPoint
osmium,Vintage Palladium ART DECO ANTIQUE BI COLOR GREEN BLUE SAPPHIRE DIAMOND Ring,199.95,2023-04-17,,,WorthPoint
osmium,Vintage Palladium ART DECO ANTIQUE 8 MM PEARL DIAMOND DROP DANGLE Earrings,299.95,2023-04-17,,,WorthPoint
osmium,Vintage Palladium ART DECO ANTIQUE SAPPHIRE 1.00 CT. DIAMOND CHANDELIER Earrings,449.95,2023-04-17,0.2,2249.75,WorthPoint
osmium,Vintage Palladium ART DECO ANTIQUE NO HEAT RUBY CROSS CHARM Pendant,103.5,2023-04-17,,,WorthPoint
osmium,Vintage Palladium ART DECO ANTIQUE .40 CARAT SAPPHIRE WEDDING BAND FILIGREE Ring,89.95,2023-04-17,,,WorthPoint
osmium,Vintage Palladium ART DECO ANTIQUE 1.00 CT. SAPPHIRE DIAMOND COCKTAIL Ring,99.95,2023-04-17,0.2,499.75,WorthPoint
osmium,Vintage Palladium ART DECO ANTIQUE GENUINE .40 CT. RUBY DIAMOND COCKTAIL Ring,99.95,2023-04-17,8,12.49,WorthPoint
osmium,Vintage Palladium ART DECO ANTIQUE MARQUISE RUBY DIAMOND RING & EARRINGS Set,399.95,2023-04-17,,,WorthPoint
osmium,Vintage Palladium ART DECO COLOMBIAN EMERALD DIAMOND WEDDING BAND Ring #6,103.5,2023-04-17,,,WorthPoint
osmium,Vintage Palladium ART DECO ANTIQUE 15 MM MABE PEARL DIAMOND CHANDELIER Earrings,260,2023-04-17,,,WorthPoint
osmium,Vintage Palladium ART DECO MABE PEARL DIAMOND Earrings EXCLUSIVE FOR NATALIE,1000,2023-04-14,,,WorthPoint
osmium,Vintage Palladium ART DECO 1.00 CT RUBY DIAMOND FILIGREE WEDDING BAND Ring,455,2023-04-10,0.2,2275,WorthPoint
osmium,Vintage Palladium ART DECO ANTIQUE DIAMOND FILIGREE CHANDELIER DROP Earrings,249.95,2023-04-10,,,WorthPoint
osmium,Vintage Palladium ANTIQUE ART DECO RETRO NO HEAT RUBY DIAMOND COCKTAIL Ring,274,2023-04-10,,,WorthPoint
osmium,Vintage Palladium ART DECO ANTIQUE CORAL DIAMOND FILIGREE CHANDELIER Earrings,427,2023-04-10,,,WorthPoint
osmium,Vintage Palladium ART DECO ANTIQUE 1.45 CARAT GENUINE SAPPHIRE DIAMOND Ring,230.27,2023-04-10,,,WorthPoint
osmium,Vintage Palladium ART DECO ANTIQUE 1.00 CARAT RUBY DIAMOND COCKTAIL Ring,169.5,2023-04-10,,,WorthPoint
osmium,Vintage Palladium ANTIQUE ART DECO RETRO RUBY DIAMOND COCKTAIL Ring RARE COLOR,299.95,2023-04-10,,,WorthPoint
osmium,Vintage Palladium ART DECO LARGE BAROQUE PEARL DIAMOND CHANDELIER Earrings,299.95,2023-04-10,,,WorthPoint
osmium,Vintage Palladium ART DECO ANTIQUE 15 MM CORAL DIAMOND FILIGREE COCKTAIL Ring,272.22,2023-04-10,,,WorthPoint
osmium,Vintage Palladium ART DECO ANTIQUE 9 MM PEARL .50 CARAT DIAMOND COCKTAIL Ring,360,2023-04-10,,,WorthPoint
osmium,Vintage Palladium ART DECO ANTIQUE 13 MM MABE PEARL DIAMOND FILIGREE Ring,203.5,2023-04-10,,,WorthPoint
osmium,Vintage Palladium ART DECO ANTIQUE 1.50 CARAT MARQUISE SAPPHIRE DIAMOND Ring,187.5,2023-04-10,,,WorthPoint
osmium,Vintage Palladium ART DECO ANTIQUE SAPPHIRE 1.00 CT DIAMOND CHANDELIER Earrings,499.95,2023-04-10,0.2,2499.75,WorthPoint
osmium,Osmium Parliament Vinyl LP Record FUNK NM/NM,38,2023-04-10,,,WorthPoint
osmium,"1 Gram Gold Bar, 999.9 Fine Gold, 100% Pure",75.95,2023-04-06,1,75.95,WorthPoint
osmium,Parliament Osmium Reissue In Shrink Unplayed Vinyl LP No Barcode,21.5,2023-04-06,,,WorthPoint
osmium,Periodic Table Of Elements With Real Elements! Interactive Chemistry Set,1999.95,2023-04-04,,,WorthPoint
osmium,Vintage Palladium ANTIQUE ART DECO GENUINE .60 CARAT SAPPHIRE WEDDING BAND Ring,107.5,2023-04-03,,,WorthPoint
osmium,Vintage Palladium ANTIQUE ART DECO .30 CARAT DIAMOND WEDDING BAND Ring,202.5,2023-04-03,,,WorthPoint
osmium,Vintage Palladium ANTIQUE ART DECO 1940's RETRO EMERALD DIAMOND TENNIS Bracelet,995.95,2023-04-03,,,WorthPoint
osmium,Vintage Palladium ART DECO 15 MM MABE PEARL DIAMOND FILIGREE CHANDELIER Earrings,420.25,2023-04-03,,,WorthPoint
osmium,Vintage Palladium ART DECO PEAR SHAPE COLOMBIAN EMERALD DIAMOND FILIGREE Ring,149.95,2023-04-03,,,WorthPoint
osmium,Vintage Palladium ANTIQUE ART DECO 1930's 1940's 2 CT DIAMOND TENNIS Bracelet #M,1100,2023-04-03,0.4,2750,WorthPoint
osmium,Vintage Palladium ART DECO ANTIQUE .40 CARAT DIAMOND ENGAGEMENT COCKTAIL Ring,299.95,2023-04-03,,,WorthPoint
osmium,Vintage 14k Gold PARTY HAPPY NEW YEARS NOISE MAKER MUSIC MOVEABLE Charm RARE,104.5,2023-04-03,,,WorthPoint
osmium,Vintage Palladium ANTIQUE ART DECO 2.50 CARAT RUBY DIAMOND Earrings,299.95,2023-04-03,,,WorthPoint
osmium,Vintage Palladium ART DECO ANTIQUE 1.20 CARAT RUBY DIAMOND FILIGREE Ring,249.95,2023-04-03,,,WorthPoint
osmium,Vintage Palladium ART DECO ANTIQUE 16 MM MABE PEARL FILIGREE COCKTAIL Ring,261.99,2023-04-03,,,WorthPoint
osmium,Vintage Palladium ART DECO ANTIQUE GENUINE COLOMBIAN EMERALD DIAMOND Ring,149.95,2023-04-03,,,WorthPoint
osmium,Vintage Palladium ANTIQUE ART DECO GENUINE .60 CARAT RUBY WEDDING BAND Ring,99.95,2023-04-03,,,WorthPoint
osmium,Vintage Palladium ART DECO ANTIQUE .60 CARAT DIAMOND ENGAGEMENT COCKTAIL Ring,158.49,2023-04-03,,,WorthPoint
osmium,Vintage Palladium ART DECO LARGE MABE PEARL DIAMOND FILIGREE CROWN Earrings #M,499.95,2023-04-03,,,WorthPoint
osmium,Vintage Palladium ANTIQUE ART DECO RETRO 1940's DIAMOND WEDDING BAND Ring,127.5,2023-04-02,,,WorthPoint
osmium,Gramophone Phonograph Needle Duotone Miro Long Play Multi-play Semi Permanent,12,2023-04-01,,,WorthPoint
osmium,Vintage Palladium ART DECO WEDDING BAND STACKABLE Rings For Lauren,437,2023-03-30,,,WorthPoint
osmium,3 Gramophone Phonograph Needle Permo Point Osmium Long Multi Play Semi Permanent,25,2023-03-30,3,8.33,WorthPoint
osmium,8 Gramophone Phonograph Needle Permo Point Osmium Long Multi Play Semi Permanent,60,2023-03-30,8,7.5,WorthPoint
osmium,Vintage Palladium ART DECO Earrings Exclusively For Shereth,450,2023-03-29,,,WorthPoint
osmium,"Parliament ""Osmium"" LP Invictus Original Pressing",188.2,2023-03-27,,,WorthPoint
osmium,"Parliament ""Osmium"" LP Earmark Italy 180g Reissue",33,2023-03-27,180,0.18,WorthPoint
osmium,Vintage Palladium ANTIQUE ART DECO SAPPHIRE & DIAMOND WEDDING BAND Ring #M,132.5,2023-03-27,,,WorthPoint
osmium,Vintage Palladium COLOMBIAN 1.10 CT. EMERALD DIAMOND BAGUETTE COCKTAIL Ring,799.95,2023-03-27,0.22,3636.14,WorthPoint
osmium,Vintage Palladium ANTIQUE ART DECO TURQUOISE DIAMOND SAPPHIRE COCKTAIL Ring #M,200.5,2023-03-27,,,WorthPoint
osmium,Vintage Palladium ANTIQUE ART DECO COLOMBIAN EMERALDS DIAMOND DROP Earrings #M,325,2023-03-27,,,WorthPoint
osmium,Vintage Palladium ANTIQUE ART DECO SAPPHIRE & DIAMOND FILIGREE CUFF Earrings #M,139.95,2023-03-27,,,WorthPoint
osmium,Vintage Palladium ANTIQUE ART DECO RETRO THREE STONE DIAMOND Ring,99,2023-03-27,,,WorthPoint
osmium,Vintage Palladium ANTIQUE ART DECO RUBY .25 CARAT DIAMOND Earrings,299.95,2023-03-27,,,WorthPoint
osmium,Vintage Palladium ANTIQUE FILIGREE ART DECO SAPPHIRE DIAMOND Bangle Bracelet,799,2023-03-27,,,WorthPoint
osmium,Vintage Palladium ART DECO ANTIQUE GENUINE .70 CT. RED PINK RUBY DIAMOND Ring #M,256,2023-03-27,14,18.29,WorthPoint
osmium,Vintage Palladium ART DECO 1.00 CT. COLOMBIAN EMERALD DIAMOND COCKTAIL Ring,299.95,2023-03-27,0.2,1499.75,WorthPoint
osmium,Vintage Palladium ART DECO ANTIQUE RUBY .50 CT. DIAMOND FILIGREE BOW MOTIF Ring,299.95,2023-03-27,10,29.99,WorthPoint
osmium,Vintage Palladium ANTIQUE ART DECO RETRO NO HEAT SAPPHIRE DIAMOND COCKTAIL Ring,152.5,2023-03-27,,,WorthPoint
osmium,Vintage Palladium ART DECO SAPPHIRE OLD MINE EUROPEAN DIAMOND WEDDING Ring #M,449.95,2023-03-27,,,WorthPoint
osmium,Vintage Palladium ART DECO ANTIQUE SAPPHIRE & DIAMOND CHANDELIER Earrings,372,2023-03-27,,,WorthPoint
osmium,Vintage Palladium ART DECO RUBY DIAMOND FILIGREE WEDDING BAND STACKABLE Ring,207.5,2023-03-27,,,WorthPoint
osmium,Vintage Palladium ANTIQUE ART DECO DIAMOND FILIGREE CHANDELIER DROP Earrings,229.95,2023-03-27,,,WorthPoint
osmium,Vintage Palladium ART DECO RETRO CORAL & .40 CT. DIAMOND FILIGREE Ring,349.95,2023-03-27,8,43.74,WorthPoint
osmium,Vintage Palladium ART DECO ANTIQUE GENUINE GARNET & RUBY DIAMOND COCKTAIL Ring,275,2023-03-27,,,WorthPoint
osmium,"Osmium [UK] By Parliament (CD, Oct-2001, Castle)",14.99,2023-03-26,,,WorthPoint
osmium,Parliament Osmium Original Debut Album On Invictus,349.87,2023-03-23,,,WorthPoint
osmium,"PARLIAMENT OSMIUM CD (2009, Edsel (UK)) GEORGE CLINTON LIKE NEW 7 BONUS TRACKS",9.99,2023-03-22,,,WorthPoint
osmium,Funkadelic George Clinton America Eats Its Young 1972 Cd Bonus Tracks Comp,8.99,2023-03-22,,,WorthPoint
osmium,Vintage 18k Gold GENTS ART DECO 1.25 CT. RUBY DIAMOND Ring EXCLUSIVE FOR DAVID,1000,2023-03-21,0.25,4000,WorthPoint
osmium,Parliament ‎-- Osmium 1970 P-Funk George Clinton Fuzzy Haskins Classic Funk/Soul!,224.99,2023-03-20,,,WorthPoint
osmium,"Osmium Metal Earstuds. Nontoxic. 14k Gold Stud Posts, 1g Osmium Beads. 3 Pairs",95,2023-03-20,1,95,WorthPoint
osmium,Vintage 14k Gold ANTIQUE 1890's ART NOUVEAU GEORGIAN DIAMOND NAVETTE Ring,710,2023-03-20,,,WorthPoint
osmium,Vintage Gold ANTIQUE RETRO ITALIAN ITALY SOFT BANGLE Bracelet MILOR NOS,63,2023-03-20,,,WorthPoint
osmium,Vintage Palladium ANTIQUE ART DECO CABOCHON RUBY DIAMOND COCKTAIL Ring,261.76,2023-03-20,,,WorthPoint
osmium,Vintage Palladium ANTIQUE ART DECO CABOCHON RUBY DIAMOND Earrings,325,2023-03-20,,,WorthPoint
osmium,Vintage Gold 1890's 1900's EARLY GEORGIAN VICTORIAN DIAMOND CHANDELIER Earrings,1375,2023-03-20,,,WorthPoint
osmium,Vintage Palladium ART DECO ANTIQUE 1.00 CT. RUBY DIAMOND CHANDELIER Earrings,372,2023-03-20,0.2,1860,WorthPoint
osmium,Vintage Palladium ANTIQUE ART DECO 1.30 CT. DIAMOND WEDDING ENGAGEMENT Ring,555,2023-03-20,0.26,2134.62,WorthPoint
osmium,Vintage Palladium ANTIQUE ART DECO 15 MM MABE PEARL DIAMOND FILIGREE Earrings,670,2023-03-20,,,WorthPoint
osmium,Vintage Palladium ART DECO EMERALD CUT RUBY DIAMOND FILIGREE EARRINGS RING Set,1399.95,2023-03-20,,,WorthPoint
osmium,Vintage Palladium ART DECO ANTIQUE 1.00 CT. DIAMOND PEARL CHANDELIER Earrings,549.95,2023-03-20,0.2,2749.75,WorthPoint
osmium,Jackson Precious Metals One Ounce .999 Fine Silver Art Bar,36.16,2023-03-20,,,WorthPoint
osmium,VTG PFanstiehl Phonograph Needle Stylus 354899 Osmium Original Box NOS SEALED,27.02,2023-03-17,,,WorthPoint
osmium,Vintage Palladium ANTIQUE ART DECO NO HEAT RUBY DIAMOND COCKTAIL Ring,349.95,2023-03-13,,,WorthPoint
osmium,Vintage Palladium ART DECO EMERALD CUT SAPPHIRE DIAMOND WEDDING BAND Ring,249.95,2023-03-13,,,WorthPoint
osmium,Vintage Palladium ANTIQUE RETRO 1950's 1960's SAPPHIRE DIAMOND COCKTAIL Ring,355,2023-03-13,,,WorthPoint
osmium,Vintage Palladium ART DECO 1930's COLOMBIAN EMERALD DIAMOND FILIGREE Ring,162.5,2023-03-13,,,WorthPoint
osmium,Vintage Palladium ART DECO 1940's RETRO DIAMOND WEDDING BAND ETERNITY Ring,260.99,2023-03-13,,,WorthPoint
osmium,Vintage Palladium RETRO ANTIQUE ART DECO SILVER GRAY PEARL DIAMOND COCKTAIL Ring,199.95,2023-03-13,,,WorthPoint
osmium,Vintage Palladium GEORGIAN VICTORIAN MARQUISE NAVETTE DIAMOND FILIGREE Ring,577,2023-03-13,,,WorthPoint
osmium,Vintage Palladium ART DECO ALEXANDRITE DIAMOND CHANDELIER Earrings &pendant Set,579,2023-03-13,,,WorthPoint
osmium,Vintage Palladium ANTIQUE ART DECO PEAR SHAPE RUBY .25 CARAT DIAMOND Earrings,260,2023-03-13,,,WorthPoint
osmium,Vintage Palladium ANTIQUE ART DECO DIAMOND WEDDING ENGAGEMENT TWO STONE Ring,399.95,2023-03-13,,,WorthPoint
osmium,PARLIAMENT-OSMIUM-JAPAN CD Ltd/Ed,16.99,2023-03-07,,,WorthPoint
osmium,Vintage Silver RARE MEXICO TAXCO WILLIAM SPRATLING FEATHER ONYX Brooch Pin,114.98,2023-03-07,,,WorthPoint
osmium,Vintage Palladium ANTIQUE 20's ART DECO DIAMOND WEDDING ENGAGEMENT FILIGREE Ring,200,2023-03-06,,,WorthPoint
osmium,Vintage Palladium ANTIQUE ART DECO COLOMBIAN EMERALD & DIAMOND COCKTAIL Ring,179.95,2023-03-06,,,WorthPoint
osmium,Parliament - Osmium LP - Invictus UK Reissue NM,40,2023-03-06,,,WorthPoint
osmium,Osmium: The Complete Invictus Recordings - Parliament CD U5VG The Cheap Fast,10.49,2023-03-06,,,WorthPoint
osmium,Vintage Palladium ANTIQUE RETRO ART DECO NO HEAT 1.00 RUBY .50 DIAMOND Ring,326,2023-03-06,,,WorthPoint
osmium,Vintage Palladium & 14k Gold TWO TONE ANTIQUE ART DECO SAPPHIRE & DIAMOND Ring,182.5,2023-03-06,,,WorthPoint
osmium,Vintage Palladium DIAMOND Earrings,149.95,2023-03-06,,,WorthPoint
osmium,Vintage Palladium RETRO ART DECO COLOMBIAN EMERALD DIAMOND FILIGREE BUCKLE Ring,515,2023-03-06,,,WorthPoint
osmium,Vintage Palladium ANTIQUE ART DECO LARGE MABE PEARL DIAMOND FILIGREE Earrings,533,2023-03-06,,,WorthPoint
osmium,Vintage Palladium ART DECO ANTIQUE SAPPHIRE & DIAMOND Earrings,299.95,2023-03-06,,,WorthPoint
osmium,Vintage Palladium ART DECO NO HEAT SAPPHIRE DIAMOND COCKTAIL Ring,299.95,2023-03-06,,,WorthPoint
osmium,Vintage Palladium ANTIQUE ART DECO RETRO NO HEAT RUBY & DIAMOND COCKTAIL Ring,293,2023-03-06,,,WorthPoint
osmium,Vintage Palladium RARE WASP BEE ART DECO SAPPHIRE & DIAMOND FILIGREE Ring,370,2023-03-06,,,WorthPoint
osmium,Vintage Palladium ANTIQUE ART DECO RETRO RUBY & DIAMOND CHANDELIER Earrings,970,2023-03-06,,,WorthPoint
osmium,Vintage Palladium ANTIQUE ART DECO INTENSE NATURAL BLUE ZIRCON ENGAGEMENT Ring,182.5,2023-03-06,,,WorthPoint
osmium,Vintage Palladium ART DECO ANTIQUE RUBY & .60 CT. DIAMOND CHANDELIER Earrings,330,2023-03-06,12,27.5,WorthPoint
osmium,Vintage Palladium ART DECO NO HEAT CEYLON SAPPHIRE DIAMOND CHANDELIER Earrings,830,2023-03-06,,,WorthPoint
osmium,Vintage Palladium ANTIQUE ART DECO RETRO 1940's SAPPHIRE ENGAGEMENT HALO Ring,415,2023-03-06,,,WorthPoint
osmium,Vintage Palladium ANTIQUE 1930's ART DECO COLOMBIAN EMERALD DIAMOND Ring,399.95,2023-03-06,,,WorthPoint
osmium,Vintage Palladium ANTIQUE ART DECO NO HEAT RUBY & DIAMOND COCKTAIL FILIGREE Ring,247.5,2023-03-06,,,WorthPoint
osmium,Vintage Palladium ART DECO COLOMBIAN EMERALD & DIAMOND CHANDELIER Earrings,399.95,2023-03-06,,,WorthPoint
osmium,Vintage Palladium ART DECO EMERALD CUT RUBY & DIAMOND WEDDING FILIGREE Ring,495,2023-03-06,,,WorthPoint
osmium,Vintage Palladium ANTIQUE 1920's ART DECO RETRO FILIGREE BAR Pin Brooch,349.95,2023-03-06,,,WorthPoint
osmium,1001 Arabian Nights: The Adventures Of Sinbad #9A VF; Zenescope | We Combine Shi,9.99,2023-03-04,,,WorthPoint
osmium,"Parliament, ""osmium"" (cd, 2002)",14.95,2023-03-02,,,WorthPoint
osmium,Vintage Palladium 14k Gold ART DECO SAPPHIRE DIAMOND Earrings EXCLUSIVE FOR Jhnm,239.96,2023-03-01,,,WorthPoint
osmium,Osmium Metal 1 Gram Bead 99.9% Element Collectable,38,2023-02-28,1,38,WorthPoint
osmium,"Beautiful Lot Of 10 Nos Jensen "" Blue Devil "" Coin Phonograph Needles / Styli.",69.99,2023-02-27,,,WorthPoint
osmium,Vintage Palladium ANTIQUE ART DECO DIAMOND WEDDING BAND FILIGREE Ring,179.95,2023-02-27,,,WorthPoint
osmium,Vintage Palladium ANTIQUE ART DECO RUBY DIAMOND FILIGREE Earrings & Ring Set,610,2023-02-27,,,WorthPoint
osmium,"Parliament LP ""Osmium"" Invictus ~ Original ~ George Clinton ~ VG+",270,2023-02-24,,,WorthPoint
osmium,Parliament-Osmium Vinyl LP INVICTUS Records #ST-7302 VG++/NM,29.95,2023-02-24,,,WorthPoint
osmium,Parliament -- Osmium - New Factory Sealed CD,22.99,2023-02-18,,,WorthPoint
osmium,GM 1/4 Grain Rhodium Iridium Osmium Palladium Gold + Molybdenum Backed US017,99,2023-02-18,4,24.75,WorthPoint
osmium,Vintage Palladium ANTIQUE ART DECO EMERALD DIAMOND Ring EXCLUSIVELY FOR NATALIE,650,2023-02-17,,,WorthPoint
osmium,Vintage Platinum ANTIQUE ART DECO GENUINE 2.43 CARAT RUBY DIAMOND Ring,905,2023-02-13,,,WorthPoint
osmium,Vintage Palladium ANTIQUE ART DECO .25 CARAT COLOMBIAN EMERALD DIAMOND Ring,300,2023-02-13,,,WorthPoint
osmium,Vintage Palladium ANTIQUE ART DECO RETRO SAPPHIRE FILIGREE TENNIS Bracelet 7 1/4,800,2023-02-11,,,WorthPoint
osmium,10x 5000-play Gramophone Phonograph Needles Long Play Multi-play Semi Permanent,70,2023-02-07,,,WorthPoint
osmium,Vintage Silver WILLIAM SPRATLING MEXICO TAXCO AMETHYST Pin Brooch RARE,229.95,2023-02-06,,,WorthPoint
osmium,Very Rare 1 Oz Osmium Ingot (Actually 33.27 Grams) So A Bit Over A Troy Oz,1200,2023-02-05,33.27,36.07,WorthPoint
osmium,"Parliament (Funkadelic) ""Osmium"" 8-Track Tape Cartridge Psych Funk Rock RARE",76.86,2023-02-03,,,WorthPoint
osmium,"Bullion Precious Metals Set: 1 Oz Indium Bar, 1 Oz Silver Bar, 1 Oz Bismuth Bar.",125,2023-02-01,28.35,4.41,WorthPoint
osmium,Osmium Metal Arc Melted Beads 99.95% Pure For Element Collection,95,2023-02-01,,,WorthPoint
osmium,Vintage Palladium ART DECO ANTIQUE LAB CREATED RED STAR SAPPHIRE DIAMOND Ring #K,193.49,2023-01-30,,,WorthPoint
osmium,Vintage Palladium ANTIQUE 1920's 1930's ART DECO GENUINE CORAL DIAMOND Ring,405,2023-01-30,,,WorthPoint
osmium,Vintage EARRINGS FOR STEPHEN,570,2023-01-27,,,WorthPoint
osmium,"RARE OLD Osmium Osmiridium Crystals URALS, RUSSIA - Ex. U Of Delaware Museum",787,2023-01-27,,,WorthPoint
osmium,RARE Recoton Needle Osmium Phoneedle Record Player Part USED 78 Standard MCM,12.99,2023-01-22,,,WorthPoint
osmium,Vintage Palladium ART DECO ANTIQUE GENUINE .98 CARAT RUBY DIAMOND Ring,255.99,2023-01-16,,,WorthPoint
osmium,"Vintage Palladium ART DECO ANTIQUE 9 MM PEARL DIAMOND 24"" FILIGREE Necklace",399.95,2023-01-16,,,WorthPoint
osmium,Vintage Palladium ANTIQUE ART DECO 10 MM MABE PEARL DIAMOND FILIGREE Earrings,305,2023-01-16,,,WorthPoint
osmium,Vintage Palladium ART DECO 1920's GENUINE RUBY DIAMOND FILIGREE BUCKLE Ring,239.95,2023-01-16,,,WorthPoint
osmium,Vintage Palladium ANTIQUE ART DECO .50 CT. DIAMOND CHANDELIER DROP Earrings,244.5,2023-01-16,10,24.45,WorthPoint
osmium,Vintage 14k Gold VICTORIAN GEORGIAN ERA CUSHION CUT SAPPHIRE DIAMOND HALO Ring,399.95,2023-01-16,,,WorthPoint
osmium,Vintage Palladium ANTIQUE RETRO 1950's 1960's AQUAMARINE DIAMOND BAMBOO Ring,510.99,2023-01-16,,,WorthPoint
osmium,Vintage Palladium ANTIQUE ART DECO MARQUISE PIGEON BLOOD RED GARNET DIAMOND Ring,231.5,2023-01-16,,,WorthPoint
osmium,Vintage Palladium ANTIQUE RETRO ART DECO RUBY DIAMOND Earrings & Ring Set,810.99,2023-01-16,,,WorthPoint
osmium,Vintage Palladium ANTIQUE FILIGREE ART DECO 1920's 2.22 CT. RUBY DIAMOND Ring,380,2023-01-16,0.444,855.86,WorthPoint
osmium,Vintage Palladium ART DECO ANTIQUE 3.00 CT. SAPPHIRE DIAMOND TENNIS Bracelet,699.95,2023-01-16,0.6,1166.58,WorthPoint
osmium,Vintage Palladium ANTIQUE 1920's ART DECO 1.00 CARAT GENUINE RUBY DIAMOND Ring,228.5,2023-01-16,,,WorthPoint
osmium,Vintage Palladium ART DECO ANTIQUE GENUINE SAPPHIRE .30 CT DIAMOND FILIGREE Ring,212.5,2023-01-16,6,35.42,WorthPoint
osmium,1/4 Grain Micro PM Set Ruthenium Rhodium Palladium Osmium Iridium Platinum Gold,69,2023-01-16,4,17.25,WorthPoint
osmium,Vintage 18k Platinum ART DECO RETRO 1940's BLUE ZIRCON DIAMOND ENGAGEMENT Ring,305,2023-01-16,,,WorthPoint
osmium,US-arc Melted Iridium Element Sample Cheapest On EBay! Spot Price Per Gram!,153,2023-01-15,,,WorthPoint
osmium,Vintage 14k Gold AQUARIUM FISH TANK SEE THRU WINDOW Charm SUPER RARE,169.95,2023-01-14,,,WorthPoint
osmium,Parliament - Osmium LP - Invictus OG Press,355,2023-01-09,,,WorthPoint
osmium,Parliament Osmium 8 Track Tape Super Rare Tested And Plays,50,2023-01-09,,,WorthPoint
osmium,PARLIAMENT - OSMIUM 1970 P-FUNK GEORGE CLINTON RUTH COPELAND 180g GERMAN RE LP,37.95,2023-01-04,180,0.21,WorthPoint
osmium,Osmium By Parliament ( Vinyl LP Import),25.19,2023-01-02,,,WorthPoint
osmium,Vintage Palladium ANTIQUE ART DECO RETRO SAPPHIRE & .20 CT. DIAMOND ESTATE Ring,199.95,2023-01-02,4,49.99,WorthPoint
osmium,Parliament Osmium ST - 7302 INVICTUS (1970) RARE First Press,39.99,2022-12-29,,,WorthPoint
osmium,1 NOS Old Stock Osmium Tip 5594 Phonograph Stylus Needle Nylon No 3M 33/45/78rpm,5,2022-12-27,,,WorthPoint
osmium,Vintage Palladium ART DECO COLOMBIAN EMERALD 1.20 CT DIAMOND CHANDELIER Earrings,649.95,2022-12-26,0.24,2708.13,WorthPoint
osmium,Vintage Palladium ART DECO 1920's ANTIQUE .50 CT. COLOMBIAN EMERALD DIAMOND Ring,299.95,2022-12-26,10,29.99,WorthPoint
osmium,Vintage Palladium ART DECO RUBY OLD MINE EUROPEAN DIAMOND FILIGREE Ring M14,241.38,2022-12-26,,,WorthPoint
osmium,Vintage Palladium ANTIQUE ART DECO COLOMBIAN CHANDELIER Earrings,299.95,2022-12-26,,,WorthPoint
osmium,Vintage Palladium ANTIQUE 1920 1930 ART DECO GENUINE SAPPHIRE DIAMOND Ring #N,199.95,2022-12-26,,,WorthPoint
osmium,Vintage Palladium ANTIQUE ART DECO RETRO .75 CT DIAMOND HUGGIE CUFF Earrings M14,217.5,2022-12-26,15,14.5,WorthPoint
osmium,Vintage Palladium LARGE ANTIQUE ART DECO GENUINE AMETHYST .20 CT. DIAMOND Ring,299.95,2022-12-26,4,74.99,WorthPoint
osmium,Vintage Palladium ANTIQUE ART DECO PEARL .70 CARAT DIAMOND CHANDELIER Earrings,355.99,2022-12-26,,,WorthPoint
osmium,Vintage Palladium ANTIQUE ART DECO GENUINE SAPPHIRE DIAMOND Earrings M14,247.5,2022-12-26,,,WorthPoint
osmium,Vintage Palladium LARGE ART DECO ANTIQUE COLOMBIAN EMERALD DIAMOND Ring M14,240.5,2022-12-26,,,WorthPoint
osmium,Osmium Metal Pendant. Non-toxic. 10g Bead Wrapped In Thick 14k Gold Filled Wire,500,2022-12-22,10,50,WorthPoint
osmium,Vintage Palladium ART DECO ANTIQUE 1920's NATURAL .51 CARAT RUBY DIAMOND Ring,269.95,2022-12-19,,,WorthPoint
osmium,Vintage Palladium ANTIQUE 1950's 1960's ETHIOPIAN OPAL DIAMOND BROOCH Pin M15,379.95,2022-12-19,,,WorthPoint
osmium,Vintage Palladium ANTIQUE ART DECO 11 MM BLACK PEARL & DIAMOND DROP Earrings,266,2022-12-19,,,WorthPoint
osmium,Vintage Palladium ANTIQUE ART DECO 2.50 CT. FINE SAPPHIRE & DIAMOND Earrings,570,2022-12-19,0.5,1140,WorthPoint
osmium,Vintage Palladium ANTIQUE 1920's ART DECO GENUINE MARQUISE RUBY DIAMOND Ring,253,2022-12-19,,,WorthPoint
osmium,Vintage Palladium ANTIQUE ART DECO GENUINE CORAL DIAMOND COCKTAIL Ring,400,2022-12-19,,,WorthPoint
osmium,Vintage Palladium ANTIQUE 1920's ART DECO 3.00 CT. GENUINE RUBY DIAMOND Earrings,799.95,2022-12-19,0.6,1333.25,WorthPoint
osmium,Vintage Platinum 1930's ART DECO .40 CT. BAGUETTE DIAMOND WEDDING BAND Ring,404.95,2022-12-19,8,50.62,WorthPoint
osmium,Vintage Palladium ART DECO ANTIQUE CUSHION CUT CEYLON SAPPHIRE DIAMOND Ring,644.95,2022-12-19,,,WorthPoint
osmium,Vintage Palladium ANTIQUE ART DECO RARE NATURAL PEARL & DIAMOND DROP Earrings,299.95,2022-12-19,,,WorthPoint
osmium,Vintage Palladium ANTIQUE ART DECO BICOLOR SAPPHIRE DIAMOND Earrings,439.95,2022-12-19,,,WorthPoint
osmium,Vintage Palladium ANTIQUE ART DECO MARQUISE SAPPHIRE & DIAMOND Earrings M14,163.61,2022-12-19,,,WorthPoint
osmium,Vintage Platinum ANTIQUE 2.03 CT. RBC ROUND BRILLIANT CUT DIAMOND HALO Earrings,1999.95,2022-12-19,0.406,4925.99,WorthPoint
osmium,Vintage Palladium ANTIQUE ART DECO .30 CARAT DIAMOND HALO Ring,86,2022-12-19,,,WorthPoint
osmium,Vintage Palladium ANTIQUE ART DECO 1.00 CARAT DIAMOND ENGAGEMENT COCKTAIL Ring,229.3,2022-12-19,,,WorthPoint
osmium,Vintage Palladium ANTIQUE ART DECO RETRO COLOMBIAN & EMERALD Ring M14,149.95,2022-12-19,,,WorthPoint
osmium,Vintage Palladium ANTIQUE ART DECO COLOMBIAN EMERALD .50 CT. DIAMOND Earrings,265,2022-12-19,10,26.5,WorthPoint
osmium,Vintage Palladium ANTIQUE ART DECO GENUINE SAPPHIRE & DIAMOND HALO Ring M14,103.5,2022-12-19,,,WorthPoint
osmium,Vintage Palladium ART DECO 1920 1930 ANTIQUE .40 CT. DIAMOND WEDDING BAND Ring,153.5,2022-12-19,8,19.19,WorthPoint
osmium,Vintage Palladium ART DECO MABE PEARL GENUINE RUBY DIAMOND FILIGREE Earrings,299.95,2022-12-19,,,WorthPoint
osmium,Vintage Palladium ANTIQUE 1920's 1930's ART DECO COLOMBIAN EMERALD FILIGREE Ring,73,2022-12-19,,,WorthPoint
osmium,Vintage Palladium ANTIQUE 1920's 1930's ART DECO SAPPHIRE DIAMOND Earrings #N,229.95,2022-12-19,,,WorthPoint
osmium,Vintage Palladium ART DECO ANTIQUE MABE PEARL GENUINE RUBY DIAMOND FILIGREE Ring,199.95,2022-12-19,,,WorthPoint
osmium,Vintage Palladium ANTIQUE 1920 1930 ART DECO COLOMBIAN EMERALD DIAMOND Ring #N,104.5,2022-12-19,,,WorthPoint
osmium,Vintage Palladium ANTIQUE 1920's 1930's ART DECO BLACK PEARL DIAMOND Ring,78,2022-12-19,,,WorthPoint
osmium,ESTERBROOK J Fountain Pen + 9668 FIRM MEDIUM NIB [c.1950] [FULLY RESTORED],78,2022-12-19,,,WorthPoint
osmium,ESTERBROOK LJ Fountain Pen + 9556 NIB [c.1948] [FULLY RESTORED],42,2022-12-19,,,WorthPoint
osmium,ESTERBROOK LJ Fountain Pen + RARE 9128 XF FLEXIBLE NIB [1950] [FULLY RESTORED],111,2022-12-19,,,WorthPoint
osmium,Vintage 14k Gold CAMEL CIGARETTE PACK MOVABLE ENAMEL Charm SUPER RARE,100,2022-12-12,,,WorthPoint
osmium,Vintage Palladium ANTIQUE 1920's ART DECO .25 CT. DIAMOND FILIGREE CROSS Pendant,99.95,2022-12-12,5,19.99,WorthPoint
osmium,Vintage 14k Rose Gold Palladium TWO TONE ART DECO ANTIQUE RUBY & DIAMOND Ring,299.95,2022-12-12,,,WorthPoint
osmium,Vintage Palladium GENTS RETRO ART DECO ANTIQUE SAPPHIRE & DIAMOND MEN'S Ring M14,359.95,2022-12-12,,,WorthPoint
osmium,Vintage Palladium LARGE ART DECO ANTIQUE COLOMBIAN EMERALD & DIAMOND Ring M14,343,2022-12-12,,,WorthPoint
osmium,Vintage 14k Gold ITALIAN ART DECO ANTIQUE CORAL DIAMOND CHANDELIER Earrings M14,459.95,2022-12-12,,,WorthPoint
osmium,Vintage Palladium GENTS ART DECO 1940s 1950s COLOMBIAN EMERALD DIAMOND Ring M15,340,2022-12-12,,,WorthPoint
osmium,Vintage Palladium ANTIQUE ART DECO 1.70 CT. COLOMBIAN EMERALD DIAMOND Ring M14,775,2022-12-12,0.34,2279.41,WorthPoint
osmium,Vintage Palladium ART DECO ANTIQUE GENUINE PINK CORAL DIAMOND FILIGREE Ring,239.95,2022-12-12,,,WorthPoint
osmium,Vintage Palladium ANTIQUE 1920's ART DECO GENUINE RUBY DIAMOND COCKTAIL Ring,306.88,2022-12-12,,,WorthPoint
osmium,Vintage Palladium ART DECO 1920's ANTIQUE .35 CT. COLOMBIAN EMERALD DIAMOND Ring,290,2022-12-12,7,41.43,WorthPoint
osmium,Vintage Palladium ANTIQUE 1920's ART DECO GENUINE SAPPHIRE DIAMOND COCKTAIL Ring,270,2022-12-12,,,WorthPoint
osmium,Vintage Palladium ART DECO PEAR SHAPE SAPPHIRE DIAMOND FILIGREE BUCKLE Ring,504.99,2022-12-12,,,WorthPoint
osmium,Vintage Palladium ANTIQUE ART DECO 16 MM MABE PEARL DIAMOND FILIGREE Earrings,259.95,2022-12-12,,,WorthPoint
osmium,Vintage 14k Gold PINBALL MACHINE ARCADE MOVABLE ENAMEL Charm SUPER RARE,299.95,2022-12-12,,,WorthPoint
osmium,Vintage Palladium ANTIQUE 1920's ART DECO CEYLON SAPPHIRE DIAMOND FILIGREE Ring,237.5,2022-12-12,,,WorthPoint
osmium,Vintage Palladium ANTIQUE 1920's ART DECO GENUINE GARNET DIAMOND COCKTAIL Ring,299.95,2022-12-12,,,WorthPoint
osmium,Vintage Palladium ANTIQUE ART DECO GENUINE CORAL DIAMOND CHANDELIER Earrings,525,2022-12-12,,,WorthPoint
osmium,Vintage Palladium ART DECO 1920 1930 ANTIQUE DIAMOND FILIGREE WEDDING BAND Ring,182.5,2022-12-12,,,WorthPoint
osmium,Vintage Silver RARE TAXCO ANTONIO PINEDA MODERNIST MEXICO Ring,199.95,2022-12-12,,,WorthPoint
osmium,Vintage Palladium ART DECO ANTIQUE GENUINE CORAL DIAMOND CHANDELIER Earrings,407,2022-12-12,,,WorthPoint
osmium,Vintage Palladium ART DECO ANTIQUE .60 CT. COLOMBIAN EMERALD DIAMOND Ring,585,2022-12-12,12,48.75,WorthPoint
osmium,Vintage Palladium ANTIQUE ART DECO GENUINE RUBY DIAMOND CHANDELIER Earrings,472,2022-12-12,,,WorthPoint
osmium,ESTERBROOK LJ Fountain Pen + 9550 NIB [c.1948] [FULLY RESTORED],35,2022-12-12,,,WorthPoint
osmium,Vintage Palladium ART DECO ANTIQUE .40 CARAT GENUINE RUBY WEDDING BAND Ring,89.95,2022-12-08,,,WorthPoint
osmium,2 NOS Old Stock Jensen Osmium Tip A-70 Stylus Needle For Astatic Cartridge 78rpm,12,2022-12-07,,,WorthPoint
osmium,2 NOS Old Stock Jensen Osmium Tip A-83 Stylus Needle For Astatic Cartridge 78rpm,12,2022-12-06,,,WorthPoint
osmium,Vintage Palladium ART DECO 1920's ANTIQUE 10 MM SILVER GRAY PEARL DIAMOND Ring,199.95,2022-12-05,,,WorthPoint
osmium,Vintage Palladium ART DECO ANTIQUE 1.00 CARAT GENUINE RUBY DIAMOND COCKTAIL Ring,149.95,2022-12-05,,,WorthPoint
osmium,Vintage Palladium ART DECO COLOMBIAN EMERALD DIAMOND Earrings EXCLUSIVE FOR PAUL,369.95,2022-12-05,,,WorthPoint
osmium,Vintage Palladium ART DECO ANTIQUE RUBY WEDDING BAND Ring EXCLUSIVE FOR VALIENCE,125,2022-12-05,,,WorthPoint
osmium,Vintage Palladium ART DECO 1920's ANTIQUE .70 CT. COLOMBIAN EMERALD DIAMOND Ring,399.95,2022-12-05,14,28.57,WorthPoint
osmium,Vintage Palladium LARGE ART DECO MABE PEARL .50 CT DIAMOND FILIGREE Earrings M14,349.95,2022-12-05,10,34.99,WorthPoint
osmium,Vintage Palladium ART DECO ANTIQUE GENUINE CORAL DIAMOND FILIGREE Earrings,260,2022-12-05,,,WorthPoint
osmium,Vintage Platinum & 18k Gold ART DECO ANTIQUE PEARL & DIAMOND FILIGREE Ring M14,765,2022-12-05,,,WorthPoint
osmium,Vintage Palladium ART DECO ANTIQUE GENUINE RUBY DIAMOND RING & EARRINGS Set,359.95,2022-12-05,,,WorthPoint
osmium,Vintage Palladium LARGE ART DECO MABE PEARL .25 CT DIAMOND FILIGREE Ring M14,249.95,2022-12-05,5,49.99,WorthPoint
osmium,Vintage Palladium ANTIQUE ART DECO 1930's SAPPHIRE & DIAMOND COCKTAIL Ring,143.5,2022-12-05,,,WorthPoint
osmium,Vintage Palladium ART DECO ANTIQUE .40 CARAT DIAMOND FILIGREE Earrings,203.5,2022-12-05,,,WorthPoint
osmium,Vintage Palladium ART DECO ANTIQUE CORAL ROSE CUT DIAMOND FILIGREE ESTATE Ring,149.95,2022-12-05,,,WorthPoint
osmium,Vintage Palladium ART DECO 1920s SAPPHIRE DIAMOND FILIGREE WEDDING BAND Ring M15,199.95,2022-12-05,,,WorthPoint
osmium,Vintage Palladium ANTIQUE ART DECO 1920's PEARL ROSE DIAMOND CHANDELIER Earrings,215.5,2022-12-05,,,WorthPoint
osmium,Vintage Palladium ART DECO ANTIQUE COLOMBIAN EMERALD WEDDING BAND Ring,103.51,2022-12-05,,,WorthPoint
osmium,Vintage Palladium ANTIQUE ART DECO RETRO .80 CT. DIAMOND CHANDELIER Earrings E15,299.95,2022-12-05,16,18.75,WorthPoint
osmium,Vintage Palladium ART DECO COLOMBIAN EMERALD SAPPHIRE RUBY DIAMOND Ring M15,299.95,2022-12-05,,,WorthPoint
osmium,Vintage Palladium ART DECO ANTIQUE RETRO GENUINE RUBY DIAMOND Ring,229.95,2022-12-05,,,WorthPoint
osmium,Vintage Silver ART DECO 1920s ANTIQUE FILIGREE MARQUISE GARNET MARCASITE Ring,39.95,2022-12-05,,,WorthPoint
osmium,Vintage Palladium ANTIQUE 1920's ART DECO COLOMBIAN EMERALD DIAMOND Ring #E15,199.95,2022-12-05,,,WorthPoint
osmium,Vintage Palladium ART DECO ANTIQUE GENUINE SAPPHIRE .50 CT DIAMOND HALO Ring M14,271.22,2022-12-05,10,27.12,WorthPoint
osmium,Vintage Palladium ART DECO ANTIQUE NATURAL GENUINE BLUE ZIRCON Ring FOR BRIAN,168,2022-12-04,,,WorthPoint
osmium,Parasite Inc. Cyan Night Dreams (CD) Album Digipak,25.74,2022-12-03,,,WorthPoint
osmium,Vintage DIAMOND Ring For Brian,155,2022-12-03,,,WorthPoint
osmium,"NO RESERVE Ruthenium (Ru) Ingot, One Troy Ounce .9996 Bullion Platinum Group",591.69,2022-11-30,,,WorthPoint
osmium,Vintage 14k Gold TWO TONE PADLOCK CHASTITY BELT & LOCK 3-D Charm SUPER RARE,100,2022-11-28,,,WorthPoint
osmium,Vintage Palladium ART DECO ANTIQUE GENUINE TURQUOISE 1.00 CARAT DIAMOND Ring,699.95,2022-11-28,,,WorthPoint
osmium,Vintage 14k Gold MOVABLE CLIMBING MONKEY IN CAGE DOOR OPENS Charm SUPER RARE,139.95,2022-11-28,,,WorthPoint
osmium,Vintage Palladium ART DECO ANTIQUE 1.75 CARAT SAPPHIRE DIAMOND COCKTAIL Ring,299.95,2022-11-28,,,WorthPoint
osmium,Vintage Palladium ART DECO 1.57 CT COLOMBIAN EMERALD DIAMOND CHANDELIER Earrings,899.95,2022-11-28,0.314,2866.08,WorthPoint
osmium,Vintage Palladium ART DECO 1920's COLOMBIAN EMERALD DIAMOND FILIGREE BUCKLE Ring,861,2022-11-28,,,WorthPoint
osmium,Vintage Palladium ART DECO ANTIQUE 1920's GENUINE .51 CARAT RUBY DIAMOND Ring,269.95,2022-11-28,,,WorthPoint
osmium,Vintage Palladium ART DECO ANTIQUE SAPPHIRE 1.00 CARAT DIAMOND FILIGREE Ring,260,2022-11-28,,,WorthPoint
osmium,Vintage Palladium ART DECO ANTIQUE GENUINE TURQUOISE BAGUETTE DIAMOND Ring,299.95,2022-11-28,,,WorthPoint
osmium,Vintage Palladium ART DECO ANTIQUE 2.00 CT. SAPPHIRE DIAMOND CHANDELIER Earrings,338,2022-11-28,0.4,845,WorthPoint
osmium,ESTERBROOK J Fountain Pen + RARE 9128 XF FLEXIBLE NIB [1950] [FULLY RESTORED],69,2022-11-28,,,WorthPoint
osmium,"Periodic Table Of Elements, Element Collection Pack, Interactive Chemistry Set",1999.95,2022-11-25,,,WorthPoint
osmium,Ruthenium Bullion 1 Troy Ounce,534,2022-11-24,,,WorthPoint
osmium,Rhenium Bullion 1 Troy Ounce,145,2022-11-24,,,WorthPoint
osmium,2018 1 Oz Silver $1 Niue SPACE MINING Chondrite Meteorite Antique Finish Coin.,199.95,2022-11-23,28.35,7.05,WorthPoint
osmium,2018 $1 Niue SPACE MINING Chondrite Meteorite Antique Finish 1 Oz Silver Coin.,179.95,2022-11-23,28.35,6.35,WorthPoint
osmium,Platinum 2 Oz Mother Earth Minerals,15.9,2022-11-21,56.7,0.28,WorthPoint
osmium,Vintage Palladium ART DECO ANTIQUE 1.50 CARAT RUBY DIAMOND CHANDELIER Earrings,299.95,2022-11-21,,,WorthPoint
osmium,Vintage Palladium ART DECO ANTIQUE BICOLOR SAPPHIRE DIAMOND RING EARRINGS Set #E,455.99,2022-11-21,,,WorthPoint
osmium,Vintage Palladium ART DECO OLD MINE EUROPEAN DIAMOND WEDDING ENGAGEMENT Ring #E,224.5,2022-11-21,,,WorthPoint
osmium,Vintage Palladium ART DECO ANTIQUE GENUINE .35 CARAT RUBY DIAMOND Ring #1,202.5,2022-11-21,,,WorthPoint
osmium,Vintage Palladium ART DECO ANTIQUE 1.75 CT. COLOMBIAN EMERALD DIAMOND Ring,403,2022-11-21,0.35,1151.43,WorthPoint
osmium,Vintage Silver 1920's MARCASITE FILIGREE RETRACTABLE OPERA GLASSES Pendant Charm,39.95,2022-11-21,,,WorthPoint
osmium,Glass Shoggoth Monster Sculpture On Resin Base: Heady Glass Bubble Cap! Crazy!,29,2022-11-17,,,WorthPoint
osmium,Vintage Palladium ART DECO 1.40 CARAT MARQUISE RUBY DIAMOND WEDDING BAND Ring,117.5,2022-11-15,,,WorthPoint
osmium,GM 1/4 Grain Rhodium Iridium Osmium Palladium Gold + Titanium Backed US08,99,2022-11-14,4,24.75,WorthPoint
osmium,Vintage Palladium ART DECO ANTIQUE RETRO 1.25 CT. DIAMOND CHANDELIER Earrings,662,2022-11-14,0.25,2648,WorthPoint
osmium,Vintage Palladium ART DECO RETRO ANTIQUE LINDE RUBY STAR SAPPHIRE DIAMOND Ring,199.95,2022-11-14,,,WorthPoint
osmium,Vintage Palladium ART DECO ANTIQUE LAB-CREATED LINDE STAR SAPPHIRE DIAMOND Ring,112.5,2022-11-14,,,WorthPoint
osmium,Vintage Palladium ART DECO 1920's ANTIQUE .40 CT. DIAMOND FILIGREE NAVETTE Ring,352.99,2022-11-14,8,44.12,WorthPoint
osmium,Vintage 18k Gold & Platinum ART DECO ANTIQUE 2.92 CT. RUBY DIAMOND FILIGREE Ring,799.95,2022-11-14,0.584,1369.78,WorthPoint
osmium,Vintage Palladium ART DECO ANTIQUE GENUINE 1.50 CARAT RUBY DIAMOND Earrings #E,229.95,2022-11-14,,,WorthPoint
osmium,Vintage 14k Gold THE PLAZA HOTEL NEW YORK CITY LANDMARK ENAMEL Charm RARE,1325,2022-11-14,,,WorthPoint
osmium,Vintage 14k Gold BOX OF ROSES CARD BIRTHDAY ANNIVERSARY ENAMEL Charm RARE,305,2022-11-14,,,WorthPoint
osmium,Vintage Palladium ART DECO ANTIQUE GENUINE 1.00 CT. SAPPHIRE DIAMOND Earrings #E,249.95,2022-11-14,0.2,1249.75,WorthPoint
osmium,Vintage Palladium ART DECO GENUINE 1.00 CT. MARQUISE SAPPHIRE DIAMOND Ring,152.5,2022-11-14,0.2,762.5,WorthPoint
osmium,Vintage Palladium ART DECO 1.00 CT COLOMBIAN EMERALD DIAMOND CHANDELIER Earrings,399.95,2022-11-14,0.2,1999.75,WorthPoint
osmium,New Platinum TIFFANY & CO. WEDDING BAND 6 MM Ring NEW IN BOX,849.95,2022-11-14,,,WorthPoint
osmium,Vintage Palladium ART DECO ANTIQUE GENUINE .50 CT. SAPPHIRE DIAMOND Earrings #E,273,2022-11-14,10,27.3,WorthPoint
osmium,Vintage Palladium ART DECO ANTIQUE 14 MM MABE PEARL DIAMOND FILIGREE BROOCH Pin,215.99,2022-11-14,,,WorthPoint
osmium,Vintage Palladium ART DECO ANTIQUE 2.00 CT SAPPHIRE DIAMOND CHANDELIER Earrings,546,2022-11-14,0.4,1365,WorthPoint
osmium,Vintage Palladium ART DECO ANTIQUE GENUINE .60 CT SAPPHIRE DIAMOND FILIGREE Ring,157.5,2022-11-14,12,13.13,WorthPoint
osmium,Vintage Palladium ART DECO ANTIQUE .58 CT. COLOMBIAN EMERALD DIAMOND Ring,229.95,2022-11-14,11.6,19.82,WorthPoint
osmium,Vintage Palladium ART DECO ANTIQUE GENUINE .75 CT. SAPPHIRE DIAMOND Ring,162.25,2022-11-14,15,10.82,WorthPoint
osmium,Vintage Sterling Silver ART DECO 1920's TRIANGLE POCKET WATCH FOB LOCKET Charm,49.95,2022-11-14,,,WorthPoint
osmium,Vintage Palladium 1950's 1960's LAB-CREATED LINDE STAR SAPPHIRE DIAMOND Earrings,119.5,2022-11-14,,,WorthPoint
osmium,VINTAGE ESTERBROOK DOLLAR PEN Fountain Pen + 1551 NIB [c.1935] [FULLY RESTORED],76,2022-11-14,,,WorthPoint
osmium,ESTERBROOK J Fountain Pen + 9556 NIB + BOX/PAPERS [c.1948] [FULLY RESTORED],62,2022-11-13,,,WorthPoint
osmium,Osmium Metal 1 Gram Bead 99.95% Pure USA SHIPPING,41.99,2022-11-11,1,41.99,WorthPoint
osmium,Vintage Palladium ART DECO ANTIQUE GENUINE 1.25 CT. RUBY DIAMOND COCKTAIL Ring,330,2022-11-07,0.25,1320,WorthPoint
osmium,Vintage Palladium ART DECO 1920's ANTIQUE GENUINE RUBY DIAMOND ENGAGEMENT Ring,359.95,2022-11-07,,,WorthPoint
osmium,Vintage ANTIQUE RETRO ART DECO 1940's 1950's CORAL FLOWER Earrings,49.95,2022-11-07,,,WorthPoint
osmium,Vintage Palladium ANTIQUE 1920's ART DECO GENUINE .70 CT. SAPPHIRE DIAMOND Ring,188.27,2022-11-07,14,13.45,WorthPoint
osmium,Vintage Palladium ART DECO 2.00 CT COLOMBIAN EMERALD DIAMOND CHANDELIER Earrings,799.95,2022-11-07,0.4,1999.88,WorthPoint
osmium,Vintage Palladium ANTIQUE 1920's ART DECO PEARL DIAMOND CHANDELIER Earrings,305,2022-11-07,,,WorthPoint
osmium,Vintage Palladium ART DECO LARGE 9.00 CT. AQUAMARINE DIAMOND CHANDELIER Earrings,799.95,2022-11-07,1.8,444.42,WorthPoint
osmium,Vintage Palladium ART DECO ANTIQUE GENUINE .40 CT RUBY DIAMOND FILIGREE Earrings,199.95,2022-11-07,8,24.99,WorthPoint
osmium,Vintage Palladium ANTIQUE ART DECO LARGE 9 MM GENUINE AQUAMARINE DIAMOND Ring,237.5,2022-11-07,,,WorthPoint
osmium,Vintage Palladium ART DECO CABOCHON GENUINE STAR SAPPHIRE DIAMOND COCKTAIL Ring,162.5,2022-11-07,,,WorthPoint
osmium,Vintage 14k Gold Palladium ART DECO COLOMBIAN EMERALD DIAMOND TWO TONE Earrings,305,2022-11-07,,,WorthPoint
osmium,Vintage Palladium ART DECO ANTIQUE GENUINE 2.00 CT. RUBY DIAMOND COCKTAIL Ring,365.99,2022-11-07,0.4,914.98,WorthPoint
osmium,Vintage Palladium ART DECO 1920s ANTIQUE .90 CT DIAMOND COCKTAIL ENGAGEMENT Ring,405,2022-11-07,18,22.5,WorthPoint
osmium,Vintage Palladium ART DECO ANTIQUE .25 CARAT DIAMOND WEDDING BAND Ring,203.63,2022-11-07,,,WorthPoint
osmium,Vintage Palladium ANTIQUE ART DECO PEARL DIAMOND FILIGREE CHANDELIER Earrings,600,2022-11-07,,,WorthPoint
osmium,Vintage Palladium ANTIQUE ART DECO 8 MM PEARL DIAMOND FILIGREE COCKTAIL Ring,285.99,2022-11-07,,,WorthPoint
osmium,Vintage Palladium ART DECO ANTIQUE 1.80 CARAT COLOMBIAN EMERALD DIAMOND Ring,475,2022-11-07,,,WorthPoint
osmium,Vintage Palladium & 14k Gold ANTIQUE ART DECO COLOMBIAN EMERALD DIAMOND Earrings,565,2022-11-07,,,WorthPoint
osmium,Vintage Palladium ANTIQUE ART DECO BLUE ZIRCON COCKTAIL ENGAGEMENT Ring,89.95,2022-11-07,,,WorthPoint
osmium,VINTAGE ESTERBROOK LJ Fountain Pen + 9555 NIB [c.1948] [FULLY RESTORED],66,2022-11-06,,,WorthPoint
osmium,Vintage Palladium ART DECO ANTIQUE 1920's .50 CT. DIAMOND CHANDELIER Earrings,230.5,2022-10-31,10,23.05,WorthPoint
osmium,Vintage Palladium ART DECO 1920's ANTIQUE MABE PEARL DIAMOND CHANDELIER Earrings,807,2022-10-31,,,WorthPoint
osmium,Vintage Palladium ANTIQUE ART DECO GENUINE RUBY DIAMOND COCKTAIL Ring,162.5,2022-10-31,,,WorthPoint
osmium,Vintage Palladium ART DECO ANTIQUE 1920's GENUINE 1.60 CARAT RUBY DIAMOND Ring,299.95,2022-10-31,,,WorthPoint
osmium,Vintage Palladium ART DECO 1920's ANTIQUE .60 CT. COLOMBIAN EMERALD DIAMOND Ring,137.5,2022-10-31,12,11.46,WorthPoint
osmium,Vintage Palladium ART DECO LAB-CREATED LINDE STAR SAPPHIRE DIAMOND Earrings,299.95,2022-10-31,,,WorthPoint
osmium,Vintage Palladium ART DECO RETRO MARQUISE RUBY DIAMOND COCKTAIL Ring,199.95,2022-10-31,,,WorthPoint
osmium,Vintage Palladium ART DECO 1920's ANTIQUE 1.47 CT COLOMBIAN EMERALD DIAMOND Ring,299.95,2022-10-31,0.294,1020.24,WorthPoint
osmium,Vintage Palladium ART DECO GENUINE CEYLON SAPPHIRE DIAMOND COCKTAIL Ring,330,2022-10-31,,,WorthPoint
osmium,Vintage Palladium ART DECO 1920's ANTIQUE RETRO .80 CT. DIAMOND COCKTAIL Ring,399.95,2022-10-31,16,25,WorthPoint
osmium,Vintage Palladium ART DECO ANTIQUE 1.20 CARAT COLOMBIAN EMERALD DIAMOND Earrings,425,2022-10-31,,,WorthPoint
osmium,Vintage Palladium ART DECO RETRO ANTIQUE DIAMOND WEDDING BAND Ring,116.5,2022-10-31,,,WorthPoint
osmium,Vintage Palladium LARGE ANTIQUE ART DECO GENUINE SAPPHIRE DIAMOND COCKTAIL Ring,299.95,2022-10-31,,,WorthPoint
osmium,Vintage Rose Gold RETRO ART DECO 1940's 1950's ONYX DIAMOND LOCKET Charm,49.95,2022-10-29,,,WorthPoint
osmium,Vintage ANTIQUE RETRO ART DECO 1940's GENUINE CORAL CLUSTER Earrings,49.95,2022-10-29,,,WorthPoint
osmium,"Osmium (OS) Arc Melted Beads + Piece, 99.95% Pure - 3.6 Grams Total Weight",94.95,2022-10-29,3.6,26.38,WorthPoint
osmium,Osmium Metal Earstuds. Nontoxic. 14k Gold-filled Posts. Display Box Included.,180,2022-10-26,,,WorthPoint
osmium,RCA Tonearm ASTATIC 16 Pick Up Compatible Victor Special Model M Tone Arm,60,2022-10-26,,,WorthPoint
osmium,Vintage Palladium ART DECO ANTIQUE NO HEAT .70 CT. GENUINE RUBY DIAMOND Ring,275,2022-10-24,14,19.64,WorthPoint
osmium,Vintage Palladium & Gold ANTIQUE ART DECO SAPPHIRE DIAMOND CHANDELIER Earrings,399.95,2022-10-24,,,WorthPoint
osmium,Vintage Palladium ART DECO 1930's ANTIQUE PEARL & DIAMOND FILIGREE COCKTAIL Ring,315,2022-10-24,,,WorthPoint
osmium,Vintage Palladium ANTIQUE ART DECO 1920's .75 CT DIAMOND COCKTAIL Ring,430,2022-10-24,15,28.67,WorthPoint
osmium,Vintage Palladium ART DECO 1920's ANTIQUE GENUINE SAPPHIRE DIAMOND Earrings,299.95,2022-10-24,,,WorthPoint
osmium,Vintage Palladium ANTIQUE ART DECO 1920s COLOMBIAN EMERALD DIAMOND FILIGREE Ring,1264.47,2022-10-24,,,WorthPoint
osmium,Vintage Palladium ANTIQUE ART DECO RUBY DIAMOND FILIGREE WEDDING BAND Ring,199.95,2022-10-24,,,WorthPoint
osmium,Vintage Palladium ANTIQUE ART DECO 1920's LARGE CORAL DIAMOND FILIGREE Ring,798,2022-10-24,,,WorthPoint
osmium,Vintage Palladium ANTIQUE ART DECO RUBY & DIAMOND FILIGREE COCKTAIL Ring,255,2022-10-24,,,WorthPoint
osmium,Vintage Palladium ANTIQUE ART DECO 1920's MABE PEARL DIAMOND CHANDELIER Earrings,305,2022-10-24,,,WorthPoint
osmium,Vintage Palladium ANTIQUE ART DECO 1920's JADE DIAMOND CHANDELIER Earrings,505,2022-10-24,,,WorthPoint
osmium,Vintage Palladium ART DECO ANTIQUE 1920's 1930's GENUINE SAPPHIRE DIAMOND Ring,305,2022-10-24,,,WorthPoint
osmium,Vintage Palladium ANTIQUE ART DECO RUBY .30 CT. FILIGREE WEDDING BAND Ring,99.95,2022-10-24,6,16.66,WorthPoint
osmium,Vintage 14k Gold ART DECO ANTIQUE NATURAL GENUINE BLUE ZIRCON ENGAGEMENT Ring,249.95,2022-10-17,,,WorthPoint
osmium,Vintage Palladium LARGE ANTIQUE ART DECO SAPPHIRE DIAMOND COCKTAIL HALO Ring,830,2022-10-17,,,WorthPoint
osmium,Vintage Palladium ANTIQUE ART DECO 1920's 1930's EMERALD & DIAMOND FILIGREE Ring,305,2022-10-17,,,WorthPoint
osmium,Vintage Palladium & Rose Gold VICTORIAN GEORGIAN PEARL & DIAMOND COCKTAIL Ring,169.95,2022-10-17,,,WorthPoint
osmium,Vintage Palladium ART DECO ANTIQUE AQUAMARINE DIAMOND CHANDELIER Earrings,376,2022-10-17,,,WorthPoint
osmium,Vintage Palladium ART DECO RETRO 1940's ANTIQUE TURQUOISE DIAMOND COCKTAIL Ring,263,2022-10-17,,,WorthPoint
osmium,Vintage QUEEN VICTORIA 1897 & KING GEORGE V 1911 Commemorative Spoons,10.5,2022-10-12,,,WorthPoint
osmium,Osmium Metal 1.0541 Gram Crystal 99.95% Rarest Earth Metal,55,2022-10-12,1.054,52.18,WorthPoint
osmium,Miller Replacement Needles A23 M Astatic Q Needle - 78 Rpm Osmium Tip 78 RPM NOS,5.99,2022-10-11,,,WorthPoint
osmium,Vintage 14k Gold CONEY ISLAND FERRIS WHEEL MOVABLE ENAMEL Charm RARE VERSION,103.5,2022-10-10,,,WorthPoint
osmium,Vintage Palladium ANTIQUE 1920's 1930's ART DECO CORAL DIAMOND COCKTAIL Ring,359.95,2022-10-10,,,WorthPoint
osmium,Vintage Palladium & 14k Gold ANTIQUE ART DECO EMERALD CUT AQUAMARINE Earrings,249.95,2022-10-10,,,WorthPoint
osmium,Vintage Palladium ART DECO ANTIQUE GENUINE GARNET DIAMOND Ring,130.5,2022-10-10,,,WorthPoint
osmium,Vintage Palladium & 14k Gold ART DECO OLD EUROPEAN CUT DIAMOND FILIGREE Earrings,899.95,2022-10-10,,,WorthPoint
osmium,Vintage Palladium 1.70 CT. E SI2 5.97 MM ROUND DIAMOND & SAPPHIRE Ring GIA,1495.95,2022-10-04,0.34,4399.85,WorthPoint
osmium,Vintage Palladium ART DECO ANTIQUE 1950's 1960's STAR SAPPHIRE DIAMOND Ring RARE,318,2022-10-03,,,WorthPoint
osmium,Vintage Palladium & 14k Gold ANTIQUE ART DECO RUBY DIAMOND COCKTAIL Ring,299.95,2022-10-03,,,WorthPoint
osmium,Vintage .800 Silver ANTIQUE ETRUSCAN ITALIAN ITALY FOB CHARM Bracelet,59.95,2022-10-03,,,WorthPoint
osmium,Vintage ANTIQUE RETRO ART DECO 1940s 1950s JADE SAPPHIRE FINE COSTUME Bracelet,49.95,2022-10-03,,,WorthPoint
osmium,4x Gramophone Phonograph Needles Recoton Osmium Long Play Semi Permanent NOS,20,2022-09-25,,,WorthPoint
osmium,"Parliament "" Osmium "" Cd 2002",11.16,2022-09-25,,,WorthPoint
osmium,"Precious Metals Element Set, 8 Samples - Periodic Table",150,2022-09-18,,,WorthPoint
osmium,Osmium Metal Element Sample .1g Pellet Pieces 99.95% Pure - Periodic Table,8,2022-09-18,1,8,WorthPoint
osmium,Osmium Metal Element Sample - Beautiful 10g Pellet 99.95% Pure - Periodic Table,440,2022-09-18,10,44,WorthPoint
osmium,Osmium Metal Element Sample - Beautiful 51g Pellet 99.9% Pure - Periodic Table,1500,2022-09-18,51,29.41,WorthPoint
osmium,Phonograph Stylus Osmium Astatic K 62 66 68 94 405 406 .003 Groove Recoton 407,6,2022-09-07,3,2,WorthPoint
osmium,Ruthenium Metal Ingot One Troy Ounce .9996 Bullion Platinum Group Metal RWMM,745,2022-09-05,,,WorthPoint
osmium,Osmium Metal Element Sample - Beautiful 1g Pellet 99.95% Pure - Periodic Table,45,2022-09-05,1,45,WorthPoint
osmium,2x NOS Old Stock Osmium Tip 5732A Phonograph Stylus Needle Astatic G 78rpm,12,2022-09-02,,,WorthPoint
osmium,Vintage Cole's Coin Machine Phonograph / Jukebox 78 3 Mil Needle,11.99,2022-09-01,,,WorthPoint
osmium,2x Gramophone Phonograph Needles Recoton Osmium Long Play Semi Permanent NOS,30,2022-09-01,,,WorthPoint
osmium,NOS Old Stock Osmium Tip Cat# 11 Gramophone Phonograph Stylus Needle 78rpm,7,2022-09-01,11,0.64,WorthPoint
osmium,Parliament 'Osmium' 2002 EMI Special Markets 37003 EX/EX George Clinton RARE,25.49,2022-08-30,,,WorthPoint
osmium,RARE 29 Grams Osmium Crystal Metal Primitive Meteorite,5.5,2022-08-23,29,0.19,WorthPoint
osmium,Volvo V90 2016 Osmium Grey Diecast Modelcar 870066 Norev 1:43,45,2022-08-21,,,WorthPoint
osmium,New Sealed PARLIAMENT Osmium 2002 CD George Clinton,20,2022-08-18,,,WorthPoint
osmium,Osmium Metal Element 1g Pellet 99.95% Pure Periodic Table,36.99,2022-08-18,1,36.99,WorthPoint
osmium,J L Howe / Bibliography Of The Metals Of The Platinum Group Platinum Palladium,67.22,2022-08-17,,,WorthPoint
osmium,RARE 43 Lbs Osmium Crystal Metal Primitive Meteorite,486,2022-08-17,,,WorthPoint
osmium,Osmium Metal 500mg 99.95% Rarest Densest Platinum Element Rarer Than Gold Silver,27.97,2022-08-07,,,WorthPoint
osmium,Osmium Metal 11mm Crystal Element 99% Pure,26,2022-08-07,,,WorthPoint
osmium,"Large Arc Melted Rhenium Metal Ingot. 477g, 99.99%",2000,2022-07-21,477,4.19,WorthPoint
osmium,NEW Vtg. Megatone Osmium Phonograph Needle PK21,6.49,2022-07-20,,,WorthPoint
osmium,Palladium Cameo & Pearl Ladies Ring,71.3,2022-07-01,,,WorthPoint
osmium,Miller Replacement Needles A21 M Astatic Q Needle Osmium Tip 33 1/3 45 RPM NOS,5.99,2022-06-25,,,WorthPoint
osmium,Osmium Metal Element Sample - Beautiful 50g Pellet 99.9% Pure - Periodic Table,1475,2022-06-21,50,29.5,WorthPoint
osmium,24k Gold Bars - Pure Palladium - 10 Grams Pure Platinum - 1lb Titanium,660,2022-06-12,10,66,WorthPoint
osmium,24k Gold 4 Grams - Pure Palladium 2 Grams - Pure Platinum 10 Grams Pure Silver,747,2022-06-02,4,186.75,WorthPoint
osmium,1/10 Ounce Bead Of Pure Iridium. 999fine +/- .95. Biggest Pellet Size On EBay,350,2022-05-21,,,WorthPoint
osmium,Osmium Metal 1g Rarest Densest Platinum Group Element Rarer Than Gold 99.95% USA,48.93,2022-05-19,1,48.93,WorthPoint
osmium,1999 Isle Of Man G1/25P (White Gold Platina) PF 69 Ultra Cameo,199.99,2022-05-06,,,WorthPoint
osmium,Osmium Metal Ingot - One Troy Ounce - .9995 Bullion,965,2022-04-27,,,WorthPoint
osmium,Molybdenum Metal High Purity 99.999% 1 Kilo=1000 Grams,100,2022-04-25,1000,0.1,WorthPoint
osmium,Lot Of 2 Old Collector Spoons Osmium Silver Nodder-sheffield & Stieff,9.5,2022-04-21,,,WorthPoint
osmium,Electro-Voice 3804 Pack Of 3 Needles Osmium Record Player Part New Old Stock NOS,39.99,2022-04-20,,,WorthPoint
osmium,ASTATIC Stylus / Needle N829-3M WEBSTER 78 3 MIL OSM.,9.99,2022-04-17,,,WorthPoint
osmium,Dale Earnhardt #3 GM Goodwrench 2000 PLATINUM No Bull 5 Nascar Diecast 76th Win,184.97,2022-04-04,3,61.66,WorthPoint
osmium,"1912 G. Basil Barham, Development Of Incandescent Electric Lamp, Illus. 1st Ed",50,2022-04-02,1912,0.03,WorthPoint
osmium,Jensen J-1 Hi-Fi Needle Record Player Part New Old Stock Sealed Osmium Vintage,9.99,2022-03-26,,,WorthPoint
osmium,Jensen J-2 Hi-Fi Needle Record Player Part New Old Stock Sealed Osmium Vintage,9.99,2022-03-26,,,WorthPoint
osmium,SULFUR Crystal Cluster BRIMSTONE Mineral Specimen Sulphur BOLIVIA W/ ID Card,9.95,2022-03-21,,,WorthPoint
osmium,Osmium Metal Element Sample - Beautiful 50+g Pellet 99.9% Pure - Periodic Table,1450,2022-03-15,,,WorthPoint
osmium,"1-Burning Walking Liberty Skull 1oz .999 Pure Silver, Black Ruthenium 24K Plated",199.96,2022-02-17,28.35,7.05,WorthPoint
osmium,Osmium Arc Melted Precious Metal Bead 5.32g 99.9% Dense Os Element Specimen,160,2022-02-12,5.32,30.08,WorthPoint
osmium,Osmium Arc Melted Precious Metal Bead 4.91g 99.9% Dense Os Element Specimen,143,2022-02-12,4.91,29.12,WorthPoint
osmium,Osmium Arc Melted Precious Metal Bead 4.84g 99.9% Dense Os Element Specimen,140,2022-02-12,4.84,28.93,WorthPoint
osmium,"Osmium, 1 Toz Troy Ounce, 31.1+ Grams, 99.97% Pure Melted Ingot",845,2022-02-02,,,WorthPoint
osmium,BISMUTH Iridescent Rainbow Hopper Crystal Cluster Mineral Specimen Colorful,19.95,2022-01-31,,,WorthPoint
osmium,Large Collection Of Periodic Table Of Elements Samples Including Rare Polonium,400,2022-01-31,,,WorthPoint
osmium,Sulfur VOLCANO Crystal Cluster Yellow BRIMSTONE Mineral Specimen Sulphur BOLIVIA,5.5,2022-01-31,,,WorthPoint
osmium,NOS Miller Replacement Needle For Astatic L29 - Osmium Tip #550-2,6.99,2022-01-30,,,WorthPoint
osmium,"Osmium Tetroxide , 1 Gram , OsO4 , Osmium Tetraoxide , In Amber Breakseal Ampule",66.95,2022-01-29,1,66.95,WorthPoint
osmium,1/10 Grain Full Precious Metals Set Rhodium Rutherium Palladium Gold Osmium Etc,52.88,2022-01-22,10,5.29,WorthPoint
osmium,Osmium Metal 31.1g Bead 99.95% Pure,1200,2022-01-17,31.1,38.59,WorthPoint
osmium,Osmium Arc Melted Precious Metal Bead 10g 99.9% Dense Os Element Specimen,320,2022-01-09,10,32,WorthPoint
osmium,Dale Earnhardt Sr & Jr + 2 #3 GM Goodwrench Service Plus Platinum 2001 Diecast,277.97,2022-01-01,3,92.66,WorthPoint
osmium,Osmium Precious Metal 1 Troy Oz Arc Melted Bead Rare Element Collection Sample,820,2021-12-21,,,WorthPoint
osmium,Osmium 1g Arc Melted Bead 99.9% Rare Precious Metal Element Sample,50,2021-12-15,1,50,WorthPoint
osmium,"MICRO Set Of 50 Different Elements-Very Unusual, Educational-includes A Diamond!",35,2021-12-07,,,WorthPoint
osmium,Vintage Permo-Point Astatic 51 Phonograph / Jukebox Needle For 78's / 3 Mil Tip,11.99,2021-11-25,,,WorthPoint
osmium,Osmium Metal 0.5g Rarest And Densest Platinum Group Element Rarer Than Gold USA!,27.93,2021-11-10,0.5,55.86,WorthPoint
osmium,Osmium Metal 0.25g Rarest And Densest Platinum Group Element Rarer Than Gold USA,19.97,2021-11-07,0.25,79.88,WorthPoint
osmium,Osmium Metal 31.1g Bead 99.95% Pure - Periodic Table,1225,2021-11-06,31.1,39.39,WorthPoint
osmium,Osmium Metal 1g Rarest And Densest Platinum Group Element Rarer Than Gold USA!,51.93,2021-11-05,1,51.93,WorthPoint
osmium,Vintage Aeropoint Coin Machine 78 RPM Record Player Needle,10,2021-10-30,,,WorthPoint
osmium,Osmium Metal Element Sample - Beautiful 5g Pellet 99.9% Pure - Periodic Table,200,2021-10-19,5,40,WorthPoint
osmium,GM 1/4 Grain Rhodium Iridium Osmium Palladium Gold Platinum+Titanium Backed US08,99,2021-10-13,4,24.75,WorthPoint
osmium,Vintage Palladium ART DECO ANTIQUE MARQUISE PIGEON BLOOD RUBY DIAMOND Earrings,249.95,2021-10-11,,,WorthPoint
osmium,Vintage Palladium ART DECO ANTIQUE LARGE 17 MM MABE PEARL DIAMOND COCKTAIL Ring,361,2021-10-11,,,WorthPoint
osmium,Vintage Palladium ART DECO ANTIQUE NO HEAT GENUINE .30 CARAT RUBY DIAMOND Ring,155,2021-10-11,,,WorthPoint
osmium,Vintage Palladium & Platinum ART DECO ANTIQUE COLOMBIAN EMERALD DIAMOND Earrings,611,2021-10-11,,,WorthPoint
osmium,Vintage Palladium ART DECO ANTIQUE DIAMOND WEDDING BAND ENGAGEMENT Ring,202.45,2021-10-11,,,WorthPoint
osmium,Vintage Palladium ART DECO ANTIQUE GENUINE CORAL .50 CARAT DIAMOND ESTATE Ring,399.95,2021-10-11,,,WorthPoint
osmium,Vintage Palladium ART DECO ANTIQUE NO HEAT GENUINE .35 CT SAPPHIRE DIAMOND Ring,141.59,2021-10-11,7,20.23,WorthPoint
osmium,Vintage Palladium ART DECO ANTIQUE NO HEAT GENUINE CEYLON SAPPHIRE DIAMOND Ring,229.95,2021-10-11,,,WorthPoint
osmium,Vintage Palladium ART DECO ANTIQUE GENUINE 2.75 CARAT RUBY DIAMOND HALO Ring,499.95,2021-10-11,,,WorthPoint
osmium,Vintage Palladium ART DECO ANTIQUE GENUINE .70 CT COLOMBIAN EMERALD DIAMOND Ring,187.5,2021-10-11,14,13.39,WorthPoint
osmium,Vintage Palladium ART DECO ANTIQUE NO HEAT GENUINE RUBY DIAMOND FILIGREE Ring,202.5,2021-10-11,,,WorthPoint
osmium,Vintage Palladium ART DECO ANTIQUE NO HEAT GENUINE .45 CT SAPPHIRE DIAMOND Ring,299.95,2021-10-10,9,33.33,WorthPoint
osmium,Vintage Palladium ART DECO ANTIQUE Set Exclusively For BM,625,2021-10-07,,,WorthPoint
osmium,Vintage Palladium ART DECO DIAMOND WEDDING ENGAGEMENT COCKTAIL Ring,398,2021-10-04,,,WorthPoint
osmium,Vintage Palladium RARE ART DECO ANTIQUE GENUINE PINK TOURMALINE DIAMOND Ring,330,2021-10-04,,,WorthPoint
osmium,Vintage Palladium ART DECO ANTIQUE MABE PEARL BAGUETTE DIAMOND FILIGREE Earrings,445,2021-10-04,,,WorthPoint
osmium,Vintage Palladium ART DECO ANTIQUE .56 CARAT CT. DIAMOND WEDDING ENGAGEMENT Ring,480,2021-10-04,,,WorthPoint
osmium,Vintage Palladium ART DECO ANTIQUE TURQUOISE 1.00 CARAT DIAMOND HALO Earrings,399.95,2021-10-04,,,WorthPoint
osmium,Vintage Palladium ART DECO ANTIQUE NO HEAT GENUINE .65 CT SAPPHIRE DIAMOND Ring,172.6,2021-10-04,13,13.28,WorthPoint
osmium,Vintage Palladium ART DECO ANTIQUE .80 CARAT CT. DIAMOND CHANDELIER Earrings,309.95,2021-10-04,,,WorthPoint
osmium,Vintage Palladium ART DECO GREY BLACK 12 MM MABE PEARL DIAMOND FILIGREE Ring,100.95,2021-10-04,,,WorthPoint
osmium,Vintage 18k Gold ART DECO ANTIQUE GENUINE 4.12 CARAT AQUAMARINE DIAMOND Ring,899.95,2021-10-04,,,WorthPoint
osmium,Vintage Palladium ANTIQUE RETRO 1940s 1950s NO HEAT GENUINE CEYLON SAPPHIRE Ring,128.5,2021-10-04,,,WorthPoint
osmium,Vintage Palladium ART DECO ANTIQUE NO HEAT 1.75 CARAT BURMESE RUBY DIAMOND Ring,399.95,2021-10-04,,,WorthPoint
osmium,Vintage Palladium ART DECO ANTIQUE 7.50 MM PEARL DIAMOND HALO ESTATE Ring,149.95,2021-10-04,,,WorthPoint
osmium,Vintage Palladium ART DECO ANTIQUE 1920's 1930's DIAMOND DANGLE DROP Earrings,277,2021-10-04,,,WorthPoint
osmium,Vintage Palladium ART DECO ANTIQUE GENUINE AFRICAN AMETHYST DIAMOND ESTATE Ring,449.95,2021-10-04,,,WorthPoint
osmium,Vintage Palladium ART DECO ANTIQUE NO HEAT BURMA SAPPHIRE DIAMOND Earrings,399.95,2021-09-28,,,WorthPoint
osmium,Vintage Palladium ART DECO ANTIQUE NO HEAT GENUINE BURMA SAPPHIRE DIAMOND Ring,259.95,2021-09-27,,,WorthPoint
osmium,Vintage Palladium ART DECO ANTIQUE NO HEAT RUBY DIAMOND CHANDELIER Earrings,399.95,2021-09-27,,,WorthPoint
osmium,Vintage Palladium ART DECO ANTIQUE MABE PEARL COLOMBIAN EMERALD DIAMOND Ring,190.39,2021-09-27,,,WorthPoint
osmium,Vintage Palladium ART DECO ANTIQUE NO HEAT 2.50 CT. RUBY DIAMOND BALLERINA Ring,449.95,2021-09-27,0.5,899.9,WorthPoint
osmium,Vintage Palladium ART DECO ANTIQUE NO HEAT GENUINE .70 CT SAPPHIRE DIAMOND Ring,155.5,2021-09-27,14,11.11,WorthPoint
osmium,Vintage Palladium ART DECO ANTIQUE ETHIOPIAN OPAL CABOCHON DIAMOND Ring #E1,190.5,2021-09-27,,,WorthPoint
osmium,Vintage Palladium ART DECO ANTIQUE NO HEAT SAPPHIRE DIAMOND COCKTAIL Ring #E1,208.5,2021-09-27,,,WorthPoint
osmium,Vintage Palladium ART DECO ANTIQUE NO HEAT UNTREATED RUBY DIAMOND ESTATE Ring,149.95,2021-09-27,,,WorthPoint
osmium,Vintage Palladium ART DECO ANTIQUE NO HEAT GENUINE SAPPHIRE DIAMOND ESTATE Ring,154.5,2021-09-27,,,WorthPoint
osmium,Vintage Palladium ART DECO ANTIQUE .40 CARAT CT. DIAMOND CHANDELIER Earrings,228.5,2021-09-27,,,WorthPoint
osmium,"1 Gram Bead, Sample Of High Purity Osmium 99.95% For Element Collection",38.99,2021-09-26,1,38.99,WorthPoint
osmium,Vintage Palladium ART DECO ANTIQUE NO HEAT GENUINE 1.25 CARAT RUBY DIAMOND Ring,216,2021-09-20,,,WorthPoint
osmium,Vintage Palladium ART DECO ANTIQUE 2.25 CT. COLOMBIAN EMERALD DIAMOND HALO Ring,455,2021-09-20,0.45,1011.11,WorthPoint
osmium,Vintage Palladium ART DECO ANTIQUE NO HEAT 1.00 CT. SAPPHIRE DIAMOND Ring #E1,152.5,2021-09-20,0.2,762.5,WorthPoint
osmium,Vintage Palladium ART DECO ANTIQUE NO HEAT PEAR SHAPE SAPPHIRE DIAMOND Ring,203.5,2021-09-20,,,WorthPoint
osmium,Luciteria Osmium Metal 1 Gram Bead 99.95% For Bullion Or Element Collection,46.95,2021-09-16,1,46.95,WorthPoint
osmium,Vintage Palladium ART DECO ANTIQUE 1920's 1930's TURQUIOSE DIAMOND COCKTAIL Ring,199.95,2021-09-13,,,WorthPoint
osmium,Vintage Palladium ART DECO NO HEAT SAPPHIRE DIAMOND FILIGREE HALO ESTATE Ring #E,560,2021-09-13,,,WorthPoint
osmium,Vintage Palladium ART DECO ANTIQUE NO HEAT MARQUISE RUBY DIAMOND Ring #E,325,2021-09-13,,,WorthPoint
osmium,Vintage Palladium ART DECO NO HEAT SAPPHIRE DIAMOND CHANDELIER Earrings #E,449.95,2021-09-13,,,WorthPoint
osmium,Vintage Palladium ART DECO ANTIQUE LARGE COLOMBIAN EMERALD DIAMOND COCKTAIL Ring,504.95,2021-09-13,,,WorthPoint
osmium,Vintage Palladium DECO ANTIQUE NO HEAT SAPPHIRE DIAMOND COCKTAIL Ring #E1,222.5,2021-09-13,,,WorthPoint
osmium,Vintage Palladium ART DECO ANTIQUE LARGE TURQUIOSE DIAMOND FILIGREE ESTATE Ring,299.95,2021-09-13,,,WorthPoint
osmium,1 Gram Osmium Investment Metal,35,2021-09-08,1,35,WorthPoint
osmium,Vintage Palladium 14k Gold ART DECO SAPPHIRE DIAMOND LAVALIERE PENDANT Necklace,499.95,2021-09-06,,,WorthPoint
osmium,Vintage Palladium ART DECO ANTIQUE NO HEAT OVAL SAPPHIRE DIAMOND COCKTAIL Ring,145.5,2021-09-06,,,WorthPoint
osmium,Vintage Palladium ART DECO 1930's NATURAL PEARL DIAMOND CHANDELIER Earrings,199.95,2021-09-06,,,WorthPoint
osmium,Vintage Palladium ART DECO 1920's 1930's TURQUIOSE DIAMOND CHANDELIER Earrings,268,2021-09-06,,,WorthPoint
osmium,Vintage Palladium ART DECO ANTIQUE 21 MM MABE PEARL DIAMOND FILIGREE Ring,340,2021-08-30,,,WorthPoint
osmium,Vintage Palladium ART DECO NO HEAT 1.50 CARAT RUBY DIAMOND LARGE COCKTAIL Ring,323,2021-08-30,,,WorthPoint
osmium,Vintage Palladium ART DECO ANGEL SKIN CORAL PINK SAPPHIRE RUBY DIAMOND Earrings,331,2021-08-30,,,WorthPoint
osmium,Vintage Palladium ART DECO ANTIQUE ANGEL SKIN CORAL DIAMOND FILIGREE BROOCH Pin,515,2021-08-30,,,WorthPoint
osmium,Vintage Palladium ART DECO ANTIQUE NO HEAT 5.35 CARAT CT. SAPPHIRE DIAMOND Ring,401,2021-08-30,,,WorthPoint
osmium,Vintage Palladium ART DECO ANTIQUE NO HEAT UNTREATED SAPPHIRE DIAMOND Ring,229.95,2021-08-30,,,WorthPoint
osmium,Vintage Palladium ART DECO RETRO CORAL DIAMOND RING & EARRINGS Set RARE COLOR,355,2021-08-30,,,WorthPoint
osmium,Vintage Palladium ART DECO ANTIQUE TURQUIOSE DIAMOND FILIGREE COCKTAIL Ring,229.95,2021-08-30,,,WorthPoint
osmium,Vintage Palladium ART DECO TURQUIOSE DIAMOND FILIGREE CHANDELIER Earrings,399.95,2021-08-30,,,WorthPoint
osmium,Vintage 18k Gold & Palladium ART DECO .14 CARAT DIAMOND WEDDING ENGAGEMENT Ring,109.61,2021-08-30,,,WorthPoint
osmium,Half Grain Micro PM Set Ruthenium Rhodium Palladium Osmium Iridium Platinum US09,169,2021-08-29,,,WorthPoint
osmium,Vintage Palladium ART DECO Earrings For RICHARD,315,2021-08-26,,,WorthPoint
osmium,Osmium Metal Element - Beautiful 10g Pellet 99.95% Pure - Periodic Table,390,2021-08-24,10,39,WorthPoint
osmium,Vintage Palladium ART DECO NO HEAT 2.50 CARAT MARQUISE SAPPHIRE DIAMOND Ring,255,2021-08-23,,,WorthPoint
osmium,Vintage Palladium ART DECO ANTIQUE NO HEAT .50 CARAT CT. RUBY DIAMOND HALO Ring,207.5,2021-08-23,,,WorthPoint
osmium,Vintage Palladium ART DECO GREEN TURQUOISE DIAMOND FILIGREE CHANDELIER Earrings,242.5,2021-08-23,,,WorthPoint
osmium,Vintage Palladium ART DECO NO HEAT 1.00 CARAT RUBY FILIGREE WEDDING BAND Ring,284,2021-08-23,,,WorthPoint
osmium,Vintage Palladium ART DECO ANTIQUE NO HEAT 1.00 CARAT CT. SAPPHIRE DIAMOND Ring,180.27,2021-08-23,,,WorthPoint
osmium,Vintage Palladium ART DECO ANTIQUE NO HEAT 1.25 CARAT CT. SAPPHIRE DIAMOND Ring,349.95,2021-08-23,,,WorthPoint
osmium,Vintage Palladium ART DECO ANTIQUE NO HEAT 2.50 CARAT RUBY DIAMOND COCKTAIL Ring,325,2021-08-23,,,WorthPoint
osmium,Vintage Palladium ART DECO .25 CARAT CT DIAMOND FILIGREE WEDDING ENGAGEMENT Ring,199.95,2021-08-23,,,WorthPoint
osmium,Vintage Palladium ART DECO ANTIQUE NO HEAT MARQUISE SAPPHIRE DIAMOND Ring #EP,149.95,2021-08-23,,,WorthPoint
osmium,Vintage Palladium ART DECO ANTIQUE .70 CARAT CT. DIAMOND CHANDELIER Earrings,330,2021-08-23,,,WorthPoint
osmium,"USGS PLATINUM Etc AT NEW RAMBLER MINE, WYOMING Vintage 1968 Report WITH BONUS!",10,2021-08-20,,,WorthPoint
osmium,Osmium Metal 1 Gram Bead 99.95% For Bullion Or Element Collection USA SHIPPING,47.5,2021-08-17,1,47.5,WorthPoint
osmium,Rhenium Metal 10mm Density Cube 99.99% Pure For Element Collection USA SHIPPING,250,2021-08-17,,,WorthPoint
osmium,Vintage Palladium ART DECO 2.50 CARAT COLOMBIAN EMERALD DIAMOND FILIGREE Ring,599.95,2021-08-17,,,WorthPoint
osmium,Vintage Palladium ART DECO ANTIQUE .60 CARAT CT. COLOMBIAN EMERALD DIAMOND Ring,149.95,2021-08-16,,,WorthPoint
osmium,Vintage Palladium ART DECO ANTIQUE NO HEAT UNTREATED MARQUISE RUBY DIAMOND Ring,315,2021-08-16,,,WorthPoint
osmium,Vintage Palladium ART DECO ANTIQUE .35 CT. COLOMBIAN EMERALD DIAMOND ESTATE Ring,227.5,2021-08-16,7,32.5,WorthPoint
osmium,Vintage Palladium ART DECO ANTIQUE NO HEAT 1.50 CARAT CT. SAPPHIRE DIAMOND Ring,157.5,2021-08-16,,,WorthPoint
osmium,Vintage Palladium ART DECO ANTIQUE NO HEAT 1.25 CARAT SAPPHIRE DIAMOND HALO Ring,203.5,2021-08-16,,,WorthPoint
osmium,Vintage Palladium ART DECO LARGE COLOMBIAN EMERALD DIAMOND CHANDELIER Earrings,599.95,2021-08-16,,,WorthPoint
osmium,Vintage Palladium Gold ART NOUVEAU GENUINE PEARL DIAMOND LAVALIERE PENDANT Charm,199.95,2021-08-16,,,WorthPoint
osmium,Vintage Platinum ART DECO ANTIQUE 1.82 CARAT CT. DIAMOND CHANDELIER Earrings #R,1499.95,2021-08-16,,,WorthPoint
osmium,Vintage Palladium ART DECO ANTIQUE NO HEAT UNTREATED 1.00 CT. RUBY DIAMOND Ring,299.95,2021-08-16,0.2,1499.75,WorthPoint
osmium,Vintage Palladium ART DECO 1.50 CARAT COLOMBIAN EMERALD DIAMOND EARRING JACKETS,261,2021-08-16,,,WorthPoint
osmium,Osmium Metal 10mm Density Cube 99.95% Pure For Element Collection USA SHIPPING,1395,2021-08-15,,,WorthPoint
osmium,Ruthenium Rhodium Palladium Osmium Iridium Platinum Gold Micro Limited Edition,87,2021-08-13,,,WorthPoint
osmium,Vintage Palladium ART DECO CHANDELIER Earrings For DEBBIE,525,2021-08-09,,,WorthPoint
osmium,Vintage Palladium MABE PEARL DIAMOND COCKTAIL Ring #MA FOR CONNIE,199.95,2021-08-09,,,WorthPoint
osmium,Vintage Palladium ART DECO 1920's 1930's ANTIQUE TURQUOISE DIAMOND ESTATE Ring,159.95,2021-08-09,,,WorthPoint
osmium,Vintage Palladium ART DECO NO HEAT 1.50 CARAT CT. SAPPHIRE DIAMOND GENTS Ring #M,299.95,2021-08-09,,,WorthPoint
osmium,Vintage Palladium & 14k Gold ART DECO TWO TONE TURQUOISE DIAMOND Earrings,208,2021-08-09,,,WorthPoint
osmium,Vintage Palladium ART DECO ANTIQUE .60 CARAT CT DIAMOND ENGAGEMENT COCKTAIL Ring,299.95,2021-08-09,,,WorthPoint
osmium,Vintage Palladium ART DECO ANTIQUE NO HEAT 1.50 CARAT RUBY DIAMOND ESTATE Ring,202.5,2021-08-09,,,WorthPoint
osmium,Vintage Palladium ART DECO NO HEAT UNTREATED RUBY DIAMOND FILIGREE Ring #M,158.5,2021-08-09,,,WorthPoint
osmium,Vintage Palladium ART DECO ANTIQUE NO HEAT UNTREATED 1.65 CT. RUBY DIAMOND Ring,399.95,2021-08-09,0.33,1211.97,WorthPoint
osmium,Vintage Palladium SILVER GREY NATURAL PEARL EMERALD ROSE CUT DIAMOND Earrings,175.39,2021-08-09,,,WorthPoint
osmium,Vintage Palladium ART DECO ANTIQUE 5.50 MM PEARL DIAMOND Ring #M,199.95,2021-08-09,,,WorthPoint
osmium,Vintage Palladium ART DECO 9 MM PEARL NO HEAT RUBY DIAMOND DROP DANGLE Earrings,188,2021-08-09,,,WorthPoint
osmium,Parliament Osmium 8 Track SEALED MAGGOT BRAIN And More! 14 Titles 9 Sealed LÖÖK!,810,2021-08-04,,,WorthPoint
osmium,Vintage 14k Rose Gold & Palladium GEORGIAN COLOR CHANGE ALEXANDRITE DIAMOND Ring,599.95,2021-08-02,,,WorthPoint
osmium,Vintage Palladium ART DECO ESTATE ANTIQUE SAPPHIRE DIAMOND COCKTAIL Ring #MA,237.5,2021-08-02,,,WorthPoint
osmium,Vintage Palladium ART DECO ANTIQUE NO HEAT 2.00 CARAT CT. SAPPHIRE DIAMOND Ring,217.5,2021-08-02,,,WorthPoint
osmium,Vintage Platinum ART DECO ANTIQUE AQUAMARINE DIAMOND FILIGREE ESTATE Ring,677,2021-08-02,,,WorthPoint
osmium,Vintage Platinum 18k Gold GEORGIAN ROSE DIAMOND CROSS FILIGREE PENDANT Charm #M,504.95,2021-08-02,,,WorthPoint
osmium,Vintage Palladium BAROQUE TAHITIAN BLACK PEARL DIAMOND DANGLING DROP Earrings,277.18,2021-08-02,,,WorthPoint
osmium,Vintage Palladium ART DECO ANTIQUE COLOMBIAN EMERALD .50 CARAT DIAMOND Earrings,207.5,2021-08-02,,,WorthPoint
osmium,Vintage Palladium ART DECO 3.50 CARAT COLOMBIAN EMERALD BAGUETTE DIAMOND Ring #M,999.95,2021-08-02,,,WorthPoint
osmium,Vintage Palladium ANTIQUE RETRO DIAMOND EMERALD SAPPHIRE BALLERINA DOME Ring,377,2021-08-02,,,WorthPoint
osmium,Vintage Palladium ART DECO ANTIQUE DIAMOND CHANDELIER DANGLE DROP Earrings,292,2021-08-02,,,WorthPoint
osmium,Vintage Palladium ART DECO 1920's ANTIQUE COLOMBIAN EMERALD DIAMOND Earrings,257,2021-08-02,,,WorthPoint
osmium,Vintage Palladium ART DECO ANTIQUE 1.80 CARAT CT. DIAMOND TENNIS Bracelet,1065,2021-08-02,,,WorthPoint
osmium,Vintage Palladium ART DECO ANTIQUE NO HEAT 1.75 CARAT CT. SAPPHIRE DIAMOND Ring,150,2021-07-26,,,WorthPoint
osmium,Vintage Palladium ART DECO ANTIQUE 15 MM MABE PEARL 1.00 CT DIAMOND Earrings #E2,449.95,2021-07-26,0.2,2249.75,WorthPoint
osmium,Vintage Silver AUTHENTIC ART DECO FLAPPER 1920s MARCASITE FILIGREE Earrings RARE,29.95,2021-07-26,,,WorthPoint
osmium,Vintage Palladium ART DECO ANTIQUE NO HEAT 1.00 CARAT CT. RUBY DIAMOND Ring,200.5,2021-07-26,,,WorthPoint
osmium,Vintage Palladium ART DECO COLOMBIAN EMERALD WEDDING BAND STACKABLE ESTATE Ring,82,2021-07-26,,,WorthPoint
osmium,Vintage Palladium ART DECO ANTIQUE 1.25 CARAT CT. COLOMBIAN EMERALD DIAMOND Ring,229.95,2021-07-26,,,WorthPoint
osmium,Osmium Irridium Platinum,23,2021-07-24,,,WorthPoint
osmium,Vintage Palladium ART DECO .75 COLOMBIAN EMERALD DIAMOND FILIGREE BUCKLE Ring,349.95,2021-07-19,,,WorthPoint
osmium,Vintage Palladium ART DECO ANTIQUE 1930's 1940's NO HEAT RUBY DIAMOND Ring,179.5,2021-07-19,,,WorthPoint
osmium,Vintage Rose & Green Gold Filled RETRO ANTIQUE ALEXANDRITE BANGLE Bracelet,49.95,2021-07-19,,,WorthPoint
osmium,Vintage Palladium ART DECO ANTIQUE UNTREATED NO HEAT 2.00 CT RUBY DIAMOND Ring,277.92,2021-07-19,0.4,694.8,WorthPoint
osmium,Vintage Palladium ART DECO NO HEAT RUBY 1.00 CARAT DIAMOND CHANDELIER Earrings,599.95,2021-07-19,,,WorthPoint
osmium,Vintage Palladium ART DECO ANTIQUE 15 MM MABE PEARL SAPPHIRE DIAMOND Ring,199.95,2021-07-19,,,WorthPoint
osmium,Vintage Palladium ART DECO ANTIQUE DIAMOND WEDDING ENGAGEMENT COCKTAIL Ring,149.95,2021-07-19,,,WorthPoint
osmium,78 RPM PHONO NEEDLE FOR Shure W26 PC40 PC41 Astatic N640-3s 752-S3,12.69,2021-07-13,,,WorthPoint
osmium,Vintage Palladium ESTATE ART DECO ANTIQUE NO HEAT RUBY ROSE CUT DIAMOND Ring,106,2021-07-12,,,WorthPoint
osmium,Vintage Palladium ART DECO COLOMBIAN EMERALD DIAMOND BUCKLE FILIGREE Ring,299.95,2021-07-12,,,WorthPoint
osmium,Vintage Palladium & 14k Gold ART DECO SAPPHIRE DIAMOND NECKLACE LAVALIERE Chain,399.95,2021-07-12,,,WorthPoint
osmium,Vintage Palladium ART DECO ANTIQUE 1930's MABE PEARL DIAMOND FILIGREE Earrings,336,2021-07-12,,,WorthPoint
osmium,Vintage Palladium ART DECO ANTIQUE NO HEAT NATURAL RUBY COCKTAIL Ring,199.95,2021-07-12,,,WorthPoint
osmium,Vintage Palladium ART DECO ANTIQUE NO HEAT NATURAL RUBY DIAMOND Ring,113.5,2021-07-12,,,WorthPoint
osmium,Vintage Palladium ART DECO ANTIQUE CULTURED PEARL SOLITAIRE Ring,79.95,2021-07-12,,,WorthPoint
osmium,Vintage Palladium ART DECO ANTIQUE MABE PEARL DIAMOND Earrings #E2,330,2021-07-05,,,WorthPoint
osmium,Vintage Palladium ART DECO ANTIQUE UNTREATED NO HEAT RUBY ENGAGEMENT Ring,79.88,2021-07-05,,,WorthPoint
osmium,Vintage Palladium ART DECO ANTIQUE RETRO NO HEAT SAPPHIRE DIAMOND ESTATE Ring,104.5,2021-07-05,,,WorthPoint
osmium,Vintage Palladium ART DECO ANTIQUE SAPPHIRE WEDDING BAND STACKABLE ESTATE Ring,92,2021-07-05,,,WorthPoint
osmium,Vintage Palladium ART DECO TURQUOISE DIAMOND FILIGREE CHANDELIER Earrings,239.95,2021-07-05,,,WorthPoint
osmium,Vintage Palladium ART DECO ANTIQUE SAPPHIRE .15 CT. DIAMOND ENGAGEMENT Ring #MA,122.5,2021-07-05,3,40.83,WorthPoint
osmium,Vintage Palladium ART DECO ANTIQUE NO HEAT RUBY WEDDING BAND ENGAGEMENT Ring,99.95,2021-07-05,,,WorthPoint
osmium,Vintage Palladium ESTATE ART DECO ANTIQUE .35 CT. DIAMOND COCKTAIL Ring,207.5,2021-07-05,7,29.64,WorthPoint
osmium,Vintage Palladium ART DECO ANTIQUE 1920's SAPPHIRE DIAMOND CHANDELIER Earrings,247.5,2021-07-05,,,WorthPoint
osmium,Vintage Palladium ART DECO .50 CT. DIAMOND WEDDING ETERNITY BAND ENGAGEMENT Ring,202.5,2021-07-05,10,20.25,WorthPoint
osmium,"Gramophone Phonograph Needle Packet, Recoton 2500 Play Osmium Long Play",15,2021-07-01,,,WorthPoint
osmium,Custom Listing For Australian Bargains,50,2021-06-29,,,WorthPoint
osmium,Individual KILLA-KANS~ORKS Dreadnought Model Sprue~Games Workshop WARHAMMER 40K,23.79,2021-06-29,,,WorthPoint
osmium,Vintage Palladium ART DECO ANTIQUE NO HEAT 5.50 CARAT SAPPHIRE DIAMOND Earrings,349.95,2021-06-28,,,WorthPoint
osmium,Vintage Palladium ART DECO ANTIQUE 1.30 CARAT CT. RUBY DIAMOND ENGAGEMENT Ring,379.95,2021-06-28,,,WorthPoint
osmium,Vintage Palladium ART DECO ANTIQUE LARGE 1920's 1930's TURQUOISE FILIGREE Ring,149.95,2021-06-28,,,WorthPoint
osmium,Vintage Rose Gold ANTIQUE RETRO 1940 EARRING RING AQUAMARINE COLORED CRYSTAL Set,79.95,2021-06-28,,,WorthPoint
osmium,Vintage Palladium ANTIQUE RETRO 1940's 1950's NO HEAT RUBY DIAMOND Ring,199.95,2021-06-28,,,WorthPoint
osmium,Vintage Palladium ART DECO ANTIQUE 12 MM MABE PEARL DIAMOND FILIGREE Ring #E2,159.95,2021-06-28,,,WorthPoint
osmium,Vintage Palladium ART DECO CARVED CORAL PEACOCK SWAN FILIGREE PENDANT Charm RARE,139.95,2021-06-28,,,WorthPoint
osmium,Vintage Palladium ART DECO NO HEAT UNTREATED RUBY DIAMOND LARGE COCKTAIL Ring,249.95,2021-06-28,,,WorthPoint
osmium,Natural 1g Native Nugget Platinum Rhodium Element Precious Metal USA!,39.97,2021-06-22,1,39.97,WorthPoint
osmium,Vintage Palladium ART DECO ANTIQUE LARGE NO HEAT 2.00 CARAT RUBY DIAMOND Ring,299.95,2021-06-21,,,WorthPoint
osmium,Vintage Palladium ART DECO ANTIQUE 7.00 CT. SAPPHIRE DIAMOND BROOCH PENDANT Pin,499.95,2021-06-21,1.4,357.11,WorthPoint
osmium,Vintage Platinum ART DECO ANTIQUE 1920 RUBY DIAMOND FILIGREE LAVALIERE Pendant,260,2021-06-21,,,WorthPoint
osmium,Vintage Palladium ART DECO ANTIQUE ESTATE COLOMBIAN EMERALD DIAMOND BUCKLE Ring,399.95,2021-06-21,,,WorthPoint
osmium,Vintage Palladium ART DECO ANTIQUE NO HEAT RUBY DIAMOND DANGLING Earrings,117.5,2021-06-21,,,WorthPoint
osmium,Vintage 14k Gold & Palladium ART DECO TWO TONE COLOMBIAN EMERALD DIAMOND Ring,599.95,2021-06-21,,,WorthPoint
osmium,Vintage Palladium ART DECO ANTIQUE .10 CARAT DIAMOND WEDDING ENGAGEMENT Ring,113.98,2021-06-21,,,WorthPoint
osmium,Vintage Palladium ART DECO SAPPHIRE DIAMOND WEDDING BAND ENGAGEMENT Ring #E1,131.38,2021-06-21,,,WorthPoint
osmium,Vintage Palladium ART DECO COLOMBIAN EMERALD WEDDING BAND ENGAGEMENT Ring,112.5,2021-06-21,,,WorthPoint
osmium,Rhenium Metal .9995 1 Oz Troy Ounce Bar For Bullion Or Element Collection,279,2021-06-15,28.35,9.84,WorthPoint
osmium,Vintage 14k Gold & Palladium ART DECO COLOMBIAN EMERALD DIAMOND FILIGREE Ring,214.95,2021-06-14,,,WorthPoint
osmium,Osmium Bead Os Irregular Melted Ball Noble Metals ≥99.95% 1g,70,2021-06-14,1,70,WorthPoint
osmium,Vintage Palladium ART DECO ANTIQUE 19 MM MABE PEARL DIAMOND FILIGREE Ring,239.95,2021-06-14,,,WorthPoint
osmium,Vintage Palladium ART DECO EMERALD PRINCESS CUT RUBY DIAMOND WEDDING BAND Ring,227.5,2021-06-14,,,WorthPoint
osmium,Vintage Palladium ART DECO BICOLOR BLUE GREEN SAPPHIRE DIAMOND FILIGREE Ring,499.95,2021-06-14,,,WorthPoint
osmium,Vintage Palladium ART DECO ANTIQUE NO HEAT SAPPHIRE WEDDING BAND ENGAGEMENT Ring,103.45,2021-06-14,,,WorthPoint
osmium,Vintage Palladium ART DECO ANTIQUE NO HEAT 1.50 CARAT SAPPHIRE DIAMOND Ring #E1,191.38,2021-06-14,,,WorthPoint
osmium,Vintage Palladium ART DECO COLOMBIAN EMERALD DIAMOND CROSS PENDANT Charm,79.95,2021-06-14,,,WorthPoint
osmium,Vintage Palladium ART DECO RETRO 1940's 1950's NO HEAT SAPPHIRE DIAMOND Ring,181.48,2021-06-14,,,WorthPoint
osmium,Vintage Palladium & 14k Gold ART DECO TWO TONE PINK CORAL DIAMOND Earrings #E3,325,2021-06-14,,,WorthPoint
osmium,Vintage Palladium ART DECO ANTIQUE NO HEAT .75 CT SAPPHIRE DIAMOND COCKTAIL Ring,157.5,2021-06-14,15,10.5,WorthPoint
osmium,Vintage Palladium ART DECO .25 CT. DIAMOND FILIGREE WEDDING BAND ENGAGEMENT Ring,152.5,2021-06-14,5,30.5,WorthPoint
osmium,Vintage Palladium 14k Gold ART DECO ANTIQUE TWO TONE PINK CORAL DIAMOND Ring #E3,202.5,2021-06-14,,,WorthPoint
osmium,SUPER SET Of 66 Different Periodic Table Elements-(REALLY Last Set) Rhodium!,719,2021-06-14,,,WorthPoint
osmium,10 Grams PAMP Suisse Palladium Bar .9995 Fine,1699,2021-06-12,10,169.9,WorthPoint
osmium,Natural 0.50g Native Nugget Platinum Rhodium Element Precious Metal USA!,34.97,2021-06-12,0.5,69.94,WorthPoint
osmium,Natural 1g Gram Native Nugget Platinum Rhodium Element Precious Metal USA!,49.97,2021-06-12,1,49.97,WorthPoint
osmium,Vintage Palladium ART DECO ANTIQUE NO HEAT UNTREATED .65 CT RUBY DIAMOND Ring,266.66,2021-06-07,13,20.51,WorthPoint
osmium,Vintage Palladium ART DECO ANTQUE TURQUOISE ROSE CUT DIAMOND FILIGREE Earrings,202.5,2021-06-07,,,WorthPoint
osmium,Vintage Palladium ART DECO ANTIQUE NO HEAT 1.00 CARAT MARQUISE RUBY DIAMOND Ring,123.39,2021-06-07,,,WorthPoint
osmium,Vintage Palladium ART DECO NO HEAT 4.00 CT SAPPHIRE DIAMOND HALO Ring #M8,999.95,2021-06-07,0.8,1249.94,WorthPoint
osmium,Vintage Palladium ART DECO ANTIQUE NO HEAT 2.00 CARAT RUBY DIAMOND COCKTAIL Ring,199.95,2021-06-07,,,WorthPoint
osmium,Vintage Palladium ART DECO LARGE COLOMBIAN 3.00 CARAT CT. EMERALD DIAMOND Ring,375,2021-06-07,,,WorthPoint
osmium,Vintage Palladium ART DECO ANTIQUE NO HEAT .80 CT SAPPHIRE DIAMOND COCKTAIL Ring,205.38,2021-06-07,16,12.84,WorthPoint
osmium,Vintage Palladium ART DECO ANTIQUE NO HEAT RUBY DIAMOND FILIGREE Ring #E3,335,2021-06-07,,,WorthPoint
osmium,Vintage Palladium ART DECO 5.50 CT SAPPHIRE DIAMOND FILIGREE CHANDELIER Earrings,1199.95,2021-06-07,1.1,1090.86,WorthPoint
osmium,Vintage 18k Gold Palladium ART DECO ANTIQUE DIAMOND WEDDING BAND ENGAGEMENT Ring,103.5,2021-06-07,,,WorthPoint
osmium,Osmium Metal 50mm Lucite Acrylic Cube For Element Collection USA SHIPPING,119,2021-06-04,,,WorthPoint
osmium,Vintage Palladium & 12k Gold ART DECO ANTIQUE Earrings For Brian,225,2021-06-01,,,WorthPoint
osmium,Vintage Palladium ART DECO NO HEAT 1.00 CARAT SAPPHIRE DIAMOND FILIGREE Ring #L,299.95,2021-05-31,,,WorthPoint
osmium,Vintage Palladium & 12k Gold ART DECO ANTIQUE TWO TONE CORAL DIAMOND Ring,177.5,2021-05-31,,,WorthPoint
osmium,Vintage Palladium ART DECO ANTIQUE .35 CARAT DIAMOND WEDDING ENGAGEMENT Ring,249.95,2021-05-31,,,WorthPoint
osmium,Vintage Palladium ART DECO ANTIQUE CORAL DIAMOND FILIGREE LAVALIER PENDANT Charm,159.95,2021-05-31,,,WorthPoint
osmium,Vintage Palladium ART DECO ANTIQUE 2.25 CARAT COLOMBIAN EMERALD DIAMOND Earrings,253,2021-05-31,,,WorthPoint
osmium,Vintage Palladium ART DECO ANTIQUE 16.50 MM MABE PEARL FILIGREE Earrings #E2,449,2021-05-31,,,WorthPoint
osmium,Vintage Palladium ART DECO 18 MM MABE PEARL DIAMOND FILIGREE Earrings #E2,350,2021-05-31,,,WorthPoint
osmium,Vintage Palladium ART DECO 1920's 1930s ANTIQUE 7 MM PEARL DIAMOND COCKTAIL Ring,417.98,2021-05-31,,,WorthPoint
osmium,Vintage Palladium ART DECO Earrings For PIP,300,2021-05-30,,,WorthPoint
osmium,Vintage Palladium ART DECO ANTIQUE TURQUOISE DIAMOND CHANDELIER Earrings,199.95,2021-05-25,,,WorthPoint
osmium,Vintage Palladium ART DECO ANTIQUE Ring For Kathy,149.95,2021-05-24,,,WorthPoint
osmium,Vintage Palladium ART DECO ANTIQUE 18 MM MABE PEARL DIAMOND FILIGREE Ring #E2,299.95,2021-05-24,,,WorthPoint
osmium,Vintage Palladium ART DECO ANTIQUE NO HEAT 5.80 CT. SAPPHIRE DIAMOND HALO Ring,999,2021-05-24,1.16,861.21,WorthPoint
osmium,Vintage Palladium ART DECO ANTIQUE NO HEAT .60 CT SAPPHIRE DIAMOND FILIGREE Ring,281,2021-05-24,12,23.42,WorthPoint
osmium,Vintage Palladium ART DECO ANTIQUE FILIGREE SILVER GREY MABE PEARL DIAMOND Ring,249.95,2021-05-24,,,WorthPoint
osmium,Vintage Palladium ART DECO ANTIQUE SAPPHIRE DIAMOND WEDDING BAND ENGAGEMENT Ring,299.95,2021-05-24,,,WorthPoint
osmium,Vintage Palladium ART DECO ANTIQUE 1920 1930's TURQUOISE DIAMOND COCKTAIL Ring,399.95,2021-05-24,,,WorthPoint
osmium,Vintage Palladium ART DECO ANTIQUE .24 CARAT DIAMOND WEDDING ENGAGEMENT Ring,142.5,2021-05-24,,,WorthPoint
osmium,Vintage Palladium ART DECO DIAMOND SOLITAIRE WEDDING ENGAGEMENT FILIGREE Ring,122.5,2021-05-24,,,WorthPoint
osmium,Vintage Palladium ART DECO ANTIQUE .40 CARAT CT. DIAMOND DROP DANGLE Earrings,199.95,2021-05-24,,,WorthPoint
osmium,Vintage Palladium & 10k Gold ART DECO ANTIQUE NO HEAT SAPPHIRE DIAMOND Necklace,430,2021-05-24,,,WorthPoint
osmium,Vintage Palladium ART DECO ANTIQUE 16 MM MABE PEARL NO HEAT RUBY DIAMOND Ring,299.95,2021-05-19,,,WorthPoint
osmium,1g Osmium 99.99% Precious Metal Sintered Plate Element Sample,25,2021-05-17,1,25,WorthPoint
osmium,"Meteorite**NWA, CK Carbonaceous**56.12 Gram Individual W/fusion Crust!!!Rare!!",299.99,2021-05-17,56.12,5.35,WorthPoint
osmium,Vintage Palladium ART DECO ANTIQUE CORAL .50 CT DIAMOND LAVALIERE PENDANT Charm,250,2021-05-17,10,25,WorthPoint
osmium,Vintage Palladium ART DECO ANTIQUE 8 MM PEARL DIAMOND FILIGREE COCKTIAL Ring,199.95,2021-05-17,,,WorthPoint
osmium,Vintage 18k Gold & Palladium VICTORIAN GEORGIAN DIAMOND DROP DANGLING Earrings,625,2021-05-17,,,WorthPoint
osmium,Vintage Palladium ART DECO ANTIQUE NATURAL PEARL DIAMOND COCKTAIL Ring,149.95,2021-05-17,,,WorthPoint
osmium,Vintage Palladium ART DECO 15 MM MABE PEARL DIAMOND SAPPHIRE FILIGREE BROOCH Pin,199.95,2021-05-17,,,WorthPoint
osmium,Vintage Palladium ART DECO 1920's 1930's TURQUOISE CARVED CAMEO DIAMOND Ring,229.95,2021-05-17,,,WorthPoint
osmium,Vintage Palladium ART DECO ANTIQUE NO HEAT UNTREATED 1.50 CT RUBY BALLERINA Ring,149.95,2021-05-17,0.3,499.83,WorthPoint
osmium,Vintage Palladium ART DECO ANTIQUE NO HEAT 6.00 CT. MARQUISE SAPPHIRE Earrings,232.45,2021-05-17,1.2,193.71,WorthPoint
osmium,Vintage Palladium VICTORIAN ART DECO COLOMBIAN EMERALD DIAMOND FILIGREE Earrings,182.5,2021-05-17,,,WorthPoint
osmium,Vintage Palladium ART DECO ANTIQUE NO HEAT NATURAL SAPPHIRE DIAMOND Earrings #E3,162.5,2021-05-17,,,WorthPoint
osmium,Ruthenium: 10 Grams Pure 99.95%+ | 44 Platinum Group Fragments | Rare Metals Usa,279.95,2021-05-14,10,27.99,WorthPoint
osmium,"Very Rare Iridium, Gold And Osmium 58.7 Grams.",350,2021-05-11,58.7,5.96,WorthPoint
osmium,Vintage Palladium ART DECO ANTIQUE 1.46 CT. RUBY DIAMOND FILIGREE PENDANT Charm,310,2021-05-10,0.292,1061.64,WorthPoint
osmium,Vintage Palladium ART DECO LARGE RUBY SAPPHIRE DIAMOND CHANDELIER Earrings,499.95,2021-05-10,,,WorthPoint
osmium,Vintage Palladium ART DECO ANTIQUE NO HEAT .30 CARAT CT. RUBY DIAMOND Ring,217.5,2021-05-10,,,WorthPoint
osmium,Vintage Palladium ART DECO ANTIQUE NO HEAT .50 CT. SAPPHIRE DIAMOND Earrings #E3,266.8,2021-05-10,10,26.68,WorthPoint
osmium,Vintage Palladium ART DECO NO HEAT 3.02 CARAT CT. SAPPHIRE DIAMOND FILIGREE Ring,499.95,2021-05-10,,,WorthPoint
osmium,Vintage Palladium ART DECO ANTIQUE .50 CARAT CT. DIAMOND Earrings #E2,199.95,2021-05-09,,,WorthPoint
osmium,Vintage Palladium ART DECO ANTIQUE NO HEAT UNTREATED 1.10 CT SAPPHIRE HALO Ring,78,2021-05-08,0.22,354.55,WorthPoint
osmium,Osmium 1g Arc-Melted Bead 99.95% Pure For Element Collection,39.95,2021-05-05,1,39.95,WorthPoint
osmium,Vintage Palladium ART DECO .50 CARAT CT DIAMOND WEDDING ENGAGEMENT COCKTAIL Ring,305,2021-05-03,,,WorthPoint
osmium,Vintage Palladium ART DECO NO HEAT RUBY .60 CARAT CT DIAMOND CHANDELIER Earrings,249.95,2021-05-03,,,WorthPoint
osmium,Vintage Palladium ART DECO ANTIQUE 11 MM NATURAL PEARL DIAMOND COCKTAIL Ring,399.95,2021-05-03,,,WorthPoint
osmium,Vintage Palladium ART DECO 1920's ANTIQUE STAR RUBY CABOCHON DIAMOND Ring,299.95,2021-05-03,,,WorthPoint
osmium,Vintage Palladium ART DECO NO HEAT 1.75 CARAT CT. SAPPHIRE DIAMOND FILIGREE Ring,305,2021-05-03,,,WorthPoint
osmium,Vintage Palladium ART DECO ANTIQUE 1.00 CARAT CT. DIAMOND CHANDELIER Earrings,425,2021-05-03,,,WorthPoint
osmium,Vintage Palladium ART DECO ANTIQUE .32 CARAT CT. DIAMOND WEDDING ENGAGEMENT Ring,202.5,2021-05-03,,,WorthPoint
osmium,Vintage Palladium ART DECO NO HEAT 3.00 CARAT CT. SAPPHIRE DIAMOND FILIGREE Ring,299.95,2021-05-03,,,WorthPoint
osmium,Vintage Palladium ART DECO LARGE NO HEAT UNTREATED RUBY SAPPHIRE DIAMOND Ring,304.95,2021-05-03,,,WorthPoint
osmium,Pure IRIDIUM Precious Metal Sample Nugget 60 Grams 99%+ Pure XRF Measured 99.22%,13995,2021-04-29,60,233.25,WorthPoint
osmium,Vintage Palladium ART DECO Ring For Marpl,229.95,2021-04-28,,,WorthPoint
osmium,Vintage Palladium ART DECO ANTIQUE 9 MM PEARL DIAMOND FILIGREE COCKTIAL Ring,399.95,2021-04-26,,,WorthPoint
osmium,Vintage Palladium ART DECO SAPPHIRE DIAMOND FILIGREE BOW BUCKLE RIBBON Ring,399.95,2021-04-26,,,WorthPoint
osmium,Vintage Palladium ART DECO NO HEAT 5.50 CARAT SAPPHIRE DIAMOND FILIGREE Earrings,449.95,2021-04-26,,,WorthPoint
osmium,Vintage Palladium ART DECO RETRO COLOMBIAN EMERALD DIAMOND COCKTAIL Ring #E3,185.5,2021-04-26,,,WorthPoint
osmium,Vintage Palladium ART DECO ANTIQUE NO HEAT UNTREATED .45 CARAT RUBY DIAMOND Ring,232.45,2021-04-26,,,WorthPoint
osmium,Vintage Palladium ART DECO ANTIQUE FACETED CORAL DIAMOND CHANDELIER Earrings,565,2021-04-26,,,WorthPoint
osmium,Vintage Palladium ART DECO COLOMBIAN EMERALD NO HEAT RUBY SAPPHIRE Earrings,224.5,2021-04-26,,,WorthPoint
osmium,Vintage Palladium ART DECO ANTIQUE .40 CARAT CT. DIAMOND DANGLE DROP Earrings,375,2021-04-26,,,WorthPoint
osmium,Vintage Palladium ART DECO NO HEAT .40 CT. RUBY WEDDING BAND ENGAGEMENT Ring,182.45,2021-04-26,8,22.81,WorthPoint
osmium,Vintage Palladium ART DECO RETRO GENTS NO HEAT .55 CARAT CT. RUBY DIAMOND Ring,611.11,2021-04-26,,,WorthPoint
osmium,Vintage Palladium ART DECO ANTIQUE 1920 1930 COLOMBIAN EMERALD DIAMOND Earrings,166,2021-04-26,,,WorthPoint
osmium,LOT 15x 1 GRAM RHODIUM COINS COHEN MINT 99.9 PURE PLATINUM GROUP RARE METALS USA,14195,2021-04-20,1,14195,WorthPoint
osmium,Vintage Palladium ART DECO ANTIQUE 3.00 CARAT CT COLOMBIAN EMERALD DIAMOND Ring,274,2021-04-19,,,WorthPoint
osmium,Vintage Palladium ART DECO ANTIQUE 7 MM PEARL DIAMOND HALO COCKTAIL Ring,224.95,2021-04-19,,,WorthPoint
osmium,Vintage Palladium ART DECO NO HEAT RUBY DIAMOND CHECKERBOARD FILLIGREE Ring,300,2021-04-19,,,WorthPoint
osmium,Vintage Palladium ART DECO RETRO NO HEAT RUBY DIAMOND CHECKERBOARD Earrings,355,2021-04-19,,,WorthPoint
osmium,Vintage Palladium ART DECO RETRO NO HEAT UNTREATED .60 CARAT RUBY DIAMOND Ring,399.95,2021-04-19,,,WorthPoint
osmium,Vintage Palladium ART DECO CEYLON SAPPHIRE 2.35 CT. DIAMOND CHANDELIER Earrings,1299.95,2021-04-19,0.47,2765.85,WorthPoint
osmium,Vintage Palladium ART DECO RETRO NO HEAT UNTREATED RUBY DIAMOND GENTS Ring,461,2021-04-19,,,WorthPoint
osmium,Vintage Palladium ART DECO ANTIQUE NO HEAT UNTREATED 1.25 CT. RUBY DIAMOND Ring,699.95,2021-04-19,0.25,2799.8,WorthPoint
osmium,Vintage Palladium ART DECO ANTIQUE .75 CARAT DIAMOND CHANDELIER Earrings #E2,252,2021-04-19,,,WorthPoint
osmium,Vintage Palladium ART DECO RETRO NO HEAT SAPPHIRE DIAMOND WEDDING BAND Ring #E3,194.61,2021-04-19,,,WorthPoint
osmium,Vintage Palladium ART DECO ANTIQUE BLACK GRAY MABE PEARL DIAMOND Earrings #MA,560,2021-04-19,,,WorthPoint
osmium,Vintage Palladium ART DECO 2.00 CARAT COLOMBIAN EMERALD DIAMOND Earrings #A,325.11,2021-04-19,,,WorthPoint
osmium,Vintage Palladium ART DECO COLOMBIAN EMERALD DIAMOND LARGE CHANDELIER Earrings,689,2021-04-19,,,WorthPoint
osmium,Osmium Metal Element Sample - Beautiful 50g Pellet 99.95% Pure - Periodic Table,1450,2021-04-18,50,29,WorthPoint
osmium,Vintage Palladium ART DECO ANTIQUE .22 CARAT CT. DIAMOND CHANDELIER Earrings,171.5,2021-04-17,,,WorthPoint
osmium,Vintage Palladium ART DECO ANTIQUE 1930's COLOMBIAN EMERALD DIAMOND Earrings,299.95,2021-04-15,,,WorthPoint
osmium,Vintage Palladium ART DECO NO HEAT 2.00 CARAT RUBY DIAMOND CHANDELIER Earrings,499.95,2021-04-12,,,WorthPoint
osmium,Vintage Palladium & 18k Gold ART DECO CEYLON SAPPHIRE DIAMOND FILIGREE Ring,599.95,2021-04-12,,,WorthPoint
osmium,Vintage Palladium ART DECO ANTIQUE 1950's 1960's DIAMOND Earrings,211.5,2021-04-12,,,WorthPoint
osmium,Vintage Palladium ART DECO RETRO 1940's 1950's SPUTNIK 2.50 CARAT RUBY Ring #A,187.5,2021-04-12,,,WorthPoint
osmium,Vintage Palladium ART DECO 1920's 1930's ANTIQUE .80 CARAT DIAMOND COCKTAIL Ring,349.95,2021-04-12,,,WorthPoint
osmium,Vintage Palladium ART DECO ANTIQUE GENUINE TURQUOISE COCKTAIL Ring,241.5,2021-04-12,,,WorthPoint
osmium,Vintage Palladium ART DECO DIAMOND ENGAGMENT THREE STONE FILIGREE Ring #MA,970,2021-04-12,,,WorthPoint
osmium,Vintage Palladium ART DECO ANTIQUE 1.20 CARAT CT. DIAMOND CHANDELIER Earrings,607.92,2021-04-12,,,WorthPoint
osmium,Vintage 14k Gold & Palladium ART DECO NO HEAT SAPPHIRE DIAMOND TWO TONE Ring,207.5,2021-04-05,,,WorthPoint
osmium,Vintage Palladium ART DECO ANTIQUE NO HEAT 2.50 CT RUBY DIAMOND COCKTAIL Ring #L,349.95,2021-04-05,0.5,699.9,WorthPoint
osmium,Vintage Palladium ART DECO ANTIQUE 12 MM CORAL DIAMOND FILIGREE Earrings,449.95,2021-04-05,,,WorthPoint
osmium,Vintage Palladium ART DECO ANTIQUE 1950's 1960's DIAMOND COCKTAIL Ring,199.95,2021-04-05,,,WorthPoint
osmium,"Rhenium Metal, 139 Gram (4.47 Toz) Arc Melted Ingot.",500,2021-04-04,139,3.6,WorthPoint
osmium,"Pyrope, Chromian Diopside & Forsterite, Almklovdalen, Norway RARE!",89.95,2021-04-04,,,WorthPoint
osmium,Vintage Palladium ART DECO Earrings For DEE,449.95,2021-04-03,,,WorthPoint
osmium,VINTAGE MILITARY DRESS COPPER DAGGER W. LEATHER SCABBARD W.COPPER FITTINGS,99.99,2021-03-31,,,WorthPoint
osmium,Osmium 1 Gram Arc-Melted Bead 99.95% Pure For Element Collection USA SHIPPING,38,2021-03-29,1,38,WorthPoint
osmium,59 Osmium Beads,1200,2021-03-29,,,WorthPoint
osmium,"Rhenium Metal, Massive And Spectacular One Pound (454+ Gram) Arc Melted Ingot.",1700,2021-03-29,,,WorthPoint
osmium,"Osmium Metal 99.9% 1 Toz (31g) Arc Melted Ingot, Rarest Precious Metal Bullion",1000,2021-03-29,31,32.26,WorthPoint
osmium,Vintage Palladium ART DECO ANTIQUE NO HEAT 2.15 CARAT CT. SAPPHIRE DIAMOND Ring,399.95,2021-03-29,,,WorthPoint
osmium,Vintage Palladium ART DECO NO HEAT SAPPHIRE DIAMOND HALO FILIGREE Earrings,499.95,2021-03-29,,,WorthPoint
osmium,Vintage Palladium ART DECO ANTIQUE 1950's FILIGREE CORAL DIAMOND COCKTAIL Ring,299.95,2021-03-29,,,WorthPoint
osmium,Vintage Palladium ART DECO ANTIQUE UNIQUE COLOMBIAN EMERALD DIAMOND Ring,399.95,2021-03-29,,,WorthPoint
osmium,Vintage Palladium ART DECO NO HEAT 2.00 CT SAPPHIRE DIAMOND FILIGREE Earrings #L,410,2021-03-29,0.4,1025,WorthPoint
osmium,Vintage Palladium ART DECO ANTIQUE NO HEAT 3.00 CARAT RUBY DIAMOND Earrings #L,404.95,2021-03-29,,,WorthPoint
osmium,Vintage Palladium ART DECO ANTIQUE 2.00 CARAT CT. DIAMOND CHANDELIER Earrings,999.95,2021-03-29,,,WorthPoint
osmium,Vintage Palladium ART DECO RETRO GENTS BLUE STAR SAPPHIRE DIAMOND Ring,751,2021-03-29,,,WorthPoint
osmium,"Osmium Bead 1g, 99.95%",35,2021-03-29,1,35,WorthPoint
osmium,Pure IRIDIUM Precious Metal Sample Nugget 4.2 Grams Purity 99.9 XRF Measured,875,2021-03-27,4.2,208.33,WorthPoint
osmium,Pure IRIDIUM Precious Metal Sample Nugget 1.4 Grams Purity 99.9 XRF Measured,299,2021-03-27,1.4,213.57,WorthPoint
osmium,"RARE Native Osmium, Iridium, Iridosmine Crystal KLAMATH RIVER, CALIFORNIA",241.5,2021-03-26,,,WorthPoint
osmium,"3 Osmium Bead 1g, 99.95%",105,2021-03-24,1,105,WorthPoint
osmium,Pure IRIDIUM Precious Metal Sample Nugget 13.4 Grams Purity 99.9 XRF Measured,2680,2021-03-22,13.4,200,WorthPoint
osmium,Vintage Palladium ART DECO ANTIQUE NO HEAT CEYLON SAPPHIRE DIAMOND COCKTAL Ring,599.95,2021-03-22,,,WorthPoint
osmium,Vintage Palladium ART DECO ANTIQUE PRINCESS CUT SAPPHIRE DIAMOND Ring #E1,202.5,2021-03-22,,,WorthPoint
osmium,Vintage Palladium ART DECO ANTIQUE 16 MM SILVER GREY MABE PEARL DIAMOND Earrings,449.95,2021-03-22,,,WorthPoint
osmium,Vintage Palladium ART DECO ANTIQUE NATURAL NO HEAT RUBY DIAMOND COCKTAIL Ring,205.48,2021-03-22,,,WorthPoint
osmium,Vintage Palladium ART DECO NO HEAT RUBY DIAMOND WEDDING BAND ENGAGEMENT Ring #E1,149.95,2021-03-22,,,WorthPoint
osmium,"Osmiridium & Platinum Sand, The Urals, XRD Analysis Provided - Nearly 1/2 Ounce!",274,2021-03-20,,,WorthPoint
osmium,Pure IRIDIUM Precious Metal Sample Nugget 0.9 Grams Purity 99.9 XRF Measured,199,2021-03-17,0.9,221.11,WorthPoint
osmium,Pure IRIDIUM Precious Metal Sample Nugget 0.8 Grams Purity 99.9 XRF Measured,180,2021-03-16,0.8,225,WorthPoint
osmium,Pure IRIDIUM Precious Metal Sample Nugget 1.8 Grams Purity 99.9 XRF Measured,360,2021-03-15,1.8,200,WorthPoint
osmium,Vintage Palladium ART DECO ANTIQUE FILIGREE CORAL DIAMOND COCKTAIL Ring,439.95,2021-03-15,,,WorthPoint
osmium,Pure IRIDIUM Precious Metal Sample Nugget 3.2 Grams Purity 99.9 XRF Measured,640,2021-03-14,3.2,200,WorthPoint
osmium,SEALED 8-Track RUTH COPELAND Self Portrait 1970 Invictus P-Funk,69.98,2021-03-13,,,WorthPoint
osmium,STRAIN GAUGE Monaural PHONO CARTRIDGE ADMIRAL 33C25 Phonograph Radio Gage,39.99,2021-03-10,,,WorthPoint
osmium,Vintage Palladium ART DECO Earrings FOR ANA MARIA,599.95,2021-03-09,,,WorthPoint
osmium,Vintage Palladium ART DECO Lot For Slavica,629,2021-03-08,,,WorthPoint
osmium,Vintage Palladium ANTIQUE NO HEAT UNTREATED RUBY DIAMOND Ring RARE & UNUSUAL,380,2021-03-08,,,WorthPoint
osmium,Vintage Palladium & 14k Gold ART DECO COLOMBIAN EMERALD DIAMOND FILIGREE PENDANT,600,2021-03-08,,,WorthPoint
osmium,Vintage Palladium ART DECO ANTIQUE RUBY STAR DIAMOND CHANDELIER Earrings,299.95,2021-03-08,,,WorthPoint
osmium,Vintage Palladium ART DECO ANTIQUE NO HEAT 4.50 CARAT CT. SAPPHIRE DIAMOND Ring,405,2021-03-08,,,WorthPoint
osmium,1 Gram Palladium Bar - Valcambi Suisse - Purity 999.5,116,2021-03-05,1,116,WorthPoint
osmium,Vintage Palladium ART DECO ANTIQUE Ring For IKE,199.95,2021-03-03,,,WorthPoint
osmium,Vintage Palladium ART DECO ANTIQUE 1.60 CARAT CT. DIAMOND CHANDELIER Earrings,360,2021-03-03,,,WorthPoint
osmium,Vintage Palladium ANTIQUE NO HEAT UNTREATED RUBY DIAMOND COCKTAIL Ring #E1,149.95,2021-03-02,,,WorthPoint
osmium,Vintage Palladium ART DECO 19 MM MABE PEARL DIAMOND FILIGREE CHANDELIER Earrings,449.95,2021-03-01,,,WorthPoint
osmium,Vintage Palladium ART DECO RETRO 1940's 1950's SPUTNIK DISC RUBY DIAMOND Ring,132.5,2021-03-01,,,WorthPoint
osmium,Vintage 14k Gold ART DECO ANTIQUE 1931 FLIP CARVED CAMEO ONYX FILIGREE Ring,165.89,2021-03-01,,,WorthPoint
osmium,Vintage Palladium ART DECO ANTIQUE .67 CARAT CT. DIAMOND WEDDING ENGAGEMENT Ring,399.95,2021-03-01,,,WorthPoint
osmium,Vintage Palladium ART DECO ANTIQUE .84 CARAT CT. DIAMOND WEDDING ENGAGEMENT Ring,309.95,2021-03-01,,,WorthPoint
osmium,Vintage Palladium ANTIQUE NO HEAT UNTREATED NATURAL RUBY DIAMOND COCKTAIL Ring,199.95,2021-03-01,,,WorthPoint
osmium,Vintage Palladium ART DECO NO HEAT NATURAL RUBY WEDDING BAND ENGAGEMENT Ring,99.95,2021-03-01,,,WorthPoint
osmium,"Osmium Metal 99.9%, 5+ Gram Bead. Platinum Bores You? Get Weird With Osmium",199,2021-02-28,,,WorthPoint
osmium,PV03531 Antique Osmium Silverplate John Nodder FLORAL Jelly Server,10,2021-02-24,,,WorthPoint
osmium,Vintage Palladium ART DECO ANTIQUE NATURAL RUBY DIAMOND EARRINGS RING Set #SP,599.95,2021-02-22,,,WorthPoint
osmium,Vintage Palladium ART DECO PINK SAPPHIRE DIAMOND ENGAGEMENT COCKTAIL Ring,199.95,2021-02-22,,,WorthPoint
osmium,Vintage Palladium ART DECO ANTIQUE 7 MM PEARL DIAMOND CHANDELIER Earrings,304.95,2021-02-22,,,WorthPoint
osmium,Beryllium: 5 Grams! Pure 99.9% | Element Sample .999 X-ray Bar | Rare Metals Usa,54.95,2021-02-21,5,10.99,WorthPoint
osmium,"Osmium Metal 99.9%, 4+ Gram Beads. Gold Lost Its Kick? Get Hardcore With Osmium",175,2021-02-20,,,WorthPoint
osmium,SUPER SET Of 66 Different Periodic Table Elements-(Down To One Last Set) Rhodium,589,2021-02-18,,,WorthPoint
osmium,"Osmium 99.9%, 5+ Gram Beads. Tired Of Platinum? Get Weird With Osmium",199,2021-02-16,,,WorthPoint
osmium,Vintage Palladium ART DECO ANTIQUE 1920's 1930's TURQUOISE DIAMOND COCKTAIL Ring,264.11,2021-02-15,,,WorthPoint
osmium,Vintage Palladium ART DECO ANTIQUE 2.60 CT DIAMOND MABE PEARL FILIGREE Earrings,699.95,2021-02-15,0.52,1346.06,WorthPoint
osmium,Vintage Palladium ART DECO ANTIQUE 20 MM MABE PEARL DIAMOND FILIGREE Ring,247.5,2021-02-15,,,WorthPoint
osmium,Vintage Palladium ART DECO ANTIQUE GRAY GREY MABE PEARL DIAMOND COCKTAIL Ring,199.95,2021-02-15,,,WorthPoint
osmium,Vintage Palladium ART DECO ANTIQUE RUBY STAR CABOCHON DIAMOND COCKTAIL Ring,165.5,2021-02-15,,,WorthPoint
osmium,Vintage Palladium ART DECO ANTIQUE 9 MM NATURAL PEARL DIAMOND COCKTAIL Ring,299.95,2021-02-15,,,WorthPoint
osmium,Vintage Palladium ART DECO ANTIQUE .50 CT. NO HEAT NATURAL SAPPHIRE DIAMOND Ring,149.5,2021-02-15,10,14.95,WorthPoint
osmium,1 Gram Rhodium Coin = Cohen Mint: 99.9% Pure Rh Platinum Group | Rare Metals Usa,669.95,2021-02-13,1,669.95,WorthPoint
osmium,Vintage Palladium ART DECO ANTIQUE TURQUOISE .80 CT. DIAMOND FILIGREE Earrings,699.95,2021-02-08,16,43.75,WorthPoint
osmium,"Rhenium Metal, 480g (15.4 T Oz) Arc Melted Ingot. Rarer And Heavier Than Gold",1740,2021-02-07,480,3.63,WorthPoint
osmium,"Rhenium Metal, Massive And Spectacular 467g (15 Troy Ounce) Arc Melted Ingot.",1700,2021-02-07,467,3.64,WorthPoint
osmium,"Precious Metal Collection, Silver Coins, And Diamonds",370.36,2021-02-05,,,WorthPoint
osmium,Vintage Palladium ART DECO SAPPHIRE STACKING STACKABLE WEDDING BAND Ring,112.5,2021-02-01,,,WorthPoint
osmium,Vintage Platinum & 18k Gold ETIENNE BLUE YELLOW PINK DIAMOND WEDDING BAND Ring,699.95,2021-01-30,,,WorthPoint
osmium,Osmium Metal 1g Rarest And Densest Platinum Group Metal Rarer Than Gold Silver,45.97,2021-01-30,1,45.97,WorthPoint
osmium,Recoton Sapphire Gramophone Phonograph Needle Display Card & 14 Osmium Needles,40,2021-01-30,,,WorthPoint
osmium,"Osmium Metal, 10g Of Sintered Plate, For When You're Ready For The Hard Stuff",300,2021-01-27,10,30,WorthPoint
osmium,Vintage Palladium ART DECO 7 MM PEARL .60 CARAT CT. DIAMOND FILIGREE HALO Ring,399.95,2021-01-25,,,WorthPoint
osmium,Vintage Palladium ART DECO NO HEAT PIGEON BLOOD RUBY WEDDING BAND FILIGREE Ring,305,2021-01-25,,,WorthPoint
osmium,Osmium Metal Element Sample .1g Pellet Pieces 99.9% Pure - Periodic Table,7,2021-01-24,1,7,WorthPoint
osmium,Vintage Palladium ART DECO ANTIQUE NO HEAT 4.00 CARAT RUBY DIAMOND Earrings,499.95,2021-01-18,,,WorthPoint
osmium,Vintage Palladium ART DECO 1930's NATURAL RUBY DIAMOND FILIGREE ENGAGEMENT Ring,349.95,2021-01-18,,,WorthPoint
osmium,Vintage Palladium ART DECO ANTIQUE LARGE 1.50 CT. RUBY DIAMOND ENGAGEMENT Ring,609.95,2021-01-18,0.3,2033.17,WorthPoint
osmium,Osmium Metal Element Sample - Beautiful 1g Pellet 99.9% Pure - Periodic Table,45,2021-01-11,1,45,WorthPoint
osmium,Vintage Palladium ART DECO 1930's ANTIQUE 11 MM PEARL DIAMOND COCKTAIL Ring,553,2021-01-11,,,WorthPoint
osmium,Vintage 18k Gold ART DECO ANTIQUE NO HEAT RUBY DIAMOND FILIGREE BALLERINA Ring,399.95,2021-01-11,,,WorthPoint
osmium,Vintage Palladium ART DECO ANTIQUE NO HEAT 2.00 CT. RUBY DIAMOND COCKTAIL Ring,399.95,2021-01-11,0.4,999.87,WorthPoint
osmium,Vintage Palladium ART DECO OLD EUROPEAN GEORGIAN CUT DIAMOND CHANDELIER Earrings,399.95,2021-01-11,,,WorthPoint
osmium,Vintage Palladium ART DECO ANTIQUE 8 MM PEARL DIAMOND COCKTAIL Ring,249.95,2021-01-11,,,WorthPoint
osmium,"RARE OLD Native Iridium & Osmium SYSSERTSK-NEVYANSK, RUSSIA",316,2021-01-08,,,WorthPoint
osmium,Vintage Palladium ART DECO ANTIQUE CORAL 1.00 CARAT DIAMOND CHANDELIER Earrings,399.95,2021-01-04,,,WorthPoint
osmium,"Osmium 99.9%, 4.3 Gram Bead",175,2021-01-03,4.3,40.7,WorthPoint
osmium,"10g Rhenium Pure Element Pellet, Rarer Than Silver, Gold And Palladium",55,2020-12-28,10,5.5,WorthPoint
osmium,Vintage Palladium ART DECO 1930's 1940's EMERALD DIAMOND CHANDELIER Earrings,610,2020-12-28,,,WorthPoint
osmium,Vintage Platinum ART NOUVEAU GEORGIAN CUT ANTIQUE DIAMOND ENGAGEMENT Ring,399.95,2020-12-28,,,WorthPoint
osmium,Vintage Palladium ART DECO COLOMBIAN EMERALD .50 CARAT CT. DIAMOND FILIGREE Ring,349.95,2020-12-28,,,WorthPoint
osmium,Vintage Palladium ART DECO ANTIQUE WIDE RUBY WEDDING BAND ENGAGEMENT Ring,345,2020-12-28,,,WorthPoint
osmium,Vintage Palladium ART DECO ANTIQUE RUBY ENGAGEMENT COCKTAIL Ring,105.5,2020-12-28,,,WorthPoint
osmium,Vintage Palladium ART DECO NO HEAT RUBY STACKING STACKABLE WEDDING BAND Ring,122.5,2020-12-28,,,WorthPoint
osmium,Petroleum/natural Gas War Pioneer Chemist Geologist Mineralogist Letter Signed !,45,2020-12-28,,,WorthPoint
osmium,"W/Re/Os 98.5/1.4/.1 At%, 99.9% Pure, 15.4g",15,2020-12-26,15.4,0.97,WorthPoint
osmium,Vintage Palladium ART DECO LINDE BLUE STAR SAPPHIRE DIAMOND Ring UNUSUAL DESIGN,177.5,2020-12-21,,,WorthPoint
osmium,Vintage Palladium ART DECO DIAMOND FILIGREE CHANDELIER DANGLING Earrings,799.95,2020-12-21,,,WorthPoint
osmium,Vintage Palladium ART DECO ANTIQUE NO HEAT SAPPHIRE 1.00 CT. DIAMOND Earrings #E,167.5,2020-12-21,0.2,837.5,WorthPoint
osmium,Vintage Palladium ART DECO ANTIQUE 2.50 CARAT CT. DIAMOND CHANDELIER Earrings,699.95,2020-12-21,,,WorthPoint
osmium,Vintage Palladium ART DECO ANTIQUE NO HEAT 2.00 CARAT CT. RUBY DIAMOND Earrings,341.5,2020-12-21,,,WorthPoint
osmium,Vintage Palladium ART DECO RETRO 1930's 1940's ANTIQUE OPAL DIAMOND Ring RARE,445,2020-12-21,,,WorthPoint
osmium,SUPER SET Of 66 Different Periodic Table Elements-FOR MAD SCIENTIST 75,550,2020-12-20,,,WorthPoint
osmium,Vintage Palladium ART DECO ANTIQUE For Latona,316.2,2020-12-16,,,WorthPoint
osmium,Vintage Palladium ART DECO For Mageline,550,2020-12-15,,,WorthPoint
osmium,Vintage Palladium Ring For Latona,459.95,2020-12-15,,,WorthPoint
osmium,Vintage Palladium For Slavica,1099.99,2020-12-14,,,WorthPoint
osmium,Vintage Palladium Ring Sizing For Deniese,60,2020-12-14,,,WorthPoint
osmium,Vintage Palladium ART DECO RETRO 4.00 CARAT NO HEAT SAPPHIRE DIAMOND Earrings,349.95,2020-12-14,,,WorthPoint
osmium,Vintage Palladium ART DECO 1.08 CT. OLD MINE EUROPEAN DIAMOND ENGAGEMENT Ring,599.95,2020-12-14,0.216,2777.55,WorthPoint
osmium,Vintage Palladium ART DECO 4.75 CARAT NO HEAT SAPPHIRE DIAMOND COCKTAIL Ring,305,2020-12-14,,,WorthPoint
osmium,Vintage Palladium ART DECO ANTIQUE EMERALD 2.00 CT. DIAMOND CHANDELIER Earrings,809.95,2020-12-14,0.4,2024.88,WorthPoint
osmium,Vintage Palladium ART DECO ANTIQUE GREEN TOURMALINE VERDELITE DIAMOND Ring RARE,183.61,2020-12-14,,,WorthPoint
osmium,Vintage Palladium ART DECO ANTIQUE NO HEAT RUBY DIAMOND DROP DANGLE Earrings #18,153.5,2020-12-14,,,WorthPoint
osmium,Vintage Palladium ART DECO 1920's 1930's ANTIQUE .40 CT DIAMOND COCKTAIL Ring #M,178.5,2020-12-14,8,22.31,WorthPoint
osmium,Vintage Palladium ART DECO ANTIQUE NO HEAT CEYLON SAPPHIRE 1.00 CT DIAMOND Ring,699.95,2020-12-14,0.2,3499.75,WorthPoint
osmium,Vintage Palladium ART DECO ANTIQUE NO HEAT .85 CARAT RUBY DIAMOND COCKTAIL Ring,224.95,2020-12-14,,,WorthPoint
osmium,Osmium Ingot 32.9 Gm 99.5 Pure Extremely Rare Earth Element Platinum Group RWMM,999.99,2020-12-13,32.9,30.39,WorthPoint
osmium,2 New Fidelitone C-39 Replacement Needles For Astatic Cartridges,6,2020-12-12,,,WorthPoint
osmium,Pure IRIDIUM Precious Metal Sample Nugget 1.7 Grams Purity 99.9 XRF Measured B,115,2020-12-11,1.7,67.65,WorthPoint
osmium,Pure IRIDIUM Precious Metal 5 Sample Nuggets 3.4 Grams Purity 99.9 XRF Measured,225,2020-12-11,3.4,66.18,WorthPoint
osmium,Vintage Palladium ART DECO ANTIQUE Rings Exclusive For Yakira #3,399.95,2020-12-10,,,WorthPoint
osmium,Vintage Palladium ART DECO ANTIQUE Lot For Melisa,1100,2020-12-09,,,WorthPoint
osmium,Vintage Palladium ART DECO ANTIQUE Rings Exclusively For Yakira #5,1249.98,2020-12-08,,,WorthPoint
osmium,Vintage Palladium ART DECO NO HEAT NATURAL RUBY DIAMOND COCKTAIL Ring #EB,86,2020-12-08,,,WorthPoint
osmium,Vintage Palladium ART DECO ANTIQUE 5.50 CARAT COLOMBIAN EMERALD DIAMOND Ring #E,599.95,2020-12-07,,,WorthPoint
osmium,Vintage Palladium ART DECO ANTIQUE 1920's PEARL DIAMOND FILIGREE COCKTAIL Ring,69.95,2020-12-07,,,WorthPoint
osmium,Vintage Palladium ART DECO 1920's 1930's ANTIQUE NO HEAT RUBY DIAMOND HALO Ring,215.5,2020-12-07,,,WorthPoint
osmium,Vintage Palladium ART DECO ANTIQUE 1.20 CARAT CT. DIAMOND FILIGREE Earrings,494,2020-12-07,,,WorthPoint
osmium,Vintage 18k Gold & Platinum ART DECO RETRO DIAMOND WEDDING BAND BUCKLE Ring,538,2020-12-07,,,WorthPoint
osmium,Vintage Palladium ART DECO LARGE NATURAL RUBY .40 CARAT DIAMOND COCKTAIL Ring,207.5,2020-12-07,,,WorthPoint
osmium,Vintage Palladium ART DECO RETRO ERA ANTIQUE .56 CT. DIAMOND WEDDING BAND Ring,202.5,2020-12-07,11.2,18.08,WorthPoint
osmium,Vintage Platinum ART DECO ANTIQUE .85 CT. DIAMOND WEDDING BAND ENGAGEMENT Ring,635,2020-12-07,17,37.35,WorthPoint
osmium,Vintage 14k Gold Platinum ART NOUVEAU GEORGIAN ANTIQUE DIAMOND FILIGREE Ring,204.95,2020-12-07,,,WorthPoint
osmium,Vintage Platinum ART DECO ANTIQUE COLOMBIAN EMERALD DIAMOND FILIGREE BROOCH Pin,721,2020-12-07,,,WorthPoint
osmium,Vintage Palladium ART DECO ANTIQUE DIAMOND COCKTAIL Ring #M,207.5,2020-12-07,,,WorthPoint
osmium,Vintage Palladium ART DECO NO HEAT CEYLON SAPPHIRE DIAMOND FILIGREE Ring,750,2020-12-07,,,WorthPoint
osmium,Vintage Palladium ART DECO ANTIQUE 2.16 CT DIAMOND FILIGREE CHANDELIER Earrings,899.95,2020-12-07,0.432,2083.22,WorthPoint
osmium,Vintage Palladium ART DECO ANTIQUE NO HEAT RUBY DIAMOND FLOWER Earrings,199.95,2020-12-07,,,WorthPoint
osmium,Vintage Palladium ART DECO ANTIQUE 1930's DIAMOND RIBBON COCKTAIL Ring,202.51,2020-12-07,,,WorthPoint
osmium,Vintage Palladium ART DECO COLOMBIAN EMERALD 1.10 CT DIAMOND CHANDELIER Earrings,499.95,2020-12-07,0.22,2272.5,WorthPoint
osmium,Vintage Palladium ART DECO CEYLON SAPPHIRE DIAMOND CHANDELIER Earrings #E,299.95,2020-12-07,,,WorthPoint
osmium,Vintage Platinum ART DECO DIAMOND SEMI ETERNITY WEDDING BAND ENGAGEMENT Ring,325,2020-12-02,,,WorthPoint
osmium,Vintage Palladium ART DECO ANTIQUE Bracelet For Slavica,925,2020-12-01,,,WorthPoint
osmium,Vintage Palladium ART DECO ANTIQUE NO HEAT RUBY DIAMOND BALLERINA DOME Ring,900,2020-12-01,,,WorthPoint
osmium,Vintage Palladium ART DECO 5.00 CARAT COLOMBIAN EMERALD DIAMOND FILIGREE Ring #C,3995.95,2020-12-01,,,WorthPoint
osmium,Vintage 18k Gold Platinum ART DECO ANTIQUE COLOMBIAN EMERALD DIAMOND Earrings #C,1595.95,2020-12-01,,,WorthPoint
osmium,Vintage Palladium ART DECO ANTIQUE CORAL DIAMOND EARRINGS & RING Set,510,2020-12-01,,,WorthPoint
osmium,Vintage Palladium ART DECO ANTIQUE BLACK GREY MABE PEARL DIAMOND COCKTAIL Ring,243.5,2020-12-01,,,WorthPoint
osmium,Vintage Palladium ART DECO 9 MM SILVER GREY PEARL DIAMOND CHANDELIER Earrings,799.95,2020-12-01,,,WorthPoint
osmium,Vintage Palladium ART DECO ANTIQUE DIAMOND ENGAGEMENT WEDDING COCKTAIL Ring,191.5,2020-12-01,,,WorthPoint
osmium,Pure IRIDIUM Precious Metal Sample Nugget 2.0 Grams Purity 99.9 XRF Measured,130,2020-11-30,2,65,WorthPoint
osmium,Pure IRIDIUM Precious Metal Sample Nugget 2.6 Grams Purity 99.9 XRF Measured A,170,2020-11-30,2.6,65.38,WorthPoint
osmium,Pure IRIDIUM Precious Metal Sample Nugget 2.1 Grams Purity 99.9 XRF Measured,135,2020-11-30,2.1,64.29,WorthPoint
osmium,Pure IRIDIUM Precious Metal 10 Sample Nuggets 2.4 Grams Purity 99.9 XRF Measure,160,2020-11-30,2.4,66.67,WorthPoint
osmium,Pure IRIDIUM Precious Metal Sample Nugget 1.9 Grams Purity 99.9 XRF Measured B,125,2020-11-30,1.9,65.79,WorthPoint
osmium,Pure IRIDIUM Precious Metal Sample Nugget 5.1 Grams Purity 99.9 XRF Measured B,330,2020-11-30,5.1,64.71,WorthPoint
osmium,Pure IRIDIUM Precious Metal Sample Nugget 9.4 Grams Purity 99.9 XRF Measured,610,2020-11-30,9.4,64.89,WorthPoint
osmium,Vintage Palladium ART DECO BI-COLOR GREEN BLUE SAPPHIRE ROSE CUT DIAMOND Ring,264.8,2020-11-30,,,WorthPoint
osmium,Pure IRIDIUM Precious Metal 10 Sample Nuggets 2.3 Grams Purity 99.9 XRF Measure,150,2020-11-30,2.3,65.22,WorthPoint
osmium,Vintage 14k Gold Platinum ART DECO COLOMBIAN EMERALD DIAMOND STICK PIN Stickpin,399.95,2020-11-30,,,WorthPoint
osmium,Vintage Palladium ART DECO 1940's RETRO ANTIQUE RUBY DIAMOND ENGAGEMENT Ring,521.99,2020-11-30,,,WorthPoint
osmium,Vintage Palladium ART DECO ANTIQUE COLOMBIAN EMERALD .20 CT. DIAMOND Earrings,199.95,2020-11-30,4,49.99,WorthPoint
osmium,Vintage Palladium ART DECO ANTIQUE RUBY DIAMOND PEARL BALLERINA FILIGREE Ring,380,2020-11-30,,,WorthPoint
osmium,Vintage Palladium ART DECO NO HEAT 3.00 CARAT SAPPHIRE DIAMOND FILIGREE Ring,301,2020-11-30,,,WorthPoint
osmium,Vintage Palladium GEORGIAN ANTIQUE CULTURED PEARL DIAMOND FILIGREE COCKTAIL Ring,310,2020-11-30,,,WorthPoint
osmium,Vintage Palladium ART DECO ANTIQUE NO HEAT NATURAL .85 CARAT RUBY COCKTAIL Ring,202.19,2020-11-30,,,WorthPoint
osmium,Vintage Palladium ART DECO 1930's COLOMBIAN EMERALD WEDDING BAND ENGAGEMENT Ring,113.5,2020-11-30,,,WorthPoint
osmium,Vintage Palladium ART DECO ANTIQUE 1920s 1930s DIAMOND DROP DANGLE Earrings,399.95,2020-11-30,,,WorthPoint
osmium,Vintage Palladium ART DECO 1.50 CARAT NO HEAT SAPPHIRE DIAMOND COCKTAIL Ring,299.95,2020-11-30,,,WorthPoint
osmium,Vintage Palladium ART DECO ANTIQUE 1.50 CARAT CT.DIAMOND RIBBON Earrings,599.95,2020-11-30,,,WorthPoint
osmium,Vintage Platinum & 18k Gold Art Deco Antique 1920's Diamond Engagement Ring,399.95,2020-11-30,,,WorthPoint
osmium,Vintage Palladium ANTIQUE RETRO 1950's 1960's DIAMOND BLACK & WHITE PEARL Ring,159.95,2020-11-30,,,WorthPoint
osmium,SUPER SET Of 66 Different Periodic Table Elements-FOR FLINTDIGGER7870,529,2020-11-30,,,WorthPoint
osmium,"Osmium 99.9%, 9mm, 5.5g Bead",210,2020-11-28,5.5,38.18,WorthPoint
osmium,SUPER SET Of 66 Different Periodic Table Elements-Includes $304 Of Pure Rhodium!,499,2020-11-28,,,WorthPoint
osmium,Vintage Palladium ART DECO ANTIQUE LARGE 13 MM NATURAL PEARL DIAMOND Ring RARE,599.95,2020-11-27,,,WorthPoint
osmium,Vintage Palladium ART DECO DIAMOND LOT OF Rings & Earrings EXCLUSIVE For SLAVICA,1188,2020-11-24,,,WorthPoint
osmium,Vintage 14k Gold & Palladium ART DECO 3.00 CT. COLOMBIAN EMERALD DIAMOND Ring #R,575,2020-11-24,0.6,958.33,WorthPoint
osmium,"Rhenium Metal Ingot, 460g ""factory Second"" Deep Discount",1000,2020-11-23,460,2.17,WorthPoint
osmium,Vintage Palladium ART DECO 1.68 CARAT DIAMOND ENGAGEMENT WEDDING COCKTAIL Ring,899.95,2020-11-23,,,WorthPoint
osmium,Vintage 18k Gold Platinum Top ART DECO 1920's DIAMOND PENDANT LAVALIERE Charm #E,142.5,2020-11-23,,,WorthPoint
osmium,Vintage Palladium ART DECO CEYLON NEON SAPPHIRE DIAMOND CHANDELIER Earrings #C,1999.95,2020-11-23,,,WorthPoint
osmium,Vintage Palladium ART DECO COLOMBIAN EMERALD BAGUETTE DIAMOND FILIGREE Ring,700,2020-11-23,,,WorthPoint
osmium,Vintage Palladium LARGE ART DECO COLOMBIAN EMERALD DIAMOND CHANDELIER Earrings,405,2020-11-23,,,WorthPoint
osmium,Vintage Platinum & 14k Gold ART DECO ANTIQUE MARQUISE DIAMOND ENGAGEMENT Ring,79.95,2020-11-23,,,WorthPoint
osmium,Vintage Palladium ART DECO ANTIQUE CORAL DIAMOND HALO FILIGREE COCKTAIL Ring,430,2020-11-23,,,WorthPoint
osmium,Vintage Palladium ART DECO ANTIQUE PEARL 1.10 CARAT DIAMOND FILIGREE Earrings,610,2020-11-23,,,WorthPoint
osmium,Vintage Palladium ART DECO ANTIQUE EMERALD DIAMOND FLEUR DE LIS PEACOCK Ring #M,203.5,2020-11-23,,,WorthPoint
osmium,Vintage Palladium ART DECO ANTIQUE 1.14 CARAT CT. DIAMOND CHANDELIER Earrings,799.95,2020-11-23,,,WorthPoint
osmium,Vintage Palladium ART DECO RETRO 1940's COLOMBIAN EMERALD DIAMOND GENTS Ring,399.95,2020-11-23,,,WorthPoint
osmium,Vintage 14k Gold & Platinum ANTIQUE GEORGIAN ART NOUVEAU CORAL DIAMOND Earrings,610,2020-11-23,,,WorthPoint
osmium,Vintage Palladium ART DECO ANTIQUE .22 CT. DIAMOND WEDDING BAND ENGAGEMENT Ring,199.95,2020-11-23,4.4,45.44,WorthPoint
osmium,Vintage Palladium ANTIQUE PEARL DIAMOND RIBBON BOW CHANDELIER Earrings,310,2020-11-23,,,WorthPoint
osmium,Vintage Palladium ANTIQUE UNTREATED NATURAL SAPPHIRE DIAMOND Ring,92,2020-11-23,,,WorthPoint
osmium,Vintage Palladium ART DECO ANTIQUE STAR RUBY DIAMOND EARRINGS & RING Set,635,2020-11-23,,,WorthPoint
osmium,Vintage Palladium ANTIQUE ART DECO RETRO 1.80 CT DIAMOND Earrings RARE MOVABLE,1299.95,2020-11-23,0.36,3610.97,WorthPoint
osmium,Vintage Palladium ART DECO ANTIQUE RUBY SCARAB CABOCHON DIAMOND COCKTAIL Ring,202.5,2020-11-23,,,WorthPoint
osmium,Vintage Palladium ART DECO RETRO 1950's 1960's NATURAL STAR RUBY DIAMOND Ring,150.5,2020-11-23,,,WorthPoint
osmium,Vintage Palladium ART DECO NO HEAT RUBY DIAMOND FILIGREE WEDDING BAND Ring,485,2020-11-23,,,WorthPoint
osmium,Vintage Palladium ART DECO ANTIQUE 3.00 CT. NO HEAT RUBY DIAMOND BALLERINA Ring,399.95,2020-11-23,0.6,666.58,WorthPoint
osmium,Vintage Palladium ART DECO ANTIQUE 2.50 CARAT CT. NO HEAT RUBY DIAMOND HALO Ring,499.95,2020-11-23,,,WorthPoint
osmium,Vintage Palladium ART DECO RETRO UNTREATED NATURAL SAPPHIRE DIAMOND Ring #M,304.95,2020-11-23,,,WorthPoint
osmium,Vintage Palladium ART DECO 1940's RETRO.96 CARAT CT. DIAMOND GENTS MEN'S Ring,349.95,2020-11-23,,,WorthPoint
osmium,Vintage 18k Gold ART DECO ANTIQUE DIAMOND ENGAGEMENT WEDDING HALO Ring #R,710,2020-11-23,,,WorthPoint
osmium,Pure IRIDIUM Precious Metal Sample Nugget 1.5 Grams Purity 99.9 XRF Measured,105,2020-11-20,1.5,70,WorthPoint
osmium,Rhenium Metal 10mm Density Cube 99.95% Pure For Element Collection USA SHIPPING,249,2020-11-19,,,WorthPoint
osmium,Pure IRIDIUM Precious Metal 5 Sample Nuggets 2.7 Grams Purity 99.9 XRF Measured,180,2020-11-18,2.7,66.67,WorthPoint
osmium,Vintage Platinum MODERN COLOMBIAN EMERALD DIAMOND HALO FILIGREE COCKTAIL Ring,380,2020-11-16,,,WorthPoint
osmium,Vintage Palladium ANTIQUE 1950s 1960s LINDE BLUE STAR SAPPHIRE DIAMOND Ring,99.95,2020-11-16,,,WorthPoint
osmium,Vintage Palladium ART DECO ANTIQUE SAPPHIRE RUBY EMERALD DIAMOND Earrings,307,2020-11-16,,,WorthPoint
osmium,Vintage Palladium ART DECO ANTIQUE COLOMBIAN EMERALD .70 DIAMOND COCKTAIL Ring,840,2020-11-16,,,WorthPoint
osmium,Vintage Platinum ART DECO ANTIQUE 1940's DIAMOND ENGAGEMENT WEDDING Ring #E,479.95,2020-11-16,,,WorthPoint
osmium,Vintage Palladium ART DECO FILIGREE SAPPHIRE DIAMOND WEDDING BAND Ring #M,600,2020-11-16,,,WorthPoint
osmium,Vintage Palladium ART DECO ANTIQUE NO HEAT RUBY DIAMOND SPRAY COCKTAIL Ring #M,369,2020-11-16,,,WorthPoint
osmium,Vintage Palladium ART DECO RETRO 1940's 1950's 9 MM PEARL DIAMOND Earrings #M,199.95,2020-11-16,,,WorthPoint
osmium,Vintage Palladium ART DECO BLACK GREY MABE PEARL DIAMOND CHANDELIER Earrings,399.95,2020-11-16,,,WorthPoint
osmium,Vintage Palladium ART DECO ANTIQUE NO HEAT UNTREATED RUBY HALO FLOWER Ring,93,2020-11-16,,,WorthPoint
osmium,Vintage Palladium ART DECO ANTIQUE 3.00 CARAT COLOMBIAN EMERALD DIAMOND Ring,415,2020-11-16,,,WorthPoint
osmium,Vintage Palladium ART DECO ANTIQUE 8 MM PEARL 1.50 CARAT CT. DIAMOND Earrings #M,599.95,2020-11-15,,,WorthPoint
osmium,"RARE Native Osmium Iridosmine Crystal NEIVA RIVER, RUSSIA - Ex. Lemanski",403,2020-11-13,,,WorthPoint
osmium,Pure IRIDIUM Precious Metal Sample Nugget 2.7 Grams Purity 99.9 XRF Measured B,175,2020-11-12,2.7,64.81,WorthPoint
osmium,Vintage Palladium ART DECO COLOMBIAN EMERALD DIAMOND ENGAGEMENT COCKTAIL Ring,449.95,2020-11-09,,,WorthPoint
osmium,Vintage Palladium ART DECO ANTIQUE RETRO MABE PEARL DIAMOND COCKTAIL Earrings,599.95,2020-11-09,,,WorthPoint
osmium,Ruthenium: 1 Oz Ounce! Pure 99.95%+ | Platinum Group Fragments | Rare Metals Usa,419.95,2020-11-06,28.35,14.81,WorthPoint
osmium,Pure IRIDIUM Precious Metal Sample Nugget 33 Grams Purity 99.9 XRF Measured,2099,2020-11-05,33,63.61,WorthPoint
osmium,Vintage Platinum 1920s AUTHENTIC ART DECO DIAMOND ENGAGEMENT SEMI MOUNTING Ring,1199.95,2020-11-05,,,WorthPoint
osmium,Phonograph Gramophone Needle Tin & Packets - Paramount Osmium Filtra Tone #2082,18.5,2020-11-03,,,WorthPoint
osmium,Vintage Palladium ART DECO LAPIS LAZULI BAGUETTE DIAMOND CHANDELIER Earrings,699.95,2020-11-03,,,WorthPoint
osmium,Vintage Palladium ART DECO ANTIQUE UNTREATED NO HEAT SAPPHIRE DIAMOND Ring,220.5,2020-11-02,,,WorthPoint
osmium,Vintage Palladium ART DECO ANTIQUE PRINCESS EMERALD CUT RUBY DIAMOND BUCKLE Ring,151.35,2020-11-02,,,WorthPoint
osmium,Vintage Palladium ART DECO ANTIQUE DIAMOND CHANDELIER DROP DANGLE Earrings,122.5,2020-11-02,,,WorthPoint
osmium,Vintage Palladium ART DECO LAPIS LAZULI GOLD FLAKES DIAMOND CHANDELIER Earrings,349.95,2020-11-02,,,WorthPoint
osmium,Vintage Palladium ART DECO ANTIQUE RETRO NO HEAT MARQUISE RUBY COCKTAIL Ring,113,2020-11-02,,,WorthPoint
osmium,Vintage Palladium ANTIQUE LARGE CHUNKY ART DECO 3 CT. NO HEAT RUBY DIAMOND Ring,265,2020-11-02,0.6,441.67,WorthPoint
osmium,Vintage Palladium LARGE AQUAMARINE ANTIQUE ART DECO DIAMOND COCKTAIL Ring RARE,799,2020-11-02,,,WorthPoint
osmium,Vintage Palladium ART DECO RETRO ANTIQUE UNTREATED NO HEAT RUBY COCKTAIL Ring,81,2020-11-02,,,WorthPoint
osmium,Vintage Palladium ART DECO ANTIQUE For Slavica,720,2020-10-30,,,WorthPoint
osmium,Vintage Palladium ART DECO ANTIQUE 10.75 MM PEARL DIAMOND PENDANT CHARM Necklace,620,2020-10-29,,,WorthPoint
osmium,Gramophone Phonograph Needle Card Old Stock Unopened Osmium Zenith Long Life,8,2020-10-28,,,WorthPoint
osmium,Vintage Palladium ART DECO ANTIQUE,645,2020-10-26,,,WorthPoint
osmium,Vintage Palladium ART DECO - RETRO ANTIQUE TURQUOISE DIAMOND FILIGREE BROOCH Pin,960,2020-10-26,,,WorthPoint
osmium,Vintage Palladium ART DECO COLOMBIAN EMERALD 1.00 CT DIAMOND CHANDELIER Earrings,399.95,2020-10-26,0.2,1999.75,WorthPoint
osmium,Vintage Palladium GEORGIAN VICTORIAN DIAMOND .70 RUBY ENGAGEMENT FILIGREE Ring,310,2020-10-26,,,WorthPoint
osmium,Vintage Platinum 1920's AUTHENTIC ART DECO SAPPHIRE DIAMOND STICK PIN Stickpin,403.82,2020-10-26,,,WorthPoint
osmium,Vintage Palladium ART DECO ANTIQUE 1.50 CARAT COLOMBIAN EMERALD DIAMOND Earrings,199.95,2020-10-26,,,WorthPoint
osmium,Vintage Palladium ART DECO ANTIQUE DIAMOND COCKTAIL FLOWER SNOWFLAKE Ring #E,76,2020-10-26,,,WorthPoint
osmium,Vintage Palladium ART DECO ANTIQUE NO HEAT RUBY DIAMOND ENGAGEMENT Ring,249.95,2020-10-26,,,WorthPoint
osmium,Vintage Palladium ART DECO ANTIQUE 2.00 CARAT CT COLOMBIAN EMERALD DIAMOND Ring,215.5,2020-10-26,,,WorthPoint
osmium,Vintage Palladium ART DECO ANTIQUE NO HEAT RUBY DIAMOND HALO COCKTAIL Ring #E,96,2020-10-26,,,WorthPoint
osmium,Vintage Palladium LARGE ART DECO ANTIQUE NATURAL CORAL DIAMOND COCKTAIL Ring,399.95,2020-10-26,,,WorthPoint
osmium,Vintage Palladium ART DECO COLOMBIAN EMERALD PEARL DIAMOND DROP Earrings RARE,305,2020-10-26,,,WorthPoint
osmium,Vintage Palladium ART DECO ANTIQUE NO HEAT 1.50 CT RUBY DIAMOND TENNIS Bracelet,858,2020-10-26,0.3,2860,WorthPoint
osmium,Pure IRIDIUM Precious Metal 10 Sample Nuggets 1.8 Grams Purity 99.9 XRF Measure,120,2020-10-24,1.8,66.67,WorthPoint
osmium,Vintage Platinum ART DECO ANTIQUE .50 CARAT CT. DIAMOND FILIGREE COCKTAIL Ring,400,2020-10-23,,,WorthPoint
osmium,Osmium (Os)-1 Troy Oz.-(31.1 Grams)-Round-Rare World Metals Mint-.9995 Fine,698.88,2020-10-21,31.1,22.47,WorthPoint
osmium,Vintage ART DECO ANTIQUE LOT For Slavica,1450,2020-10-21,,,WorthPoint
osmium,Vintage Palladium ART DECO ANTIQUE NO HEAT UNTREATED RUBY CLUSTER Earrings,228.6,2020-10-19,,,WorthPoint
osmium,Vintage Palladium ART DECO ANTIQUE 2.00 CARAT CT. GARNET DIAMOND COCKTAIL Ring,146.39,2020-10-19,,,WorthPoint
osmium,Vintage Palladium ART DECO ANTIQUE EMERALD CUT AQUAMARINE DIAMOND COCKTAIL Ring,399.95,2020-10-19,,,WorthPoint
osmium,Vintage Palladium ART DECO NO HEAT 4.50 CARAT CT SAPPHIRE DIAMOND COCKTAIL Ring,305,2020-10-19,,,WorthPoint
osmium,Vintage Palladium ART DECO ANTIQUE 1920's 1930's PEARL DIAMOND COCKTAIL Ring,119.95,2020-10-19,,,WorthPoint
osmium,Vintage Palladium ART DECO ANTIQUE 5 MM PEARL DIAMOND DROP DANGLE Earrings,192.5,2020-10-19,,,WorthPoint
osmium,Vintage Palladium ART DECO ANTIQUE NO HEAT UNTREATED RUBY GRAPE LEAF Earrings,180.6,2020-10-19,,,WorthPoint
osmium,Vintage Palladium ART DECO ANTIQUE 4.00 CARAT SAPPHIRE DIAMOND Ring RARE UNUSUAL,355,2020-10-19,,,WorthPoint
osmium,Vintage Palladium ART DECO DIAMOND ENGAGEMENT WEDDING COCKTAIL FILIGREE Ring,430,2020-10-19,,,WorthPoint
osmium,Vintage Palladium ART DECO ANTIQUE 1930's NO HEAT SAPPHIRE DIAMOND COCKTAIL Ring,199.95,2020-10-19,,,WorthPoint
osmium,Vintage Palladium ART DECO ANTIQUE COLOMBIAN EMERALD FLOWER COCKTAIL Ring,90.95,2020-10-19,,,WorthPoint
osmium,Vintage Palladium ART DECO ANTIQUE DIAMOND DROP DANGLE CHANDELIER Earrings,450,2020-10-19,,,WorthPoint
osmium,Vintage Palladium ART DECO ANTIQUE RUBY DIAMOND ENGAGEMENT WEDDING BAND Ring,162.5,2020-10-19,,,WorthPoint
osmium,Pure IRIDIUM Precious Metal Sample Nugget 0.6 Grams Purity 99.9 XRF Measured B,45,2020-10-13,0.6,75,WorthPoint
osmium,RARE NATIVE SILVER On Calcite Crystal Cluster Natural Mineral Specimen MOROCCO,295.95,2020-10-12,,,WorthPoint
osmium,Vintage Palladium ART DECO BLUE GREY MABE PEARL DIAMOND CHANDELIER Earrings #M,369.95,2020-10-12,,,WorthPoint
osmium,Vintage Palladium ART DECO BLUE GREY BLACK PEARL DIAMOND FILIGREE COCKTAIL Ring,179.95,2020-10-12,,,WorthPoint
osmium,Vintage Palladium ART DECO ANTIQUE NO HEAT RUBY 1.00 CT DIAMOND COCKTAIL Ring #M,499.95,2020-10-12,0.2,2499.75,WorthPoint
osmium,Vintage Palladium ART DECO ANTIQUE 1930's 1940's SAPPHIRE DIAMOND COCKTAIL Ring,202.5,2020-10-12,,,WorthPoint
osmium,Vintage Palladium ART DECO ANTIQUE BLUE GREY MABE PEARL DIAMOND COCKTAIL Ring #M,199.95,2020-10-12,,,WorthPoint
osmium,Vintage Palladium & 18k Gold ART DECO 1920's 1930's RUBY DIAMOND DROP Earrings,255,2020-10-12,,,WorthPoint
osmium,Vintage Palladium ART DECO ANTIQUE LINDY STAR RUBY DIAMOND COCKTAIL Ring,299.95,2020-10-12,,,WorthPoint
osmium,Vintage Palladium ART DECO ANTIQUE 1.47 CARAT CT DIAMOND ENGAGEMENT HALO Ring #E,335.99,2020-10-12,,,WorthPoint
osmium,Pure IRIDIUM Precious Metal Sample Nugget 1.2 Grams Purity 99.9 XRF Measured B,75,2020-10-09,1.2,62.5,WorthPoint
osmium,RUTHENIUM: 5.0 GRAM 5g ULTRA PURE 99.999% | SAMPLE PGM CHUNKS | RARE METALS USA!,87.95,2020-10-08,5,17.59,WorthPoint
osmium,Pure IRIDIUM Precious Metal Sample Nugget 8.2 Grams Purity 99.9 XRF Measured,530,2020-10-08,8.2,64.63,WorthPoint
osmium,Beryllium: 6 Grams! Pure 99.9% | Element Sample .999 X-ray Bar | Rare Metals Usa,59.95,2020-10-05,6,9.99,WorthPoint
osmium,Vintage Palladium GIA ART DECO RETRO NO HEAT BURMA SAPPHIRE DIAMOND Ring #SP,2295.95,2020-10-05,,,WorthPoint
osmium,Vintage Palladium ART DECO ANTIQUE LARGE NO HEAT SAPPHIRE DIAMOND COCKTAIL Ring,299.95,2020-10-05,,,WorthPoint
osmium,Vintage Palladium 18K Gold ART DECO ANTIQUE SAPPHIRE DIAMOND FLOWER Earrings,439.95,2020-10-05,,,WorthPoint
osmium,Vintage Palladium ART DECO ANTIQUE FILIGREE ANGEL SKIN CORAL DIAMONDS Earrings,299.95,2020-10-05,,,WorthPoint
osmium,Vintage Palladium ART DECO ANTIQUE LINDY BLUE STAR SAPPHIRE DIAMOND Ring,299.95,2020-10-05,,,WorthPoint
osmium,Antique RECOTON Phonograph Needles Store Display,24.99,2020-10-04,,,WorthPoint
osmium,Vintage Platinum ART DECO 1.50 CT DIAMOND SAPPHIRE FILIGREE HALO ENGAGEMENT Ring,1050,2020-09-28,0.3,3500,WorthPoint
osmium,Vintage Palladium ART DECO ANTIQUE RARE BI COLOR SAPPHIRE DIAMOND FILIGREE Ring,479,2020-09-28,,,WorthPoint
osmium,Vintage Palladium ART DECO TURQUOISE ROSE CUT DIAMOND CHANDELIER DROP Earrings,168,2020-09-28,,,WorthPoint
osmium,Vintage Palladium ART DECO ANTIQUE CORAL .75 CARAT DIAMOND CHANDELIER Earrings,370.85,2020-09-28,,,WorthPoint
osmium,Vintage Palladium ART DECO ANTIQUE GENTS 1.25 CT COLOMBIAN EMERALD DIAMOND Ring,999.95,2020-09-28,0.25,3999.8,WorthPoint
osmium,Vintage Palladium ART DECO ANTIQUE 10.00 CARAT RUBY DIAMOND CHANDELIER Earrings,1699.95,2020-09-28,,,WorthPoint
osmium,Vintage Pair Of Miller Jukebox Needles For Seeburg 100A - 78's / 3 Mil Tip,18.99,2020-09-27,,,WorthPoint
osmium,"Osmium Metal, 4g Of Sintered Plate",120,2020-09-26,4,30,WorthPoint
osmium,Vintage 18k Gold & Palladium ART DECO ANTIQUE THREE STONE DIAMOND COCKTAIL Ring,899.95,2020-09-23,,,WorthPoint
osmium,Vintage Silver AUTHENTIC TURQUOISE MARCASITE Ring For Decl-2376,49.95,2020-09-22,,,WorthPoint
osmium,Vintage Palladium ART DECO MABE PEARL DIAMOND CHANDELIER DROP FILIGREE Earrings,299.95,2020-09-21,,,WorthPoint
osmium,Vintage Palladium ANTIQUE 1950's 1960's MARQUISE SAPPHIRE DIAMOND PENDANT Charm,190.5,2020-09-21,,,WorthPoint
osmium,Vintage Palladium ART DECO ANTIQUE .75 CARAT CT. CEYLON SAPPHIRE DIAMOND Ring,172.5,2020-09-21,,,WorthPoint
osmium,Vintage Palladium ART DECO ANTIQUE LARGE 10 MM PINK ROSE PEARL COCKTAIL Ring,87,2020-09-21,,,WorthPoint
osmium,Vintage Palladium ART DECO BLUE GREY MABE PEARL DIAMOND FILIGREE Earrings,249.95,2020-09-21,,,WorthPoint
osmium,Vintage Palladium ART DECO COLOMBIAN EMERALD 1.35 CARAT CT DIAMOND FILIGREE Ring,730,2020-09-21,,,WorthPoint
osmium,Vintage Palladium ART DECO ANTIQUE AQUAMARINE DIAMOND Ring RARE UNIQUE DESIGN,535.99,2020-09-21,,,WorthPoint
osmium,Vintage Palladium ART DECO ANTIQUE RUBY DIAMOND FILIGREE COCKTAIL ESTATE Ring,560,2020-09-21,,,WorthPoint
osmium,Vintage Palladium SAPPHIRE DIAMOND COCKTAIL Ring For Lburtreynoldsl,125.5,2020-09-16,,,WorthPoint
osmium,Antique PERMO-POINT Gramophone Phonograph Victrola Needle - 2000 Plays It Says!,29,2020-09-16,,,WorthPoint
osmium,Vintage Palladium ART DECO ANTIQUE .35 .40 CARAT DIAMOND FILIGREE COCKTAIL Ring,570,2020-09-14,,,WorthPoint
osmium,Vintage Palladium ART DECO ANTIQUE COLOMBIAN EMERALD .65 .70 CARAT DIAMOND Ring,760,2020-09-14,,,WorthPoint
osmium,Vintage Palladium ART DECO ANTIQUE BALLERINA .50 CARAT CT DIAMOND FILIGREE Ring,445,2020-09-14,,,WorthPoint
osmium,Vintage Palladium ART DECO ANTIQUE AUSTRALIAN OPAL DIAMOND COCKTAIL Ring RARE,386,2020-09-14,,,WorthPoint
osmium,Vintage Palladium RETRO 1950's 1960's NO HEAT RUBY DIAMOND FLOWER HALO Ring,153.61,2020-09-14,,,WorthPoint
osmium,Vintage Palladium ART DECO ANTIQUE DIAMOND SPRAY FILIGREE COCKTAIL Ring,160.27,2020-09-14,,,WorthPoint
osmium,Vintage Palladium ART DECO ANTIQUE 1.13 CARAT CT. DIAMOND BUCKLE FILIGREE Ring,1295.95,2020-09-08,,,WorthPoint
osmium,Vintage Palladium ART DECO RETRO 1930's 1940's NATURAL BLUE ZIRCON DIAMOND Ring,160.5,2020-09-07,,,WorthPoint
osmium,Vintage Palladium ART DECO ANTIQUE PEARL DIAMOND COCKTAIL ESTATE Ring,145.5,2020-09-07,,,WorthPoint
osmium,Vintage Palladium ART DECO ANTIQUE NO HEAT UNTREATED FINE RUBY DIAMOND Ring,249.95,2020-09-07,,,WorthPoint
osmium,Vintage Palladium ART DECO ANTIQUE NO HEAT UNTREATED RUBY COCKTAIL CLUSTER Ring,199.95,2020-09-07,,,WorthPoint
osmium,Vintage Palladium ART DECO ANTIQUE .70 CARAT DIAMOND CHANDELIER DROP Earrings,510,2020-09-07,,,WorthPoint
osmium,Vintage Palladium ART DECO ANTIQUE DIAMOND SOLITAIRE ENGAGEMENT WEDDING Ring,59.95,2020-09-07,,,WorthPoint
osmium,Vintage Silver AUTHENTIC FLAPPER ART DECO 1920's 1930s TURQUOISE MARCASITE Ring,49.95,2020-09-07,,,WorthPoint
osmium,Vintage Palladium ART DECO PEAR SHAPE SAPPHIRE DIAMOND CHANDELIER Earrings,449.95,2020-09-07,,,WorthPoint
osmium,Vintage Palladium ART DECO NO HEAT SAPPHIRE DIAMOND WEDDING BAND COCKTAIL Ring,213.5,2020-09-07,,,WorthPoint
osmium,Vintage Palladium ART DECO ANTIQUE .50 CARAT CT. DIAMOND COCKTAIL Earrings,250.5,2020-09-07,,,WorthPoint
osmium,Vintage Palladium ART DECO ANTIQUE 7 MM BLACK PEARL DIAMOND COCKTAIL Ring,99.95,2020-09-07,,,WorthPoint
osmium,Osmium Metal Element Sample - Beautiful 2g Pellet 99.9% Pure MADE IN USA,74.99,2020-09-02,2,37.49,WorthPoint
osmium,2 Osmium Ingots,1600,2020-09-01,,,WorthPoint
osmium,Vintage Palladium ART DECO COLOMBIAN EMERALD DIAMOND PENDANT FILIGREE Charm,191.5,2020-08-31,,,WorthPoint
osmium,Vintage Palladium LARGE ART DECO ANTIQUE 12 MM PEARL DIAMOND FILIGREE Ring #M,399.95,2020-08-31,,,WorthPoint
osmium,Vintage Palladium ART DECO ANTIQUE NO HEAT PRINCESS CUT RUBY DIAMOND Ring,167,2020-08-31,,,WorthPoint
osmium,Vintage Platinum ART DECO ANTIQUE NO HEAT SAPPHIRE WEDDING ETERNITY BAND Ring,308.04,2020-08-31,,,WorthPoint
osmium,Vintage Palladium ANTIQUE RETRO 1960's TANZANITE DIAMOND COCKTAIL ESTATE Ring,199.95,2020-08-31,,,WorthPoint
osmium,Vintage Palladium ART DECO ANTIQUE UNTREATED RUBY .25 CT. DIAMOND COCKTAIL Ring,199.95,2020-08-31,5,39.99,WorthPoint
osmium,Vintage Palladium ART DECO COLOMBIAN EMERALD 1.00 CT. DIAMOND FILIGREE Earrings,599.95,2020-08-31,0.2,2999.75,WorthPoint
osmium,Vintage Palladium ART DECO ANTIQUE 1.00 CARAT DIAMOND CHANDELIER DANGLE Earrings,580,2020-08-31,,,WorthPoint
osmium,Vintage Palladium ART DECO ANTIQUE DIAMOND ENGAGEMENT FILIGREE WEDDING BAND Ring,305,2020-08-31,,,WorthPoint
osmium,Pure IRIDIUM Precious Metal Sample Nugget 2.8 Grams Purity 99.9 XRF Measured,180,2020-08-24,2.8,64.29,WorthPoint
osmium,Vintage Palladium ART DECO ANTIQUE PEARL DIAMOND DROP DANGLE Earrings,242.5,2020-08-24,,,WorthPoint
osmium,Vintage Palladium ART DECO ANTIQUE DIAMOND TWIST ENGAGEMENT COCKTAIL Ring,224.5,2020-08-24,,,WorthPoint
osmium,Vintage Palladium ART DECO ANTIQUE NO HEAT RUBY DIAMOND ESTATE COCKTAIL Ring,268,2020-08-24,,,WorthPoint
osmium,Vintage Palladium ART DECO ANTIQUE 7 MM PEARL DIAMOND PEACOCK ESTATE Ring,186.5,2020-08-24,,,WorthPoint
osmium,Vintage Platinum ART DECO ANTIQUE BAGUETTE DIAMOND WEDDING ETERNITY BAND Ring,760,2020-08-24,,,WorthPoint
osmium,Vintage Palladium ART DECO ANTIQUE PINK SAPPHIRE DIAMOND COCKTAIL ESTATE Ring,355,2020-08-24,,,WorthPoint
osmium,Vintage Palladium ART DECO SAPPHIRE 1.75 CT. CARAT DIAMOND CHANDELIER Earrings,499.95,2020-08-24,0.35,1428.43,WorthPoint
osmium,Vintage Palladium ART DECO NO HEAT SAPPHIRE HALO ENGAGEMENT COCKTAIL Ring,405,2020-08-24,,,WorthPoint
osmium,Vintage Palladium ART DECO ANTIQUE COLOMBIAN EMERALD ROSE CUT DIAMOND Ring,162.5,2020-08-24,,,WorthPoint
osmium,Vintage Palladium ART DECO ANTIQUE GARNET DIAMOND ENGAGEMENT RETRO COCKTAIL Ring,158.6,2020-08-24,,,WorthPoint
osmium,Vintage Palladium ART DECO ANTIQUE GARNET DIAMOND ESTATE Earrings,261.1,2020-08-24,,,WorthPoint
osmium,Vintage Palladium ART DECO NO HEAT RUBY DIAMOND CHANDELIER FILIGREE Earrings,335,2020-08-24,,,WorthPoint
osmium,Vintage Palladium ART DECO ANTIQUE UNTREATED NO HEAT RUBY DIAMOND COCKTAIL Ring,599.95,2020-08-21,,,WorthPoint
osmium,Vintage 18k Gold Palladium ART DECO OLD MINE EUROPEAN DIAMOND WEDDING BAND Ring,370,2020-08-17,,,WorthPoint
osmium,Pure IRIDIUM Precious Metal Sample Nugget 3.0 Grams Purity 99.9 XRF Measured,195,2020-08-13,3,65,WorthPoint
osmium,Vintage Platinum ART DECO ANTIQUE .50 CT. CARAT DIAMOND WEDDING ENGAGEMENT Ring,299.95,2020-08-10,10,29.99,WorthPoint
osmium,Vintage Palladium ART DECO ANTIQUE PINK MABE PEARL DIAMOND FILIGREE Ring,202.45,2020-08-10,,,WorthPoint
osmium,Vintage Palladium ART DECO NO HEAT UNTREATED RUBY DIAMOND DROP DANGLE Earrings,419.14,2020-08-10,,,WorthPoint
osmium,Vintage Palladium & 14k Gold ART DECO ANTIQUE NO HEAT RUBY DIAMOND Ring,174.21,2020-08-10,,,WorthPoint
osmium,Vintage Palladium ART DECO ANTIQUE PEARL DIAMOND FILIGREE DANGLE DROP Earrings,299.95,2020-08-10,,,WorthPoint
osmium,Vintage Palladium ART DECO MABE PINK PEARL DIAMOND CHANDELIER FILIGREE Earrings,438,2020-08-10,,,WorthPoint
osmium,Metal Of Mystery 453g Of Pure Metallic Power,1100,2020-08-07,453,2.43,WorthPoint
osmium,Osmium Powder - 1 Gram Ampule Sealed - Element 76,31.99,2020-08-05,1,31.99,WorthPoint
osmium,Vintage Palladium ART DECO ANTIQUE 1920's 1930's MARQUISE SAPPHIRE COCKTAIL Ring,79.95,2020-08-03,,,WorthPoint
osmium,Vintage Palladium ART DECO ANTIQUE DIAMOND COCKTAIL ESTATE Ring #E,311,2020-08-03,,,WorthPoint
osmium,Pure IRIDIUM Precious Metal Sample Nugget 1.0 Grams Purity 99.9 XRF Measured B,65,2020-08-02,1,65,WorthPoint
osmium,Pure IRIDIUM Precious Metal Sample Nugget 7.7 Grams Purity 99.9 XRF Measured,499,2020-07-31,7.7,64.81,WorthPoint
osmium,"Osmium Metal, One Gram In Glass Vial",38,2020-07-28,,,WorthPoint
osmium,Vintage Palladium ART DECO ANTIQUE NO HEAT PEAR SHAPE RUBY DIAMOND Ring,145.5,2020-07-27,,,WorthPoint
osmium,Vintage Palladium ANTIQUE ART DECO RETRO 1940's THREE STONE DIAMOND GENTS Ring,285,2020-07-27,,,WorthPoint
osmium,Vintage Palladium ART DECO ANTIQUE NO HEAT EMERALD CUT SAPPHIRE DIAMOND Ring,188.5,2020-07-27,,,WorthPoint
osmium,Vintage Palladium ART DECO ANTIQUE MABE PEARL 1.00 CARAT DIAMOND DROP Earrings,399.95,2020-07-27,,,WorthPoint
osmium,Vintage Palladium ART DECO ANTIQUE PEAR SHAPE SAPPHIRE DIAMOND COCKTAIL Ring,132.5,2020-07-27,,,WorthPoint
osmium,Vintage Palladium ANTIQUE RETRO NO HEAT 1.50 CARAT CT. RUBY DIAMOND HALO Ring,926,2020-07-20,,,WorthPoint
osmium,Vintage Palladium ANTIQUE RETRO NO HEAT CEYLON SAPPHIRE DIAMOND Ring,127.5,2020-07-20,,,WorthPoint
osmium,Vintage Platinum ART DECO ANTIQUE DIAMOND WEDDING ETERNITY BAND Ring,299.95,2020-07-20,,,WorthPoint
osmium,Vintage Palladium ANTIQUE RETRO RUBY DIAMOND HALO COCKTAIL ESTATE Ring,469.95,2020-07-20,,,WorthPoint
osmium,Vintage 14k Gold & Palladium ART DECO .30 CARAT DIAMOND ENGAGEMENT WEDDING Ring,231.5,2020-07-20,,,WorthPoint
osmium,Vintage Palladium ART DECO ANTIQUE RETRO PEARL DIAMOND FILIGREE COCKTAIL Ring,99.95,2020-07-20,,,WorthPoint
osmium,Vintage Palladium ART DECO RETRO 1940's PEARL DIAMOND FILIGREE COCKTAIL Ring,308.03,2020-07-20,,,WorthPoint
osmium,Vintage Palladium ART DECO ANTIQUE PEARL BAGUETTE DIAMOND COCKTAIL Ring,258,2020-07-20,,,WorthPoint
osmium,"W/Re/Os 97/2/1 At%, 99.9% Pure, 21.6g",15,2020-07-18,21.6,0.69,WorthPoint
osmium,1 Gram Palladium Arc Melted Bead Element Sample,61,2020-07-18,1,61,WorthPoint
osmium,1g Osmium Metal Element Sample Arc Melted Bead,36,2020-07-18,1,36,WorthPoint
osmium,Vintage Palladium ART DECO 6.00 CT SAPPHIRE 1.00 CT. DIAMOND CHANDELIER Earrings,699.95,2020-07-16,1.2,583.29,WorthPoint
osmium,Osmium Tetroxide (Osmic Acid Anhydride) - 1 G Sample In Glass Ampoule,100,2020-07-15,1,100,WorthPoint
osmium,Vintage Palladium ART DECO ANTIQUE COLOMBIAN 2.50 CT CARAT EMERALD FILIGREE Ring,300,2020-07-13,0.5,600,WorthPoint
osmium,Vintage Palladium ART DECO ANTIQUE CABOCHON TURQUOISE DIAMOND FILIGREE Ring,399.95,2020-07-13,,,WorthPoint
osmium,Vintage Platinum ART DECO ANTIQUE OLD MINE EUROPEAN CUT DIAMOND ENGAGEMENT Ring,599.95,2020-07-13,,,WorthPoint
osmium,Vintage Palladium ART DECO ANTIQUE DOUBLE ROW DIAMOND WEDDING BAND Ring,294,2020-07-13,,,WorthPoint
osmium,Vintage 14k Gold & Palladium ART DECO MABE PEARL DIAMOND FILIGREE Earrings #E,363.88,2020-07-13,,,WorthPoint
osmium,Vintage Palladium ART DECO ANTIQUE SAPPHIRE 3.50 CT. CARAT DIAMOND FILIGREE Ring,799.95,2020-07-13,0.7,1142.79,WorthPoint
osmium,Vintage Palladium ART DECO NO HEAT UNTREATED RUBY FILIGREE WEDDING BAND Ring,96.09,2020-07-13,,,WorthPoint
osmium,Vintage Palladium ANTIQUE RETRO 1940s 1950s RUBY SAPPHIRE STAR DROP Earrings #E,232.45,2020-07-13,,,WorthPoint
osmium,Vintage Palladium ART DECO EMERALD DIAMOND FILIGREE EARRINGS RING Set #SP,449.95,2020-07-13,,,WorthPoint
osmium,Vintage Palladium ART DECO ANTIQUE DIAMOND RUBY DROP DANGLE Earrings,363,2020-07-13,,,WorthPoint
osmium,Vintage Palladium ART DECO ANTIQUE .54 CARAT CT. DIAMOND ENGAGEMENT WEDDING Ring,249.95,2020-07-13,,,WorthPoint
osmium,Vintage Palladium ART DECO ANTIQUE .90 CT. CARAT COLOMBIAN EMERALD DIAMOND Ring,699.95,2020-07-13,18,38.89,WorthPoint
osmium,Vintage Silver MODERN FACETED TURQUOISE MARCASITE DANGLING DROP Earrings,17.97,2020-07-11,,,WorthPoint
osmium,Pure IRIDIUM Precious 2 Metal Sample Nuggets 2.2 Grams Purity 99.9 XRF Measured,145,2020-07-08,2.2,65.91,WorthPoint
osmium,Pure IRIDIUM Precious Metal 3 Sample Nuggets 2.1 Grams Purity 99.9 XRF Measured,135,2020-07-07,2.1,64.29,WorthPoint
osmium,99.99% Pure Osmium Metal 1.0 Gram+ Sintered Pieces Periodic Element Guys,20,2020-07-06,1,20,WorthPoint
osmium,Vintage Palladium ART DECO SAPPHIRE DIAMOND FILIGREE HALO BALLERINA Ring,599.95,2020-07-06,,,WorthPoint
osmium,Vintage Palladium ART DECO COLOMBIAN EMERALD DIAMOND HALO FILIGREE Ring,399.95,2020-07-06,,,WorthPoint
osmium,Vintage 14k Gold & Palladium ART DECO COLOMBIAN 2.00 CARAT EMERALD DIAMOND Ring,599.95,2020-07-06,,,WorthPoint
osmium,Swiss Made 1 Oz Pamp Suisse Palladium Bar In Sealed Assay,1749.99,2020-07-02,28.35,61.73,WorthPoint
osmium,Vintage Palladium ART DECO ANTIQUE NATURAL RUBY DIAMOND CHANDELIER DROP Earrings,425,2020-06-29,,,WorthPoint
osmium,Vintage Palladium ART DECO ANTIQUE DIAMOND DROP DANGLE Earrings,299.95,2020-06-29,,,WorthPoint
osmium,Vintage Palladium ART DECO ANTIQUE GARNET DIAMOND COCKTAIL Ring,155.5,2020-06-29,,,WorthPoint
osmium,Vintage Palladium ART DECO ANTIQUE GARNET DIAMOND Earrings,171.39,2020-06-29,,,WorthPoint
osmium,Vintage Palladium ART DECO ANTIQUE NATURAL NO HEAT RUBY FILIGREE Earrings,118.39,2020-06-29,,,WorthPoint
osmium,Vintage Palladium ART DECO ANTIQUE DIAMOND FILIGREE ENGAGEMENT COCKTAIL Ring,299.95,2020-06-29,,,WorthPoint
osmium,Vintage Palladium ART DECO ANTIQUE PEARL DIAMOND FILIGREE COCKTAIL Ring,104.5,2020-06-29,,,WorthPoint
osmium,Vintage Palladium ART DECO ANTIQUE EMERALD SAPPHIRE DIAMOND COCKTAIL Ring,188,2020-06-29,,,WorthPoint
osmium,Vintage Palladium ART DECO MABE PEARL DIAMOND CHANDELIER EARRINGS RING Set #M,599.95,2020-06-29,,,WorthPoint
osmium,Vintage Palladium ART DECO ANTIQUE RUBY DIAMOND COCKTAIL FLOWER DOME Ring,250.5,2020-06-29,,,WorthPoint
osmium,Vintage Palladium ART DECO ANTIQUE PEAR SHAPE RUBY DIAMOND FLOWER HALO Ring,260,2020-06-29,,,WorthPoint
osmium,Parker 51 Fountain Pen Desk Set - Onyx Base- Aerometric Filling System,75,2020-06-25,,,WorthPoint
osmium,Rhodium Coin 1 Gram Manufactured By The Cohen Mint And Offered By RWMM,389,2020-06-25,1,389,WorthPoint
osmium,Pure IRIDIUM Precious Metal 2 Sample Nuggets 1.3 Grams Purity 99.9 XRF Measured,85,2020-06-23,1.3,65.38,WorthPoint
osmium,Vintage Palladium ART DECO ANTIQUE GARNET DIAMOND ESTATE RETRO COCKTAIL Ring,149.95,2020-06-22,,,WorthPoint
osmium,Vintage Palladium ART DECO ANTIQUE PEARL BAGUETTE DIAMOND CHANDELIER Earrings,399.95,2020-06-22,,,WorthPoint
osmium,Vintage Palladium ART DECO NO HEAT UNTREATED MARQUISE SAPPHIRE DIAMOND Earrings,187.5,2020-06-22,,,WorthPoint
osmium,Vintage Palladium ART DECO ANTIQUE CEYLON SAPPHIRE DIAMOND Ring,161.39,2020-06-22,,,WorthPoint
osmium,Vintage Palladium VICTORIAN GEORGIAN DIAMOND ENGAGEMENT WEDDING Ring,399.95,2020-06-22,,,WorthPoint
osmium,Vintage Palladium ART DECO ANTIQUE 1920's ANGEL SKIN CORAL DIAMOND Earrings #E,149.95,2020-06-19,,,WorthPoint
osmium,Montblanc No. 146 Fountain Pen,377.08,2020-06-17,,,WorthPoint
osmium,Osmium Platinum And Diamond Tipped Phonograph Needles 52,200,2020-06-17,,,WorthPoint
osmium,Phonograph Needle Stylus Counter Display Jensen Osmium Part Contents,25,2020-06-16,,,WorthPoint
osmium,Pure IRIDIUM Precious Metal 10 Sample Nugget 2.4 Grams Purity 99.9 XRF Measured,155,2020-06-15,2.4,64.58,WorthPoint
osmium,Vintage Palladium ART DECO ANTIQUE NATURAL UNTREATED RUBY DIAMOND COCKTAIL Ring,299.95,2020-06-15,,,WorthPoint
osmium,"Ruthenium Osmium Alloy, 9:1 Atomic, 99.9% Pure, 50.8g",450,2020-06-13,50.8,8.86,WorthPoint
osmium,Vintage Palladium ART DECO ANTIQUE 1920's 1930's RETRO DIAMOND ENGAGEMENT Ring,172.5,2020-06-09,,,WorthPoint
osmium,Vintage Palladium ART DECO ANTIQUE 1920's MABE PEARL DIAMOND FILIGREE Earrings,399.95,2020-06-08,,,WorthPoint
osmium,Vintage Platinum ART DECO ANTIQUE SAPPHIRE DIAMOND FILIGREE COCKTAIL Ring,710,2020-06-08,,,WorthPoint
osmium,Vintage 14k Gold ART DECO ANTIQUE 1920's NATURAL PEARL DIAMOND COCKTAIL Ring,410,2020-06-08,,,WorthPoint
osmium,Vintage Palladium ART DECO 1.50 CT CARAT COLOMBIAN EMERALD DIAMOND COCKTAIL Ring,517,2020-06-08,0.3,1723.33,WorthPoint
osmium,Vintage Palladium ART DECO ANTIQUE 1920's 1930's SAPPHIRE DIAMOND COCKTAIL Ring,200,2020-06-08,,,WorthPoint
osmium,Vintage Palladium ART DECO ANTIQUE 1920's NATURAL SAPPHIRE DIAMOND COCKTAIL Ring,167.5,2020-06-08,,,WorthPoint
osmium,Iridium Metal Powder Display Specimen. 100 Mg Sealed In Borosilicate Ampule.,38.5,2020-06-06,,,WorthPoint
osmium,Sierra Nevada Gold Quartz Specimen Gold In Quartz .29 Gram Gold Micromount,18,2020-06-05,29,0.62,WorthPoint
osmium,Platinum Group Metal Bullion,875,2020-06-03,,,WorthPoint
osmium,"Osmium Metal 99.9% 1 Troy Ounce (31g) Arc Melted Ingot, Precious Metal Bullion",850,2020-06-01,31,27.42,WorthPoint
osmium,Vintage Palladium ART DECO ANTIQUE NATURAL UNTREATED RUBY Ring,152.5,2020-06-01,,,WorthPoint
osmium,Vintage Palladium ART DECO 3.00 CARAT CT COLOMBIAN EMERALD DIAMOND PENDANT Charm,299.95,2020-06-01,,,WorthPoint
osmium,Vintage Palladium ART DECO ANTIQUE CEYLON SAPPHIRE DIAMOND Earrings,255,2020-06-01,,,WorthPoint
osmium,Vintage Palladium ART DECO ANTIQUE 1920's 1930's COLOMBIAN EMERALD DIAMOND Ring,200.5,2020-06-01,,,WorthPoint
osmium,Pure IRIDIUM Precious Metal 5 Sample Nugget 1.2 Grams Purity 99.9 XRF Measured,79,2020-05-28,1.2,65.83,WorthPoint
osmium,Vintage Palladium ART DECO OLD MINE EUROPEAN CUT DIAMOND ENGAGEMENT Ring RARE,300,2020-05-28,,,WorthPoint
osmium,Vintage Palladium ART DECO ANTIQUE 1920's CULTURED PEARL DIAMOND HALO Ring,202.5,2020-05-25,,,WorthPoint
osmium,Vintage Palladium ART DECO ANTIQUE SOUTH SEA BLACK PEARL DIAMOND Earrings,387,2020-05-25,,,WorthPoint
osmium,Vintage Palladium ART DECO ANTIQUE 1920s COLOMBIAN EMERALD DIAMOND FILIGREE Ring,379.95,2020-05-25,,,WorthPoint
osmium,Vintage Palladium ART DECO ANTIQUE 1920's 1930's DIAMOND CHANDELIER Earrings,299.95,2020-05-25,,,WorthPoint
osmium,Vintage Palladium ART DECO ANTIQUE RETRO SOLITAIRE CULTURED PEARL Ring,53,2020-05-25,,,WorthPoint
osmium,Vintage Palladium ART DECO ANTIQUE .86 CT COLOMBIAN EMERALD ENGAGEMENT Ring,129.95,2020-05-25,17.2,7.56,WorthPoint
osmium,Vintage Palladium ART DECO ANTIQUE NATURAL RUBY DIAMOND WEDDING BAND Ring,150.5,2020-05-25,,,WorthPoint
osmium,Vintage Palladium ART DECO ANTIQUE 1920's NATURAL RUBY DIAMOND COCKTAIL Ring,126.5,2020-05-25,,,WorthPoint
osmium,Vintage Palladium ART DECO ANTIQUE RETRO COLOMBIAN EMERALD DIAMOND Ring,144.5,2020-05-25,,,WorthPoint
osmium,Vintage Palladium ART DECO ANTIQUE NATURAL TURQUOISE ROSE CUT DIAMOND Earrings,299.95,2020-05-25,,,WorthPoint
osmium,Vintage Palladium ART DECO ANTIQUE DIAMOND SNOWFLAKE COCKTAIL ESTATE Ring,202.5,2020-05-25,,,WorthPoint
osmium,Vintage Palladium ART DECO ANTIQUE 1920's UNTREATED 1.25 CT. RUBY DIAMOND Ring,259.95,2020-05-25,0.25,1039.8,WorthPoint
osmium,Gold + Silver + Platinum Groups Solids Assay ICP-MS Best Technology All 3,249,2020-05-21,,,WorthPoint
osmium,Vintage Palladium ART DECO ANTIQUE RETRO DIAMOND WEDDING BAND Ring,129.95,2020-05-18,,,WorthPoint
osmium,PlVintage Palladium ART DECO OLD MINE EUROPEAN CUT DIAMOND ENGAGEMENT Ring,349.95,2020-05-18,,,WorthPoint
osmium,Vintage Palladium ART DECO ANTIQUE 1920's 1930's DIAMOND COCKTAIL Ring,186.5,2020-05-18,,,WorthPoint
osmium,Vintage Palladium ART DECO ANTIQUE 1920's 1930's DIAMOND ENGAGEMENT Ring,599.95,2020-05-18,,,WorthPoint
osmium,Vintage Palladium & 14k Gold TWO TONE ART DECO ANTIQUE SAPPHIRE DIAMOND Ring,232.45,2020-05-18,,,WorthPoint
osmium,Vintage Palladium ART DECO ANTIQUE COLOMBIAN EMERALD GRAPE DESIGN COCKTAIL Ring,172,2020-05-18,,,WorthPoint
osmium,Vintage Palladium ART DECO ANTIQUE BLOOD PIGEON RUBY DIAMOND COCKTAIL Ring,317,2020-05-18,,,WorthPoint
osmium,Rio Pinto Colombia Platinum Nugget 1 Gram Natural Pgm Pinto River,220,2020-05-16,1,220,WorthPoint
osmium,Pure IRIDIUM Precious Metal Sample Nugget 2.5 Grams Purity 99.9 XRF Measured,149,2020-05-16,2.5,59.6,WorthPoint
osmium,Pure IRIDIUM Precious Metal Sample Nugget 1.6 Grams Purity 99.9 XRF Measured,95,2020-05-12,1.6,59.38,WorthPoint
osmium,Vintage Palladium LARGE ART DECO ANTIQUE 1920's 1930's MABE PEARL DIAMOND Ring,350,2020-05-11,,,WorthPoint
osmium,Vintage Palladium ART DECO ANTIQUE COLOMBIAN EMERALD HALO DIAMOND FLOWER Ring,162.09,2020-05-11,,,WorthPoint
osmium,Vintage Palladium ART DECO ANTIQUE 1920's NATURAL UNTREATED RUBY DIAMOND Ring,156.89,2020-05-11,,,WorthPoint
osmium,Vintage Palladium ART DECO ANTIQUE 1920's NO HEAT NATURAL RUBY DIAMOND Ring,165.5,2020-05-04,,,WorthPoint
osmium,Vintage Palladium ART DECO ANTIQUE DIAMOND COCKTAIL HALO ENGAGEMENT Ring,349.95,2020-05-04,,,WorthPoint
osmium,Vintage Palladium ART DECO ANTIQUE 17.50 MM CORAL DIAMOND FILIGREE Earrings,449.95,2020-05-04,,,WorthPoint
osmium,Vintage Palladium ART DECO ANTIQUE 1920's NO HEAT NATURAL SAPPHIRE DIAMOND Ring,299.95,2020-05-04,,,WorthPoint
osmium,Vintage Platinum & Gold VICTORIAN GEORGIAN OLD MINE CUT DIAMOND PEARL Earrings,925,2020-05-04,,,WorthPoint
osmium,Vintage Palladium ART DECO ANTIQUE OVAL SAPPHIRE DIAMOND SNOWFLAKE Ring,158.61,2020-05-04,,,WorthPoint
osmium,SET Of 66 Different Periodic Table Elements,325,2020-04-30,,,WorthPoint
osmium,Vintage Palladium ART DECO SAPPHIRE DIAMOND CHANDELIER Earrings FOR GULSUMIK,200,2020-04-27,,,WorthPoint
osmium,Vintage Palladium ART DECO ANTIQUE 1920's COLOMBIAN EMERALD FILIGREE Ring,288,2020-04-27,,,WorthPoint
osmium,Vintage Palladium ART DECO ANTIQUE NATURAL PRINCESS CUT RUBY DIAMOND Ring,152.5,2020-04-27,,,WorthPoint
osmium,Vintage Recoton Osmium Phoneedle Packs-13 On A Card,12,2020-04-26,,,WorthPoint
osmium,"Osmium Metal, One Troy Ounce Arc Melted Ingot, Superb Display Specimen",850,2020-04-25,,,WorthPoint
osmium,Natural Copper Mineral Specimen In Matrix COPPER QUEEN MINE BISBEE AZ Estate Pc.,99.95,2020-04-23,,,WorthPoint
osmium,"Iridium Metal, One Troy Ounce Arc Melted Ingot, Spectacular Display Specimen",2850,2020-04-23,,,WorthPoint
osmium,"Platinum Osmium Alloy, 9:1 Atomic, 99.9% Pure, 0.7g",25,2020-04-20,0.7,35.71,WorthPoint
osmium,Vintage Palladium ART DECO PIGEON BLOOD RUBY DIAMOND FILIGREE BUCKLE Ring,199.95,2020-04-20,,,WorthPoint
osmium,Vintage Palladium ART DECO ANTIQUE 1920's NATURAL NO HEAT RUBY DIAMOND Ring,152.5,2020-04-20,,,WorthPoint
osmium,Vintage Palladium ART DECO ANTIQUE NATURAL SAPPHIRE DIAMOND Ring,178.49,2020-04-20,,,WorthPoint
osmium,Vintage Palladium LARGE ART DECO ANTIQUE 1920's 1930's SAPPHIRE DIAMOND Ring,172.45,2020-04-20,,,WorthPoint
osmium,Vintage Palladium ART DECO ANTIQUE NATURAL NO HEAT MARQUISE RUBY DIAMOND Ring,155.5,2020-04-20,,,WorthPoint
osmium,Vintage Palladium ART DECO ANTIQUE NO HEAT 2.00 CARAT MARQUISE RUBY DIAMOND Ring,167.5,2020-04-20,,,WorthPoint
osmium,Vintage Palladium ART DECO ANTIQUE TURQUOISE .75 CT CARAT DIAMOND FILIGREE Ring,365,2020-04-20,15,24.33,WorthPoint
osmium,Pure IRIDIUM Precious Metal Sample Nugget 2.2 Grams Purity 99.9 XRF Measured,130,2020-04-19,2.2,59.09,WorthPoint
osmium,Vintage Palladium ART DECO ANTIQUE .50 CT. CARAT DIAMOND CHANDELIER Earrings,199.95,2020-04-13,10,19.99,WorthPoint
osmium,Vintage Palladium ART DECO ANTIQUE 1.75 CT CARAT NO HEAT RUBY COCKTAIL Ring,102.5,2020-04-13,0.35,292.86,WorthPoint
osmium,Vintage Palladium ART DECO ANTIQUE 1.00 CT. CARAT DIAMOND CHANDELIER Earrings,330,2020-04-13,0.2,1650,WorthPoint
osmium,Vintage Palladium ART DECO ANTIQUE FILIGREE MABE PEARL PAVE DIAMOND HALO Ring,349.95,2020-04-13,,,WorthPoint
osmium,Vintage Platinum ART DECO RETRO EUROPEAN OLD MINE CUT DIAMOND WEDDING BAND Ring,599.95,2020-04-12,,,WorthPoint
osmium,Rio Pinto Colombia Platinum Nugget .9 Gram Natural Pgm Pinto River,235,2020-04-12,9,26.11,WorthPoint
osmium,Vintage Palladium ART DECO ANTIQUE DIAMOND ENGAGEMENT SNOWFLAKE FLOWER Ring,83,2020-04-06,,,WorthPoint
osmium,Vintage Palladium ART DECO ANTIQUE 1920's DIAMOND ENGAGEMENT FILIGREE Ring,74.51,2020-04-06,,,WorthPoint
osmium,Rio Pinto Colombia Platinum Nugget .97 Gram Natural Pgm Pinto River,230,2020-04-04,97,2.37,WorthPoint
osmium,"Ruthenium Metal, 1 Troy Ounce Arc Melted Ingot, Stunning Luster",500,2020-04-03,,,WorthPoint
osmium,"Rhenium Metal, 441 Gram Arc Melted Ingot, Spectacular Dislplay Specimen",1975,2020-04-03,441,4.48,WorthPoint
osmium,Vintage Palladium ART DECO ANTIQUE 6.00 MM NO HEAT UNTREATED RUBY BALLERINA Ring,199.95,2020-03-31,,,WorthPoint
osmium,Vintage Palladium ART DECO RETRO ANTIQUE 2.00 CT. SAPPHIRE DIAMOND Ring,150,2020-03-30,0.4,375,WorthPoint
osmium,Vintage Palladium ART DECO ANTIQUE COLOMBIAN 1.00 CT. EMERALD DIAMOND HALO Ring,299.95,2020-03-30,0.2,1499.75,WorthPoint
osmium,Vintage Palladium ANTIQUE DIAMOND 1950s 1960s LOVE KNOT COCKTAIL Ring,133,2020-03-30,,,WorthPoint
osmium,Vintage Palladium ART DECO ANTIQUE NO HEAT UNTREATED RUBY ENGAGEMENT Ring,99.95,2020-03-30,,,WorthPoint
osmium,Iridium Metal Powder Display Specimen. 1.34g Sealed In Quartz Ampule.,50,2020-03-29,1.34,37.31,WorthPoint
osmium,"56 Piece Element Collection, Includes Gold, Silver, Complete Platinum Group",320,2020-03-27,,,WorthPoint
osmium,Vintage Palladium ART DECO ANTIQUE LARGE NO HEAT NATURAL RUBY DIAMOND Earrings,399.95,2020-03-23,,,WorthPoint
osmium,Vintage Palladium ART DECO ANTIQUE 1920's NO HEAT UNTREATED RUBY DIAMOND Ring,149.95,2020-03-23,,,WorthPoint
osmium,1 Oz Credit Suisse Palladium Bar .9995 Fine (w/Assay),1947.63,2020-03-19,28.35,68.7,WorthPoint
osmium,SPACE MINING 2018 1 Oz Silver Coin Chondrite Meteorite - Niue ULTRA HIGH RELIEF,179.95,2020-03-19,28.35,6.35,WorthPoint
osmium,Vintage Palladium ART DECO ANTIQUE UNTREATED RUBY DIAMOND Earrings,389.95,2020-03-16,,,WorthPoint
osmium,Vintage Palladium ART DECO ANTIQUE 1920's 1930's DIAMOND FILIGREE Ring,405,2020-03-16,,,WorthPoint
osmium,Vintage 14k Gold Platinum ANTIQUE OLD MINE CUT DIAMOND ENGAGEMENT FILIGREE Ring,599.95,2020-03-16,,,WorthPoint
osmium,Vintage Palladium ART DECO ANTIQUE 1920's RUBY FILIGREE WEDDING BAND Ring,149.95,2020-03-16,,,WorthPoint
osmium,Vintage Palladium ART DECO ANTIQUE EMERALD PRINCESS CUT SAPPHIRE DIAMOND Ring,207.5,2020-03-16,,,WorthPoint
osmium,Iridium Metal Powder Display Specimen. 1.51g Sealed In Quartz Ampule.,137.5,2020-03-15,1.51,91.06,WorthPoint
osmium,6 Rhodium Coins 5.3 Grams Each 31.8 Grams Total +1 Oz .999 Metal Bullion Not Bar,12000,2020-03-09,5.3,2264.15,WorthPoint
osmium,Vintage Palladium ART DECO ANTIQUE TURQUOISE DIAMOND EARRINGS RING FILIGREE Set,599.95,2020-03-09,,,WorthPoint
osmium,Vintage Palladium ART DECO ANTIQUE 1920's 1930's GENUINE PEARL DIAMOND Ring,345,2020-03-09,,,WorthPoint
osmium,Vintage 14k Gold & Palladium Top ART DECO ANTIQUE PEARL DIAMOND Earrings,599.95,2020-03-09,,,WorthPoint
osmium,Vintage 14k & Platinum ART DECO UNTREATED CEYLON SAPPHIRE DIAMOND FILIGREE Ring,886.76,2020-03-09,,,WorthPoint
osmium,Vintage Palladium ART DECO ANTIQUE 1.10 CT. CARAT DIAMOND CHANDELIER Earrings,599.95,2020-03-09,0.22,2727.05,WorthPoint
osmium,Vintage Palladium ART DECO ANTIQUE CEYLON SAPPHIRE NO HEAT DIAMOND Ring,1295.95,2020-03-09,,,WorthPoint
osmium,Vintage Platinum Iridium ART DECO ANTIQUE 1940's RETRO DIAMOND ENGAGEMENT Ring,1095.95,2020-03-08,,,WorthPoint
osmium,Vintage Palladium 14k Gold ART DECO MABE PEARL EARRINGS RING FILIGREE Set,399.95,2020-03-02,,,WorthPoint
osmium,Vintages Palladium ART DECO ANTIQUE 1920's RUBY FILIGREE WEDDING BAND Ring,168.5,2020-03-02,,,WorthPoint
osmium,Vintage Palladium ART DECO ANTIQUE 1920s NO HEAT RUBY DIAMOND EARRINGS RING Set,659.95,2020-03-02,,,WorthPoint
osmium,Vintage Palladium ART DECO C. 1920's 1940's WWII COLOMBIAN EMERALD DIAMOND Ring,365,2020-03-02,,,WorthPoint
osmium,Vintage Palladium ART DECO ANTIQUE 1920s NATURAL NO HEAT RUBY DIAMOND Ring,219.5,2020-03-02,,,WorthPoint
osmium,Vintage Palladium ART DECO ANTIQUE 1920's SAPPHIRE DIAMOND EARRINGS RING Set,304.95,2020-03-02,,,WorthPoint
osmium,Vintage Palladium ART DECO ANTIQUE 1920s PEARL DIAMOND RIBBON COCKTAIL Ring,249.95,2020-03-02,,,WorthPoint
osmium,Vintage Palladium ART DECO ANTIQUE 1920's NO HEAT RUBY DIAMOND EARRINGS Ring SET,429.95,2020-03-02,,,WorthPoint
osmium,*LOT Of 16* Vintage Cole's Coin Machine Needle Osmium Tip,33.57,2020-02-29,,,WorthPoint
osmium,Vintage Palladium ART DECO ANTIQUE 1920's 1.25 CT CARAT AQUAMARINE DIAMOND Ring,599.95,2020-02-24,0.25,2399.8,WorthPoint
osmium,Vintage Palladium ART DECO ANTIQUE 1920's 1930's GARNET CHANDELIER Earrings,202.5,2020-02-24,,,WorthPoint
osmium,Vintage Palladium ART DECO ANTIQUE 1920's 2.00 CT SAPPHIRE DIAMOND COCKTAIL Ring,299.95,2020-02-24,0.4,749.87,WorthPoint
osmium,Vintage Palladium ART DECO BAROQUE PEARL SPESSARTITE GARNET DIAMOND Earrings,271,2020-02-24,,,WorthPoint
osmium,Vintage Palladium GEORGIAN ANTIQUE NATURAL GREY PEARL ROSE CUT DIAMOND Earrings,255.05,2020-02-24,,,WorthPoint
osmium,Vintage Palladium ART DECO ANTIQUE 1930's 1940's 2.00 CT CARAT SAPPHIRE Ring,205.5,2020-02-24,0.4,513.75,WorthPoint
osmium,*LOT Of 15* Vintage Cole's Coin Machine Needle Osmium Tip,30,2020-02-23,,,WorthPoint
osmium,3 Rhodium Bullion Coins 1 Gram Each .999 Pure Rh Metal Sample Cohen Mint Not Bar,1039.99,2020-02-23,1,1039.99,WorthPoint
osmium,Pure IRIDIUM Precious Metal Sample Nugget 60 Grams Purity 99.9 XRF Measured,2999,2020-02-23,60,49.98,WorthPoint
osmium,Rhodium Coin 1 Gram .999 Pure Rh Bullion Element 45 Cohen Mint Token Not Bar,354.99,2020-02-22,1,354.99,WorthPoint
osmium,(3) 1 Oz Ruthenium Bullion Pellets 999 Pure Ru Metal Element 44 Sample Not Bar,1049.99,2020-02-22,28.35,37.04,WorthPoint
osmium,Vintage Palladium ART DECO ANTIQUE 2.53 CT CEYLON SAPPHIRE DIAMOND DROP Earrings,599.95,2020-02-22,0.506,1185.67,WorthPoint
osmium,1 Oz EACH Metal Rhodium Palladium Osmium Iridium Ruthenium Platinum Bullion Coin,19000,2020-02-21,28.35,670.19,WorthPoint
osmium,3 DAY NO RESERVE Rhodium Coin One Gram .999 Pure Rh Bullion Cohen Mint Not Bar,312,2020-02-20,,,WorthPoint
osmium,1 OZ Osmium Bullion .999 Pure Os Metal Element 76 Sample Not Coin Or Bar,869.99,2020-02-19,28.35,30.69,WorthPoint
osmium,6 Total Rhodium Coins 1 Gram Each .999 Pure Rh Metal Bullion Cohen Mint Not Bar,1889.99,2020-02-18,1,1889.99,WorthPoint
osmium,Rhodium Bullion Coin Three 1 Gram .999 Pure Rh Cohen Mint Tokens Not Bar,989.99,2020-02-17,1,989.99,WorthPoint
osmium,Vintage Palladium ART DECO ANTIQUE 1920's 1930's OPAL RUBY FILIGREE Ring,153,2020-02-17,,,WorthPoint
osmium,Rhodium Coin One Gram .999 Pure Rh Bullion Element 45 Cohen Mint Token Not Bar,329.99,2020-02-16,,,WorthPoint
osmium,Rhodium Metal Sheet 12.6 Grams .999 Pure Bullion Element 45 Sample Not Bar Coin,2999,2020-02-15,12.6,238.02,WorthPoint
osmium,Iridescent Bismuth Rainbow Hopper Crystal Cluster Mineral Lg Specimen Colorful,39.95,2020-02-11,,,WorthPoint
osmium,1 Oz Ruthenium Bullion .999 Pure Ru Metal Element 44 Sample Not Coin Or Bar,399,2020-02-11,28.35,14.07,WorthPoint
osmium,"2015 1 Oz Silver GOLDEN ENIGMA ELEPHANT RUTHENIUM With 24 Karat Gold, Box & COA!",69.99,2020-02-10,28.35,2.47,WorthPoint
osmium,Vintage Palladium ART DECO ANTIQUE 1920's DIAMOND WEDDING ENGAGEMENT Ring,140,2020-02-10,,,WorthPoint
osmium,Vintage Palladium ART DECO NATURAL NO HEAT RUBY DIAMOND BUCKLE FILIGREE Ring,355,2020-02-10,,,WorthPoint
osmium,Vintage 14k Rose Gold & Palladium ART DECO RETRO 1940's WWII RUBY DIAMOND Ring,399.95,2020-02-10,,,WorthPoint
osmium,Vintage Palladium ART DECO ANTIQUE OLD MINE EUROPEAN CUT DIAMOND ENGAGEMENT Ring,296.99,2020-02-10,,,WorthPoint
osmium,Vintage Palladium ART DECO ANTIQUE 1920's PEARL DIAMOND EARRINGS RING Set,610,2020-02-10,,,WorthPoint
osmium,Vintage Palladium ART DECO ANTIQUE 1930's NATURAL RUBY DIAMOND COCKTAIL Ring,144.5,2020-02-10,,,WorthPoint
