material_slug,title,price_usd,sale_date,weight_grams,price_per_gram,source
philippinite,"""r365-10) 1-1/2"""" Fulgurite Lightning Strike Beach Sand Glass Georgia Fulgurites""",15.99,2025-12-20,,,WorthPoint
philippinite,"""(r365-56) 1-3/4"""" Fulgurite Lightning Strike Beach Sand Glass Georgia Fulgurites""",16.49,2025-11-29,,,WorthPoint
philippinite,Philippine Tektites 1 Kilo Wholesale Pack Philippinite Meteorite Impact Bikolite,190,2025-11-27,,,WorthPoint
philippinite,"Philippinite Tektite 43.14g Subtly Grooved Biscuit, Made By Meteorite Impactite",33,2025-11-26,43.14,0.76,WorthPoint
philippinite,Philippine Tektites Half A Kilo Wholesale Pack Philippinite Meteorite Impact,150,2025-11-09,,,WorthPoint
philippinite,"""(r365-55) 1-3/4"""" Fulgurite Lightning Strike Beach Sand Glass Georgia Fulgurites""",16.49,2025-10-26,,,WorthPoint
philippinite,"Bicolite Tektite – 18.1 Grams Philippinite, Meteorite Impact, Bikolite, Rizalite",16,2025-10-17,18.1,0.88,WorthPoint
philippinite,"Bicolite Tektite – 32.5 Grams Philippinite, Meteorite Impact, Bikolite, Rizalite",19.5,2025-10-16,32.5,0.6,WorthPoint
philippinite,"""(R399-17-1) 4"""" Fossil Fulgurite Petrified Lightning Strike Beach Sand Glass GA""",26.99,2025-09-30,,,WorthPoint
philippinite,"Bicolite Tektite – 28.8 Grams Philippinite, Meteorite Impact, Bikolite, Rizalite",18,2025-09-17,28.8,0.63,WorthPoint
philippinite,"Bicolite Tektite – 20.1 Grams Philippinite, Meteorite Impact, Bikolite, Rizalite",12.5,2025-09-14,20.1,0.62,WorthPoint
philippinite,"Bicolite Tektite – 27.8 Grams Philippinite, Meteorite Impact, Bikolite, Rizalite",14.85,2025-09-07,27.8,0.53,WorthPoint
philippinite,Rare Tektite 80 Gm Disc Shaped Rizalite(philippinite) Tektite . Cool Formation,22.95,2025-09-02,80,0.29,WorthPoint
philippinite,"""r365-13) 1-1/2"""" Fulgurite Lightning Strike Beach Sand Glass Georgia Fulgurites""",15.99,2025-08-31,,,WorthPoint
philippinite,"""r365-11) 1-1/2"""" Fulgurite Lightning Strike Beach Sand Glass Georgia Fulgurites""",15.99,2025-08-31,,,WorthPoint
philippinite,"Bicolite Tektite – 38.3 Grams Philippinite, Meteorite Impact, Bikolite, Rizalite",20,2025-08-24,38.3,0.52,WorthPoint
philippinite,"Bicolite Tektite – 96 Grams Philippinite, Meteorite Impact, Bikolite, Rizalite",55,2025-08-24,96,0.57,WorthPoint
philippinite,"Bicolite Tektite – 59.2 Grams Philippinite, Meteorite Impact, Bikolite, Rizalite",35,2025-08-24,59.2,0.59,WorthPoint
philippinite,"Bicolite Tektite – 36.5 Grams Philippinite, Meteorite Impact, Bikolite, Rizalite",25,2025-08-12,36.5,0.68,WorthPoint
philippinite,"""(r364-118) 1-1/8"""" Fulgurite Lightning Strike Beach Sand Glass Georgia Fulgurites""",14.99,2025-08-03,,,WorthPoint
philippinite,"Bicolite Tektite – 93.5 Grams Philippinite, Meteorite Impact, Bikolite, Rizalite",48,2025-07-29,93.5,0.51,WorthPoint
philippinite,"Bicolite Tektite – 94.4 Grams Philippinite, Meteorite Impact, Bikolite, Rizalite",34,2025-07-29,94.4,0.36,WorthPoint
philippinite,"""r365-1) 1-1/2"""" Fulgurite Lightning Strike Beach Sand Glass Georgia Fulgurites""",15.99,2025-07-27,,,WorthPoint
philippinite,"""(r365-34) 1-3/4"""" Fulgurite Lightning Strike Beach Sand Glass Georgia Fulgurites""",16.49,2025-07-24,,,WorthPoint
philippinite,"""(r365-41) 1-3/4"""" Fulgurite Lightning Strike Beach Sand Glass Georgia Fulgurites""",16.49,2025-07-15,,,WorthPoint
philippinite,"""(r365-53) 1-3/4"""" Fulgurite Lightning Strike Beach Sand Glass Georgia Fulgurites""",16.49,2025-07-14,,,WorthPoint
philippinite,"""(r365-42) 1-3/4"""" Fulgurite Lightning Strike Beach Sand Glass Georgia Fulgurites""",16.49,2025-06-27,,,WorthPoint
philippinite,"""r365-3) 1-1/2"""" Fulgurite Lightning Strike Beach Sand Glass Georgia Fulgurites""",15.99,2025-06-25,,,WorthPoint
philippinite,"""(r365-54) 1-3/4"""" Fulgurite Lightning Strike Beach Sand Glass Georgia Fulgurites""",16.49,2025-06-24,,,WorthPoint
philippinite,"""(r365-36) 1-3/4"""" Fulgurite Lightning Strike Beach Sand Glass Georgia Fulgurites""",16.49,2025-06-03,,,WorthPoint
philippinite,"""(r366-22) 2-1/8"""" Fulgurite Lightning Strike Beach Sand Glass Georgia Fulgurites""",18.99,2025-05-25,,,WorthPoint
philippinite,"""(r365-48) 1-3/4"""" Fulgurite Lightning Strike Beach Sand Glass Georgia Fulgurites""",16.49,2025-05-25,,,WorthPoint
philippinite,"""(r365-35) 1-3/4"""" Fulgurite Lightning Strike Beach Sand Glass Georgia Fulgurites""",16.49,2025-05-25,,,WorthPoint
philippinite,"""(r365-50) 1-3/4"""" Fulgurite Lightning Strike Beach Sand Glass Georgia Fulgurites""",16.49,2025-05-25,,,WorthPoint
philippinite,"""(r364-117) 1-1/8"""" Fulgurite Lightning Strike Beach Sand Glass Georgia Fulgurites""",14.99,2025-05-19,,,WorthPoint
philippinite,"""r365-6) 1-1/2"""" Fulgurite Lightning Strike Beach Sand Glass Georgia Fulgurites""",15.99,2025-05-06,,,WorthPoint
philippinite,"""(r364-113) 1-1/8"""" Fulgurite Lightning Strike Beach Sand Glass Georgia Fulgurites""",14.99,2025-05-05,,,WorthPoint
philippinite,Large Bicolite Tektite Sphere. 61mm Dia. 29mm Tall. 144.5 Grams,120,2025-04-28,144.5,0.83,WorthPoint
philippinite,"Bicolite Tektite – 57.8 Grams Philippinite, Meteorite Impact, Bikolite, Rizalite",19.87,2025-04-23,57.8,0.34,WorthPoint
philippinite,"Bicolite Tektite – 51.8 Grams Philippinite, Meteorite Impact, Bikolite, Rizalite",22.55,2025-04-23,51.8,0.44,WorthPoint
philippinite,"Bicolite Tektite – 122.3 Gram Philippinite, Meteorite Impact, Bikolite, Rizalite",51,2025-04-14,122.3,0.42,WorthPoint
philippinite,"""(r365-45) 1-3/4"""" Fulgurite Lightning Strike Beach Sand Glass Georgia Fulgurites""",16.49,2025-04-09,,,WorthPoint
philippinite,Two Tektites Nullarbor Plain Australia Tektite Core & Philippinite Bikolite,45,2025-03-29,,,WorthPoint
philippinite,"""(R399-17-4) 4"""" Fossil Fulgurite Petrified Lightning Strike Beach Sand Glass GA""",26.99,2025-03-24,,,WorthPoint
philippinite,"Bicolite Tektite – 52.6 Grams Philippinite, Meteorite Impact, Bikolite, Rizalite",19.5,2025-03-06,52.6,0.37,WorthPoint
philippinite,"Bicolite Tektite – 47.2 Grams Philippinite, Meteorite Impact, Bikolite, Rizalite",14,2025-03-04,47.2,0.3,WorthPoint
philippinite,"""(r365-44) 1-3/4"""" Fulgurite Lightning Strike Beach Sand Glass Georgia Fulgurites""",16.49,2025-03-04,,,WorthPoint
philippinite,"""(r365-37) 1-3/4"""" Fulgurite Lightning Strike Beach Sand Glass Georgia Fulgurites""",16.49,2025-03-03,,,WorthPoint
philippinite,"""r365-32-6) 1-1/2"""" Fulgurite Lightning Strike Beach Sand Glass Georgia Fulgurites""",15.99,2025-02-21,,,WorthPoint
philippinite,"""(r362-50) 4 Piece Set 1/2-1-1/8"""" Fulgurites Lightning Strike Beach Sand Glass GA""",22.99,2025-02-08,,,WorthPoint
philippinite,"For Taoudenni, Tektite, 14147, Sericho,",81.36,2025-01-30,,,WorthPoint
philippinite,"""(r364-132) 1-1/8"""" Fulgurite Lightning Strike Beach Sand Glass Georgia Fulgurites""",14.99,2025-01-22,,,WorthPoint
philippinite,"""r365-4) 1-1/2"""" Fulgurite Lightning Strike Beach Sand Glass Georgia Fulgurites""",15.99,2025-01-22,,,WorthPoint
philippinite,"""r365-8) 1-1/2"""" Fulgurite Lightning Strike Beach Sand Glass Georgia Fulgurites""",15.99,2025-01-22,,,WorthPoint
philippinite,"""r365-2) 1-1/2"""" Fulgurite Lightning Strike Beach Sand Glass Georgia Fulgurites""",15.99,2025-01-11,,,WorthPoint
philippinite,8 X BIKOLITE PHILIPPINES TEKTITE Lot - Philippinite Rizalite Bicolite Meteorite,48,2025-01-06,,,WorthPoint
philippinite,"""(r364-138) 1-1/8"""" Fulgurite Lightning Strike Beach Sand Glass Georgia Fulgurites""",14.99,2024-12-19,,,WorthPoint
philippinite,"Philippinite Tektite 136.14g Deeply Grooved Biscuit, By Meteorite Impact",69,2024-12-14,136.14,0.51,WorthPoint
philippinite,"""r365-32-4) 1-1/2"""" Fulgurite Lightning Strike Beach Sand Glass Georgia Fulgurites""",15.99,2024-12-12,,,WorthPoint
philippinite,95g BIKOLITE PHILIPPINES TEKTITE - Philippinite Rizalite Bicolite Meteorite,19.5,2024-11-24,95,0.21,WorthPoint
philippinite,"Bicolite Tektite – 71 Grams Philippinite, Meteorite Impact, Bikolite, Rizalite",28,2024-11-09,71,0.39,WorthPoint
philippinite,"""(r364-134) 1-1/8"""" Fulgurite Lightning Strike Beach Sand Glass Georgia Fulgurites""",14.99,2024-11-05,,,WorthPoint
philippinite,"""(r365-23) 1-1/2"""" Fulgurite Lightning Strike Beach Sand Glass Georgia Fulgurites""",15.99,2024-11-02,,,WorthPoint
philippinite,Tektite Philippinite Bicolite 27.8 Gram Biscuit From The Philippines,5.5,2024-10-30,27.8,0.2,WorthPoint
philippinite,47g BIKOLITE PHILIPPINES TEKTITE - Philippinite Rizalite Bicolite Meteorite,13.3,2024-10-25,47,0.28,WorthPoint
philippinite,"Bicolite Tektite – 82.1 Gram Philippinite, Meteorite Impact, Bikolite, Rizalite",38,2024-10-18,82.1,0.46,WorthPoint
philippinite,43g BIKOLITE PHILIPPINES TEKTITE - Philippinite Rizalite Bicolite Meteorite,13.3,2024-10-14,43,0.31,WorthPoint
philippinite,48g BIKOLITE PHILIPPINES TEKTITE - Philippinite Rizalite Bicolite Meteorite,14.7,2024-10-14,48,0.31,WorthPoint
philippinite,"""(r366-24) 2-1/8"""" Fulgurite Lightning Strike Beach Sand Dune Glass GA Fulgurites""",18.99,2024-10-10,,,WorthPoint
philippinite,"Bicolite Tektite – 42.8 Grams Philippinite, Meteorite Impact, Bikolite, Rizalite",14.55,2024-10-06,42.8,0.34,WorthPoint
philippinite,42g BIKOLITE PHILIPPINES TEKTITE - Philippinite Rizalite Bicolite Meteorite,12.6,2024-10-06,42,0.3,WorthPoint
philippinite,39g BIKOLITE PHILIPPINES TEKTITE - Philippinite Rizalite Bicolite Meteorite,11.9,2024-10-03,39,0.31,WorthPoint
philippinite,40g BIKOLITE PHILIPPINES TEKTITE - Philippinite Rizalite Bicolite Meteorite,11.9,2024-10-03,40,0.3,WorthPoint
philippinite,38g BIKOLITE PHILIPPINES TEKTITE - Philippinite Rizalite Bicolite Meteorite,11.2,2024-09-26,38,0.29,WorthPoint
philippinite,36g BIKOLITE PHILIPPINES TEKTITE - Philippinite Rizalite Bicolite Meteorite,10.5,2024-09-26,36,0.29,WorthPoint
philippinite,41g BIKOLITE PHILIPPINES TEKTITE - Philippinite Rizalite Bicolite Meteorite,11.2,2024-09-26,41,0.27,WorthPoint
philippinite,70.49g BIKOLITE PHILIPPINES TEKTITE LOT Philippinite Rizalite Bicolite Meteorite,24.85,2024-09-24,70.49,0.35,WorthPoint
philippinite,76.73g BIKOLITE PHILIPPINES TEKTITE LOT Philippinite Rizalite Bicolite Meteorite,26.6,2024-09-22,76.73,0.35,WorthPoint
philippinite,53g BIKOLITE PHILIPPINES TEKTITE - Philippinite Rizalite Bicolite Meteorite,18.9,2024-09-18,53,0.36,WorthPoint
philippinite,"(r363-19) 2 Fulgurites 1-1/8"" Lightning Strike Beach Sand Dune Glass Georgia",18.99,2024-09-17,,,WorthPoint
philippinite,Tektite Philippinite Bicolite 33.4 Gram Dumbbell From The Philippines,15.5,2024-09-14,33.4,0.46,WorthPoint
philippinite,"(r364-112) 1-1/8"" Fulgurite Lightning Strike Beach Sand Glass Georgia Fulgurites",14.99,2024-08-24,,,WorthPoint
philippinite,"(r364-29) 2 Fulgurites 1-5/8"" Lightning Strike Beach Sand Glass Georgia Set",22.99,2024-07-29,,,WorthPoint
philippinite,"(r365-24) 1-1/2"" Fulgurite Lightning Strike Beach Sand Glass Georgia Fulgurites",15.99,2024-07-29,,,WorthPoint
philippinite,Tektite Philippinite Bicolite 17.3 Gram Teardrop Shaped From The Philippines,9,2024-07-07,17.3,0.52,WorthPoint
philippinite,"(r365-22) 1-1/2"" Fulgurite Lightning Strike Beach Sand Glass Georgia Fulgurites",15.99,2024-07-06,,,WorthPoint
philippinite,23g BIKOLITE PHILIPPINES TEKTITE - Philippinite Rizalite Bicolite Meteorite,7.7,2024-07-03,23,0.33,WorthPoint
philippinite,"Bicolite Tektite -- 74.7 Grams Philippinite, Meteorite Impact, Bikolite, Rizalite",18,2024-06-28,74.7,0.24,WorthPoint
philippinite,"Philippine Tektites 1.05 Kilo ""Wholesale"" Philippinite Meteorite Impact Bicolite",119,2024-06-15,,,WorthPoint
philippinite,Tektite Philippinite Bicolite 35.4 Gram Biscuit From The Philippines,8.5,2024-06-13,35.4,0.24,WorthPoint
philippinite,"Bicolite Tektite -- 19.7 Grams Philippinite, Meteorite Impact, Bikolite, Rizalite",9.88,2024-06-13,19.7,0.5,WorthPoint
philippinite,"Bicolite Tektite -- 51.8 Grams Philippinite, Meteorite Impact, Bikolite, Rizalite",18.87,2024-06-08,51.8,0.36,WorthPoint
philippinite,"(r365-18) 1-1/2"" Fulgurite Lightning Strike Beach Sand Glass Georgia Fulgurites",15.99,2024-06-08,,,WorthPoint
philippinite,"Bicolite Tektite -- 31.9 Grams Philippinite, Meteorite Impact, Bikolite, Rizalite",12.88,2024-06-04,31.9,0.4,WorthPoint
philippinite,"Bicolite Tektite -- 36.9 Grams Philippinite, Meteorite Impact, Bikolite, Rizalite",14.88,2024-05-31,36.9,0.4,WorthPoint
philippinite,"Bicolite Tektite ""Dumbbell"" -- 38.1 Gr. Philippinite, Meteorite Impact, Bikolite",9.85,2024-05-26,38.1,0.26,WorthPoint
philippinite,"(r364-114) 1-1/8"" Fulgurite Lightning Strike Beach Sand Glass Georgia Fulgurites",14.99,2024-05-26,,,WorthPoint
philippinite,"(r365-43) 1-3/4"" Fulgurite Lightning Strike Beach Sand Glass Georgia Fulgurites",16.49,2024-05-09,,,WorthPoint
philippinite,73.58g BIKOLITE PHILIPPINES TEKTITE LOT Philippinite Rizalite Bicolite Meteorite,33.3,2024-05-07,73.58,0.45,WorthPoint
philippinite,74.66g BIKOLITE PHILIPPINES TEKTITE LOT Philippinite Rizalite Bicolite Meteorite,33.75,2024-05-07,74.66,0.45,WorthPoint
philippinite,71.11g BIKOLITE PHILIPPINES TEKTITE LOT Philippinite Rizalite Bicolite Meteorite,32.4,2024-05-07,71.11,0.46,WorthPoint
philippinite,69.42g BIKOLITE PHILIPPINES TEKTITE LOT Philippinite Rizalite Bicolite Meteorite,31.5,2024-05-07,69.42,0.45,WorthPoint
philippinite,66.62g BIKOLITE PHILIPPINES TEKTITE LOT Philippinite Rizalite Bicolite Meteorite,30.15,2024-05-06,66.62,0.45,WorthPoint
philippinite,"(r365-17) 1-1/2"" Fulgurite Lightning Strike Beach Sand Glass Georgia Fulgurites",15.99,2024-05-06,,,WorthPoint
philippinite,Tektite Philippinite Bicolite 20.9 Gram Biscuit From The Philippines,10.5,2024-04-29,20.9,0.5,WorthPoint
philippinite,"R362-51) 4 Piece Set 1/2 1-1/8"" Fulgurites Lightning Strike Beach Sand Glass GA",22.99,2024-04-29,,,WorthPoint
philippinite,Philippinite Tektite From Philippines Rizalite Copper PENDANT Handcrafted S17,39,2024-04-21,,,WorthPoint
philippinite,"(r364-130) 1-1/8"" Fulgurite Lightning Strike Beach Sand Glass Georgia Fulgurites",14.99,2024-04-04,,,WorthPoint
philippinite,"27 Different Asteroid IMPACTITES, Grade A Specimens, 759-grams (1#, 10.8-ounces)",69.95,2024-03-28,759,0.09,WorthPoint
philippinite,"(r363-20) 2 Fulgurites 1-1/8"" Lightning Strike Beach Sand Glass Georgia Set",18.99,2024-03-27,,,WorthPoint
philippinite,"(r364-109) 1-1/8"" Fulgurite Lightning Strike Beach Sand Glass Georgia Fulgurites",14.99,2024-03-27,,,WorthPoint
philippinite,"R365-32-2) 1-1/2"" Fulgurite Lightning Strike Beach Sand Glass Georgia Fulgurites",15.99,2024-03-25,,,WorthPoint
philippinite,"(r363-14) 2 Fulgurites 1-5/8"" Lightning Strike Beach Sand Glass Georgia Set",18.99,2024-03-22,,,WorthPoint
philippinite,Tektite Philippinite Bicolite 25 Gram Biscuit From The Philippines,7.61,2024-03-21,25,0.3,WorthPoint
philippinite,"22 Different Asteroid IMPACTITES, Grade A Specimens, 240-grams (8.2-ounces)",49.95,2024-03-16,240,0.21,WorthPoint
philippinite,"Bicolite Tektite -- 81.2 Grams Philippinite, Meteorite Impact, Bikolite, Rizalite",36.88,2024-02-29,81.2,0.45,WorthPoint
philippinite,Tektite Philippinite Bicolite 36.6 Gram Teardrop From The Philippines,7.5,2024-02-26,36.6,0.2,WorthPoint
philippinite,"34 Different Asteroid IMPACTITES, Grade A Specimens 1.74-kilos (3#, 13 Oz.)",79.95,2024-02-20,368.55,0.22,WorthPoint
philippinite,"(r364-31) 2 Fulgurites 1-5/8"" Lightning Strike Beach Sand Glass Georgia Set",22.99,2024-02-18,,,WorthPoint
philippinite,"21 Different Asteroid IMPACTITES, My Best Grade A Specimens 986 Grams, 2# 2.8 Oz",59.95,2024-02-12,986,0.06,WorthPoint
philippinite,"Philippinite Tektite 111.30g Deeply Grooved Biscuit, Made By Meteorite Impactite",37,2024-02-03,111.3,0.33,WorthPoint
philippinite,"(r364-135) 1-1/8"" Fulgurite Lightning Strike Beach Sand Glass Georgia Fulgurites",14.99,2024-01-31,,,WorthPoint
philippinite,Tektite Philippinite Bicolite 31.3 Gram Biscuit From The Philippines,5.5,2024-01-27,31.3,0.18,WorthPoint
philippinite,"53g, 80g, & 47g BIKOLITE PHILIPPINES TEKTITE - Philippinite Rizalite Bicolite",61,2024-01-19,53,1.15,WorthPoint
philippinite,80g BIKOLITE PHILIPPINES TEKTITE - Philippinite Rizalite Bicolite Meteorite,33.25,2024-01-18,80,0.42,WorthPoint
philippinite,"Philippine Tektites -- 890 Gr. Pack Of Philippinites, Meteorite Impact Bikolites",95,2024-01-07,890,0.11,WorthPoint
philippinite,"Bicolite Tektite -- 191 Gram Philippinite, Meteorite Impact, Bikolite, Rizalite",30,2024-01-07,191,0.16,WorthPoint
philippinite,"(r365-26) 1-1/2"" Fulgurite Lightning Strike Beach Sand Glass Georgia Fulgurites",15.99,2024-01-05,,,WorthPoint
philippinite,"(r365-15) 1-1/2"" Fulgurite Lightning Strike Beach Sand Glass Georgia Fulgurites",15.99,2024-01-01,,,WorthPoint
philippinite,"(r364-2) 2 Fulgurites 1-5/8"" Lightning Strike Beach Sand Glass Georgia Set",22.99,2023-12-31,,,WorthPoint
philippinite,"Bicolite Tektite -- 174 Gram Philippinite, Meteorite Impact, Bikolite, Rizalite",25,2023-12-27,174,0.14,WorthPoint
philippinite,"Bicolite Tektite -- 39 Gr Philippinite, Meteorite Impact Glass, Bikolit, Rizalite",5.5,2023-12-23,39,0.14,WorthPoint
philippinite,"(r365-25) 1-1/2"" Fulgurite Lightning Strike Beach Sand Glass Georgia Fulgurites",15.99,2023-12-22,,,WorthPoint
philippinite,"Bicolite Tektite -- 93.7 Grams Philippinite, Meteorite Impact, Bikolite, Rizalite",38.88,2023-12-20,93.7,0.41,WorthPoint
philippinite,"Bicolite Tektite -- 48 Gr Philippinite, Meteorite Impact Glass, Bikolit, Rizalite",18.5,2023-12-19,48,0.39,WorthPoint
philippinite,"Bicolite Tektite -- 93.9 Grams Philippinite, Meteorite Impact, Bikolite, Rizalite",38.88,2023-12-19,93.9,0.41,WorthPoint
philippinite,"Bicolite Tektite -- 62 Gr. Philippinite, Meteorite Impact, Bikolite, Rizalite",19.88,2023-12-14,62,0.32,WorthPoint
philippinite,"Bicolite Tektite -- 22.8 Gr. Philippinite, Meteorite Impact, Bikolite, Rizalite",9.59,2023-12-13,22.8,0.42,WorthPoint
philippinite,"Bicolite Tektite -- 170 Gr Philippinite, Meteorite Impact, Bikolite, Rizalite",69.5,2023-12-10,170,0.41,WorthPoint
philippinite,"23 Different Asteroid IMPACTITES, 428-grams, 15-oz. Including My Best Specimens",71,2023-12-04,428,0.17,WorthPoint
philippinite,"(r364-6) 2 Fulgurites 1-5/8"" Lightning Strike Beach Sand Glass Georgia Set",22.99,2023-11-29,,,WorthPoint
philippinite,"(r364-17) 2 Fulgurites 1-5/8"" Lightning Strike Beach Sand Glass Georgia Set",22.99,2023-11-29,,,WorthPoint
philippinite,"(r371-2) 2-3/4"" Fulgurite Lightning Strike Beach Sand Glass Georgia Specimen",29.99,2023-11-29,,,WorthPoint
philippinite,"(r366-37) 2-1/8"" Fulgurite Lightning Strike Beach Sand Glass Georgia Fulgurites",18.99,2023-11-29,,,WorthPoint
philippinite,"(r365-31) 1-1/2"" Fulgurite Lightning Strike Beach Sand Glass Georgia Fulgurites",15.99,2023-11-29,,,WorthPoint
philippinite,"(r365-123) 1-7/8"" Fulgurite Lightning Strike Beach Sand Glass Georgia Fulgurites",16.99,2023-11-16,,,WorthPoint
philippinite,"(r365-16) 1-1/2"" Fulgurite Lightning Strike Beach Sand Glass Georgia Fulgurites",15.99,2023-11-01,,,WorthPoint
philippinite,"R365-32-7) 1-1/2"" Fulgurite Lightning Strike Beach Sand Glass Georgia Fulgurites",15.99,2023-10-28,,,WorthPoint
philippinite,"R365-32-5) 1-1/2"" Fulgurite Lightning Strike Beach Sand Glass Georgia Fulgurites",15.99,2023-10-28,,,WorthPoint
philippinite,"(r364-128) 1-1/8"" Fulgurite Lightning Strike Beach Sand Glass Georgia Fulgurites",14.99,2023-10-23,,,WorthPoint
philippinite,"R362-36) 4 Piece Set 1/2 1-1/8"" Fulgurites Lightning Strike Beach Sand Glass GA",22.99,2023-10-23,,,WorthPoint
philippinite,21g BIKOLITE PHILIPPINES TEKTITE - Philippinite Rizalite Bicolite Meteorite,12.6,2023-10-18,21,0.6,WorthPoint
philippinite,"Bicolite Tektite -- 67 Gr Philippinite, Meteorite Impact Glass, Bikolit, Rizalite",7,2023-10-09,67,0.1,WorthPoint
philippinite,"Bicolite Tektite -- 51 Gr Philippinite, Meteorite Impact Glass, Bikolit, Rizalite",11,2023-10-09,51,0.22,WorthPoint
philippinite,"(r364-136) 1-1/8"" Fulgurite Lightning Strike Beach Sand Glass Georgia Fulgurites",14.99,2023-10-07,,,WorthPoint
philippinite,"Bicolite Tektite -- 21.3 Gr. Philippinite, Meteorite Impact, Bikolite, Rizalite",15.5,2023-10-05,21.3,0.73,WorthPoint
philippinite,"(r364-116) 1-1/8"" Fulgurite Lightning Strike Beach Sand Glass Georgia Fulgurites",14.99,2023-09-30,,,WorthPoint
philippinite,BIKOLITE PHILIPPINES TEKTITE - Philippinite Rizalite Bicolite Meteorite,10,2023-09-29,,,WorthPoint
philippinite,54g BIKOLITE PHILIPPINES TEKTITE - Philippinite Rizalite Bicolite Meteorite,34.3,2023-09-20,54,0.64,WorthPoint
philippinite,62g BIKOLITE PHILIPPINES TEKTITE - Philippinite Rizalite Bicolite Meteorite,43.4,2023-09-20,62,0.7,WorthPoint
philippinite,52.09g BIKOLITE PHILIPPINES TEKTITE LOT Philippinite Rizalite Bicolite Meteorite,37.1,2023-09-11,52.09,0.71,WorthPoint
philippinite,"(r365-85) 1-7/8"" Fulgurite Lightning Strike Beach Sand Glass Georgia Fulgurites",16.99,2023-09-10,,,WorthPoint
philippinite,91g BIKOLITE PHILIPPINES TEKTITE - Philippinite Rizalite Bicolite Meteorite,63,2023-09-03,91,0.69,WorthPoint
philippinite,8.53g BIKOLITE PHILIPPINES TEKTITE - Philippinite Rizalite Bicolite Meteorite,6.3,2023-09-01,8.53,0.74,WorthPoint
philippinite,76.61g BIKOLITE PHILIPPINES TEKTITE LOT Philippinite Rizalite Bicolite Meteorite,53.2,2023-08-30,76.61,0.69,WorthPoint
philippinite,"R362-52) 4 Piece Set 1/2 1-1/8"" Fulgurites Lightning Strike Beach Sand Glass GA",22.99,2023-08-20,,,WorthPoint
philippinite,Philippinite Tektite 125.32g Deeply Grooved Soccer Ball From Meteorite Impact,51,2023-08-19,125.32,0.41,WorthPoint
philippinite,"(r365-37) 1-3/4"" Fulgurite Lightning Strike Beach Sand Glass Georgia Fulgurites",16.49,2023-07-27,,,WorthPoint
philippinite,8.14g BIKOLITE PHILIPPINES TEKTITE - Philippinite Rizalite Bicolite Meteorite,6.3,2023-07-19,8.14,0.77,WorthPoint
philippinite,"(r365-110) 1-7/8"" Fulgurite Lightning Strike Beach Sand Glass Georgia Fulgurites",16.99,2023-07-17,,,WorthPoint
philippinite,"(r365-46) 1-3/4"" Fulgurite Lightning Strike Beach Sand Glass Georgia Fulgurites",16.49,2023-07-06,,,WorthPoint
philippinite,"Two Very Rare, Splash-form PHILIPPINITE TEKTITES, Molten Terrestrial...",381.51,2023-07-04,,,WorthPoint
philippinite,"R362-49) 4 Piece Set 1/2 1-1/8"" Fulgurites Lightning Strike Beach Sand Glass GA",22.99,2023-06-24,,,WorthPoint
philippinite,132g BIKOLITE PHILIPPINES TEKTITE - Philippinite Rizalite Bicolite Meteorite,83.3,2023-06-21,132,0.63,WorthPoint
philippinite,12.75g BIKOLITE PHILIPPINES TEKTITE - Philippinite Rizalite Bicolite Meteorite,9.75,2023-06-06,12.75,0.76,WorthPoint
philippinite,58g BIKOLITE PHILIPPINES TEKTITE - Philippinite Rizalite Bicolite Meteorite,45,2023-05-29,58,0.78,WorthPoint
philippinite,22g BIKOLITE PHILIPPINES TEKTITE - Philippinite Rizalite Bicolite Meteorite,17.25,2023-05-29,22,0.78,WorthPoint
philippinite,"Tektite, 53 Gr Philippinite, Bicolite, Meteorite Impact Glass, Bikolite, Tektite",28.9,2023-05-22,53,0.55,WorthPoint
philippinite,23g ANDA TEKTITE PANGASINAN REGION PHILIPPINES PHILIPPINITE METEORITE Last Stock,22.5,2023-05-18,23,0.98,WorthPoint
philippinite,9g BIKOLITE PHILIPPINES TEKTITE - Philippinite Rizalite Bicolite Meteorite,7.5,2023-05-17,9,0.83,WorthPoint
philippinite,52g LOT BIKOLITE PHILIPPINES TEKTITES - Philippinite Rizalite Bicolite Meteorite,41.25,2023-05-17,52,0.79,WorthPoint
philippinite,"Tektite 42.5 Gr Philippinite, Bicolite, Meteorite Impact Glass, Bikolite Tektite",18.9,2023-05-17,42.5,0.44,WorthPoint
philippinite,"R362-39) 4 Piece Set 1/2 1-1/8"" Fulgurites Lightning Strike Beach Sand Glass GA",22.99,2023-05-13,,,WorthPoint
philippinite,"2 Tektites, 299 Grams Philippinite, Bicolite, Meteorite Impact Glass, Bikolite",375,2023-05-11,299,1.25,WorthPoint
philippinite,"Tektite, 38 Gr Philippinite, Bicolite, Meteorite Impact Glass, Bikolite, Tektite",8.9,2023-05-09,38,0.23,WorthPoint
philippinite,"Tektite, 73 Gr. Philippinite, Bicolite, Meteorite Impact Glass, Bikolite Tektite",34,2023-04-27,73,0.47,WorthPoint
philippinite,"Tektite, 54 Gr Philippinite, Bicolite, Meteorite Impact Glass, Bikolite, Tektite",12.99,2023-04-26,54,0.24,WorthPoint
philippinite,"Tektite, 20 Gram Philippinite, Bicolite, Meteorite Impact Glass, Bikolite",12.9,2023-04-22,20,0.65,WorthPoint
philippinite,24g BIKOLITE PHILIPPINES TEKTITE - Philippinite Rizalite Bicolite Meteorite,18.75,2023-04-20,24,0.78,WorthPoint
philippinite,67g LOT BIKOLITE PHILIPPINES TEKTITES - Philippinite Rizalite Bicolite Meteorite,52.5,2023-04-20,67,0.78,WorthPoint
philippinite,34g BIKOLITE PHILIPPINES TEKTITE - Philippinite Rizalite Bicolite Meteorite,27,2023-04-20,34,0.79,WorthPoint
philippinite,"3 Tektites, 436 Grams Philippinite, Bicolite, Meteorite Impact Glass, Bikolite",300,2023-04-17,436,0.69,WorthPoint
philippinite,"Tektite 45.5 Gr Philippinite, Bicolite, Meteorite Impact Glass, Bikolite Tektite",12,2023-04-16,45.5,0.26,WorthPoint
philippinite,"Tektite 132 Gr Philippinite, Bicolite, Meteorite Impact Glass, Bikolite, Tektite",139,2023-04-13,132,1.05,WorthPoint
philippinite,"Tektite 80 Gr. Philippinite, Bicolite, Meteorite Impact Glass, Bikolite, Tektite",39.9,2023-04-13,80,0.5,WorthPoint
philippinite,"Tektite, 224 Gram Philippinite, Bicolite, Meteorite Impact Glass, Bikolite",259,2023-04-13,224,1.16,WorthPoint
philippinite,"R365-32-3) 1-1/2"" Fulgurite Lightning Strike Beach Sand Glass Georgia Fulgurites",15.99,2023-04-10,,,WorthPoint
philippinite,"(r366-44) 2-1/8"" Fulgurite Lightning Strike Beach Sand Glass Georgia Fulgurites",18.99,2023-04-08,,,WorthPoint
philippinite,16g BIKOLITE PHILIPPINES TEKTITE - Philippinite Rizalite Bicolite Meteorite,12,2023-04-07,16,0.75,WorthPoint
philippinite,18g BIKOLITE PHILIPPINES TEKTITE - Philippinite Rizalite Bicolite Meteorite,13.5,2023-04-07,18,0.75,WorthPoint
philippinite,20g ANDA TEKTITE PANGASINAN REGION PHILIPPINES PHILIPPINITE METEORITE Last Stock,18.75,2023-04-07,20,0.94,WorthPoint
philippinite,"Tektite, 27 Gram Philippinite, Bicolite, Meteorite Impact Glass, Bikolite",11.9,2023-04-07,27,0.44,WorthPoint
philippinite,"Tektite, 130 Gram Philippinite, Bicolite, Meteorite Impact Glass, Bikolite",59.9,2023-04-07,130,0.46,WorthPoint
philippinite,"Tektite, 44 Gram Philippinite, Bicolite, Meteorite Impact Glass, Bikolite",19.9,2023-04-07,44,0.45,WorthPoint
philippinite,12g BIKOLITE PHILIPPINES TEKTITE - Philippinite Rizalite Bicolite Meteorite,9.75,2023-04-07,12,0.81,WorthPoint
philippinite,11g BIKOLITE PHILIPPINES TEKTITE - Philippinite Rizalite Bicolite Meteorite,9,2023-04-07,11,0.82,WorthPoint
philippinite,10g ANDA TEKTITE PANGASINAN REGION PHILIPPINES PHILIPPINITE METEORITE Last Stock,9,2023-04-07,10,0.9,WorthPoint
philippinite,"Tektite 19 Gram Philippinite, Bicolite, Meteorite Impact Glass, Bikolite Tektite",7.5,2023-04-06,19,0.39,WorthPoint
philippinite,"Tektite, 31 Gram Philippinite, Bicolite, Meteorite Impact Glass, Bikolite",12.9,2023-04-06,31,0.42,WorthPoint
philippinite,"Tektite 32 Gram Philippinite, Bicolite, Meteorite Impact Glass, Bikolite Tektite",13.07,2023-04-06,32,0.41,WorthPoint
philippinite,"Philippine Tektite 42.9 Gram, Meteorite Impact Glass, Bicolite, Oriented Specime",14,2023-04-05,42.9,0.33,WorthPoint
philippinite,29g ANDA TEKTITE PANGASINAN REGION PHILIPPINES PHILIPPINITE METEORITE Last Stock,27.75,2023-04-05,29,0.96,WorthPoint
philippinite,"Large Tektite, 106 Gram Philippinite, Bicolite, Meteorite Impact Glass, Bikolite",10.01,2023-03-31,106,0.09,WorthPoint
philippinite,"Tektite 49 Gram Philippinite, Bicolite, Meteorite Impact Glass, Bikolite Tektite",15.5,2023-03-23,49,0.32,WorthPoint
philippinite,"Philippine Tektite, 26.5 Grams Bicolite, Meteorite Impact Glass, Bikolite",9.9,2023-03-18,26.5,0.37,WorthPoint
philippinite,"Tektite, 37 Gram Philippinite, Bicolite, Meteorite Impact Glass, Bikolite",10,2023-03-15,37,0.27,WorthPoint
philippinite,94g BIKOLITE PHILIPPINES TEKTITE - Philippinite Rizalite Bicolite Meteorite,71.2,2023-03-13,94,0.76,WorthPoint
philippinite,"44gram Tektite, Philippinite, Bicolite, Meteorite Impact Glass, Bikolite 44 Gram",5.5,2023-03-12,44,0.13,WorthPoint
philippinite,"46 Gram Tektite, 46 Gr. Philippinite, Bicolite, Meteorite Impact Glass, Bikolite",14.9,2023-03-10,46,0.32,WorthPoint
philippinite,"Tektite 51 Gram Philippinite, Bicolite, Meteorite Impact Glass, Bikolite Tektite",19.9,2023-03-07,51,0.39,WorthPoint
philippinite,"Tektite, 63 Gram Philippinite, Bicolite, Meteorite Impact Glass, Bikolite",19.9,2023-03-07,63,0.32,WorthPoint
philippinite,"Tektite, 42 Gram Philippinite, Bicolite, Meteorite Impact Glass, Bikolite",15.9,2023-03-07,42,0.38,WorthPoint
philippinite,6g ANDA TEKTITE PANGASINAN REGION PHILIPPINES PHILIPPINITE METEORITE Last Stock,6.8,2023-03-05,6,1.13,WorthPoint
philippinite,19g BIKOLITE PHILIPPINES TEKTITE - Philippinite Rizalite Bicolite Meteorite,16.15,2023-02-28,19,0.85,WorthPoint
philippinite,28g BIKOLITE PHILIPPINES TEKTITE - Philippinite Rizalite Bicolite Meteorite,24.65,2023-02-28,28,0.88,WorthPoint
philippinite,32g BIKOLITE PHILIPPINES TEKTITE - Philippinite Rizalite Bicolite Meteorite,28.9,2023-02-28,32,0.9,WorthPoint
philippinite,45g LOT BIKOLITE PHILIPPINES TEKTITES - Philippinite Rizalite Bicolite Meteorite,39.95,2023-02-28,45,0.89,WorthPoint
philippinite,"Tektite, 32 Gram Philippinite, Bicolite, Meteorite Impact Glass, Bikolite",12.9,2023-02-27,32,0.4,WorthPoint
philippinite,11g ANDA TEKTITE PANGASINAN REGION PHILIPPINES PHILIPPINITE METEORITE Last Stock,14.25,2023-02-01,11,1.3,WorthPoint
philippinite,17g BIKOLITE PHILIPPINES TEKTITE - Philippinite Rizalite Bicolite Meteorite,16.15,2023-02-01,17,0.95,WorthPoint
philippinite,"(r365-39) 1-3/4"" Fulgurite Lightning Strike Beach Sand Glass Georgia Fulgurites",16.49,2023-01-28,,,WorthPoint
philippinite,87g LOT - BIKOLITE PHILIPPINES TEKTITE Philippinite Rizalite Bicolite Meteorite,44,2023-01-08,87,0.51,WorthPoint
philippinite,20g BIKOLITE PHILIPPINES TEKTITE - Philippinite Rizalite Bicolite Meteorite,16,2023-01-03,20,0.8,WorthPoint
philippinite,"Tektite 42 Gram Philippinite, Bicolite, Meteorite Impact Glass, Bikolite Tektite",18.9,2023-01-03,42,0.45,WorthPoint
philippinite,25g BIKOLITE PREMIUM TEAR DROP TEKTITE Philippinite Rizalite Bicolite Meteorite,22,2023-01-01,25,0.88,WorthPoint
philippinite,"Tektite, 49 Gram Philippinite, Bicolite, Meteorite Impact Glass, Bikolite",29.9,2022-12-24,49,0.61,WorthPoint
philippinite,"(r365-54) 1-3/4"" Fulgurite Lightning Strike Beach Sand Glass Georgia Fulgurites",16.49,2022-12-23,,,WorthPoint
philippinite,"(r364-124) 1-1/8"" Fulgurite Lightning Strike Beach Sand Glass Georgia Fulgurites",14.99,2022-12-20,,,WorthPoint
philippinite,"(r365-56) 1-3/4"" Fulgurite Lightning Strike Beach Sand Glass Georgia Fulgurites",16.49,2022-12-18,,,WorthPoint
philippinite,"(r366-50) 2-1/8"" Fulgurite Lightning Strike Beach Sand Dune Glass GA Fulgurites",18.99,2022-12-18,,,WorthPoint
philippinite,"(r367-3) 2-1/4"" Fulgurite Lightning Strike Beach Sand Glass Georgia Specimen",20.99,2022-12-18,,,WorthPoint
philippinite,"Tektite, 127 Gram Philippinite, Bicolite, Meteorite Impact Glass, Bikolite",159,2022-12-18,127,1.25,WorthPoint
philippinite,"51 Gram Tektite, Philippinite, Bicolite, Meteorite Impact Glass, Bikolite",24.9,2022-12-17,51,0.49,WorthPoint
philippinite,"(r365-38) 1-3/4"" Fulgurite Lightning Strike Beach Sand Glass Georgia Fulgurites",16.49,2022-12-16,,,WorthPoint
philippinite,15g BIKOLITE PHILIPPINES TEKTITE - Philippinite Rizalite Bicolite Meteorite,13,2022-12-15,15,0.87,WorthPoint
philippinite,"(r365-61) 1-7/8"" Fulgurite Lightning Strike Beach Sand Glass Georgia Fulgurites",16.99,2022-12-14,,,WorthPoint
philippinite,"(r364-18) 2 Fulgurites 1-5/8"" Lightning Strike Beach Sand Glass Georgia Set",22.99,2022-12-13,,,WorthPoint
philippinite,17g LOT - BIKOLITE PHILIPPINES TEKTITE Philippinites Rizalite Bicolite Meteorite,15,2022-12-12,17,0.88,WorthPoint
philippinite,"(r365-125) 1-7/8"" Fulgurite Lightning Strike Beach Sand Glass Georgia Fulgurites",16.99,2022-12-04,,,WorthPoint
philippinite,97g LOT - BIKOLITE PHILIPPINES TEKTITE Philippinite Rizalite Bicolite Meteorite,59,2022-12-04,97,0.61,WorthPoint
philippinite,"(r369-5) 2-1/2"" Fulgurite Lightning Strike Beach Sand Glass GA Display Specimen",24.99,2022-11-26,,,WorthPoint
philippinite,8.19g ANDA TEKTITE - PANGASINAN REGION - PHILIPPINES - Philippinite Meteorite,17,2022-11-16,8.19,2.08,WorthPoint
philippinite,"(r365-33) 1-3/4"" Fulgurite Lightning Strike Beach Sand Glass Georgia Fulgurites",16.49,2022-11-12,,,WorthPoint
philippinite,"R362-42) 4 Piece Set 1/2 1-1/8"" Fulgurites Lightning Strike Beach Sand Glass GA",22.99,2022-11-02,,,WorthPoint
philippinite,"(r364-28) 2 Fulgurites 1-5/8"" Lightning Strike Beach Sand Glass Georgia Set",22.99,2022-10-28,,,WorthPoint
philippinite,"(r364-125) 1-1/8"" Fulgurite Lightning Strike Beach Sand Glass Georgia Fulgurites",14.99,2022-10-27,,,WorthPoint
philippinite,35g BIKOLITE PHILIPPINES TEKTITE - Philippinite Rizalite Bicolite Meteorite,29,2022-10-23,35,0.83,WorthPoint
philippinite,16g ANDA TEKTITE - PANGASINAN REGION - PHILIPPINES - Philippinite Meteorite,32,2022-10-23,16,2,WorthPoint
philippinite,25g BIKOLITE PHILIPPINES TEKTITE - Philippinite Rizalite Bicolite Meteorite,21,2022-10-23,25,0.84,WorthPoint
philippinite,37g BIKOLITE PHILIPPINES TEKTITE - Philippinite Rizalite Bicolite Meteorite,31,2022-10-23,37,0.84,WorthPoint
philippinite,31g BIKOLITE PHILIPPINES TEKTITE - Philippinite Rizalite Bicolite Meteorite,25,2022-10-23,31,0.81,WorthPoint
philippinite,11.8g ANDA TEKTITE - PANGASINAN REGION - PHILIPPINES - Philippinite Meteorite,24,2022-10-21,11.8,2.03,WorthPoint
philippinite,8.9g ANDA TEKTITE - PANGASINAN REGION - PHILIPPINES - Philippinite Meteorite,18,2022-10-20,8.9,2.02,WorthPoint
philippinite,78g BIKOLITE PHILIPPINES TEKTITE - Philippinite Rizalite Bicolite Meteorite,64,2022-10-20,78,0.82,WorthPoint
philippinite,99g LOT - BIKOLITE PHILIPPINES TEKTITE Philippinite Rizalite Bicolite Meteorite,54.4,2022-10-16,99,0.55,WorthPoint
philippinite,"R362-40) 4 Piece Set 1/2 1-1/8"" Fulgurites Lightning Strike Beach Sand Glass GA",22.99,2022-10-12,,,WorthPoint
philippinite,"R362-37) 4 Piece Set 1/2 1-1/8"" Fulgurites Lightning Strike Beach Sand Glass GA",22.99,2022-10-11,,,WorthPoint
philippinite,"(r365-45) 1-3/4"" Fulgurite Lightning Strike Beach Sand Glass Georgia Fulgurites",16.49,2022-10-08,,,WorthPoint
philippinite,"R362-38) 4 Piece Set 1/2 1-1/8"" Fulgurites Lightning Strike Beach Sand Glass GA",22.99,2022-09-25,,,WorthPoint
philippinite,"(r364-27) 2 Fulgurites 1-5/8"" Lightning Strike Beach Sand Glass Georgia Set",22.99,2022-09-25,,,WorthPoint
philippinite,"R399-19-3) 5.25"" Fossil Fulgurite Petrified Lightning Strike Beach Sand Glass GA",35.99,2022-09-11,,,WorthPoint
philippinite,"(r364-9) 2 Fulgurites 1-5/8"" Lightning Strike Beach Sand Glass Georgia Set",22.99,2022-09-08,,,WorthPoint
philippinite,"(r364-16) 2 Fulgurites 1-5/8"" Lightning Strike Beach Sand Glass Georgia Set",22.99,2022-09-04,,,WorthPoint
philippinite,9g ANDA TEKTITE - PANGASINAN REGION - PHILIPPINES - Philippinite Meteorite,21,2022-09-02,9,2.33,WorthPoint
philippinite,5g ANDA TEKTITE - PANGASINAN REGION - PHILIPPINES - Philippinite Meteorite,12,2022-08-31,5,2.4,WorthPoint
philippinite,"(r365-135) 1-7/8"" Fulgurite Lightning Strike Beach Sand Glass Georgia Fulgurites",16.99,2022-08-21,,,WorthPoint
philippinite,"(r365-63) 1-7/8"" Fulgurite Lightning Strike Beach Sand Glass GA Fulgurites Piece",16.99,2022-08-21,,,WorthPoint
philippinite,"(r367-7) 2-1/4"" Fulgurite Lightning Strike Beach Sand Dune Glass GA Specimen",20.99,2022-08-21,,,WorthPoint
philippinite,"(r365-128) 1-7/8"" Fulgurite Lightning Strike Beach Sand Glass Georgia Fulgurites",16.99,2022-08-21,,,WorthPoint
philippinite,"(r364-26) 2 Fulgurites 1-5/8"" Lightning Strike Beach Sand Glass Georgia Set",22.99,2022-08-21,,,WorthPoint
philippinite,6g ANDA TEKTITE - PANGASINAN REGION - PHILIPPINES - Philippinite Meteorite,15,2022-07-31,6,2.5,WorthPoint
philippinite,"(r365-124) 1-7/8"" Fulgurite Lightning Strike Beach Sand Glass Georgia Fulgurites",16.99,2022-07-18,,,WorthPoint
philippinite,14.787g ANDA TEKTITE - PANGASINAN REGION - PHILIPPINES - Philippinite Meteorite,34,2022-07-17,14.787,2.3,WorthPoint
philippinite,"(r365-129) 1-7/8"" Fulgurite Lightning Strike Beach Sand Glass Georgia Fulgurites",16.99,2022-07-15,,,WorthPoint
philippinite,15g BIKOLITE TEAR DROP TEKTITE - Philippinite Rizalite Bicolite Meteorite,19,2022-07-13,15,1.27,WorthPoint
philippinite,"(r365-32) 1-1/2"" Fulgurite Lightning Strike Beach Sand Glass Georgia Fulgurites",15.99,2022-07-10,,,WorthPoint
philippinite,100% Natural Philippinite TEKTITE 43.5gr,10.99,2022-07-09,43.5,0.25,WorthPoint
philippinite,8.8g ANDA TEKTITE - PANGASINAN REGION - PHILIPPINES - Philippinite Meteorite,20,2022-07-08,8.8,2.27,WorthPoint
philippinite,51g BIKOLITE PHILIPPINES TEKTITE - Philippinite Rizalite Bicolite Meteorite,34.4,2022-07-08,51,0.67,WorthPoint
philippinite,"(R399-8-9) 2"" Fossil Fulgurite Petrified Lightning Strike Beach Sand Glass GA",18.99,2022-07-07,,,WorthPoint
philippinite,"(r365-35) 1-3/4"" Fulgurite Lightning Strike Beach Sand Glass Georgia Fulgurites",16.49,2022-07-01,,,WorthPoint
philippinite,7.945g ANDA TEKTITE - PANGASINAN REGION - PHILIPPINES - Philippinite Meteorite,18,2022-06-27,7.945,2.27,WorthPoint
philippinite,"(r364-24) 2 Fulgurites 1-5/8"" Lightning Strike Beach Sand Glass Georgia Set",22.99,2022-06-22,,,WorthPoint
philippinite,18.967g ANDA TEKTITE - PANGASINAN REGION - PHILIPPINES - Philippinite Meteorite,53,2022-06-16,18.967,2.79,WorthPoint
philippinite,Tektite BICOLITE 63 Gram Biscuit Shaped Individual Created By Meteorite Impact,20,2022-06-10,63,0.32,WorthPoint
philippinite,19g ANDA TEKTITE - PANGASINAN REGION - PHILIPPINES - Philippinite Meteorite,53,2022-06-09,19,2.79,WorthPoint
philippinite,26g BIKOLITE PHILIPPINES TEKTITE - Philippinite Rizalite Bicolite Meteorite,22,2022-06-09,26,0.85,WorthPoint
philippinite,74g BIKOLITE PHILIPPINES TEKTITE - Philippinite Rizalite Bicolite Meteorite,55.2,2022-06-02,74,0.75,WorthPoint
philippinite,87g BIKOLITE PHILIPPINES TEKTITE - Philippinite Rizalite Bicolite Meteorite,60.8,2022-06-02,87,0.7,WorthPoint
philippinite,"(r365-132) 1-7/8"" Fulgurite Lightning Strike Beach Sand Glass Georgia Fulgurites",16.99,2022-05-26,,,WorthPoint
philippinite,"(r364-19) 2 Fulgurites 1-5/8"" Lightning Strike Beach Sand Glass Georgia Set",22.99,2022-05-26,,,WorthPoint
philippinite,20g ANDA TEKTITE - PANGASINAN REGION - PHILIPPINES - Philippinite Meteorite,60,2022-05-18,20,3,WorthPoint
philippinite,100% Natural Philippinite TEKTITE 32.2gr,13.99,2022-05-16,32.2,0.43,WorthPoint
philippinite,8g BIKOLITE PHILIPPINES TEKTITE - Philippinite Rizalite Bicolite Meteorite,9,2022-05-16,8,1.13,WorthPoint
philippinite,Tektite BICOLITE 47.7g Egg Shaped Individual Created By Meteorite Impact,9.5,2022-05-09,47.7,0.2,WorthPoint
philippinite,"(r365-34) 1-3/4"" Fulgurite Lightning Strike Beach Sand Glass Georgia Fulgurites",16.49,2022-05-06,,,WorthPoint
philippinite,187g LOT - BIKOLITE PHILIPPINES TEKTITE Philippinite Rizalite Bicolite Meteorite,148,2022-05-03,187,0.79,WorthPoint
philippinite,178g LOT - BIKOLITE PHILIPPINES TEKTITE Philippinite Rizalite Bicolite Meteorite,138,2022-05-03,178,0.78,WorthPoint
philippinite,71g LOT - BIKOLITE PHILIPPINES TEKTITE Philippinite Rizalite Bicolite Meteorite,58,2022-05-02,71,0.82,WorthPoint
philippinite,111g LOT - BIKOLITE PHILIPPINES TEKTITE Philippinite Rizalite Bicolite Meteorite,94,2022-05-02,111,0.85,WorthPoint
philippinite,PHILIPPINES TEKTITE LOT OF 7 ((Rizalite) 306 Grams - Beautiful Specimens,51,2022-04-24,306,0.17,WorthPoint
philippinite,67g BIKOLITE PHILIPPINES TEKTITE - Philippinite Rizalite Bicolite Meteorite,45.6,2022-04-23,67,0.68,WorthPoint
philippinite,92g BIKOLITE PHILIPPINES TEKTITE - Philippinite Rizalite Bicolite Meteorite,62.4,2022-04-23,92,0.68,WorthPoint
philippinite,99g BIKOLITE PHILIPPINES TEKTITE - Philippinite Rizalite Bicolite Meteorite,68,2022-04-23,99,0.69,WorthPoint
philippinite,83g BIKOLITE PHILIPPINES TEKTITE - Philippinite Rizalite Bicolite Meteorite,57.6,2022-04-23,83,0.69,WorthPoint
philippinite,86g BIKOLITE PHILIPPINES TEKTITE - Philippinite Rizalite Bicolite Meteorite,60,2022-04-23,86,0.7,WorthPoint
philippinite,"(r364-127) 1-1/8"" Fulgurite Lightning Strike Beach Sand Glass Georgia Fulgurites",14.99,2022-04-18,,,WorthPoint
philippinite,"(r365-44) 1-3/4"" Fulgurite Lightning Strike Beach Sand Glass Georgia Fulgurites",16.49,2022-04-17,,,WorthPoint
philippinite,4.8g ANDA TEKTITE - PANGASINAN REGION - PHILIPPINES - Philippinite Meteorite,12,2022-04-17,4.8,2.5,WorthPoint
philippinite,27g ANDA TEKTITE - PANGASINAN REGION - PHILIPPINES - Philippinite Meteorite,61.6,2022-04-17,27,2.28,WorthPoint
philippinite,"(r364-13) 2 Fulgurites 1-5/8"" Lightning Strike Beach Sand Glass Georgia Set",22.99,2022-04-17,,,WorthPoint
philippinite,"R365-32-6) 1-1/2"" Fulgurite Lightning Strike Beach Sand Glass Georgia Fulgurites",15.99,2022-04-08,,,WorthPoint
philippinite,"R365-32-8) 1-1/2"" Fulgurite Lightning Strike Beach Sand Glass Georgia Fulgurites",15.99,2022-04-01,,,WorthPoint
philippinite,"(r364-123) 1-1/8"" Fulgurite Lightning Strike Beach Sand Glass Georgia Fulgurites",14.99,2022-04-01,,,WorthPoint
philippinite,"(r365-53) 1-3/4"" Fulgurite Lightning Strike Beach Sand Glass Georgia Fulgurites",16.49,2022-04-01,,,WorthPoint
philippinite,"(r365-57) 1-3/4"" Fulgurite Lightning Strike Beach Sand Glass Georgia Fulgurites",16.49,2022-04-01,,,WorthPoint
philippinite,"(r364-122) 1-1/8"" Fulgurite Lightning Strike Beach Sand Glass Georgia Fulgurites",14.99,2022-04-01,,,WorthPoint
philippinite,59g LOT - BIKOLITE PHILIPPINES TEKTITE Philippinite Rizalite Bicolite Meteorite,51,2022-03-25,59,0.86,WorthPoint
philippinite,"(r364-14) 2 Fulgurites 1-5/8"" Lightning Strike Beach Sand Glass Georgia Set",22.99,2022-03-18,,,WorthPoint
philippinite,62g LOT - BIKOLITE PHILIPPINES TEKTITE Philippinite Rizalite Bicolite Meteorite,54,2022-03-14,62,0.87,WorthPoint
philippinite,66g LOT - BIKOLITE PHILIPPINES TEKTITE Philippinite Rizalite Bicolite Meteorite,58,2022-03-14,66,0.88,WorthPoint
philippinite,80g BIKOLITE PHILIPPINES TEKTITE - Philipinite Rizalite Bicolite Meteorite,72,2022-03-05,80,0.9,WorthPoint
philippinite,"(r365-23) 1-1/2"" Fulgurite Lightning Strike Beach Sand Glass Georgia Fulgurites",15.99,2022-03-02,,,WorthPoint
philippinite,"(r364-129) 1-1/8"" Fulgurite Lightning Strike Beach Sand Glass Georgia Fulgurites",14.99,2022-03-02,,,WorthPoint
philippinite,"(r365-50) 1-3/4"" Fulgurite Lightning Strike Beach Sand Glass Georgia Fulgurites",16.49,2022-02-27,,,WorthPoint
philippinite,18g BIKOLITE PHILIPPINES TEKTITE - Philipinite Rizalite Bicolite Meteorite,16,2022-02-11,18,0.89,WorthPoint
philippinite,"(r365-51) 1-3/4"" Fulgurite Lightning Strike Beach Sand Glass Georgia Fulgurites",16.49,2022-02-11,,,WorthPoint
philippinite,"(r365-41) 1-3/4"" Fulgurite Lightning Strike Beach Sand Glass Georgia Fulgurites",16.49,2022-02-11,,,WorthPoint
philippinite,16g BIKOLITE - BREAD CRUST - TEKTITE - Philipinite Rizalite Bicolite Meteorite,22,2022-02-10,16,1.38,WorthPoint
philippinite,BIKOLITE PHILIPPINES TEKTITE W/COA - Philipinite Rizalite Bicolite Meteorite,19,2022-02-10,,,WorthPoint
philippinite,"(r368-2) 2-3/8"" Fulgurite Lightning Strike Beach Sand Dune Glass GA Specimen",22.99,2022-02-05,,,WorthPoint
philippinite,"(r364-15) 2 Fulgurites 1-5/8"" Lightning Strike Beach Sand Glass Georgia Set",22.99,2022-02-03,,,WorthPoint
philippinite,"Bicolite Tektite Teardrop Shape. 79mm X 29mm.(widest), 56 Grams",50,2022-01-29,56,0.89,WorthPoint
philippinite,"(r365-55) 1-3/4"" Fulgurite Lightning Strike Beach Sand Glass Georgia Fulgurites",16.49,2022-01-14,,,WorthPoint
philippinite,"R362-43) 4 Piece Set 1/2 1-1/8"" Fulgurites Lightning Strike Beach Sand Glass GA",22.99,2022-01-09,,,WorthPoint
philippinite,"(r365-65) 1-7/8"" Fulgurite Lightning Strike Beach Sand Glass Georgia Fulgurites",16.99,2022-01-08,,,WorthPoint
philippinite,"(r365-49) 1-3/4"" Fulgurite Lightning Strike Beach Sand Glass Georgia Fulgurites",16.49,2022-01-06,,,WorthPoint
philippinite,"(two) 1-3/4"" Fulgurites Lightning Strike Beach Sand Glass Georgia Fulgurites",32,2022-01-03,,,WorthPoint
philippinite,"(r365-48) 1-3/4"" Fulgurite Lightning Strike Beach Sand Glass Georgia Fulgurites",16.49,2022-01-03,,,WorthPoint
philippinite,"(r364-115) 1-1/8"" Fulgurite Lightning Strike Beach Sand Glass Georgia Fulgurites",14.99,2022-01-03,,,WorthPoint
philippinite,"(r365-64) 1-7/8"" Fulgurite Lightning Strike Beach Sand Glass Georgia Fulgurites",16.99,2022-01-03,,,WorthPoint
philippinite,"(r367-19) 2-1/4"" Fulgurite Lightning Strike Beach Sand Dune Glass GA Specimen",20.99,2022-01-03,,,WorthPoint
philippinite,"(r365-133) 1-7/8"" Fulgurite Lightning Strike Beach Sand Glass Georgia Fulgurites",16.99,2022-01-03,,,WorthPoint
philippinite,"(r365-127) 1-7/8"" Fulgurite Lightning Strike Beach Sand Glass Georgia Fulgurites",16.99,2021-12-29,,,WorthPoint
philippinite,"(r364-11) 2 Fulgurites 1-5/8"" Lightning Strike Beach Sand Glass Georgia Set",22.99,2021-12-29,,,WorthPoint
philippinite,"(r365-126) 1-7/8"" Fulgurite Lightning Strike Beach Sand Glass Georgia Fulgurites",16.99,2021-12-23,,,WorthPoint
philippinite,"(r364-113) 1-1/8"" Fulgurite Lightning Strike Beach Sand Glass Georgia Fulgurites",14.99,2021-12-22,,,WorthPoint
philippinite,"(r365-42) 1-3/4"" Fulgurite Lightning Strike Beach Sand Glass Georgia Fulgurites",16.49,2021-12-20,,,WorthPoint
philippinite,"(r363-24) 2 Fulgurites 1-1/8"" Lightning Strike Beach Sand Glass Georgia Set",18.99,2021-12-16,,,WorthPoint
philippinite,"(r365-52) 1-3/4"" Fulgurite Lightning Strike Beach Sand Glass Georgia Fulgurites",16.49,2021-11-29,,,WorthPoint
philippinite,A 100% Natural Philippinite TEKTITE 41.6gr,39.99,2021-11-26,41.6,0.96,WorthPoint
philippinite,"(r364-138) 1-1/8"" Fulgurite Lightning Strike Beach Sand Glass Georgia Fulgurites",14.99,2021-11-26,,,WorthPoint
philippinite,A 100% Natural Philippinite TEKTITE 43.4gr,34.99,2021-11-19,43.4,0.81,WorthPoint
philippinite,"(r366-30) 2-1/8"" Fulgurite Lightning Strike Beach Sand Glass Georgia Fulgurites",18.99,2021-11-17,,,WorthPoint
philippinite,A 100% Natural Oriented ROUND Shaped Philippinite TEKTITE 39.3gr,25.99,2021-11-06,39.3,0.66,WorthPoint
philippinite,"(r362-42) 4 Fulgurites 1/2-1-1/8"" Lightning Strike Beach Sand Glass GA Specimens",22.99,2021-10-30,,,WorthPoint
philippinite,"(r365-47) 1-3/4"" Fulgurite Lightning Strike Beach Sand Glass Georgia Fulgurites",16.49,2021-10-26,,,WorthPoint
philippinite,A 100% Natural Oriented U.F.O Philippinite TEKTITE 56.9gr,49.99,2021-10-22,56.9,0.88,WorthPoint
philippinite,"(r365-140) 1-7/8"" Fulgurite Lightning Strike Beach Sand Glass Georgia Fulgurites",16.99,2021-10-20,,,WorthPoint
philippinite,"(r363-17) 2 Fulgurites 1-1/8"" Lightning Strike Beach Sand Glass Georgia Set",18.99,2021-10-20,,,WorthPoint
philippinite,"R362-47) 4 Fulgurites 1/2to1-1/8"" Lightning Strike Beach Sand Glass GA Specimens",22.99,2021-10-20,,,WorthPoint
philippinite,"(r366-40) 2-1/8"" Fulgurite Lightning Strike Beach Sand Glass Georgia Fulgurites",18.99,2021-10-20,,,WorthPoint
philippinite,"(r371-7) 2-3/4"" Fulgurite Lightning Strike Beach Sand Glass Georgia Specimen",29.99,2021-10-14,,,WorthPoint
philippinite,"(r367-14) 2-1/4"" Fulgurite Lightning Strike Beach Sand Dune Glass GA Specimen",20.99,2021-10-13,,,WorthPoint
philippinite,"(r365-138) 1-7/8"" Fulgurite Lightning Strike Beach Sand Glass Georgia Fulgurites",16.99,2021-10-11,,,WorthPoint
philippinite,"R365-32-4) 1-1/2"" Fulgurite Lightning Strike Beach Sand Glass Georgia Fulgurites",15.99,2021-10-11,,,WorthPoint
philippinite,"(r365-60) 1-7/8"" Fulgurite Lightning Strike Beach Sand Glass Georgia Fulgurites",16.99,2021-10-11,,,WorthPoint
philippinite,"(r365-78) 1-7/8"" Fulgurite Lightning Strike Beach Sand Glass Georgia Fulgurites",16.99,2021-10-01,,,WorthPoint
philippinite,"(r364-120) 1-1/8"" Fulgurite Lightning Strike Beach Sand Glass Georgia Fulgurites",14.99,2021-10-01,,,WorthPoint
philippinite,"(r365-19) 1-1/2"" Fulgurite Lightning Strike Beach Sand Glass Georgia Fulgurites",15.99,2021-10-01,,,WorthPoint
philippinite,"(r365-93) 1-7/8"" Fulgurite Lightning Strike Beach Sand Glass Georgia Fulgurites",16.99,2021-10-01,,,WorthPoint
philippinite,"(r367-18) 2-1/4"" Fulgurite Lightning Strike Beach Sand Dune Glass GA Specimen",20.99,2021-10-01,,,WorthPoint
philippinite,"(r365-134) 1-7/8"" Fulgurite Lightning Strike Beach Sand Glass Georgia Fulgurites",16.99,2021-09-23,,,WorthPoint
philippinite,Tektite Philippinite Bicolite 34.9 Gram Biscuit From The Philippines,17.5,2021-08-25,34.9,0.5,WorthPoint
philippinite,"(R399-8) 2.5"" Fossil Fulgurite Petrified Lightning Strike Beach Sand Glass GA",18.99,2021-08-12,,,WorthPoint
philippinite,"(r365-131) 1-7/8"" Fulgurite Lightning Strike Beach Sand Glass Georgia Fulgurites",16.99,2021-08-02,,,WorthPoint
philippinite,"(r365-29) 1-1/2"" Fulgurite Lightning Strike Beach Sand Glass Georgia Fulgurites",15.99,2021-07-15,,,WorthPoint
philippinite,"(r363-21) 2 Fulgurites 1-1/8"" Lightning Strike Beach Sand Dune Glass Georgia",18.99,2021-07-14,,,WorthPoint
philippinite,"(r364-121) 1-1/8"" Fulgurite Lightning Strike Beach Sand Glass Georgia Fulgurites",14.99,2021-07-12,,,WorthPoint
philippinite,"(r364-3) 2 Fulgurites 1-5/8"" Lightning Strike Beach Sand Glass Georgia Set",22.99,2021-07-12,,,WorthPoint
philippinite,"(r364-13o) 1-1/8"" Fulgurite Lightning Strike Beach Sand Glass Georgia Fulgurites",14.99,2021-07-12,,,WorthPoint
philippinite,"R399-14-4 Fossil Fulgurite 3-1/4"" Petrified Lightning Strike Beach Sand Glass GA",22.99,2021-07-11,,,WorthPoint
philippinite,Tektite Philippinite Bicolite 41 Gram Biscuit From The Philippines,27.55,2021-07-06,41,0.67,WorthPoint
philippinite,"(r365-70) 1-7/8"" Fulgurite Lightning Strike Beach Sand Glass Georgia Fulgurites",16.99,2021-07-03,,,WorthPoint
philippinite,"(r362-23) 4 Fulgurites 1/2-1-1/8"" Lightning Strike Beach Sand Dune Glass Georgia",22.99,2021-07-01,,,WorthPoint
philippinite,"(r364-8) 2 Fulgurites 1-5/8"" Lightning Strike Beach Sand Glass Georgia Set",22.99,2021-06-19,,,WorthPoint
philippinite,"(r371-6) 2-3/4"" Fulgurite Lightning Strike Beach Sand Glass Georgia Specimen",29.99,2021-06-19,,,WorthPoint
philippinite,"(r366-41) 2-1/8"" Fulgurite Lightning Strike Beach Sand Glass Georgia Fulgurites",18.99,2021-06-19,,,WorthPoint
philippinite,"(r374-2) 3-1/8"" Fulgurite Lightning Strike Beach Sand Glass GA Display Specimen",36.99,2021-06-16,,,WorthPoint
philippinite,"(r366-43) 2-1/8"" Fulgurite Lightning Strike Beach Sand Dune Glass GA Fulgurites",18.99,2021-06-03,,,WorthPoint
philippinite,"(r364-4) 2 Fulgurites 1-5/8"" Lightning Strike Beach Sand Glass Georgia Set",22.99,2021-05-30,,,WorthPoint
philippinite,Tektite Philippinite Bicolite 37.6 Gram Biscuit From The Philippines,26,2021-05-30,37.6,0.69,WorthPoint
philippinite,Tektite Philippinite Bicolite 35.3 Gram Biscuit From The Philippines,5.5,2021-05-25,35.3,0.16,WorthPoint
philippinite,Tektite Philippinite Bicolite 31.6 Gram Biscuit From The Philippines,20.5,2021-05-19,31.6,0.65,WorthPoint
philippinite,Tektite Philippinite Bicolite 9.2 Gram Biscuit From The Philippines,8.5,2021-05-03,9.2,0.92,WorthPoint
philippinite,"(r362-45) 4 Fulgurites 1/2-1-1/8"" Lightning Strike Beach Sand Glass GA Specimens",22.99,2021-04-30,,,WorthPoint
philippinite,"(r364-7) 2 Fulgurites 1-5/8"" Lightning Strike Beach Sand Glass Georgia Set",22.99,2021-04-26,,,WorthPoint
philippinite,"(r364-119) 1-1/8"" Fulgurite Lightning Strike Beach Sand Glass Georgia Fulgurites",14.99,2021-04-25,,,WorthPoint
philippinite,"(r365-10) 1-1/2"" Fulgurite Lightning Strike Beach Sand Glass Georgia Fulgurites",15.99,2021-04-18,,,WorthPoint
philippinite,"(R399-9) 3-1/4"" Fossil Fulgurite Petrified Lightning Strike Beach Sand Glass GA",22.99,2021-04-01,,,WorthPoint
philippinite,"(r371-14) 2-3/4"" Fulgurite Lightning Strike Beach Sand Glass Georgia Specimen",29.99,2021-03-31,,,WorthPoint
philippinite,"(r362-49) 4 Fulgurites 1/2-1-1/8"" Lightning Strike Beach Sand Dune Glass Georgia",22.99,2021-03-29,,,WorthPoint
philippinite,"Bicolite Philippinite Tektite Sphere - 33 Gram - Bicol, Philippines",50,2021-03-27,33,1.52,WorthPoint
philippinite,Tektite Philippinite Bicolite 63.7 Gram Biscuit From The Philippines,37,2021-03-26,63.7,0.58,WorthPoint
philippinite,"(r364-101) 1-1/8"" Fulgurite Lightning Strike Beach Sand Glass Georgia Fulgurites",14.99,2021-03-24,,,WorthPoint
philippinite,"(r364-23) 2 Fulgurites 1-5/8"" Lightning Strike Beach Sand Glass Georgia Set",22.99,2021-03-23,,,WorthPoint
philippinite,"(r362-40) 4 Fulgurites 1/2-1/1-8"" Lightning Strike Beach Sand Glass GA Specimen",22.99,2021-03-23,,,WorthPoint
philippinite,"(r362-37) 4 Fulgurites 1/2-1-1/8"" Lightning Strike Beach Sand Glass GA Specimens",22.99,2021-03-22,,,WorthPoint
philippinite,"(r363-15) 2 Fulgurites 1-1/8"" Lightning Strike Beach Sand Glass Georgia Set",18.99,2021-03-22,,,WorthPoint
philippinite,"(r365-101) 1-7/8"" Fulgurite Lightning Strike Beach Sand Glass Georgia Fulgurites",16.99,2021-03-17,,,WorthPoint
philippinite,"(r362-33) 4 Fulgurites 1/2-1-1/8"" Lightning Strike Beach Sand Glass GA Display",22.99,2021-03-17,,,WorthPoint
philippinite,"(r365-98) 1-7/8"" Fulgurite Lightning Strike Beach Sand Glass Georgia Fulgurites",16.99,2021-03-15,,,WorthPoint
philippinite,"(r364-118) 1-1/8"" Fulgurite Lightning Strike Beach Sand Glass Georgia Fulgurites",14.99,2021-03-12,,,WorthPoint
philippinite,"(r364-108) 1-1/8"" Fulgurite Lightning Strike Beach Sand Glass Georgia Fulgurites",14.99,2021-03-10,,,WorthPoint
philippinite,"(r363-16) 2 Fulgurites 1-1/8"" Lightning Strike Beach Sand Glass Georgia Set",18.99,2021-03-09,,,WorthPoint
philippinite,"(r364-25) 2 Fulgurites 1-5/8"" Lightning Strike Beach Sand Glass GA Specimens",22.99,2021-02-28,,,WorthPoint
philippinite,"(r362-38) 4 Fulgurites 1/2-1-1/8"" Lightning Strike Beach Sand Glass GA Specimens",22.99,2021-02-25,,,WorthPoint
philippinite,"(R399-2) 2.5"" Fossil Fulgurite Petrified Lightning Strike Beach Sand Glass GA",18.99,2021-02-09,,,WorthPoint
philippinite,"(r365-66) 1-7/8"" Fulgurite Lightning Strike Beach Sand Glass Georgia Fulgurites",16.99,2021-02-01,,,WorthPoint
philippinite,"(r366-48) 2-1/8"" Fulgurite Lightning Strike Beach Sand Glass Georgia Fulgurites",18.99,2021-01-22,,,WorthPoint
philippinite,Philippinite Tektite 160.76g Deeply Grooved Biscuit From Meteorite Impact,72,2021-01-16,160.76,0.45,WorthPoint
philippinite,"(r365-122) 1-7/8"" Fulgurite Lightning Strike Beach Sand Glass Georgia Fulgurites",16.99,2021-01-15,,,WorthPoint
philippinite,"(r365-112) 1-7/8"" Fulgurite Lightning Strike Beach Sand Glass Georgia Fulgurites",16.99,2021-01-03,,,WorthPoint
philippinite,"(r365-36) 1-3/4"" Fulgurite Lightning Strike Beach Sand Glass Georgia Fulgurites",16.49,2021-01-03,,,WorthPoint
philippinite,"(r364-117) 1-1/8"" Fulgurite Lightning Strike Beach Sand Glass Georgia Fulgurites",14.99,2020-12-30,,,WorthPoint
philippinite,"(r362-39) 4 Fulgurites 1/2-1-1/8"" Lightning Strike Beach Sand Glass GA Specimens",22.99,2020-12-15,,,WorthPoint
philippinite,"(r362-46) 4 Fulgurites 1/2-1-1/8"" Lightning Strike Beach Sand Glass GA Specimens",22.99,2020-12-15,,,WorthPoint
philippinite,"(r365-114) 1-7/8"" Fulgurite Lightning Strike Beach Sand Glass Georgia Fulgurites",16.99,2020-12-15,,,WorthPoint
philippinite,"(r362-48) 4 Fulgurites 1/2-1-1/8"" Lightning Strike Beach Sand Dune Glass Georgia",22.99,2020-12-14,,,WorthPoint
philippinite,"(r373-12) 3"" Fulgurite Lightning Strike Beach Sand Glass GA Display Specimen",33.99,2020-12-13,,,WorthPoint
philippinite,"(r365-117) 1-7/8"" Fulgurite Lightning Strike Beach Sand Glass Georgia Fulgurites",16.99,2020-12-11,,,WorthPoint
philippinite,Philippinite Tektite 208.58g AAA Deeply Grooved Soccer Ball From Meteorite Impac,81,2020-12-05,208.58,0.39,WorthPoint
philippinite,"(R399-20) 6-3/8"" Fossil Fulgurite Petrified Lightning Strike Beach Sand Glass GA",48.99,2020-11-26,,,WorthPoint
philippinite,"(r362-53) 4 Fulgurites 1/2-1-1/8"" Lightning Strike Beach Sand Dune Glass Georgia",22.99,2020-11-12,,,WorthPoint
philippinite,"(r365-89) 1-7/8"" Fulgurite Lightning Strike Beach Sand Glass Georgia Fulgurites",16.99,2020-11-05,,,WorthPoint
philippinite,"Bicolite Philippinite Tektite Sphere - 34 Gram - Bicol, Philippines",50,2020-10-17,34,1.47,WorthPoint
philippinite,Philippinite Tektite Philippines 59 Grams,59,2020-10-15,59,1,WorthPoint
philippinite,"(R399-14) 3-1/4"" Fossil Fulgurite Petrified Lightning Strike Beach Sand Glass GA",22.99,2020-10-02,,,WorthPoint
philippinite,"(r365-116) 1-7/8"" Fulgurite Lightning Strike Beach Sand Glass Georgia Fulgurites",16.99,2020-09-21,,,WorthPoint
philippinite,"(r365-120) 1-7/8"" Fulgurite Lightning Strike Beach Sand Glass Georgia Fulgurites",16.99,2020-09-13,,,WorthPoint
philippinite,"(R399-17-5) 4"" Fossil Fulgurite Petrified Lightning Strike Beach Sand Glass GA",26.99,2020-09-13,,,WorthPoint
philippinite,"(r362-52) 4 Fulgurites 1/2-1-1/8"" Lightning Strike Beach Sand Dune Glass Georgia",22.99,2020-09-09,,,WorthPoint
philippinite,"(r363-10) 2 Fulgurites 1-5/8"" Lightning Strike Beach Sand Glass Georgia Set",18.99,2020-09-02,,,WorthPoint
philippinite,"(r365-74) 1-7/8"" Fulgurite Lightning Strike Beach Sand Glass Georgia Fulgurites",16.99,2020-09-02,,,WorthPoint
philippinite,Philippinite Tektite 124.58g Happy Face Biscuit Impactite - Not Meteorite,32,2020-08-29,124.58,0.26,WorthPoint
philippinite,"(r364-5) 2 Fulgurites 1-5/8"" Lightning Strike Beach Dune Sand Glass Georgia",22.99,2020-08-26,,,WorthPoint
philippinite,"(r365-11) 1-1/2"" Fulgurite Lightning Strike Beach Sand Glass Georgia Fulgurites",15.99,2020-08-26,,,WorthPoint
philippinite,"(r365-92) 1-7/8"" Fulgurite Lightning Strike Beach Sand Glass Georgia Fulgurites",16.99,2020-08-17,,,WorthPoint
philippinite,"(r365-24) 1-3/4"" Fulgurite Lightning Strike Beach Sand Glass Georgia Fulgurites",16.49,2020-08-17,,,WorthPoint
philippinite,"(r367-29) 2-1/4"" Fulgurite Lightning Strike Beach Sand Dune Glass GA Specimen",20.99,2020-08-14,,,WorthPoint
philippinite,"(r363-16) 2 Fulgurites 1-5/8"" Lightning Strike Beach Sand Dune Glass Georgia",18.99,2020-08-12,,,WorthPoint
philippinite,"(r365-32) 1-3/4"" Fulgurite Lightning Strike Beach Sand Glass Georgia Fulgurites",16.49,2020-08-10,,,WorthPoint
philippinite,"(r365-28) 1-3/4"" Fulgurite Lightning Strike Beach Sand Glass Georgia Fulgurites",16.49,2020-08-04,,,WorthPoint
philippinite,"(r362-54) 4 Fulgurites 1/2-1-1/8"" Lightning Strike Beach Sand Dune Glass Georgia",22.99,2020-08-04,,,WorthPoint
philippinite,"(r365-121) 1-7/8"" Fulgurite Lightning Strike Beach Sand Glass Georgia Fulgurites",16.99,2020-08-01,,,WorthPoint
philippinite,"(R399-13) 3-1/4"" Fossil Fulgurite Petrified Lightning Strike Beach Sand Glass GA",22.99,2020-08-01,,,WorthPoint
philippinite,"(r363-13) 2 Fulgurites 1-5/8"" Lightning Strike Beach Sand Glass Georgia Set",18.99,2020-07-28,,,WorthPoint
philippinite,"(r365-119) 1-7/8"" Fulgurite Lightning Strike Beach Sand Glass Georgia Fulgurites",16.99,2020-07-28,,,WorthPoint
philippinite,"(r365-3) 1-1/2"" Fulgurite Lightning Strike Beach Sand Glass Georgia Fulgurites",15.99,2020-07-19,,,WorthPoint
philippinite,"(r367-4) 2-1/4"" Fulgurite Lightning Strike Beach Sand Glass Georgia Specimen",20.99,2020-07-01,,,WorthPoint
philippinite,"(r367-28) 2-1/4"" Fulgurite Lightning Strike Beach Sand Dune Glass GA Specimen",20.99,2020-06-25,,,WorthPoint
philippinite,"(r365-118) 1-7/8"" Fulgurite Lightning Strike Beach Sand Glass Georgia Fulgurites",16.99,2020-06-17,,,WorthPoint
philippinite,"(r364-107) 1-1/8"" Fulgurite Lightning Strike Beach Sand Glass Georgia Fulgurites",14.99,2020-06-16,,,WorthPoint
philippinite,"(r373-8) 3"" Fulgurite Lightning Strike Beach Sand Hill Glass GA Display Specimen",33.99,2020-06-16,,,WorthPoint
philippinite,"R362-26) 4 Piece Set 1/2 1-1/8"" Fulgurites Lightning Strike Beach Sand Glass GA",22.99,2020-05-30,,,WorthPoint
philippinite,"(r364-106) 1-1/8"" Fulgurite Lightning Strike Beach Sand Glass Georgia Fulgurites",14.99,2020-05-28,,,WorthPoint
philippinite,"(r365-113) 1-7/8"" Fulgurite Lightning Strike Beach Sand Glass Georgia Fulgurites",16.99,2020-05-18,,,WorthPoint
philippinite,"(r365-45) 1-7/8"" Fulgurite Lightning Strike Beach Sand Dune Glass GA Fulgurites",16.99,2020-05-16,,,WorthPoint
philippinite,"(r364-105) 1-1/8"" Fulgurite Lightning Strike Beach Sand Glass Georgia Fulgurites",14.99,2020-05-12,,,WorthPoint
philippinite,"(r385-1) 4-5/8"" Fulgurite Lightning Strike Beach Sand Glass GA Display Specimen",58.99,2020-05-10,,,WorthPoint
philippinite,"(R399-12) 3-1/4"" Fossil Fulgurite Petrified Lightning Strike Beach Sand Glass GA",22.99,2020-04-26,,,WorthPoint
philippinite,"(r365-105) 1-7/8"" Fulgurite Lightning Strike Beach Sand Glass Georgia Fulgurites",16.99,2020-04-17,,,WorthPoint
philippinite,"(R399-8-8) 2"" Fossil Fulgurite Petrified Lightning Strike Beach Sand Glass GA",18.99,2020-03-31,,,WorthPoint
philippinite,"(r378-3) 3-5/8"" Fulgurite Lightning Strike Beach Sand Glass GA Display Specimen",46.99,2020-03-18,,,WorthPoint
philippinite,"(r366-45) 2-1/8"" Fulgurite Lightning Strike Beach Sand Glass Georgia Fulgurites",18.99,2020-03-15,,,WorthPoint
philippinite,"(r365-54) 1-7/8"" Fulgurite Lightning Strike Beach Sand Glass Georgia Fulgurites",16.99,2020-03-01,,,WorthPoint
philippinite,"(r372-14) 2-7/8"" Fulgurite Lightning Strike Beach Sand Glass GA Display Specimen",31.99,2020-03-01,,,WorthPoint
philippinite,Tektite Philippinite Bicolite 37.5g PRIZE Formed By Meteorite Impact 700 Kyr,29.2,2020-02-27,37.5,0.78,WorthPoint
philippinite,"(r366-52) 2-1/8"" Fulgurite Lightning Strike Beach Sand Dune Glass GA Fulgurites",18.99,2020-02-26,,,WorthPoint
philippinite,"(r370-4) 2-5/8"" Fulgurite Lightning Strike Beach Sand Glass Georgia Specimen",27.99,2020-02-20,,,WorthPoint
philippinite,"(R399-17-3) 4"" Fossil Fulgurite Petrified Lightning Strike Beach Sand Glass GA",26.99,2020-02-20,,,WorthPoint
philippinite,Tektite Philippinite Bicolite 16.8g Part Disc Formed By Meteorite Impact 700 Kyr,17.5,2020-02-16,16.8,1.04,WorthPoint
philippinite,"(r365-95) 1-7/8"" Fulgurite Lightning Strike Beach Sand Glass Georgia Fulgurites",16.99,2020-02-14,,,WorthPoint
philippinite,"(r363-15) 2 Fulgurites 1-5/8"" Lightning Strike Beach Sand Glass Georgia Set",18.99,2020-02-06,,,WorthPoint
philippinite,Tektite Philippinite Bicolite 16.7g Nice Shape Made By Meteorite Impact 700 Kyr,18.5,2020-02-01,16.7,1.11,WorthPoint
philippinite,Tektite Philippinite Bicolite 14.7g Part Disc Formed By Meteorite Impact 700 Kyr,13.49,2020-01-30,14.7,0.92,WorthPoint
philippinite,"(r365-107) 1-7/8"" Fulgurite Lightning Strike Beach Sand Glass Georgia Fulgurites",16.99,2020-01-17,,,WorthPoint
philippinite,"(R399-17-6) 4"" Fossil Fulgurite Petrified Lightning Strike Beach Sand Glass GA",26.99,2020-01-03,,,WorthPoint
philippinite,Tektite Philippinite Bicolite 19.9g Dumbbell Formed By Meteorite Impact 700 Kyr,16.16,2020-01-01,19.9,0.81,WorthPoint
philippinite,"(r364-21) 2 Fulgurites 1-5/8"" Lightning Strike Beach Sand Glass Georgia Set",22.99,2019-12-22,,,WorthPoint
philippinite,"(r365-1) 1-1/2"" Fulgurite Lightning Strike Beach Sand Glass Georgia Fulgurites",15.99,2019-11-30,,,WorthPoint
philippinite,"(r363-11) 2 Fulgurites 1-5/8"" Lightning Strike Beach Sand Glass Georgia Set",18.99,2019-11-13,,,WorthPoint
philippinite,"(r363-19) 2 Fulgurites 1-5/8"" Lightning Strike Beach Sand Glass Georgia Set",18.99,2019-11-13,,,WorthPoint
philippinite,Tektite Philippinite Bicolite 20 Grams Formed By Meteorite Impact 700 Kyr,23.5,2019-10-11,20,1.18,WorthPoint
philippinite,"(r365-19) 1-3/4"" Fulgurite Lightning Strike Beach Sand Glass Georgia Fulgurites",16.49,2019-10-10,,,WorthPoint
philippinite,Philippinite Tektite 255.53g AAA Deeply Grooved Soccer Ball From Meteorite Impac,215,2019-10-01,255.53,0.84,WorthPoint
philippinite,"(r362-35) 4 Fulgurites 1/2-1-1/8"" Lightning Strike Beach Sand Glass GA Specimens",22.99,2019-09-23,,,WorthPoint
philippinite,Tektite Philippinite Bicolite 25.5g Dumbbell Formed By Meteorite Impact 700 Kyr,22.5,2019-09-17,25.5,0.88,WorthPoint
philippinite,Philippinite Tektite 176.86g AAA Deeply Grooved Soccer Ball From Meteorite Impac,176.5,2019-09-07,176.86,1,WorthPoint
philippinite,Tektite Philippinite Bicolite 13 Grams Formed By Meteorite Impact 700 Kyr,20.5,2019-09-04,13,1.58,WorthPoint
philippinite,"(r368-8) 2-3/8"" Fulgurite Lightning Strike Beach Sand Glass Georgia Specimen",22.99,2019-08-26,,,WorthPoint
philippinite,"12 Gram Thailandite Tektite: Australasian Strewn Field, Thailand - Nr!",18.5,2019-08-26,12,1.54,WorthPoint
philippinite,"(r365-106) 1-7/8"" Fulgurite Lightning Strike Beach Sand Glass Georgia Fulgurites",16.99,2019-08-25,,,WorthPoint
philippinite,Philippinite Tektite 153.01g AAA Deeply Grooved Soccer Ball From Meteorite Impac,129,2019-08-25,153.01,0.84,WorthPoint
philippinite,"(r365-109) 1-7/8"" Fulgurite Lightning Strike Beach Sand Glass Georgia Fulgurites",16.99,2019-08-20,,,WorthPoint
philippinite,"(r365-22) 1-3/4"" Fulgurite Lightning Strike Beach Sand Glass Georgia Fulgurites",16.49,2019-08-11,,,WorthPoint
philippinite,"(r365-108) 1-7/8"" Fulgurite Lightning Strike Beach Sand Glass Georgia Fulgurites",16.99,2019-08-05,,,WorthPoint
philippinite,Tektite Philippinite Bicolite 47 Gram Biscuit Formed By Meteorite Impact 700 Kyr,16,2019-08-04,47,0.34,WorthPoint
philippinite,"Philippinite Tektite 57.33g Deeply Grooved Biscuit, Made By Meteorite Impactite",26,2019-08-03,57.33,0.45,WorthPoint
philippinite,Tektite Philippinite Bicolite 14.1g Tear-Drop Formed By Meteorite Impact 700 Kyr,44,2019-08-02,14.1,3.12,WorthPoint
philippinite,"(r365-82) 1-7/8"" Fulgurite Lightning Strike Beach Sand Glass Georgia Fulgurites",16.99,2019-07-31,,,WorthPoint
philippinite,"(r365-8) 1-1/2"" Fulgurite Lightning Strike Beach Sand Glass Georgia Fulgurites",15.99,2019-07-30,,,WorthPoint
philippinite,"(r365-75) 1-7/8"" Fulgurite Lightning Strike Beach Sand Glass Georgia Fulgurites",16.99,2019-07-23,,,WorthPoint
philippinite,"(r364-29) 2 Fulgurites 1-5/8"" Lightning Strike Beach Dune Sand Glass Georgia",22.99,2019-07-22,,,WorthPoint
philippinite,"(r363-12) 2 Fulgurites 1-5/8"" Lightning Strike Beach Sand Glass Georgia Set",18.99,2019-07-02,,,WorthPoint
philippinite,"(r365-111) 1-7/8"" Fulgurite Lightning Strike Beach Sand Glass Georgia Fulgurites",16.99,2019-06-28,,,WorthPoint
philippinite,"(r365-9) 1-1/2"" Fulgurite Lightning Strike Beach Sand Glass Georgia Fulgurites",15.99,2019-06-23,,,WorthPoint
philippinite,"Philippinite Tektite 113.92g AAA Deeply Grooved Biscuit, Made By Meteorite Impac",111,2019-06-23,113.92,0.97,WorthPoint
philippinite,Tektite Philippinite Bicolite 69 Gram Biscuit Formed By Meteorite Impact 700 Kyr,23.5,2019-06-19,69,0.34,WorthPoint
philippinite,"(r365-4) 1-1/2"" Fulgurite Lightning Strike Beach Sand Glass Georgia Fulgurites",15.99,2019-06-18,,,WorthPoint
philippinite,"(r364-104) 1-1/8"" Fulgurite Lightning Strike Beach Sand Glass Georgia Fulgurites",14.99,2019-06-10,,,WorthPoint
philippinite,"(r364-111) 1-1/8"" Fulgurite Lightning Strike Beach Sand Glass Georgia Fulgurites",14.99,2019-06-07,,,WorthPoint
philippinite,"Philippinite Tektite 59.69g AAA Deeply Grooved Biscuit, Made By Meteorite Impact",39,2019-06-01,59.69,0.65,WorthPoint
philippinite,"(r365-7) 1-1/2"" Fulgurite Lightning Strike Beach Sand Glass Georgia Fulgurites",15.99,2019-05-28,,,WorthPoint
philippinite,"(r365-77) 1-7/8"" Fulgurite Lightning Strike Beach Sand Glass Georgia Fulgurites",16.99,2019-05-16,,,WorthPoint
philippinite,"Philippinite Tektite 103.83g AAA Deeply Grooved Biscuit, Made By Meteorite Impac",111,2019-04-08,103.83,1.07,WorthPoint
philippinite,Philippinite Tektite 40.69g Astounding Assymetrical Burger Impactite,15,2019-04-06,40.69,0.37,WorthPoint
philippinite,"(r363-9) 2 Fulgurites 1-5/8"" Lightning Strike Beach Sand Glass Georgia Set",18.99,2019-04-01,,,WorthPoint
philippinite,"(r365-30) 1-3/4"" Fulgurite Lightning Strike Beach Sand Glass Georgia Fulgurites",16.49,2019-03-31,,,WorthPoint
philippinite,"Philippinite Tektite 106.08g AAA Deeply Grooved Biscuit, Made By Meteorite Impac",152.5,2019-03-30,106.08,1.44,WorthPoint
philippinite,Tektite Philippinite Bicolite 35 Gram Biscuit Formed By Meteorite Impact 700 Kyr,30,2019-03-18,35,0.86,WorthPoint
philippinite,Philippinite Tektite 205.22g AAA Deeply Grooved Soccer Ball From Meteorite Impac,325,2019-03-18,205.22,1.58,WorthPoint
philippinite,"Philippinite Tektite 71.16g Beautiful Assymetrical, Deeply Grooved Biscuit Impac",77,2019-03-16,71.16,1.08,WorthPoint
philippinite,"(r365-2) 1-1/2"" Fulgurite Lightning Strike Beach Sand Glass Georgia Fulgurites",15.99,2019-03-12,,,WorthPoint
philippinite,Philippinite Tektite 73.16g Beautiful Biscuit Impactite,23,2019-03-02,73.16,0.31,WorthPoint
philippinite,Tektite Philippinite Bicolite 13g Teardrop Formed By Meteorite Impact 700 Kyr,20,2019-02-24,13,1.54,WorthPoint
philippinite,Tektite Philippinite Bicolite 34 Gram Biscuit Formed By Meteorite Impact 700 Kyr,14.5,2019-02-19,34,0.43,WorthPoint
philippinite,"(r365-31) 1-3/4"" Fulgurite Lightning Strike Beach Sand Glass Georgia Fulgurites",16.49,2019-02-18,,,WorthPoint
philippinite,Philippinite Tektite 71.06g Beautiful Assymetrical Biscuit Impactite,17,2019-02-09,71.06,0.24,WorthPoint
philippinite,"(r365-13) 1-1/2"" Fulgurite Lightning Strike Beach Sand Glass Georgia Fulgurites",15.99,2019-02-08,,,WorthPoint
philippinite,Tektite Philippinite Bicolite 22 Gram Biscuit Formed By Meteorite Impact 700 Kyr,24,2019-02-06,22,1.09,WorthPoint
philippinite,Philippinite Tektite 32.80g Beautiful Assymetrical Biscuit Impactite,10,2019-01-26,32.8,0.3,WorthPoint
philippinite,Tektite Philippinite Bicolite 45 Gram Biscuit Formed By Meteorite Impact 700 Kyr,24.5,2019-01-20,45,0.54,WorthPoint
philippinite,Philippinite Tektite 61.79g Beautiful Assymetrical Biscuit Impactite,20,2019-01-19,61.79,0.32,WorthPoint
philippinite,"(r365-71) 1-7/8"" Fulgurite Lightning Strike Beach Sand Glass Georgia Fulgurites",16.99,2019-01-14,,,WorthPoint
philippinite,"(r365-72) 1-7/8"" Fulgurite Lightning Strike Beach Sand Glass Georgia Fulgurites",16.99,2019-01-10,,,WorthPoint
philippinite,Tektite Philippinite Bicolite 28 Gram Biscuit Formed By Meteorite Impact 700 Kyr,20.5,2019-01-09,28,0.73,WorthPoint
philippinite,"(r364-20) 1-5/8"" - 2 Fulgurites Lightning Strike Beach Sand Glass GA Fulgurite",22.99,2019-01-08,,,WorthPoint
philippinite,Philippinite Tektite 64.58g Beautiful Assymetrical Biscuit Impactite,15,2019-01-05,64.58,0.23,WorthPoint
philippinite,"(r365-76) 1-7/8"" Fulgurite Lightning Strike Beach Sand Glass Georgia Fulgurites",16.99,2019-01-05,,,WorthPoint
philippinite,"R399-19-1) 5.25"" Fossil Fulgurite Petrified Lightning Strike Beach Sand Glass GA",35.99,2019-01-02,,,WorthPoint
philippinite,Philippinite Tektite 41.49g Beautiful Bisquit Shaped Impactite,13,2018-12-28,41.49,0.31,WorthPoint
philippinite,Philippinite Tektite 42.93g Beautiful Rod Shaped Impactite,13,2018-12-22,42.93,0.3,WorthPoint
philippinite,"(R399-5) 2"" Fossil Fulgurite Petrified Lightning Strike Beach Sand Glass GA",18.99,2018-12-22,,,WorthPoint
philippinite,Tektite Philippinite Bicolite 40 Gram Biscuit Formed By Meteorite Impact 700 Kyr,14.5,2018-12-21,40,0.36,WorthPoint
philippinite,"(r365-43) 1-7/8"" Fulgurite Lightning Strike Beach Sand Dune Glass GA Fulgurites",16.99,2018-12-19,,,WorthPoint
philippinite,"(r364-103) 1-1/8"" Fulgurite Lightning Strike Beach Sand Glass Georgia Fulgurites",14.99,2018-12-18,,,WorthPoint
philippinite,"(r366-53) 2-1/8"" Fulgurite Lightning Strike Beach Sand Dune Glass GA Fulgurites",18.99,2018-12-18,,,WorthPoint
philippinite,"(r365-79) 1-7/8"" Fulgurite Lightning Strike Beach Sand Glass Georgia Fulgurites",16.99,2018-12-18,,,WorthPoint
philippinite,"(r364-100) 1-1/8"" Fulgurite Lightning Strike Beach Sand Glass Georgia Fulgurites",14.99,2018-12-17,,,WorthPoint
philippinite,Tektite Philippinite Bicolite 38 Gram Biscuit Formed By Meteorite Impact 700 Kyr,31,2018-12-09,38,0.82,WorthPoint
philippinite,Philippinite Tektite 51.74g Beautiful Biscuit Shape Impactite,20,2018-12-09,51.74,0.39,WorthPoint
philippinite,Philippinite Tektite 158.35g Magnificent Mushroom Shape Impactite,51,2018-12-08,158.35,0.32,WorthPoint
philippinite,Philippinite Tektite 32.83g Beautiful Biscuit Shape Impactite,21.5,2018-12-08,32.83,0.65,WorthPoint
philippinite,Tektite Philippinite Bicolite 26 Gram Biscuit Formed By Meteorite Impact 700 Kyr,13.15,2018-12-02,26,0.51,WorthPoint
philippinite,Philippinite Tektite 177.02g Beautiful Breadcrust Shape Impactite,46,2018-11-27,177.02,0.26,WorthPoint
philippinite,Tektite Philippinite Bicolite 37 Gram Biscuit Formed By Meteorite Impact 700 Kyr,16.5,2018-11-25,37,0.45,WorthPoint
philippinite,"Philippinite Tektite 196.16g Unique, Anomalous Shape Impactite",41,2018-11-24,196.16,0.21,WorthPoint
philippinite,Tektite Philippinite Bicolite 53 Gram Biscuit Formed By Meteorite Impact 700 Kyr,21.5,2018-11-22,53,0.41,WorthPoint
philippinite,Philippinite Tektite 168.66g Beautiful Soccerball Shape Impactite,46,2018-11-18,168.66,0.27,WorthPoint
philippinite,"Philippinite Tektite 219.80g Unique, Anomalous Shape Impactite",46,2018-11-14,219.8,0.21,WorthPoint
philippinite,"(R399-17) 4-1/4"" Fossil Fulgurite Petrified Lightning Strike Beach Sand Glass GA",26.99,2018-11-14,,,WorthPoint
philippinite,"(r365-6) 1-1/2"" Fulgurite Lightning Strike Beach Sand Glass Georgia Fulgurites",15.99,2018-11-12,,,WorthPoint
philippinite,"(r365-14) 1-1/2"" Fulgurite Lightning Strike Beach Sand Glass Georgia Fulgurites",15.99,2018-11-08,,,WorthPoint
philippinite,Philippinite Tektite 204.83g Beautiful Breadcrusted Scarab Impactite,50,2018-10-20,204.83,0.24,WorthPoint
philippinite,"(r368-10) 2-3/8"" Fulgurite Lightning Strike Beach Sand Glass Georgia Specimen",22.99,2018-10-17,,,WorthPoint
philippinite,"(r366-34) 2-1/8"" Fulgurite Lightning Strike Beach Sand Dune Glass GA Fulgurites",18.99,2018-10-14,,,WorthPoint
philippinite,Philippinite Tektite 92.85g Impactite W/ Intriguingly Anomalous Shape,26,2018-10-13,92.85,0.28,WorthPoint
philippinite,Philippinite Tektite 254.47g Beautiful Breadcrusted Soccerball Impactite,65,2018-10-13,254.47,0.26,WorthPoint
philippinite,"(r365-5) 1-1/2"" Fulgurite Lightning Strike Beach Sand Glass Georgia Fulgurites",15.99,2018-10-11,,,WorthPoint
philippinite,"(R399-21) 9"" Fossil Fulgurite Petrified Lightning Strike Beach Sand Glass GA",55.99,2018-10-03,,,WorthPoint
philippinite,Tektite Philippinite Bicolite 43 Gram Biscuit Formed By Meteorite Impact 700 Kyr,16.5,2018-10-02,43,0.38,WorthPoint
philippinite,"(r365-27) 1-3/4"" Fulgurite Lightning Strike Beach Sand Glass Georgia Fulgurites",16.49,2018-09-20,,,WorthPoint
philippinite,"(r365-12) 1-1/2"" Fulgurite Lightning Strike Beach Sand Glass Georgia Fulgurites",15.99,2018-09-01,,,WorthPoint
philippinite,15.3g BICOLITE TEKTITE AAA Grade Meteor Impact Glass!! From The Phillippines!S,15.99,2018-09-01,15.3,1.05,WorthPoint
philippinite,"(r365-26) 1-3/4"" Fulgurite Lightning Strike Beach Sand Glass Georgia Fulgurites",16.49,2018-08-25,,,WorthPoint
philippinite,Tektite Philippinite Bicolite 49 Gram Biscuit Formed By Meteorite Impact 700 Kyr,11.5,2018-08-24,49,0.23,WorthPoint
philippinite,Tektite Philippinite Bicolite 23.6g Elongated Shape Formed By Meteorite Impact,10.5,2018-08-12,23.6,0.44,WorthPoint
philippinite,Tektite Philippinite Bicolite 18.9g Rare Bullet Shape Formed By Meteorite Impact,17.5,2018-08-09,18.9,0.93,WorthPoint
philippinite,Tektite Philippinite Bicolite 39g Rare Large Teardrop Formed By Meteorite Impact,27,2018-07-26,39,0.69,WorthPoint
philippinite,"(r367-30) 2-1/4"" Fulgurite Lightning Strike Beach Sand Dune Glass GA Specimen",20.99,2018-07-08,,,WorthPoint
philippinite,Philippinite Tektite 25.76g Impactite W/ Intriguingly Anomalous Shape,26,2018-07-02,25.76,1.01,WorthPoint
philippinite,"(r365-18r) 1-1/2"" Fulgurite Lightning Strike Beach Sand Glass Georgia Fulgurites",15.99,2018-06-29,,,WorthPoint
philippinite,Tektite Philippinite Bicolite 42 Gram Biscuit Formed By Meteorite Impact 700 Kyr,15,2018-06-26,42,0.36,WorthPoint
philippinite,Philippinite Tektite 159.59g Beautiful Breadcrusted Soccerball Impactite,150,2018-06-23,159.59,0.94,WorthPoint
philippinite,Philippinite Tektite 18.80g Bisquit Impactite,13,2018-06-18,18.8,0.69,WorthPoint
philippinite,Philippinite Tektite 35.65g Bisquit Impactite,10,2018-06-16,35.65,0.28,WorthPoint
philippinite,Tektite Philippinite Bicolite 24.7 Gram Disc Formed By Meteorite Impact 700 Kyr,20.76,2018-06-12,24.7,0.84,WorthPoint
philippinite,"(r383-2) 4-3/8"" Fulgurite Lightning Strike Beach Sand Glass GA Display Specimen",58.99,2018-06-10,,,WorthPoint
philippinite,"(r364-102) 1-1/8"" Fulgurite Lightning Strike Beach Sand Glass Georgia Fulgurites",14.99,2018-06-09,,,WorthPoint
philippinite,R398-6) 2 Pieces Fossil Fulgurite Petrified Lightning Strike Beach Sand Glass GA,18.99,2018-05-25,,,WorthPoint
philippinite,"(R399-16) 4"" Fossil Fulgurite Petrified Lightning Strike Beach Sand Glass GA",26.99,2018-05-25,,,WorthPoint
philippinite,Tektite Philippinite Bicolite 55 Gram Biscuit Formed By Meteorite Impact 700 Kyr,28.57,2018-05-17,55,0.52,WorthPoint
philippinite,"(R399-17-2) 4"" Fossil Fulgurite Petrified Lightning Strike Beach Sand Glass GA",26.99,2018-04-26,,,WorthPoint
philippinite,Tektite Philippinite Bicolite 39 Gram Biscuit Formed By Meteorite Impact 700 Kyr,44,2018-04-22,39,1.13,WorthPoint
philippinite,Tektite Philippinite Bicolite 14.7g Dumbbell Formed By Meteorite Impact 700 Kyr,20.7,2018-04-11,14.7,1.41,WorthPoint
philippinite,"(r365-103) 1-7/8"" Fulgurite Lightning Strike Beach Sand Glass Georgia Fulgurites",16.99,2018-04-06,,,WorthPoint
philippinite,"(r365-102) 1-7/8"" Fulgurite Lightning Strike Beach Sand Glass Georgia Fulgurites",16.99,2018-04-06,,,WorthPoint
philippinite,Tektite Philippinite Bicolite 27 Gram Biscuit Formed By Meteorite Impact 700 Kyr,13.5,2018-04-01,27,0.5,WorthPoint
philippinite,Tektite Philippinite Bicolite 23 Gram Biscuit Formed By Meteorite Impact 700 Kyr,24.5,2018-03-30,23,1.07,WorthPoint
philippinite,Tektite Philippinite Bicolite 48 Gram Biscuit Formed By Meteorite Impact 700 Kyr,31,2018-03-23,48,0.65,WorthPoint
philippinite,"(r365-29) 1-3/4"" Fulgurite Lightning Strike Beach Sand Glass Georgia Fulgurites",16.49,2018-03-21,,,WorthPoint
philippinite,Tektite Philippinite Bicolite 32 Gram Disc Formed By Meteorite Impact 700 Kyr,16.5,2018-03-20,32,0.52,WorthPoint
philippinite,Tektite Philippinite Bicolite 20.6g Dumbbell Formed By Meteorite Impact 700 Kyr,10.5,2018-03-16,20.6,0.51,WorthPoint
philippinite,Tektite Philippinite Bicolite 31 Gram Biscuit Formed By Meteorite Impact 700 Kyr,15.55,2018-03-09,31,0.5,WorthPoint
philippinite,Tektite Philippinite Bicolite 16.4 Gram Disc Formed By Meteorite Impact 700 Kyr,10.5,2018-03-08,16.4,0.64,WorthPoint
philippinite,Tektite Philippinite Bicolite 25 Gram Biscuit Formed By Meteorite Impact 700 Kyr,16.45,2018-03-06,25,0.66,WorthPoint
philippinite,64g NICE RIZALITE PHILIPPINITE TEKTITE(Meteorite)SPACE ROCK #sf050,42.3,2018-03-05,64,0.66,WorthPoint
philippinite,38g NICE RIZALITE PHILIPPINITE TEKTITE(Meteorite)SPACE ROCK #sf054,31.05,2018-03-04,38,0.82,WorthPoint
philippinite,"(r367-24) 2-1/4"" Fulgurite Lightning Strike Beach Sand Dune Glass GA Specimen",20.99,2018-03-03,,,WorthPoint
philippinite,A Nice And 100% Natural Rizalite Or Bikolite TEKTITE! From Philippines 36.4gr,24.99,2018-02-27,36.4,0.69,WorthPoint
philippinite,69g BAR RIZALITE PHILIPPINITE TEKTITE(Meteorite)SPACE ROCK #sf049,51.3,2018-02-26,69,0.74,WorthPoint
philippinite,"(R399-3) 2.5"" Fossil Fulgurite Petrified Lightning Strike Beach Sand Glass GA",18.99,2018-02-16,,,WorthPoint
philippinite,"(r365-20) 1-3/4"" Fulgurite Lightning Strike Beach Sand Glass Georgia Fulgurites",16.49,2018-02-05,,,WorthPoint
philippinite,60g NICE RIZALITE PHILIPPINITE TEKTITE(Meteorite)SPACE ROCK #sf051,70.5,2018-01-31,60,1.18,WorthPoint
philippinite,"(r365-104) 1-7/8"" Fulgurite Lightning Strike Beach Sand Glass Georgia Fulgurites",16.99,2018-01-21,,,WorthPoint
philippinite,R398-2) 2 Pieces Fossil Fulgurite Petrified Lightning Strike Beach Sand Glass GA,18.99,2018-01-18,,,WorthPoint
philippinite,Tektite Philippinite Bicolite 20 Gram Biscuit Formed By Meteorite Impact 700 Kyr,20.5,2018-01-17,20,1.02,WorthPoint
philippinite,Wonderful Rare Tektite Asteroid Caused This Glassy Rock Free Shipping #976,12.74,2018-01-08,,,WorthPoint
philippinite,"(r365-21) 1-3/4"" Fulgurite Lightning Strike Beach Sand Glass Georgia Fulgurites",16.49,2018-01-01,,,WorthPoint
philippinite,"(r365-100) 1-7/8"" Fulgurite Lightning Strike Beach Sand Glass Georgia Fulgurites",16.99,2017-12-30,,,WorthPoint
philippinite,A Small Nice And 100% Natural Rizalite Or Bikolite TEKTITE Philippines 24.4gr,14.99,2017-12-29,24.4,0.61,WorthPoint
philippinite,"(r366-49) 2-1/8"" Fulgurite Lightning Strike Beach Sand Glass Georgia Fulgurites",18.99,2017-12-27,,,WorthPoint
philippinite,BICOLITE TEKTITE 43.2g Meteor Impact Glass AAA Grade!! From The Philippines!!,15.99,2017-12-15,43.2,0.37,WorthPoint
philippinite,BICOLITE TEKTITE 13.7g AAA Grade Meteor Impact Glass!! From The Phillippines!S,15.99,2017-12-15,13.7,1.17,WorthPoint
philippinite,"(r366-54) 2-1/8"" Fulgurite Lightning Strike Beach Sand Dune Glass GA Fulgurites",18.99,2017-12-10,,,WorthPoint
philippinite,A Larger! 100% Natural Rizalite Or Bikolite TEKTITE! From Philippines 94.17gr,29.99,2017-12-07,94.17,0.32,WorthPoint
philippinite,"(R399-11) 3-1/4"" Fossil Fulgurite Petrified Lightning Strike Beach Sand Glass GA",22.99,2017-12-02,,,WorthPoint
philippinite,"Tektite Philippinite: Paracale Area, Camarines Norte, Bikol R. Weight = 192,4 G",110,2017-12-02,4,27.5,WorthPoint
philippinite,"(r378-1) 3-5/8"" Fulgurite Lightning Strike Beach Sand Glass GA Display Specimen",47.99,2017-11-28,,,WorthPoint
philippinite,"(r365-63) 1-7/8"" Fulgurite Lightning Strike Beach Sand Dune Glass GA Fulgurites",16.99,2017-11-26,,,WorthPoint
philippinite,"(r365-81) 1-7/8"" Fulgurite Lightning Strike Beach Sand Glass Georgia Fulgurites",16.99,2017-11-12,,,WorthPoint
philippinite,"(r368-15) 2-3/8"" Fulgurite Lightning Strike Beach Sand Dune Glass GA Specimen",22.99,2017-10-16,,,WorthPoint
philippinite,"(r365-68) 1-7/8"" Fulgurite Lightning Strike Beach Sand Glass Georgia Fulgurites",16.99,2017-10-16,,,WorthPoint
philippinite,BICOLITE TEKTITE 19.6g Meteorite Impact Glass AAA GRADE From The Philippines!,16.99,2017-10-14,19.6,0.87,WorthPoint
philippinite,"(r365-67) 1-7/8"" Fulgurite Lightning Strike Beach Sand Glass Georgia Fulgurites",16.99,2017-09-28,,,WorthPoint
philippinite,"(r368-13) 2-3/8"" Fulgurite Lightning Strike Beach Sand Dune Glass GA Specimen",22.99,2017-09-27,,,WorthPoint
philippinite,"(r363-24) 2 Fulgurites 1-5/8"" Lightning Strike Beach Sand Glass GA Specimens",18.99,2017-09-13,,,WorthPoint
philippinite,"(r371-5) 2-3/4"" Fulgurite Lightning Strike Beach Sand Glass Georgia Specimen",29.99,2017-09-11,,,WorthPoint
philippinite,"(r365-83) 1-7/8"" Fulgurite Lightning Strike Beach Sand Glass Georgia Fulgurites",16.99,2017-09-05,,,WorthPoint
philippinite,"(r365-41) 1-7/8"" Fulgurite Lightning Strike Beach Sand Glass Georgia Fulgurites",16.99,2017-08-30,,,WorthPoint
philippinite,"(r365-94) 1-7/8"" Fulgurite Lightning Strike Beach Sand Glass Georgia Fulgurites",16.99,2017-08-29,,,WorthPoint
philippinite,"(R399-92) 10"" Fossil Fulgurite Petrified Lightning Strike Beach Sand Glass GA",88.99,2017-08-28,,,WorthPoint
philippinite,R398-7) 3 Pieces Fossil Fulgurite Petrified Lightning Strike Beach Sand Glass GA,18.99,2017-08-28,,,WorthPoint
philippinite,"(r365-90) 1-7/8"" Fulgurite Lightning Strike Beach Sand Glass Georgia Fulgurites",16.99,2017-08-26,,,WorthPoint
philippinite,"(r365-91) 1-7/8"" Fulgurite Lightning Strike Beach Sand Glass Georgia Fulgurites",16.99,2017-08-26,,,WorthPoint
philippinite,"(r366-2) 2-1/8"" Fulgurite Lightning Strike Beach Sand Dune Glass GA Fulgurites",18.99,2017-08-24,,,WorthPoint
philippinite,"(r365-69) 1-7/8"" Fulgurite Lightning Strike Beach Sand Glass Georgia Fulgurites",16.99,2017-08-24,,,WorthPoint
philippinite,"(r365-80) 1-7/8"" Fulgurite Lightning Strike Beach Sand Glass Georgia Fulgurites",16.99,2017-08-24,,,WorthPoint
philippinite,"(r365-73) 1-7/8"" Fulgurite Lightning Strike Beach Sand Glass Georgia Fulgurites",16.99,2017-08-18,,,WorthPoint
philippinite,Lot Of THREE Little 100%Natural Rizalite Or Bikolite TEKTITES Philippines 28.8gr,14.99,2017-07-30,28.8,0.52,WorthPoint
philippinite,Perfect! A 100% Natural Rizalite Or Bikolite TEKTITE! From Philippines 39.2gr,24.99,2017-07-30,39.2,0.64,WorthPoint
philippinite,"(r385-7) 4-5/8"" Fulgurite Lightning Strike Beach Sand Glass GA Display Specimen",52.99,2017-07-23,,,WorthPoint
philippinite,"(R399-19) 5-3/4"" Fossil Fulgurite Petrified Lightning Strike Beach Sand Glass GA",35.99,2017-07-22,,,WorthPoint
philippinite,"(r365-56) 1-7/8"" Fulgurite Lightning Strike Beach Sand Glass Georgia Fulgurites",16.99,2017-07-17,,,WorthPoint
philippinite,"(r363-13) 2 Fulgurites 1-5/8"" Lightning Strike Beach Sand Dune Glass Georgia",18.99,2017-07-16,,,WorthPoint
philippinite,"(r365-33) 1-7/8"" Fulgurite Lightning Strike Beach Sand Glass Georgia Fulgurites",16.99,2017-07-14,,,WorthPoint
philippinite,"(r365-57) 1-7/8"" Fulgurite Lightning Strike Beach Sand Glass Georgia Fulgurites",16.99,2017-07-08,,,WorthPoint
philippinite,"(r365-87) 1-7/8"" Fulgurite Lightning Strike Beach Sand Glass Georgia Fulgurites",16.99,2017-07-06,,,WorthPoint
philippinite,"(r365-99) 1-7/8"" Fulgurite Lightning Strike Beach Sand Glass Georgia Fulgurites",16.99,2017-07-06,,,WorthPoint
philippinite,"(r366-51) 2-1/8"" Fulgurite Lightning Strike Beach Sand Dune Glass GA Fulgurites",18.99,2017-06-26,,,WorthPoint
philippinite,"(r365-58) 1-7/8"" Fulgurite Lightning Strike Beach Sand Glass Georgia Fulgurites",16.99,2017-06-26,,,WorthPoint
philippinite,R398-5) 3 Pieces Fossil Fulgurite Petrified Lightning Strike Beach Sand Glass GA,18.99,2017-06-16,,,WorthPoint
philippinite,"(r365-96) 1-7/8"" Fulgurite Lightning Strike Beach Sand Glass Georgia Fulgurites",16.99,2017-06-12,,,WorthPoint
philippinite,"(r365-97) 1-7/8"" Fulgurite Lightning Strike Beach Sand Glass Georgia Fulgurites",16.99,2017-06-03,,,WorthPoint
philippinite,"(r371-11) 2-3/4"" Fulgurite Lightning Strike Beach Sand Glass Georgia Specimen",29.99,2017-05-21,,,WorthPoint
philippinite,"(r365-86) 1-7/8"" Fulgurite Lightning Strike Beach Sand Glass Georgia Fulgurites",16.99,2017-05-12,,,WorthPoint
philippinite,"(r365-88) 1-7/8"" Fulgurite Lightning Strike Beach Sand Glass Georgia Fulgurites",16.99,2017-05-06,,,WorthPoint
philippinite,"(r365-49) 1-7/8"" Fulgurite Lightning Strike Beach Sand Glass Georgia Fulgurites",16.99,2017-04-30,,,WorthPoint
philippinite,A NEAT! 100% Natural Rizalite Or Bikolite TEKTITE! From The Philippines 28.8gr,16.99,2017-04-26,28.8,0.59,WorthPoint
philippinite,"(r365-40) 1-7/8"" Fulgurite Lightning Strike Beach Sand Glass Georgia Fulgurites",16.99,2017-04-24,,,WorthPoint
philippinite,"(r367-15) 2-1/4"" Fulgurite Lightning Strike Beach Sand Dune Glass GA Specimen",20.99,2017-04-14,,,WorthPoint
philippinite,"(r365-59) 1-7/8"" Fulgurite Lightning Strike Beach Sand Glass Georgia Fulgurites",16.99,2017-04-11,,,WorthPoint
philippinite,"(r364-30) 1-5/8"" - 2 Fulgurites Lightning Strike Beach Sand Glass GA Fulgurite",22.99,2017-03-22,,,WorthPoint
philippinite,"(r365-53) 1-7/8"" Fulgurite Lightning Strike Beach Sand Glass Georgia Fulgurites",16.99,2017-03-19,,,WorthPoint
philippinite,"(r365-37) 1-7/8"" Fulgurite Lightning Strike Beach Sand Glass Georgia Fulgurites",16.99,2017-03-06,,,WorthPoint
philippinite,A Small And PERFECT 100% Natural Rizalite Or Bikolite TEKTITE Philippines 20.0gr,19.99,2017-03-03,20,1,WorthPoint
philippinite,"(r365-32) 1-7/8"" Fulgurite Lightning Strike Beach Sand Dune Glass GA Fulgurites",16.99,2017-03-02,,,WorthPoint
philippinite,"(r365-51) 1-7/8"" Fulgurite Lightning Strike Beach Sand Glass Georgia Fulgurites",16.99,2017-02-19,,,WorthPoint
philippinite,"(r367-26) 2-1/4"" Fulgurite Lightning Strike Beach Sand Dune Glass GA Specimen",20.99,2017-02-05,,,WorthPoint
philippinite,"(r365-39) 1-7/8"" Fulgurite Lightning Strike Beach Sand Glass Georgia Fulgurites",16.99,2017-01-11,,,WorthPoint
philippinite,"(r365-10) 1-7/8"" Fulgurite Lightning Strike Beach Sand Glass Georgia Fulgurites",16.99,2017-01-09,,,WorthPoint
philippinite,"R399-19-2) 5.25"" Fossil Fulgurite Petrified Lightning Strike Beach Sand Glass GA",35.99,2017-01-08,,,WorthPoint
philippinite,"(r365-27) 1-7/8"" Fulgurite Lightning Strike Beach Sand Glass Georgia Fulgurites",16.99,2017-01-05,,,WorthPoint
philippinite,"(r376-2) 3-3/8"" Fulgurite Lightning Strike Beach Sand Glass GA Display Specimen",45.99,2016-12-29,,,WorthPoint
philippinite,"(r365-34) 1-7/8"" Fulgurite Lightning Strike Beach Sand Glass Georgia Fulgurites",16.99,2016-12-28,,,WorthPoint
philippinite,"(r367-27) 2-1/4"" Fulgurite Lightning Strike Beach Sand Dune Glass GA Specimen",20.99,2016-12-25,,,WorthPoint
philippinite,"(r365-36) 1-7/8"" Fulgurite Lightning Strike Beach Sand Glass Georgia Fulgurites",16.99,2016-12-20,,,WorthPoint
philippinite,"(r367-21) 2-1/4"" Fulgurite Lightning Strike Beach Sand Dune Glass GA Specimen",20.99,2016-12-16,,,WorthPoint
philippinite,"(r365-29) 1-7/8"" Fulgurite Lightning Strike Beach Sand Glass Georgia Fulgurites",16.99,2016-12-15,,,WorthPoint
philippinite,"(r365-30) 1-7/8"" Fulgurite Lightning Strike Beach Sand Glass Georgia Fulgurites",16.99,2016-12-13,,,WorthPoint
philippinite,"(r370-1) 2-5/8"" Fulgurite Lightning Strike Beach Sand Glass Georgia Specimen",27.99,2016-12-11,,,WorthPoint
philippinite,"(r371-13) 2-3/4"" Fulgurite Lightning Strike Beach Sand Glass Georgia Specimen",29.99,2016-12-05,,,WorthPoint
philippinite,"(r367-23) 2-1/4"" Fulgurite Lightning Strike Beach Sand Dune Glass GA Specimen",20.99,2016-12-02,,,WorthPoint
philippinite,"(R399-1) 2.5"" Fossil Fulgurite Petrified Lightning Strike Beach Sand Glass GA",18.99,2016-11-30,,,WorthPoint
philippinite,"(R399-18) 5-3/4"" Fossil Fulgurite Petrified Lightning Strike Beach Sand Glass GA",35.99,2016-11-24,,,WorthPoint
philippinite,"(r364-9) 2 Fulgurites 1-5/8"" Lightning Strike Beach Dune Sand Glass Georgia",22.99,2016-11-22,,,WorthPoint
philippinite,"(r365-21) 1-7/8"" Fulgurite Lightning Strike Beach Sand Glass Georgia Fulgurites",16.99,2016-11-21,,,WorthPoint
philippinite,"(r368-12) 2-3/8"" Fulgurite Lightning Strike Beach Sand Dune Glass GA Specimen",22.99,2016-11-21,,,WorthPoint
philippinite,"(r365-48) 1-7/8"" Fulgurite Lightning Strike Beach Sand Glass Georgia Fulgurites",16.99,2016-11-21,,,WorthPoint
philippinite,"(r365-42) 1-7/8"" Fulgurite Lightning Strike Beach Sand Glass Georgia Fulgurites",16.99,2016-11-21,,,WorthPoint
philippinite,"(r365-35) 1-7/8"" Fulgurite Lightning Strike Beach Sand Glass Georgia Fulgurites",16.99,2016-11-21,,,WorthPoint
philippinite,"(r368-25) 2-3/8"" Fulgurite Lightning Strike Beach Sand Dune Glass GA Specimen",22.99,2016-11-21,,,WorthPoint
philippinite,"(r368-3) 2-3/8"" Fulgurite Lightning Strike Beach Sand Glass Georgia Specimen",22.99,2016-11-21,,,WorthPoint
philippinite,"(r367-25) 2-1/4"" Fulgurite Lightning Strike Beach Sand Dune Glass GA Specimen",20.99,2016-11-18,,,WorthPoint
philippinite,"(r365-28) 1-7/8"" Fulgurite Lightning Strike Beach Sand Glass Georgia Fulgurites",16.99,2016-11-06,,,WorthPoint
philippinite,"(r367-17) 2-1/4"" Fulgurite Lightning Strike Beach Sand Dune Glass GA Specimen",20.99,2016-11-05,,,WorthPoint
philippinite,A Perfectly ROUND 100%Natural Rizalite Or Bikolite TEKTITE Philippines 11.5gr E,14.99,2016-10-15,11.5,1.3,WorthPoint
philippinite,"(r378-4) 3-5/8"" Fulgurite Lightning Strike Beach Sand Glass GA Display Specimen",47.99,2016-10-02,,,WorthPoint
philippinite,A NEAT! And 100% Natural Rizalite Or Bikolite TEKTITE! From Philippines 29.9gr,19.99,2016-09-26,29.9,0.67,WorthPoint
philippinite,"(r365-55) 1-7/8"" Fulgurite Lightning Strike Beach Sand Glass Georgia Fulgurites",16.99,2016-09-10,,,WorthPoint
philippinite,A NEAT! 100% Natural Rizalite Or Bikolite TEKTITE! From Philippines 49.32gr E,39.99,2016-09-10,49.32,0.81,WorthPoint
philippinite,"(r365-52) 1-7/8"" Fulgurite Lightning Strike Beach Sand Glass Georgia Fulgurites",16.99,2016-09-09,,,WorthPoint
philippinite,"(r365-25) 1-7/8"" Fulgurite Lightning Strike Beach Sand Dune Glass GA Fulgurites",16.99,2016-09-05,,,WorthPoint
philippinite,A Big! 100% Natural Rizalite Or Bikolite TEKTITE! From The Philippines 107.9gr,99.99,2016-09-04,107.9,0.93,WorthPoint
philippinite,"(r365-46) 1-7/8"" Fulgurite Lightning Strike Beach Sand Dune Glass GA Fulgurites",16.99,2016-08-22,,,WorthPoint
philippinite,"(r365-31) 1-7/8"" Fulgurite Lightning Strike Beach Sand Dune Glass GA Fulgurites",16.99,2016-08-16,,,WorthPoint
philippinite,"(R399-14) 4-1/4"" Fossil Fulgurite Petrified Lightning Strike Beach Sand Glass GA",26.99,2016-08-14,,,WorthPoint
philippinite,"(r365-47) 1-7/8"" Fulgurite Lightning Strike Beach Sand Glass Georgia Fulgurites",16.99,2016-08-14,,,WorthPoint
philippinite,"(R399-5) 2.5"" Fossil Fulgurite Petrified Lightning Strike Beach Sand Glass GA",18.99,2016-08-14,,,WorthPoint
philippinite,"(r365-26) 1-7/8"" Fulgurite Lightning Strike Beach Sand Glass Georgia Fulgurites",16.99,2016-08-13,,,WorthPoint
philippinite,"(r367-22) 2-1/4"" Fulgurite Lightning Strike Beach Sand Dune Glass GA Specimen",20.99,2016-08-10,,,WorthPoint
philippinite,"(r365-2) 1-7/8"" Fulgurite Lightning Strike Beach Sand Glass Georgia Fulgurites",16.99,2016-08-08,,,WorthPoint
philippinite,"(R399-22) 11"" Fossil Fulgurite Petrified Lightning Strike Beach Sand Glass GA",66.99,2016-08-03,,,WorthPoint
philippinite,"(r365-12) 1-7/8"" Fulgurite Lightning Strike Beach Sand Glass Georgia Fulgurites",16.99,2016-08-01,,,WorthPoint
philippinite,A ROUND NEAT! 100% Natural Rizalite Or Bikolite TEKTITE! Philippines 21.45gr,14.99,2016-07-29,21.45,0.7,WorthPoint
philippinite,"""Star Dung"", Phillippinite, Unusual Spherical Tektite, Phillippine Islands",14.99,2016-07-28,,,WorthPoint
philippinite,A Disc Shaped 100% Natural Rizalite Or Bikolite TEKTITE! Philippines 16.4gr E,14.99,2016-07-28,16.4,0.91,WorthPoint
philippinite,"(r364-26) 1-5/8"" - 2 Fulgurites Lightning Strike Beach Sand Glass GA Fulgurite",22.99,2016-07-26,,,WorthPoint
philippinite,LOT Of 3 PERFECT! 100% Natural Rizalite Or Bikolite TEKTITEs Philippines 64.2gr,39.99,2016-07-22,64.2,0.62,WorthPoint
philippinite,"(r365-5) 1-7/8"" Fulgurite Lightning Strike Beach Sand Dune Glass GA Fulgurites",16.99,2016-07-20,,,WorthPoint
philippinite,"(r366-42) 2-1/8"" Fulgurite Lightning Strike Beach Sand Glass Georgia Fulgurites",18.99,2016-07-19,,,WorthPoint
philippinite,"(r366-39) 2-1/8"" Fulgurite Lightning Strike Beach Sand Glass Georgia Fulgurites",18.99,2016-07-19,,,WorthPoint
philippinite,"(r366-38) 2-1/8"" Fulgurite Lightning Strike Beach Sand Dune Glass GA Fulgurites",18.99,2016-07-15,,,WorthPoint
philippinite,"(r369-2) 2-1/2"" Fulgurite Lightning Strike Beach Sand Glass GA Display Specimen",24.99,2016-07-15,,,WorthPoint
philippinite,"(r366-8) 2-1/8"" Fulgurite Lightning Strike Beach Sand Glass GA Fulgurites",18.99,2016-07-15,,,WorthPoint
philippinite,"(r365-17) 1-7/8"" Fulgurite Lightning Strike Beach Sand Glass Georgia Specimen",16.99,2016-07-15,,,WorthPoint
philippinite,"(r366-5) 2-1/8"" Fulgurite Lightning Strike Beach Sand Dune Glass GA Fulgurites",18.99,2016-07-15,,,WorthPoint
philippinite,"(r365-4) 1-7/8"" Fulgurite Lightning Strike Beach Sand Dune Glass GA Fulgurites",16.99,2016-07-15,,,WorthPoint
philippinite,"(r365-8) 1-7/8"" Fulgurite Lightning Strike Beach Sand Dune Glass GA Fulgurites",16.99,2016-07-15,,,WorthPoint
philippinite,"(r366-6) 2-1/8"" Fulgurite Lightning Strike Beach Sand Dune Glass GA Fulgurites",18.99,2016-07-15,,,WorthPoint
philippinite,"(r368-16) 2-3/8"" Fulgurite Lightning Strike Beach Sand Dune Glass GA Specimen",22.99,2016-07-15,,,WorthPoint
philippinite,"(r366-7) 2-1/8"" Fulgurite Lightning Strike Beach Sand Dune Glass GA Fulgurites",18.99,2016-07-15,,,WorthPoint
philippinite,"(r365-3) 1-7/8"" Fulgurite Lightning Strike Beach Sand Dune Glass GA Fulgurites",16.99,2016-07-15,,,WorthPoint
philippinite,"(r366-9) 2-1/8"" Fulgurite Lightning Strike Beach Sand Dune Glass GA Fulgurites",18.99,2016-07-15,,,WorthPoint
philippinite,"(r366-31) 2-1/8"" Fulgurite Lightning Strike Beach Sand Glass Georgia Fulgurites",18.99,2016-07-15,,,WorthPoint
philippinite,"R364-11) 1-5/8, 1-3/4"" Fulgurites Lightning Strike Beach Sand Glass GA Fulgurite",22.99,2016-07-15,,,WorthPoint
philippinite,"(r370-5) 2-5/8"" Fulgurite Lightning Strike Beach Sand Glass Georgia Specimen",27.99,2016-07-15,,,WorthPoint
philippinite,A 100% Natural Rizalite Or Bikolite TEKTITE! From The Philippines 45.7gr E,19.99,2016-07-13,45.7,0.44,WorthPoint
philippinite,"(r383-10) 4-3/8"" Fulgurite Lightning Strike Beach Sand Glass GA Display Specimen",47.99,2016-07-06,,,WorthPoint
philippinite,"(r365-2) 1-7/8"" Fulgurite Lightning Strike Beach Sand Dune Glass GA Fulgurites",16.99,2016-06-27,,,WorthPoint
philippinite,"(r366-19) 2-1/8"" Fulgurite Lightning Strike Beach Sand Glass Georgia Fulgurites",18.99,2016-06-19,,,WorthPoint
philippinite,"(r364-7) 1-5/8"" - 2 Fulgurites Lightning Strike Beach Sand Glass GA Fulgurite",22.99,2016-06-13,,,WorthPoint
philippinite,A Perfectly ROUND 100% Natural Rizalite Or Bikolite TEKTITE! Philippines 39.9gr,24.99,2016-06-12,39.9,0.63,WorthPoint
philippinite,"(r366-10) 2-1/8"" Fulgurite Lightning Strike Beach Sand Dune Glass GA Fulgurites",18.99,2016-06-10,,,WorthPoint
philippinite,"(r365-11) 1-7/8"" Fulgurite Lightning Strike Beach Sand Glass Georgia Fulgurites",16.99,2016-06-03,,,WorthPoint
philippinite,"(r365-1) 1-7/8"" Fulgurite Lightning Strike Beach Sand Dune Glass GA Fulgurites",16.99,2016-05-20,,,WorthPoint
philippinite,"(r365-14) 1-7/8"" Fulgurite Lightning Strike Beach Sand Glass Georgia Fulgurites",16.99,2016-05-15,,,WorthPoint
philippinite,"(r366-3) 2-1/8"" Fulgurite Lightning Strike Beach Sand Dune Glass GA Fulgurites",18.99,2016-05-15,,,WorthPoint
philippinite,"(r377-1) 3-1/2"" Fulgurite Lightning Strike Beach Sand Glass GA Display Specimen",47.99,2016-05-12,,,WorthPoint
philippinite,"(r366-1) 2-1/8"" Fulgurite Lightning Strike Beach Sand Dune Glass GA Fulgurites",18.99,2016-05-10,,,WorthPoint
philippinite,"(r368-11) 2-3/8"" Fulgurite Lightning Strike Beach Sand Dune Glass GA Specimen",22.99,2016-05-07,,,WorthPoint
philippinite,"(r365-15) 1-7/8"" Fulgurite Lightning Strike Beach Sand Glass Georgia Fulgurites",16.99,2016-05-03,,,WorthPoint
philippinite,"(r365-7) 1-7/8"" Fulgurite Lightning Strike Beach Sand Dune Glass GA Fulgurites",16.99,2016-04-27,,,WorthPoint
philippinite,"(r365-9) 1-7/8"" Fulgurite Lightning Strike Beach Sand Dune Glass GA Fulgurites",16.99,2016-04-23,,,WorthPoint
philippinite,"(r365-16) 1-7/8"" Fulgurite Lightning Strike Beach Sand Glass Georgia Fulgurites",16.99,2016-04-21,,,WorthPoint
philippinite,"(r369-1) 2-1/2"" Fulgurite Lightning Strike Beach Sand Glass GA Display Specimen",24.99,2016-04-15,,,WorthPoint
philippinite,"(r366-4) 2-1/8"" Fulgurite Lightning Strike Beach Sand Dune Glass GA Fulgurites",18.99,2016-04-10,,,WorthPoint
philippinite,"(r365-13) 1-7/8"" Fulgurite Lightning Strike Beach Sand Glass Georgia Fulgurites",16.99,2016-04-09,,,WorthPoint
philippinite,"(r365-6) 1-7/8"" Fulgurite Lightning Strike Beach Sand Dune Glass GA Fulgurites",16.99,2016-04-05,,,WorthPoint
philippinite,"(r371-1) 2-3/4"" Fulgurite Lightning Strike Beach Sand Glass Georgia Specimen",29.99,2016-03-14,,,WorthPoint
philippinite,"(r363-7) 2 Fulgurites 1-5/8"" Lightning Strike Beach Sand Glass GA Fulgurite Set",16.14,2016-02-27,,,WorthPoint
philippinite,"(r370-12) 2-5/8"" Fulgurite Lightning Strike Beach Sand Glass Georgia Specimen",27.99,2016-02-22,,,WorthPoint
philippinite,"(r369-9) 2-1/2"" Fulgurite Lightning Strike Beach Sand Glass GA Display Piece",24.99,2016-02-22,,,WorthPoint
philippinite,"(r369-6) 2-1/2"" Fulgurite Lightning Strike Beach Sand Glass GA Display Specimen",24.99,2016-02-22,,,WorthPoint
philippinite,"(r368-24) 2-3/8"" Fulgurite Lightning Strike Beach Sand Dune Glass GA Specimen",22.99,2016-02-14,,,WorthPoint
philippinite,"(r366-47) 2-1/8"" Fulgurite Lightning Strike Beach Sand Glass Georgia Fulgurites",18.99,2016-02-09,,,WorthPoint
philippinite,"(r373-17) 3"" Fulgurite Lightning Strike Beach Sand Glass GA Display Specimen",33.99,2016-02-07,,,WorthPoint
philippinite,"(r368-27) 2-3/8"" Fulgurite Lightning Strike Beach Sand Dune Glass GA Specimen",22.99,2016-02-07,,,WorthPoint
philippinite,"(r396-600) Huge 8-1/4"" Fulgurite Lightning Strike Sand Glass GA Display Specimen",224.99,2015-12-30,,,WorthPoint
philippinite,"(r370-19) 2-5/8"" Fulgurite Lightning Strike Beach Sand Glass Georgia Specimen",27.99,2015-10-03,,,WorthPoint
philippinite,"Meteorite,Tektite Very Nice Shape 202grams.",10,2014-11-23,202,0.05,WorthPoint
philippinite,"Meteorite,Tektite 243grams And 275grams Nice Shape.",32.68,2014-11-23,243,0.13,WorthPoint
philippinite,"Meteorite,Tektite 9pcs Assorted Specimen 248grams Altogether.",23.27,2014-11-23,248,0.09,WorthPoint
philippinite,"Meteorite,Tektite 4pcs Assorted Specimen 280grams Altogether.",23.07,2014-11-23,280,0.08,WorthPoint
philippinite,"Meteorite,Tektite 4pcs Assorted Specimen 308grams Altogether.",22.07,2014-11-23,308,0.07,WorthPoint
philippinite,"Meteorite,Tektite 4pcs Groovy Shell Fragment 325grams Altogether.",36,2014-11-23,325,0.11,WorthPoint
philippinite,"(r368-23) 2-3/8"" Fulgurite Lightning Strike Beach Sand Dune Glass GA Specimen",22.99,2014-11-19,,,WorthPoint
philippinite,"(r372-2) 2-7/8"" Fulgurite Lightning Strike Beach Sand Glass GA Display Specimen",31.99,2014-11-08,,,WorthPoint
philippinite,"Meteorite,Tektite Nice Shape Saucer 220grams",18,2014-10-26,220,0.08,WorthPoint
philippinite,"Meteorite,Tektite Glossy Sphere 216grams",17,2014-10-26,216,0.08,WorthPoint
philippinite,"Meteorite,Tektite 4pcs. Teardrop Philippine Tektite 110grams",10,2014-10-26,110,0.09,WorthPoint
philippinite,"(r375-5) 3-1/4"" Fulgurite Lightning Strike Beach Sand Glass GA Display Specimen",38.99,2014-10-25,,,WorthPoint
philippinite,"(r381-6) 4"" Fulgurite Lightning Strike Beach Sand Dune Glass GA Display Specimen",45.99,2014-10-18,,,WorthPoint
philippinite,"(r367-20) 2-1/4"" Fulgurite Lightning Strike Beach Sand Dune Glass GA Specimen",20.99,2014-10-16,,,WorthPoint
philippinite,"(r365-43) 1-7/8"" Fulgurite Lightning Strike Beach Sand Glass Georgia Specimen",16.99,2014-07-03,,,WorthPoint
philippinite,"(r364-2) 1-5/8"" - 2 Fulgurites Lightning Strike Beach Sand Glass GA Fulgurite",22.99,2014-07-03,,,WorthPoint
philippinite,"(r370-15) 2-5/8"" Fulgurite Lightning Strike Beach Sand Glass GA Display Piece",27.99,2014-07-01,,,WorthPoint
philippinite,"(r370-16) 2-5/8"" Fulgurite Lightning Strike Beach Sand Glass GA Display Piece",27.99,2014-06-30,,,WorthPoint
philippinite,"(r370-21) 2-5/8"" Fulgurite Lightning Strike Beach Sand Glass GA Display Piece",27.99,2014-06-17,,,WorthPoint
philippinite,"(r365-13) 1-7/8"" Fulgurite Lightning Strike Beach Sand Dune Glass GA Fulgurites",16.99,2014-06-13,,,WorthPoint
philippinite,"(r362-25) Four 1/2"" Fulgurites Lightning Strike Beach Sand Glass GA Fulgurite",22.99,2014-06-06,,,WorthPoint
philippinite,"(r367-36) 2-1/4"" Fulgurite Lightning Strike Beach Sand Dune Glass GA Specimen",20.99,2014-05-22,,,WorthPoint
philippinite,"(r376-3) 3-3/8"" Fulgurite Lightning Strike Beach Sand Glass GA Display Specimen",45.99,2014-05-21,,,WorthPoint
philippinite,"(r370-20) 2-5/8"" Fulgurite Lightning Strike Beach Sand Glass Georgia Specimen",27.99,2014-04-23,,,WorthPoint
philippinite,"(r372-6) 2-7/8"" Fulgurite Lightning Strike Beach Sand Glass GA Display Specimen",31.99,2014-04-19,,,WorthPoint
philippinite,"(r383-8) 4-3/8"" Fulgurite Lightning Strike Beach Sand Glass GA Display Specimen",47.99,2014-03-27,,,WorthPoint
philippinite,"(r367-31) 2-1/4"" Fulgurite Lightning Strike Beach Sand Dune Glass GA Specimen",20.99,2014-03-24,,,WorthPoint
philippinite,"(r366-33) 2-1/8"" Fulgurite Lightning Strike Beach Sand Dune Glass GA Fulgurites",18.99,2014-03-22,,,WorthPoint
philippinite,"(r370-11) 2-5/8"" Fulgurite Lightning Strike Beach Sand Glass Georgia Specimen",27.99,2014-03-07,,,WorthPoint
philippinite,"(r364-22) 1-5/8"" - 2 Fulgurites Lightning Strike Beach Sand Glass GA Fulgurite",22.99,2014-03-07,,,WorthPoint
philippinite,"(r376-4) 3-3/8"" Fulgurite Lightning Strike Beach Sand Glass GA Display Specimen",45.99,2014-03-03,,,WorthPoint
philippinite,"(r385-4) 4-5/8"" Fulgurite Lightning Strike Beach Sand Glass GA Display Specimen",58.99,2014-03-03,,,WorthPoint
philippinite,40.34 Grams Black Tektite Meteorite / China Rare No Reserve Ships Free,10.99,2014-03-03,40.34,0.27,WorthPoint
philippinite,"(r386-1) 4-3/4"" Fulgurite Lightning Strike Sand Dune Glass GA Display Specimen",72.99,2014-02-25,,,WorthPoint
philippinite,"(r370-13) 2-5/8"" Fulgurite Lightning Strike Beach Sand Glass GA Display Piece",27.99,2014-02-18,,,WorthPoint
philippinite,"(r366-21) 2-1/8"" Fulgurite Lightning Strike Beach Sand Dune Glass GA Fulgurites",18.99,2014-02-04,,,WorthPoint
philippinite,"Meteorite,Tektite Very Nice Philippinite Nice Shape Biscuit-like 25g",13.49,2014-02-03,25,0.54,WorthPoint
philippinite,"Meteorite,Tektite Very Nice Philippinite Rare Teardrop 21g",10,2014-02-03,21,0.48,WorthPoint
philippinite,"Meteorite,Tektite Very Nice Philippinite Dumbbell 70g",12,2014-02-03,70,0.17,WorthPoint
philippinite,"(r363-18) 1-1/8"" - 2 Fulgurites Lightning Strike Beach Sand Glass GA Fulgurite",18.99,2014-02-01,,,WorthPoint
philippinite,"(r366-12) 2-1/8"" Fulgurite Lightning Strike Beach Sand Glass GA Fulgurites",18.99,2014-02-01,,,WorthPoint
philippinite,"(r366-29) 2-1/8"" Fulgurite Lightning Strike Beach Sand Glass Georgia Fulgurites",18.99,2014-02-01,,,WorthPoint
philippinite,"(r363-1) 2 Piece Set 1-5/8"" Fulgurites Lightning Strike Beach Sand Glass GA",18.99,2014-02-01,,,WorthPoint
philippinite,"(r372-10) 2-7/8"" Fulgurite Lightning Strike Beach Sand Glass GA Display Specimen",31.99,2014-01-31,,,WorthPoint
philippinite,"(r381-2) 4"" Fulgurite Lightning Strike Beach Sand Dune Glass GA Display Specimen",47.99,2014-01-16,,,WorthPoint
philippinite,"(r367-37) 2-1/4"" Fulgurite Lightning Strike Beach Sand Dune Glass GA Specimen",16.79,2014-01-05,,,WorthPoint
philippinite,"(r387-3) 4-7/8"" Fulgurite Lightning Strike Sand Dune Glass GA Display Specimen",54.39,2014-01-03,,,WorthPoint
philippinite,"(r392-2) 5-3/8"" Fulgurite Lightning Strike Sand Dune Glass GA Display Specimen",80.79,2014-01-03,,,WorthPoint
philippinite,"(r394-200) 6-3/8"" Fulgurite Lightning Strike Sand Dune Glass GA Display Specimen",90.39,2014-01-02,,,WorthPoint
philippinite,"(r365-50) 1-7/8"" Fulgurite Lightning Strike Beach Sand Glass Georgia Specimen",13.59,2014-01-01,,,WorthPoint
philippinite,"(r362-41) 4 Piece Set 1/2"" Fulgurites Lightning Strike Beach Sand Glass GA",22.99,2014-01-01,,,WorthPoint
philippinite,"(r363-6) 2 Fulgurites 1-5/8"" Lightning Strike Beach Sand Glass Georgia Pieces",18.99,2013-12-31,,,WorthPoint
philippinite,"(r367-33) 2-1/4"" Fulgurite Lightning Strike Beach Sand Dune Glass GA Specimen",17.84,2013-12-28,,,WorthPoint
philippinite,"(r366-20) 2-1/8"" Fulgurite Lightning Strike Beach Sand Glass GA Fulgurites",16.14,2013-12-27,,,WorthPoint
philippinite,"(r367-39) 2-1/4"" Fulgurite Lightning Strike Beach Sand Dune Glass GA Specimen",20.99,2013-12-24,,,WorthPoint
philippinite,"(r369-21) 2-1/2"" Fulgurite Lightning Strike Beach Sand Glass GA Display Specimen",21.24,2013-12-21,,,WorthPoint
philippinite,"(r362-34) 4 Fulgurites 1/2"" Lightning Strike Beach Sand Glass GA Fulgurite",19.54,2013-12-21,,,WorthPoint
philippinite,"(r369-26) 2-1/2"" Fulgurite Lightning Strike Beach Sand Glass GA Display Specimen",21.24,2013-12-20,,,WorthPoint
philippinite,"(r367-38) 2-1/4"" Fulgurite Lightning Strike Beach Sand Dune Glass GA Specimen",20.99,2013-12-15,,,WorthPoint
philippinite,"(r363-28) 1-5/8"" - 2 Fulgurites Lightning Strike Beach Sand Glass GA Specimens",18.99,2013-12-15,,,WorthPoint
philippinite,"(r367-40) 2-1/4"" Fulgurite Lightning Strike Beach Sand Dune Glass GA Specimen",20.99,2013-12-09,,,WorthPoint
philippinite,"(r367-32) 2-1/4"" Fulgurite Lightning Strike Beach Sand Dune Glass GA Specimen",20.99,2013-12-09,,,WorthPoint
philippinite,"(r390-4) 5-1/4"" Fulgurite Lightning Strike Sand Dune Glass GA Display Specimen",92.99,2013-12-03,,,WorthPoint
philippinite,"(r388-2) 5"" Fulgurite Lightning Strike Sand Dune Hill Glass GA Display Specimen",72.99,2013-12-02,,,WorthPoint
philippinite,"(r373-6) 3"" Fulgurite Lightning Strike Beach Sand Hill Glass GA Display Specimen",33.99,2013-11-11,,,WorthPoint
philippinite,"(r372-8) 2-7/8"" Fulgurite Lightning Strike Beach Sand Glass GA Display Specimen",31.99,2013-11-05,,,WorthPoint
philippinite,"Meteorite,Tektite Rizalite Assorted Pieces 225grams (Altogether)",21.5,2013-10-06,225,0.1,WorthPoint
philippinite,"(r374-3) 3-1/8"" Fulgurite Lightning Strike Beach Sand Glass GA Display Specimen",31.44,2013-09-21,,,WorthPoint
philippinite,"(r375-6) 3-1/4"" Fulgurite Lightning Strike Beach Sand Glass GA Display Specimen",33.14,2013-09-20,,,WorthPoint
philippinite,"(r393-51) Big 6"" Fulgurite Lightning Strike Sand Dune Glass GA Display Specimen",134.99,2013-09-06,,,WorthPoint
philippinite,"(r396-200) Big 7-3/8"" Fulgurite Lightning Strike Sand Glass GA Display Specimen",196.99,2013-08-18,,,WorthPoint
philippinite,"Meteorite,Tektite Rizalite Beutiful Combined Sphere & Shell 185grams",10,2013-07-14,185,0.05,WorthPoint
philippinite,"Meteorite,Tektite Rizalite Very Nice Assorted Pieces 165grams (Altogether)",11,2013-07-14,165,0.07,WorthPoint
philippinite,"Meteorite,Tektite Rizalite Very Nice Assorted Pieces 375grams (Altogether)",10.5,2013-07-14,375,0.03,WorthPoint
philippinite,"(r386-3) 4-3/4"" Fulgurite Lightning Strike Sand Dune Glass GA Display Specimen",69.99,2013-07-13,,,WorthPoint
philippinite,"(r365-46) 1-7/8"" Fulgurite Lightning Strike Beach Sand Glass Georgia Specimen",16.99,2013-07-12,,,WorthPoint
philippinite,"Meteorite,Tektite Rizalite Strange-flat,Breadcrusted 205grams",16.05,2013-06-30,205,0.08,WorthPoint
philippinite,"Meteorite,Tektite Rizalite Cool Piece,Breadcrusted 147grams",11,2013-06-30,147,0.07,WorthPoint
philippinite,"Meteorite,Tektite Rizalite Very Nice Assorted Pieces 140grams (Altogether)",15,2013-06-30,140,0.11,WorthPoint
philippinite,"(r365-4) 1-7/8"" Fulgurite Lightning Strike Beach Sand Glass Georgia Specimen",16.99,2013-06-28,,,WorthPoint
philippinite,"Meteorite,Tektite Rizalite Beautiful Breadcrusted Spheroid 158grams",31,2013-06-23,158,0.2,WorthPoint
philippinite,"Meteorite,Tektite Rizalite Very Nice Breadcrusted Spheroid 236grams",25,2013-06-23,236,0.11,WorthPoint
philippinite,"(r367-12) 2-1/4"" Fulgurite Lightning Strike Beach Sand Glass Georgia Specimen",20.99,2013-06-22,,,WorthPoint
philippinite,"(r370-3) 2-5/8"" Fulgurite Lightning Strike Beach Sand Glass GA Display Piece",22.39,2013-06-19,,,WorthPoint
philippinite,"(r363-3) 1-5/8"" 2 Fulgurites Lightning Strike Beach Sand Glass Georgia Fulgurite",15.19,2013-06-18,,,WorthPoint
philippinite,38g BALL RIZALITE PHILIPPINITE TEKTITE(Meteorite)#sb903-stomulet,25.99,2013-06-15,38,0.68,WorthPoint
philippinite,"(r363-30) 1-5/8"" - 2 Fulgurites Lightning Strike Beach Sand Glass GA Fulgurite",16.14,2013-06-10,,,WorthPoint
philippinite,"(r362-24) Four 1/2"" Fulgurites Lightning Strike Beach Sand Glass GA Fulgurite",22.99,2013-05-23,,,WorthPoint
philippinite,"(r375-4) 3-1/4"" Fulgurite Lightning Strike Beach Sand Glass GA Display Specimen",29.24,2013-05-21,,,WorthPoint
philippinite,"(r396-1) 6-5/8"" Fulgurite Lightning Strike Sand Dune Glass GA Display Specimen",101.24,2013-05-21,,,WorthPoint
philippinite,"(r386-5) 4-3/4"" Fulgurite Lightning Strike Sand Dune Glass GA Display Specimen",49.49,2013-05-21,,,WorthPoint
philippinite,"(r369-23) 2-1/2"" Fulgurite Lightning Strike Beach Sand Glass GA Display Specimen",24.99,2013-05-11,,,WorthPoint
philippinite,"(r375-1) 3-1/4"" Fulgurite Lightning Strike Beach Sand Glass GA Display Specimen",38.99,2013-05-11,,,WorthPoint
philippinite,"(r373-20) 3"" Fulgurite Lightning Strike Beach Sand Glass GA Display Specimen",33.99,2013-05-11,,,WorthPoint
philippinite,"(r369-18) 2-1/2"" Fulgurite Lightning Strike Beach Sand Glass GA Display Specimen",24.99,2013-05-11,,,WorthPoint
philippinite,"(r394-201) 6-3/8"" Fulgurite Lightning Strike Sand Dune Glass GA Display Specimen",112.99,2013-05-11,,,WorthPoint
philippinite,"(r381-5) 4"" Fulgurite Lightning Strike Beach Sand Dune Glass GA Display Specimen",47.99,2013-05-08,,,WorthPoint
philippinite,"(r394-1) 6-1/8"" Fulgurite Lightning Strike Sand Dune Glass GA Display Specimen",162.99,2013-05-07,,,WorthPoint
philippinite,28.0g RIZALITE PHILIPPINITE TEKTITE(Meteorite)#sb909-stomulet,14.99,2013-04-25,28,0.54,WorthPoint
philippinite,"Meteorite,Tektite Rizalite Nice Small Breadcrusted Sphere 120grams",45,2013-04-21,120,0.38,WorthPoint
philippinite,"Meteorite,Tektite Rizalite Very Nice And Strange Glossy Specimen 140grams",30,2013-04-21,140,0.21,WorthPoint
philippinite,"Meteorite,Tektite Rizalite Flat Unusual With Grooves 148grams",22.5,2013-04-21,148,0.15,WorthPoint
philippinite,"Meteorite,Tektite Rizalite Beautiful Grooves,Very Nice Quality 210grams",67,2013-04-21,210,0.32,WorthPoint
philippinite,"Meteorite,Tektite Rizalite Very Nice Pebble-like 255grams",18,2013-04-21,255,0.07,WorthPoint
philippinite,"Meteorite,Tektite Rizalite Solid Huge Breadcrusted 265grams",41,2013-04-21,265,0.15,WorthPoint
philippinite,"Meteorite,Tektite Rizalite Solid Huge Breadcrusted 295grams",63.7,2013-04-21,295,0.22,WorthPoint
philippinite,"Meteorite,Tektite Rizalite Very Nice Grooves Sphere 140grams",31,2013-04-21,140,0.22,WorthPoint
philippinite,"(r369-13) 2-1/2"" Fulgurite Lightning Strike Beach Sand Glass GA Display Specimen",24.99,2013-04-18,,,WorthPoint
philippinite,"Meteorite,Tektite Rizalite Heavily Pitted Glossy Disc-shaped 185grams",47,2013-04-14,185,0.25,WorthPoint
philippinite,"Meteorite,Tektite Rizalite High Quality Piece Glossy-grooves Spheroid 165grams",40.4,2013-04-14,165,0.24,WorthPoint
philippinite,"(r365-5) 1-7/8"" Fulgurite Lightning Strike Beach Sand Glass Georgia Specimen",16.99,2013-04-12,,,WorthPoint
philippinite,170.5g PERFECT RIZALITE PHILIPPINITE Tektite(Meteorite)#sb876-stomulet,378,2013-03-28,170.5,2.22,WorthPoint
philippinite,"(r363-29) 1-5/8"" - 2 Fulgurites Lightning Strike Beach Sand Glass GA Specimens",18.99,2013-03-26,,,WorthPoint
philippinite,42.5g NICE RIZALITE PHILIPPINITE Tektite(Meteorite)#sb884-stomulet,41.99,2013-03-22,42.5,0.99,WorthPoint
philippinite,"(r365-3) 1-7/8"" Fulgurite Lightning Strike Beach Sand Glass Georgia Specimen",16.99,2013-03-20,,,WorthPoint
philippinite,"(r373-22) 3"" Fulgurite Lightning Strike Beach Sand Glass GA Display Specimen",33.99,2013-03-19,,,WorthPoint
philippinite,"Meteorite,Tektite Rizalite Glossy Solid Spheroid Breadcrusted 280grams",35.56,2013-03-10,280,0.13,WorthPoint
philippinite,"Meteorite,Tektite Rizalite Heavily Pitted Spheroid 248grams",26.24,2013-03-10,248,0.11,WorthPoint
philippinite,"Meteorite,Tektite Rizalite Very Nice Spheroid With Grooves 130grams",19,2013-03-10,130,0.15,WorthPoint
philippinite,"Meteorite,Tektite Rizalite Nice Breadcrust 214grams",36,2013-03-10,214,0.17,WorthPoint
philippinite,"Meteorite,Tektite Rizalite Nice Deep Grooves Small Sphere 130grams",22.59,2013-03-10,130,0.17,WorthPoint
philippinite,"Meteorite,Tektite Rizalite Small Sphere 129grams",22.73,2013-03-10,129,0.18,WorthPoint
philippinite,"Meteorite,Tektite Rizalite Huge Solid 372grams",59.58,2013-03-10,372,0.16,WorthPoint
philippinite,"Meteorite,Tektite Rizalite Small Sphere Grooves 128grams",26,2013-03-10,128,0.2,WorthPoint
philippinite,"Meteorite,Tektite Rizalite Small Sphere Very Nice Grooves 170grams",25.12,2013-03-10,170,0.15,WorthPoint
philippinite,"Meteorite,Tektite Rizalite Disc-shaped Very Nice Grooves 183grams",62,2013-03-10,183,0.34,WorthPoint
philippinite,"Meteorite,Tektite Rizalite Very Nice Grooves 114grams",16.5,2013-03-10,114,0.14,WorthPoint
philippinite,"(r388-1) 5"" Fulgurite Lightning Strike Sand Dune Hill Glass GA Display Specimen",69.99,2013-03-09,,,WorthPoint
philippinite,"(r365-18) 1-7/8"" Fulgurite Lightning Strike Beach Sand Glass Georgia Fulgurites",16.99,2013-03-06,,,WorthPoint
philippinite,"(r382-1) 4-1/4"" Fulgurite Lightning Strike Beach Sand Glass GA Display Specimen",47.99,2013-03-04,,,WorthPoint
philippinite,"Meteorite,Tektite Rizalite Spheroid Very Nice!! Glossy Deep Grooves 190grams",23,2013-03-02,190,0.12,WorthPoint
philippinite,"Meteorite,Tektite Rizalite Very Nice Breadcrusted Fragment With Bubble 90grams",10.6,2013-03-02,90,0.12,WorthPoint
philippinite,"Meteorite,Tektite Rizalite Beautiful Groovy Spheroid 170grams",23,2013-03-02,170,0.14,WorthPoint
philippinite,"Meteorite,Tektite Rizalite Very Nice Solid Spheroid Breadcrusted 220grams",23,2013-03-02,220,0.1,WorthPoint
philippinite,"(r365-7) 1-7/8"" Fulgurite Lightning Strike Beach Sand Glass Georgia Specimen",16.99,2013-03-01,,,WorthPoint
philippinite,"Meteorite,Tektite Rizalite Very Nice Grooves Disc-shape 235grams",29.9,2013-02-17,235,0.13,WorthPoint
philippinite,"Meteorite,Tektite Rizalite Pebble-like 215grams",20,2013-02-17,215,0.09,WorthPoint
philippinite,"Meteorite,Tektite Rizalite Strange Unusual Specimen 170grams",29,2013-02-17,170,0.17,WorthPoint
philippinite,"Meteorite, Tektite Rizalite 114g - Very Deep Grooves!!!",19,2013-02-14,114,0.17,WorthPoint
philippinite,"(r366-17) 2-1/8"" Fulgurite Lightning Strike Beach Sand Glass Georgia Fulgurites",18.99,2013-02-11,,,WorthPoint
philippinite,"(r378-6) 3-5/8"" Fulgurite Lightning Strike Beach Sand Glass GA Display Specimen",47.99,2013-02-09,,,WorthPoint
philippinite,"Meteorite,Tektite Rizalite Large Biscuit 2pcs 170grams!",10,2013-02-05,170,0.06,WorthPoint
philippinite,"Meteorite,Tektite Rizalite Very Nice Groovy Spheroid 145grams!",28,2013-02-05,145,0.19,WorthPoint
philippinite,"Meteorite,Tektite Rizalite Very Nice Spheroid Glossy With Grooves 250grams!",37,2013-02-05,250,0.15,WorthPoint
philippinite,"(r383-3) 4-3/8"" Fulgurite Lightning Strike Beach Sand Glass GA Display Specimen",56.99,2013-02-04,,,WorthPoint
philippinite,"Meteorite,Tektite Rizalite Solid Glossy Sphere With Grooves 280grams",39.05,2013-02-03,280,0.14,WorthPoint
philippinite,"Meteorite,Tektite Rizalite Very Nice Deep Grooves Sphere 175grams",27.87,2013-02-03,175,0.16,WorthPoint
philippinite,"Meteorite,Tektite Rizalite Very Nice Small Pieces 2pcs 65grams",5.2,2013-02-03,65,0.08,WorthPoint
philippinite,"Moldavites: Besednice, Č. Budějovice. Czech Republic => Europa. Weight = 34,7 G",426,2013-02-02,7,60.86,WorthPoint
philippinite,"(r367-10) 2-1/4"" Fulgurite Lightning Strike Beach Sand Glass Georgia Specimen",20.99,2013-01-31,,,WorthPoint
philippinite,"(r369-7) 2-1/2"" Fulgurite Lightning Strike Beach Sand Glass GA Display Specimen",24.99,2013-01-31,,,WorthPoint
philippinite,"(r380-1) 3-7/8"" Fulgurite Lightning Strike Beach Sand Glass GA Display Specimen",47.99,2013-01-30,,,WorthPoint
philippinite,"Meteorite,Tektite Rizalite Very Nice Glossy Breadcrusted Sphere 180grams!",25,2013-01-27,180,0.14,WorthPoint
philippinite,"Meteorite,Tektite Rizalite Beautiful Glossy Solid Spheroid 340grams!",48,2013-01-20,340,0.14,WorthPoint
philippinite,"Meteorite,Tektite Rizalite Very Nice 4pcs. 160grams Altogether!",10.5,2013-01-20,160,0.07,WorthPoint
philippinite,"Meteorite,Tektite Rizalite Very Nice 3pcs. 120grams Altogether!",10.5,2013-01-20,120,0.09,WorthPoint
philippinite,"(r396-500) Awesome 8"" Fulgurite Lightning Strike Sand Glass GA Display Specimen",274.99,2013-01-17,,,WorthPoint
philippinite,"(r369-8) 2-1/2"" Fulgurite Lightning Strike Beach Sand Glass GA Display Specimen",24.99,2013-01-16,,,WorthPoint
philippinite,"(r374-5) 3-1/8"" Fulgurite Lightning Strike Beach Sand Glass GA Display Specimen",36.99,2013-01-13,,,WorthPoint
philippinite,"(r383-4) 4-3/8"" Fulgurite Lightning Strike Beach Sand Glass GA Display Specimen",56.99,2013-01-10,,,WorthPoint
philippinite,"Meteorite, Tektite Rizalite 160g - Very Deep Grooves!!!",41.01,2013-01-09,160,0.26,WorthPoint
philippinite,"(r367-1) 2-1/4"" Fulgurite Lightning Strike Beach Sand Glass Georgia Specimen",20.99,2013-01-04,,,WorthPoint
philippinite,"(r370-8) 2-5/8"" Fulgurite Lightning Strike Beach Sand Glass Georgia Specimen",27.99,2013-01-04,,,WorthPoint
philippinite,"(r371-10) 2-3/4"" Fulgurite Lightning Strike Beach Sand Dune Glass GA Specimen",29.99,2013-01-02,,,WorthPoint
philippinite,"(r365-1) 1-7/8"" Fulgurite Lightning Strike Beach Sand Glass Georgia Fulgurites",16.99,2012-12-31,,,WorthPoint
philippinite,"Meteorite,Tektite Rizalite Very Nice 9pcs. 360grams Altogether!",22,2012-12-29,360,0.06,WorthPoint
philippinite,"Meteorite,Tektite Rizalite Very Nice 14pcs. 350grams Altogether!",19,2012-12-29,350,0.05,WorthPoint
philippinite,"Meteorite,Tektite Rizalite Very Nice 4pcs. 100grams Altogether!",12.5,2012-12-29,100,0.13,WorthPoint
philippinite,"Meteorite,Tektite Rizalite Very Nice 5pcs. 180grams Altogether!",12.4,2012-12-29,180,0.07,WorthPoint
philippinite,"Meteorite,Tektite Rizalite Very Nice 4pcs. 145grams Altogether!",11,2012-12-29,145,0.08,WorthPoint
philippinite,"Meteorite,Tektite Rizalite Very Nice 4pcs. 150grams Altogether!",10.6,2012-12-29,150,0.07,WorthPoint
philippinite,"Meteorite,Tektite Rizalite Very Nice Glossy Solid 255grams",37,2012-12-29,255,0.15,WorthPoint
philippinite,"Meteorite,Tektite Rizalite Very Nice Glossy Solid 300grams",49,2012-12-29,300,0.16,WorthPoint
philippinite,"Meteorite,Tektite Rizalite Very Nice Glossy Solid 355grams",68,2012-12-29,355,0.19,WorthPoint
philippinite,Stunning Tektite Var. Philippinite – Meteorite – Rare!!!,152,2012-12-24,,,WorthPoint
philippinite,"(r381-3) 4"" Fulgurite Lightning Strike Beach Sand Dune Glass GA Display Specimen",47.99,2012-12-22,,,WorthPoint
philippinite,"(r368-9) 2-3/8"" Fulgurite Lightning Strike Beach Sand Glass Georgia Specimen",22.99,2012-12-15,,,WorthPoint
philippinite,"(r395-2) 6-1/2"" Fulgurite Lightning Strike Sand Dune Glass GA Display Specimen",134.99,2012-12-13,,,WorthPoint
philippinite,"(r381-4) 4"" Fulgurite Lightning Strike Beach Sand Dune Glass GA Display Specimen",47.99,2012-12-11,,,WorthPoint
philippinite,"(r373-5) 3"" Fulgurite Lightning Strike Beach Sand Hill Glass GA Display Specimen",33.99,2012-12-10,,,WorthPoint
philippinite,"(r394-100) 6-1/4"" Fulgurite Lightning Strike Sand Dune Glass GA Display Specimen",156.99,2012-12-10,,,WorthPoint
philippinite,"(r385-6) 4-5/8"" Fulgurite Lightning Strike Sand Dune Glass GA Display Specimen",58.99,2012-12-10,,,WorthPoint
philippinite,"(r362-22) Four 1/2"" Fulgurites Lightning Strike Beach Sand Glass GA Fulgurite",22.99,2012-12-06,,,WorthPoint
philippinite,"(r372-4) 2-7/8"" Fulgurite Lightning Strike Beach Sand Glass GA Display Specimen",31.99,2012-12-05,,,WorthPoint
philippinite,"(r389-2) 5-1/8"" Fulgurite Lightning Strike Sand Dune Glass GA Display Specimen",87.99,2012-12-04,,,WorthPoint
philippinite,"Meteorite,Tektite Rizalite Unusual Beautiful Piece,Deep Groves 80grams",18.5,2012-12-02,80,0.23,WorthPoint
philippinite,"(r370-17) 2-5/8"" Fulgurite Lightning Strike Beach Sand Glass GA Display Piece",27.99,2012-12-01,,,WorthPoint
philippinite,"(r384-1) 4-1/2"" Fulgurite Lightning Strike Beach Sand Glass GA Display Specimen",56.99,2012-12-01,,,WorthPoint
philippinite,"(r365-15) 1-7/8"" Fulgurite Lightning Strike Beach Sand Dune Glass GA Fulgurites",16.99,2012-11-29,,,WorthPoint
philippinite,"(r369-22) 2-1/2"" Fulgurite Lightning Strike Beach Sand Glass GA Display Specimen",24.99,2012-11-27,,,WorthPoint
philippinite,"(r365-33) 1-7/8"" Fulgurite Lightning Strike Beach Sand Dune Glass GA Piece",16.99,2012-11-26,,,WorthPoint
philippinite,"(r370-7) 2-5/8"" Fulgurite Lightning Strike Beach Sand Glass GA Display Piece",27.99,2012-11-25,,,WorthPoint
philippinite,"(r366-26) 2-1/8"" Fulgurite Lightning Strike Beach Sand Glass Georgia Fulgurites",18.99,2012-11-22,,,WorthPoint
philippinite,"(r385-2) 4-5/8"" Fulgurite Lightning Strike Beach Sand Glass GA Display Specimen",58.99,2012-11-21,,,WorthPoint
philippinite,"(r387-2) 4-7/8"" Fulgurite Lightning Strike Sand Dune Glass GA Display Specimen",67.99,2012-11-20,,,WorthPoint
philippinite,"(r373-3) 3"" Fulgurite Lightning Strike Beach Sand Hill Glass GA Display Specimen",33.99,2012-11-19,,,WorthPoint
philippinite,"Meteorite,Tektite Rizalite Very Nice Huge Solid Spheroid With Pitting 380grams",89,2012-11-18,380,0.23,WorthPoint
philippinite,"Meteorite,Tektite Rizalite Great Piece For Collection,Very Deep Grooves 275grams",103.53,2012-11-18,275,0.38,WorthPoint
philippinite,"Meteorite,Tektite Rizalite Very Nice Bubble Breadcrusted Fragment 120grams",39,2012-11-18,120,0.33,WorthPoint
philippinite,"(r396-100) 7-1/4"" Fulgurite Lightning Double Strike Sand GA Display Specimen",173.99,2012-11-16,,,WorthPoint
philippinite,"(r369-25) 2-1/2"" Fulgurite Lightning Strike Beach Sand Glass GA Display Specimen",24.99,2012-11-13,,,WorthPoint
philippinite,"(r385-10) 4-5/8"" Fulgurite Lightning Strike Sand Dune Glass GA Display Specimen",60.99,2012-11-13,,,WorthPoint
philippinite,"(r370-10) 2-5/8"" Fulgurite Lightning Strike Beach Sand Glass Georgia Specimen",27.99,2012-11-09,,,WorthPoint
philippinite,"(r396-300) Big 7-1/2"" Fulgurite Lightning Strike Sand Glass GA Display Specimen",196.99,2012-11-08,,,WorthPoint
philippinite,"(r366-27) 2-1/8"" Fulgurite Piece Lightning Strike Beach Sand Glass Georgia",18.99,2012-11-07,,,WorthPoint
philippinite,"(r370-18) 2-5/8"" Fulgurite Lightning Strike Beach Sand Glass Georgia Specimen",27.99,2012-11-05,,,WorthPoint
philippinite,"(r385-11) 4-5/8"" Fulgurite Lightning Strike Sand Dune Glass GA Display Specimen",65.99,2012-11-04,,,WorthPoint
philippinite,"(r373-18) 3"" Fulgurite Lightning Strike Beach Sand Glass GA Display Specimen",33.99,2012-11-03,,,WorthPoint
philippinite,(r366-13) Fulgurite Lightning Strike Beach Sand Glass GA Fulgurites Specimen,18.99,2012-11-01,,,WorthPoint
philippinite,"Meteorite,Tektite Rizalite Very Nice Glossy Breadcrust 140grams",37,2012-10-27,140,0.26,WorthPoint
philippinite,"(r370-9) 2-5/8"" Fulgurite Lightning Strike Beach Sand Glass Georgia Specimen",27.99,2012-10-23,,,WorthPoint
philippinite,"(r372-9) 2-7/8"" Fulgurite Lightning Strike Beach Sand Glass GA Display Specimen",31.99,2012-10-23,,,WorthPoint
philippinite,"(r363-27) 1-5/8"" - 2 Fulgurites Lightning Strike Beach Sand Glass GA Fulgurite",18.99,2012-10-15,,,WorthPoint
philippinite,"Meteorite,Tektite Rizalite Glossy Biscuits 50grams",68,2012-10-14,50,1.36,WorthPoint
philippinite,"(r369-16) 2-1/2"" Fulgurite Lightning Strike Beach Sand Glass GA Display Specimen",24.99,2012-10-12,,,WorthPoint
philippinite,"(r369-24) 2-1/2"" Fulgurite Lightning Strike Beach Sand Glass GA Display Specimen",24.99,2012-10-11,,,WorthPoint
philippinite,"(r365-20) 1-7/8"" Fulgurite Lightning Strike Beach Sand Glass Georgia Fulgurites",16.99,2012-10-10,,,WorthPoint
philippinite,"(r369-3) 2-1/2"" Fulgurite Lightning Strike Beach Sand Glass Georgia Specimen",24.99,2012-10-10,,,WorthPoint
philippinite,"(r384-2) 4-1/2"" Fulgurite Lightning Strike Beach Sand Glass GA Display Specimen",54.99,2012-10-09,,,WorthPoint
philippinite,"(r374-4) 3-1/8"" Fulgurite Lightning Strike Beach Sand Glass GA Display Specimen",36.99,2012-10-07,,,WorthPoint
philippinite,"(r393-50) Big 6"" Fulgurite Lightning Strike Sand Dune Glass GA Display Specimen",123.99,2012-10-05,,,WorthPoint
philippinite,"(r372-11) 2-7/8"" Fulgurite Lightning Strike Beach Sand Glass GA Display Specimen",31.99,2012-10-03,,,WorthPoint
philippinite,"(r373-4) 3"" Fulgurite Lightning Strike Beach Sand Hill Glass GA Display Specimen",33.99,2012-10-02,,,WorthPoint
philippinite,"(r369-19) 2-1/2"" Fulgurite Lightning Strike Beach Sand Glass GA Display Specimen",24.99,2012-09-30,,,WorthPoint
philippinite,"(r366-9) 2-1/8"" Fulgurite Lightning Strike Beach Sand Glass Georgia Fulgurites",18.99,2012-09-21,,,WorthPoint
philippinite,"(r366-7) 2-1/8"" Fulgurite Lightning Strike Beach Sand Glass GA Specimen",18.99,2012-09-19,,,WorthPoint
philippinite,"(r364-12) 2 Fulgurites 1-5/8"" Lightning Strike Beach Sand Glass GA Fulgurite",22.99,2012-09-17,,,WorthPoint
philippinite,"(r381-1) 4"" Fulgurite Lightning Strike Beach Sand Dune Glass GA Display Specimen",56.99,2012-09-16,,,WorthPoint
philippinite,"Meteorite,Tektite Rizalite Bubbles Fragment 100grams",13,2012-09-03,100,0.13,WorthPoint
philippinite,"(r362-20) Four 1/2"" Fulgurites Lightning Strike Beach Sand Glass GA Fulgurite",22.99,2012-09-02,,,WorthPoint
philippinite,"(r389-1) 5-1/8"" Fulgurite Lightning Strike Sand Dune Glass GA Display Specimen",80.99,2012-08-30,,,WorthPoint
philippinite,"(r367-2) 2-1/4"" Fulgurite Lightning Strike Beach Sand Glass Georgia Specimen",20.99,2012-08-23,,,WorthPoint
philippinite,"(r362-32) 4 Fulgurites 1/2"" Lightning Strike Beach Sand Glass GA Fulgurite",22.99,2012-08-20,,,WorthPoint
philippinite,"(r396-400) Big 7-5/8"" Fulgurite Lightning Strike Sand Glass GA Display Specimen",213.99,2012-08-06,,,WorthPoint
philippinite,"Meteorite,Tektite Rizalite 185grams",13.99,2012-07-29,185,0.08,WorthPoint
philippinite,"Meteorite,Tektite Rizalite 260grams",20.43,2012-07-29,260,0.08,WorthPoint
philippinite,"Meteorite,Tektite Rizalite 240grams Spheroid-SALE!!",16,2012-07-29,240,0.07,WorthPoint
philippinite,"(r369-12) 2-1/2"" Fulgurite Lightning Strike Beach Sand Glass GA Display Specimen",24.99,2012-07-27,,,WorthPoint
philippinite,"(r395-1) 6-1/2"" Fulgurite Lightning Strike Beach Sand Glass Georgia Specimen",112.99,2012-07-26,,,WorthPoint
philippinite,"(r399-1) 9-1/2"" Fulgurite Lightning Strike Beach Sand Glass Georgia Specimen",190.99,2012-07-26,,,WorthPoint
philippinite,"(r363-25) 1-5/8"" - 2 Fulgurites Lightning Strike Beach Sand Glass GA Fulgurite",18.99,2012-07-23,,,WorthPoint
philippinite,"(r362-30) 4 Fulgurites 1/2"" Lightning Strike Beach Sand Glass GA Fulgurite",22.99,2012-07-07,,,WorthPoint
philippinite,"Meteorite,Tektite Rizalite 260grams Small Pieces!",44,2012-06-18,260,0.17,WorthPoint
philippinite,"(r368-5) 2-3/8"" Fulgurite Lightning Strike Beach Sand Dune Glass GA Specimen",22.99,2012-06-18,,,WorthPoint
philippinite,"(r369-10) 2-1/2"" Fulgurite Lightning Strike Beach Sand Glass GA Display Piece",24.99,2012-06-16,,,WorthPoint
philippinite,"(r371-4) 2-3/4"" Fulgurite Lightning Strike Beach Sand Glass GA Display Specimen",29.99,2012-06-13,,,WorthPoint
philippinite,"(r366-1) 2-1/8"" Fulgurite Lightning Strike Beach Sand Glass Georgia Fulgurites",18.99,2012-06-08,,,WorthPoint
philippinite,"(r373-1) 3"" Fulgurite Lightning Strike Beach Sand Glass Georgia Display Specimen",33.99,2012-06-03,,,WorthPoint
philippinite,"(r372-1) 2-7/8"" Fulgurite Lightning Strike Beach Sand Glass GA Display Specimen",31.99,2012-06-01,,,WorthPoint
philippinite,"Meteorite,Tektite Rizalite 190grams!",41,2012-04-22,190,0.22,WorthPoint
philippinite,"Meteorite,Tektite Rizalite 190grams Nice Grooves!",40,2012-04-22,190,0.21,WorthPoint
philippinite,"Meteorite,Tektite Rizalite 115grams Small Sphere!",47,2012-04-22,115,0.41,WorthPoint
philippinite,"Meteorite,Tektite Rizalite 170grams Disc-like Groovy",39.9,2012-04-11,170,0.23,WorthPoint
philippinite,"Meteorite,Tektite Rizalite 240grams Heavy Spheroid!",68.7,2012-04-11,240,0.29,WorthPoint
philippinite,"Meteorite,Tektite Rizalite 200grams!",55,2012-04-11,200,0.28,WorthPoint
philippinite,"Meteorite,Tektite Rizalite 170grams Glossy Piece!",47,2012-04-11,170,0.28,WorthPoint
philippinite,"(r366-3) 2-1/8"" Fulgurite Lightning Strike Beach Sand Glass Georgia Fulgurites",18.99,2012-04-09,,,WorthPoint
philippinite,"Meteorite,Tektite Rizalite 350g Huge Breadcrust!",105,2012-04-09,350,0.3,WorthPoint
philippinite,"(r365-8) 1-7/8"" Fulgurite Lightning Strike Beach Sand Glass Georgia Specimen",16.99,2012-04-06,,,WorthPoint
philippinite,"Meteorite,Tektite Rizalite 215grams Deep Grooves-Unusual!",43,2012-04-04,215,0.2,WorthPoint
philippinite,"Meteorite,Tektite Rizalite 290grams Solid Sphere!",40,2012-04-04,290,0.14,WorthPoint
philippinite,"(r374-1) 3-1/8"" Fulgurite Lightning Strike Beach Sand Glass GA Display Specimen",36.99,2012-04-03,,,WorthPoint
philippinite,"(r367-5) 2-1/4"" Fulgurite Lightning Strike Beach Sand Glass Georgia Specimen",20.99,2012-04-03,,,WorthPoint
philippinite,"Meteorite,Tektite Rizalite 130grams Beautiful Small Sphere!!",54,2012-03-19,130,0.42,WorthPoint
philippinite,"Meteorite,Tektite Rizalite 165grams Beautiful Deep Grooves!",61.72,2012-03-19,165,0.37,WorthPoint
philippinite,"Meteorite,Tektite Rizalite 375grams SOLID Tektite",97,2012-03-19,375,0.26,WorthPoint
philippinite,"Meteorite,Tektite 415grams",103.75,2011-12-28,415,0.25,WorthPoint
philippinite,"Meteorite,Tektite 235grams",41.1,2011-12-28,235,0.17,WorthPoint
philippinite,"Meteorite,Tektite 875grams ALL Together!",165,2011-12-27,875,0.19,WorthPoint
philippinite,"Meteorite,Tektite 547grams ALL Together FOR SALE!!",150,2011-12-06,547,0.27,WorthPoint
philippinite,"Meteorite,Tektite 605grams ALL Together!",177,2011-12-05,605,0.29,WorthPoint
philippinite,"Meteorite,Tektite 640grams ALL Together!",186,2011-12-05,640,0.29,WorthPoint
philippinite,"Meteorite,Tektite 140grams",38.25,2011-12-05,140,0.27,WorthPoint
philippinite,Tektite Meteorite Rizalite 170 Grams,75,2011-03-20,170,0.44,WorthPoint
philippinite,TEKTITE INC RIZALITE METEORITE SHARPLY GROOVED 157grams,149,2010-04-15,157,0.95,WorthPoint
philippinite,TEKTITE INC RIZALITE METEORITE From PARACALE 220grams,69,2009-07-16,220,0.31,WorthPoint
philippinite,TEKTITE INC RIZALITE METEORITE SPHEROID UPLANDS 167grm,70,2009-07-09,167,0.42,WorthPoint
philippinite,TEKTITE INC RIZALITE METEORITE FRESHLY PITTED 89grams,25,2008-12-15,89,0.28,WorthPoint
philippinite,TEKTITE INC RIZALITE METEORITE GROOVED DISK NICE 28grms,19.99,2008-09-05,28,0.71,WorthPoint
philippinite,RIZALITE TEKTITE INC METEORITE FRESHLY PITTED 106grams,27,2008-08-25,106,0.25,WorthPoint
philippinite,TEKTITE INC METEORITE Sphere-Disk-Grooved-Dumbell-Shell,65,2008-08-20,,,WorthPoint
philippinite,RIZALITE TEKTITE INC METEORITE FRESH UPLANDS 114grams,29,2008-08-13,114,0.25,WorthPoint
philippinite,TEKTITE INC RIZALITE METEORITE DUMB BELL 35gram,18.5,2008-07-29,35,0.53,WorthPoint
philippinite,TEKTITE INC RIZALITE METEORITE SOCCER BALL 252grams,99,2008-07-29,252,0.39,WorthPoint
philippinite,RIZALITE TEKTITE INC METEORITE LARGE SPHERE 315grams!!!,75,2008-07-20,315,0.24,WorthPoint
philippinite,TEKTITE INC RIZALITE METEORITE With UPLANDS 96grams,86.55,2008-07-15,96,0.9,WorthPoint
philippinite,RIZALITE TEKTITE INC METEORITE LARGE GROOVED 241grams,99,2008-06-26,241,0.41,WorthPoint
philippinite,TEKTITE INC METEORITE HUGE SPHERE 296g NO RESERVE 0.99c,47,2008-06-24,296,0.16,WorthPoint
philippinite,RIZALITE TEKTITE ÂeoeNOT METEORITEâe GROOVED BUBBLE 89grams,36,2008-05-08,89,0.4,WorthPoint
philippinite,RIZALITE TEKTITE ÂeoeNOT METEORITEâe FRESH TEAR DROP 44gram,18,2008-04-28,44,0.41,WorthPoint
philippinite,RIZALITE TEKTITE ÂeoeNOT METEORITEâe PERFECT DUMB BELL 38gr,20,2008-04-23,38,0.53,WorthPoint
philippinite,RIZALITE TEKTITE ÂeoeNOT METEORITEâe GROOVED 78grams,44.79,2008-04-14,78,0.57,WorthPoint
philippinite,RIZALITE TEKTITE ÂeoeNOT METEORITEâe DUMB BELL GROOVED 57gr,78.66,2008-04-14,57,1.38,WorthPoint
philippinite,RIZALITE TEKTITE ÂeoeNOT METEORITEâe HAMBURGER 152grams,63.9,2008-04-14,152,0.42,WorthPoint
philippinite,RIZALITE TEKTITE ÂeoeNOT METEORITEâe GROOVED CORE 140grams,81,2008-03-03,140,0.58,WorthPoint
philippinite,"Tektite ""not Meteorite"" Beyer Coll Long Grooved 159gram",61.06,2008-02-25,159,0.38,WorthPoint
philippinite,RIZALITE TEKTITE ÂeoeNOT METEORITEâe LARGE SPHEROID 257gr,65,2008-02-24,257,0.25,WorthPoint
philippinite,RIZALITE TEKTITE ÂeoeNOT METEORITEâe GLOSSY GROOVED 119gr,53,2008-02-17,119,0.45,WorthPoint
philippinite,Tektite Rizalite Not Meteorite Large Sphere 258grams!,52,2008-02-17,258,0.2,WorthPoint
philippinite,RIZALITE TEKTITE ÂeoeNOT METEORITEâe GROOVED SPHERE 114gram,42,2008-02-14,114,0.37,WorthPoint
philippinite,RIZALITE TEKTITE ÂeoeNOT METEORITEâe HAMBURGER LARGE 241gr,79.25,2008-02-02,241,0.33,WorthPoint
philippinite,Rizalite Tektite Not Meteorite Chipped Sphere 0.99 Nr!,41,2008-01-30,,,WorthPoint
philippinite,TEKTITE RIZALITE HENRY O. BEYER COLL. MONSTER 783gr,495,2007-09-12,783,0.63,WorthPoint
philippinite,TEKTITE METEORITE HENRY O. BEYER COLL SOCCER BALL 220gr,210,2007-05-26,220,0.95,WorthPoint
philippinite,TEKTITE METEORITE HENRY O. BEYER COLL UFO SHAPED 51gr,51,2007-05-26,51,1,WorthPoint
philippinite,Tektite Meteorite Henry O. Beyer Collection 70grams,60,2007-05-17,70,0.86,WorthPoint
philippinite,TEKTITE METEORITE HENRY O. BEYER COLL. GROOVED 186grams,280,2007-05-17,186,1.51,WorthPoint
philippinite,TEKTITE METEORITE HENRY O. BEYER COLL RARE ANDA 33grams,99,2007-04-27,33,3,WorthPoint
philippinite,TEKTITE METEORITE HENRY BEYER COLL HUGE SPHERE 1/2 Kg!,395,2007-04-25,2000,0.2,WorthPoint
philippinite,TEKTITE METEORITE BEYER COLL. LARGE DEEP GROOVED 157gr,235,2007-03-22,157,1.5,WorthPoint
philippinite,Tektite Meteorite Henry O. Beyer Collection 47grams,47,2007-02-24,47,1,WorthPoint
philippinite,Tektite Meteorite Henry O. Beyer Large Sphere 165grams,140,2007-02-03,165,0.85,WorthPoint
philippinite,Tektite Meteorite Henry O. Beyer Collection 55grams,75,2007-02-03,55,1.36,WorthPoint
philippinite,Tektite Meteorite Philippinites 26grams Pitted!,22,2007-02-01,26,0.85,WorthPoint
philippinite,"Meteorite Impactite, Philippine Bicolite Tektite 31.5g",31.99,2006-11-06,31.5,1.02,WorthPoint
