material_slug,title,price_usd,sale_date,weight_grams,price_per_gram,source
seymchan,Seymchan Olivine Iron Meteorite Pallasite Specimen LZ081,35,2026-01-23,,,WorthPoint
seymchan,SEYMCHAN IRON METEORITE Specimen PALLASITE Etched Triangle Carving RUSSIA,64.99,2026-01-20,,,WorthPoint
seymchan,7.61 Grams 26x15x2mm Seymchan Russian Meteorite Cut Slice - June 1967 With COA,15.99,2026-01-19,7.61,2.1,WorthPoint
seymchan,19 Grams 60x27x2mm Seymchan Russian Meteorite Cut Slice - June 1967 With COA,39.99,2026-01-18,19,2.1,WorthPoint
seymchan,8 Grams 45x17x2mm Seymchan Russian Meteorite Cut Slice - June 1967 With COA,17.99,2026-01-18,8,2.25,WorthPoint
seymchan,15.4 Grams 62x20x2mm Seymchan Russian Meteorite Cut Slice - June 1967 With COA,32.99,2026-01-18,15.4,2.14,WorthPoint
seymchan,Seymchan Olivine Iron Meteorite Pallasite Specimen LZ160,41,2026-01-17,,,WorthPoint
seymchan,10.6 Grams 60x13x2mm Seymchan Russian Meteorite Cut Slice - June 1967 With COA,22.99,2026-01-16,10.6,2.17,WorthPoint
seymchan,7.26 Grams 21x19x2mm Seymchan Russian Meteorite Cut Slice - June 1967 With COA,15.99,2026-01-15,7.26,2.2,WorthPoint
seymchan,4.74 Grams 16x16x2mm Seymchan Russian Meteorite Cut Slice - June 1967 With COA,11.49,2026-01-12,4.74,2.42,WorthPoint
seymchan,Seymchan Pal 8.70g Part Slice Of Etched Iron Meteorite Pendant,33,2026-01-12,8.7,3.79,WorthPoint
seymchan,7.02 Grams 26x15x2mm Seymchan Russian Meteorite Cut Slice - June 1967 With COA,16.99,2026-01-11,7.02,2.42,WorthPoint
seymchan,5.39 Grams 20x18x2mm Seymchan Russian Meteorite Cut Slice - June 1967 With COA,12.49,2026-01-09,5.39,2.32,WorthPoint
seymchan,Seymchan Iron Meteorite Etched Slice Weight 112.5 Grams 4 Inches,253,2026-01-08,112.5,2.25,WorthPoint
seymchan,10 Grams 30x24x2mm Seymchan Russian Meteorite Cut Slice - June 1967 With COA,19.99,2026-01-08,10,2,WorthPoint
seymchan,8.48 Grams 29x19x2mm Seymchan Russian Meteorite Cut Slice - June 1967 With COA,17.99,2026-01-08,8.48,2.12,WorthPoint
seymchan,7.68 Grams 29x18x2mm Seymchan Russian Meteorite Cut Slice - June 1967 With COA,17.99,2026-01-07,7.68,2.34,WorthPoint
seymchan,7.29 Grams 25x15x2mm Seymchan Russian Meteorite Cut Slice - June 1967 With COA,14.99,2026-01-07,7.29,2.06,WorthPoint
seymchan,36PCS Seymchan Iron Meteorite Pendant ALL IN Photo LZ050,26.55,2026-01-07,,,WorthPoint
seymchan,7.60 Grams 26x15x2mm Seymchan Russian Meteorite Cut Slice - June 1967 With COA,15.99,2026-01-04,7.6,2.1,WorthPoint
seymchan,Seymchan Iron Meteorite Etched Slice Weight 99 Grams 4 Inches,223,2026-01-03,99,2.25,WorthPoint
seymchan,12.5 Grams 30x29x2mm Seymchan Russian Meteorite Cut Slice - June 1967 With COA,24.99,2026-01-02,12.5,2,WorthPoint
seymchan,9.99 Grams 37x24x3mm Seymchan Russian Meteorite Cut Slice - June 1967 With COA,20.5,2026-01-02,9.99,2.05,WorthPoint
seymchan,4.09 Grams 16x16x2mm Seymchan Russian Meteorite Cut Slice - June 1967 With COA,10.5,2026-01-02,4.09,2.57,WorthPoint
seymchan,"5 Dollars 2012 Seymchan Meteorite, Cook Islands In Case",140.94,2026-01-01,,,WorthPoint
seymchan,Mundrabilla Iron Meteorite Mineral Sculptural Specimen AUSTRALIA Natural Patina,79.99,2025-12-28,,,WorthPoint
seymchan,SEYMCHAN IRON METEORITE Specimen PALLASITE Etched Freeform Carving RUSSIA,47.99,2025-12-27,,,WorthPoint
seymchan,5.4 Gram SEYMCHAN PALLASITE METEORITE Part Slice - Beautiful Crystals,37,2025-12-27,5.4,6.85,WorthPoint
seymchan,Seymchan Iron Meteorite Etched Slice Weight 137.8 Grams 4 Inches,310,2025-12-24,137.8,2.25,WorthPoint
seymchan,Seymchan Iron Meteorite Etched Slice Weight 139.1 Grams 4 Inches,313,2025-12-24,139.1,2.25,WorthPoint
seymchan,Canyon Diablo Stardust Shavings / Crystals - 100% Pure & Natural,7,2025-12-21,,,WorthPoint
seymchan,Glorieta Meteorite Stardust Shavings / Crystals - 100% Pure & Natural,7,2025-12-21,,,WorthPoint
seymchan,Meteorite Seymchan - Iron-Ungrouped/Pallasite - Metal Matrix Slice,11.26,2025-12-21,,,WorthPoint
seymchan,5.35 Grams Of Cut Seymchan Russian Meteorites Found In 1967 Comes With COA,14.99,2025-12-20,5.35,2.8,WorthPoint
seymchan,Seymchan Olivine Iron Meteorite Pallasite Specimen LZ024,71,2025-12-20,,,WorthPoint
seymchan,4.27 Grams 24x13x2mm Seymchan Russian Meteorite Cut Slice - June 1967 With COA,9.99,2025-12-19,4.27,2.34,WorthPoint
seymchan,SEYMCHAN METEORITE Slice 16.5 Grams,45,2025-12-18,16.5,2.73,WorthPoint
seymchan,"Seymchan Meteorite - Seymchan River, Magadan Oblast, Russia",87.5,2025-12-18,,,WorthPoint
seymchan,3.29 Grams Of Cut Seymchan Russian Meteorites Found In 1967 Comes With COA,7.5,2025-12-18,3.29,2.28,WorthPoint
seymchan,"Estate Seymchan Meteorite Slice Pallasite (PMG) 13.5 Grams Russia 40'N, 150°0'E",51,2025-12-17,13.5,3.78,WorthPoint
seymchan,2.13 Grams Of Cut Seymchan Russian Meteorites Found In 1967 Comes With COA,6.99,2025-12-16,2.13,3.28,WorthPoint
seymchan,Seymchan Iron Meteorite Etched Slice Weight 43.7 Grams 2 Inches,99,2025-12-15,43.7,2.27,WorthPoint
seymchan,BUTW Russia Seymchan Meteorite Pendant Lapidary Necklace Jewelry 26 Ct 9103E,49.99,2025-12-14,5.2,9.61,WorthPoint
seymchan,5.53g SEYMCHAN Meteorite Slice I Beautiful Widmanstatten Pattern TOP METEORITE,30,2025-12-13,5.53,5.42,WorthPoint
seymchan,3.06 Grams Of Cut Seymchan Russian Meteorites Found In 1967 Comes With COA,10.99,2025-12-13,3.06,3.59,WorthPoint
seymchan,"Meteorite For Sale, Seymchan Iron Meteorite,Certified Meteorite",140,2025-12-13,,,WorthPoint
seymchan,7.91 Grams Of Cut Seymchan Russian Meteorites Found In 1967 Comes With COA,19.99,2025-12-11,7.91,2.53,WorthPoint
seymchan,3.20 Grams Of Cut Seymchan Russian Meteorites Found In 1967 Comes With COA,7.99,2025-12-11,3.2,2.5,WorthPoint
seymchan,"Meteorite For Sale, Seymchan Iron Meteorite With Stunning Widmanstätten Pattern",680,2025-12-09,,,WorthPoint
seymchan,Polished Seymchan Meteorite Cube,687.5,2025-12-04,,,WorthPoint
seymchan,"Seymchan Meteorite Slice - 1,874.7 Grams",3250,2025-12-02,874.7,3.72,WorthPoint
seymchan,53.10 Gram SEYMCHAN IRON METEORITE Slice - Stabile And Incredibly Beautiful,118.8,2025-12-02,53.1,2.24,WorthPoint
seymchan,33.50 Gram SEYMCHAN PALLASITE METEORITE - Stabile And Incredibly Beautiful,241.2,2025-12-02,33.5,7.2,WorthPoint
seymchan,35.78 Gram SEYMCHAN PALLASITE METEORITE Slice - Stabile And Incredibly Beautiful,493.2,2025-12-02,35.78,13.78,WorthPoint
seymchan,119.12 Gram SEYMCHAN PALLASITE METEORITE - Stabile And Incredibly Beautiful,539.1,2025-12-02,119.12,4.53,WorthPoint
seymchan,20.96g SEYMCHAN Meteorite Slice I Beautiful Widmanstatten Pattern TOP METEORITE,73,2025-11-28,20.96,3.48,WorthPoint
seymchan,Polished Seymchan Cube,350,2025-11-27,,,WorthPoint
seymchan,Seymchan Pallasite Meteorite Etched Slice Weight 20.4 Grams 2 Inches,89.25,2025-11-24,20.4,4.38,WorthPoint
seymchan,"Meteorite Lot Of 6, Allende-Bilanga-Campo—Canyon Diablo-Djoumine-Seymchan",54.95,2025-11-24,,,WorthPoint
seymchan,39.11 Gram SEYMCHAN PALLASITE METEORITE Slice - Stabile And Incredibly Beautiful,199.75,2025-11-23,39.11,5.11,WorthPoint
seymchan,5.87 Grams 26x16x2mm Seymchan Russian Meteorite Cut Slice - June 1967 With COA,16.99,2025-11-23,5.87,2.89,WorthPoint
seymchan,36.57 Gram SEYMCHAN PALLASITE METEORITE Slice - Stabile And Incredibly Beautiful,465.8,2025-11-19,36.57,12.74,WorthPoint
seymchan,Meteorite Group ~ Sale Of Nine (9) Meteorites ~ Cosmic Art In Miniature !!,27,2025-11-19,,,WorthPoint
seymchan,Nantan - Iron IAB Meteorite - China - 1958 - NAN-0005 - COA - Polished Fragment,9.95,2025-11-18,,,WorthPoint
seymchan,Magnet FALLING OF CHELYABINSK METEORITE With A Piece Of Meteorite,14.99,2025-11-16,,,WorthPoint
seymchan,"Nice Tektite, Libyan Desert Glass, Egypt, Lot Of Many Pieces. 168 Grams",43,2025-11-16,168,0.26,WorthPoint
seymchan,"NEWEST!!! PICA Impact Glass, Chile, Excellent Piece, 89 Grams",10.5,2025-11-16,89,0.12,WorthPoint
seymchan,"Meteorite Sericho, Pallasite, Kenya, Lot Of Rusty Pieces 250 Gr",26,2025-11-16,250,0.1,WorthPoint
seymchan,"Nice Tektite, Libyan Desert Glass, Egypt, Lot Of 2 Small Pieces. 136 Grams",15.5,2025-11-16,136,0.11,WorthPoint
seymchan,Seymchan Pallasite Meteorite 1.48g Iron Nugget W/ Natural Patina As Found,9,2025-11-15,1.48,6.08,WorthPoint
seymchan,Not Dyed! Genuine Rare Seymchan Russian Meteorite Slice Beautiful Unique Colors!,2499,2025-11-13,,,WorthPoint
seymchan,8.93 Grams 55x16x2mm Seymchan Russian Meteorite Cut Slice - June 1967 With COA,23.99,2025-11-10,8.93,2.69,WorthPoint
seymchan,"NEWEST! Coin-Medal Tunguska Meteorite, Fall 1908, Russia",28.57,2025-11-09,,,WorthPoint
seymchan,"Meteorite Seymchan Pallasite FACETED OLIVINE GEM, FOUR Excellent Pieces 1.3 Mm",5.5,2025-11-09,,,WorthPoint
seymchan,"NEW!! RARE!! NWA 8743 Eucrite, Melt Breccia, 7.0 Grams Part Slice",20.5,2025-11-09,7,2.93,WorthPoint
seymchan,"NEWEST!!! PICA Impact Glass, Chile, Lot Of Many Excellent Pieces, 21.5 Grams",13.5,2025-11-09,21.5,0.63,WorthPoint
seymchan,"NEW! Tsarev Meteorite L5, Russia, Lot Of 2 Excellent Small Fragments 46.0 Grams",36,2025-11-09,46,0.78,WorthPoint
seymchan,"Nice Tektite, Libyan Desert Glass, Egypt, Very Good Piece. 208 Grams",43.56,2025-11-09,208,0.21,WorthPoint
seymchan,Seymchan - Pallasite - 60.6g - Meteorite Slice,777,2025-11-08,60.6,12.82,WorthPoint
seymchan,9.92 Grams 61x13x2mm Seymchan Russian Meteorite Cut Slice - June 1967 With COA,29.99,2025-11-07,9.92,3.02,WorthPoint
seymchan,Great Deal! Amazing Crystals! Sensational Seymchan Pallasite Meteorite 35.9 Gms,224.25,2025-11-07,35.9,6.25,WorthPoint
seymchan,Seymchan Meteorite Cube,300,2025-11-06,,,WorthPoint
seymchan,3.19 Grams 10x9x6mm Seymchan Russian Meteorite Cut Slice - June 1967 With COA,16.99,2025-11-06,3.19,5.33,WorthPoint
seymchan,"Seymchan Pallasite, PMG From Russia 1967, 633.2 Grams",800,2025-11-04,633.2,1.26,WorthPoint
seymchan,"Thin Section Of METEORITE SAU 001, Ordinary Chondrite L4/5, Oman #-3",69.99,2025-11-03,,,WorthPoint
seymchan,Magnet FALLING OF SIKHOTE ALIN METEORITE With A Piece Of Meteorite,14.99,2025-11-02,,,WorthPoint
seymchan,Magnet FALLING OF TSAREV METEORITE With A Piece Of Meteorite,5.24,2025-11-02,,,WorthPoint
seymchan,"NEWEST!!! PICA Impact Glass, Chile, Excellent Piece, 88 Grams",26,2025-11-02,88,0.3,WorthPoint
seymchan,"NEW! Tsarev Meteorite L5, Russia, Lot Of 15 Excellent Small Fragments 26.4 Grams",20.49,2025-11-02,26.4,0.78,WorthPoint
seymchan,"NEWEST! Krest-Kytyl Meteorite H5, Found 2020, Yakutia, Russia, Slice 8.5 Grams",8.16,2025-11-02,8.5,0.96,WorthPoint
seymchan,"NEW! Kapustin Yar, Meteorite L/LL6 Russia, Small Fragment Of 14.5 Grams",5.6,2025-11-02,14.5,0.39,WorthPoint
seymchan,"Nice Tektite, Libyan Desert Glass, Egypt, Lot Of 4 Small Pieces. 171 Grams",23.5,2025-11-02,171,0.14,WorthPoint
seymchan,"SEYMCHAN 172.33g Pallasite Etched Meteorite Slice, IMCA Sellers 6236 & 7240",1169,2025-11-02,172.33,6.78,WorthPoint
seymchan,12.6 Grams 29x28x2mm Seymchan Russian Meteorite Cut Slice - June 1967 With COA,33.99,2025-11-01,12.6,2.7,WorthPoint
seymchan,"Meteorite Seymchan Pallasite FACETED OLIVINE GEM, 2 Pieces 1.5 Mm Each, 0.032 Ct",24.99,2025-10-31,,,WorthPoint
seymchan,"NEW! Meteorite IMILAC, Pallasite, Complete Individual Piece. 23.6 Grams.",499.99,2025-10-27,23.6,21.19,WorthPoint
seymchan,"NEW!! RARE!! NWA 8743 Eucrite, Melt Breccia, 7.2 Grams Part Slice",16.26,2025-10-26,7.2,2.26,WorthPoint
seymchan,"NEWEST!!! PICA Impact Glass, Chile, Excellent Piece, 54.9 Grams",5.5,2025-10-26,54.9,0.1,WorthPoint
seymchan,"NEW! Kapustin Yar, Meteorite L/LL6 Russia, Lot 3 Small Fragments Of 21.7 Grams",13.5,2025-10-26,21.7,0.62,WorthPoint
seymchan,"Nice Tektite, Libyan Desert Glass, Egypt, Lot Of 3 Small Pieces. 199 Grams",21.5,2025-10-26,199,0.11,WorthPoint
seymchan,"RARE! Meteorite Mesosiderite, Catalina 500, Excellent Endcut 4.5 Grams",44.99,2025-10-26,4.5,10,WorthPoint
seymchan,Seymchan Pallasite Meteorite 2.12g Iron Nugget W/ Natural Patina As Found,10.5,2025-10-25,2.12,4.95,WorthPoint
seymchan,Seymchan Iron Meteorite Etched Slice Weight 21.4 Grams 2.5 Inches,48,2025-10-25,21.4,2.24,WorthPoint
seymchan,"RARE! Thin Section Of METEORITE, Mesosiderite, Catalina 500, Chile, #4",69.99,2025-10-23,,,WorthPoint
seymchan,35.98 Gram SEYMCHAN PALLASITE METEORITE Slice - Stabile And Incredibly Beautiful,250,2025-10-22,35.98,6.95,WorthPoint
seymchan,"NEW!! Agoudal Meteorite Crater, Morocco, Nice Shattercone, 40 Gr",24.99,2025-10-21,40,0.62,WorthPoint
seymchan,"NEW!! Agoudal Meteorite Crater, Morocco, Nice Shattercone, 55 Gr",24.99,2025-10-21,55,0.45,WorthPoint
seymchan,"NEW!! Agoudal Meteorite Crater, Morocco, Nice Shattercone, 24 Gr",19.99,2025-10-21,24,0.83,WorthPoint
seymchan,"NEW!! Agoudal Meteorite Crater, Morocco, Lot Of 2 Shattercones, 20 Gr",19.99,2025-10-21,20,1,WorthPoint
seymchan,"NEWEST!!! PICA Impact Glass, Chile, Excellent Piece, 62.4 Grams",7.5,2025-10-19,62.4,0.12,WorthPoint
seymchan,"NEW! Tsarev Meteorite L5, Russia, Excellent Small Fragment Of 31.2 Grams",12.02,2025-10-19,31.2,0.39,WorthPoint
seymchan,"NEWEST! Kapustin Yar, Meteorite L/LL6 Russia, Small Fragment Of 25.1 Grams",11.56,2025-10-19,25.1,0.46,WorthPoint
seymchan,"Nice Tektite, Libyan Desert Glass, Egypt, Lot Of 5 Small Pieces. 172 Grams",23.5,2025-10-19,172,0.14,WorthPoint
seymchan,"NEW! Aguas Zarcas Meteorite CM2, Recent Fall, Costa Rica, Individual, 7.94 Grams",1587.99,2025-10-19,7.94,200,WorthPoint
seymchan,Seymchan - Pallasite - 56g - Meteorite Slice,729,2025-10-18,56,13.02,WorthPoint
seymchan,6.53 Grams 29x15x2mm Seymchan Russian Meteorite Cut Slice - June 1967 With COA,18.99,2025-10-17,6.53,2.91,WorthPoint
seymchan,Genuine Rare Meteorite Slice Dogtag Pendant Necklace Seymchan Russian Meteor,79,2025-10-16,,,WorthPoint
seymchan,15.90 Gram SEYMCHAN PALLASITE METEORITE - Stabile And Incredibly Beautiful,160,2025-10-14,15.9,10.06,WorthPoint
seymchan,"NEW!! RARE!! NWA 8743 Eucrite, Melt Breccia, 6.7 Grams Part Slice",7.5,2025-10-12,6.7,1.12,WorthPoint
seymchan,"NEWEST!!! PICA Impact Glass, Chile, Excellent Piece, 20.6 Grams",5.1,2025-10-12,20.6,0.25,WorthPoint
seymchan,"NEW! Tsarev Meteorite L5, Russia, Lot Of 3 Excellent Small Fragments 35.6 Grams",12.01,2025-10-12,35.6,0.34,WorthPoint
seymchan,16.3 Grams 23x20x4mm Seymchan Russian Meteorite Cut Slice - June 1967 With COA,44.99,2025-10-12,16.3,2.76,WorthPoint
seymchan,11 Grams 60x14x2mm Seymchan Russian Meteorite Cut Slice - June 1967 With COA,25.99,2025-10-12,11,2.36,WorthPoint
seymchan,6.94 Grams 26x15x2mm Seymchan Russian Meteorite Cut Slice - June 1967 With COA,18.99,2025-10-11,6.94,2.74,WorthPoint
seymchan,18.2 Grams 62x26x2mm Seymchan Russian Meteorite Cut Slice - June 1967 With COA,39.99,2025-10-11,18.2,2.2,WorthPoint
seymchan,"Awesome Tektite ATACAMAITE From Chile, Lot Of 10 Small Drops, 3.15 Grams",59.99,2025-10-10,3.15,19.04,WorthPoint
seymchan,10.2 Grams 60x13x2mm Seymchan Russian Meteorite Cut Slice - June 1967 With COA,27.99,2025-10-10,10.2,2.74,WorthPoint
seymchan,9.85 Grams 60x15x2mm Seymchan Russian Meteorite Cut Slice - June 1967 With COA,29.99,2025-10-10,9.85,3.04,WorthPoint
seymchan,11.5 Grams 29x29x2mm Seymchan Russian Meteorite Cut Slice - June 1967 With COA,29.99,2025-10-10,11.5,2.61,WorthPoint
seymchan,"NEWEST! Meteorite Los Vientos 262, Chondrite L6,Chile. Polished Slice. 9.1 Grams",36.49,2025-10-09,9.1,4.01,WorthPoint
seymchan,12.7 Grams 29x29x2mm Seymchan Russian Meteorite Cut Slice - June 1967 With COA,34.99,2025-10-09,12.7,2.76,WorthPoint
seymchan,7.61 Grams 25x21x2mm Seymchan Russian Meteorite Cut Slice - June 1967 With COA,19.99,2025-10-09,7.61,2.63,WorthPoint
seymchan,4.11 Grams 17x16x2mm Seymchan Russian Meteorite Cut Slice - June 1967 With COA,16.35,2025-10-08,4.11,3.98,WorthPoint
seymchan,Meteorite Collection Lot Twenty-Four Different Types Labeled With Display Box,450,2025-10-07,,,WorthPoint
seymchan,4.84 Grams 17x17x2mm Seymchan Russian Meteorite Cut Slice - June 1967 With COA,11.5,2025-10-06,4.84,2.38,WorthPoint
seymchan,"NEWEST!!! PICA Impact Glass, Chile, Excellent Piece, 107.6 Grams",19.61,2025-10-05,107.6,0.18,WorthPoint
seymchan,64.49 Gram SEYMCHAN PALLASITE METEORITE Slice - Stabile And Incredibly Beautiful,450,2025-10-04,64.49,6.98,WorthPoint
seymchan,61.43 Gram SEYMCHAN PALLASITE METEORITE Slice - Stabile And Incredibly Beautiful,921,2025-10-04,61.43,14.99,WorthPoint
seymchan,"Rare! Nice METEORITE NWA 13758, Rumuruti Chondrite R3, Nice Endcut 27 Gram",119.99,2025-10-04,27,4.44,WorthPoint
seymchan,19.13 Gram SEYMCHAN PALLASITE METEORITE Slice - Stabile And Incredibly Beautiful,315,2025-10-03,19.13,16.47,WorthPoint
seymchan,"NEWEST! Excellent Dino HORN, Late Cretaceous, Turonian, 90 Ma, Uzbekistan",599.99,2025-09-30,,,WorthPoint
seymchan,"Nice Tektite, Libyan Desert Glass, Egypt, One Nice Piece. 285 Grams",36.1,2025-09-28,285,0.13,WorthPoint
seymchan,"NEWEST!!! PICA Impact Glass, Chile, Excellent Piece, 66.2 Grams",9.38,2025-09-28,66.2,0.14,WorthPoint
seymchan,"Nice Tektite, Libyan Desert Glass, Egypt, Lot Of Four Small Pieces. 192 Grams",21.5,2025-09-21,192,0.11,WorthPoint
seymchan,Seymchan Meteorite 1 Oz Uncirculated Coin 1$ Niue 2021,400,2025-09-21,28.35,14.11,WorthPoint
seymchan,"NEWEST! Excellent Turtle-shell, Late Cretaceous, Turonian, 90 Ma, Uzbekistan #1",29.99,2025-09-18,,,WorthPoint
seymchan,"NEWEST! Excellent Dino Bone, Late Cretaceous, Turonian, 90 Ma, Uzbekistan #10",39.99,2025-09-18,,,WorthPoint
seymchan,"Meteorite Seymchan, Excellent Quality Thin Slice, 14.9 Grams, Not Transparent",59.99,2025-09-18,14.9,4.03,WorthPoint
seymchan,"Seymchan Pallasite Meteorite, Russia 12.5 Grams",130,2025-09-18,12.5,10.4,WorthPoint
seymchan,13.58 Gram SEYMCHAN PALLASITE METEORITE - Stabile And Incredibly Beautiful,136,2025-09-17,13.58,10.01,WorthPoint
seymchan,"NEW! Excellent Dino Tooth, Late Cretaceous, Turonian, 90 Ma, Uzbekistan #3",89.99,2025-09-17,,,WorthPoint
seymchan,"Meteorite Seymchan Nice Thin Slice 43.8 Grams, Not Transparent",131.99,2025-09-16,43.8,3.01,WorthPoint
seymchan,"NEW! Tsarev Meteorite L5, Russia, Excellent Fragment 103.7 Grams",41,2025-09-14,103.7,0.4,WorthPoint
seymchan,"NEW! Meteorite Pallasovka Pallasite Small Slice, 6.0 Grams, Not Transparent",22.5,2025-09-14,6,3.75,WorthPoint
seymchan,"Nice Tektite, Libyan Desert Glass, Egypt, Lot Of Three Small Pieces. 176 Grams",15.51,2025-09-14,176,0.09,WorthPoint
seymchan,"NEWEST!!! PICA Impact Glass, Chile, Excellent Piece, 67.3 Grams",31,2025-09-14,67.3,0.46,WorthPoint
seymchan,"NEW!! RARE!! NWA 8743 Eucrite, Melt Breccia, 4.0 Grams Part Slice",5.1,2025-09-14,4,1.27,WorthPoint
seymchan,"Nice IRGIZITES, Zhamanshin Impact Crater, Kazakhstan, Lot Many Pieces, 20 Grams",5.5,2025-09-14,20,0.28,WorthPoint
seymchan,Seymchan Pallasite Meteorite 2.63g Iron Nugget W/ Natural Patina As Found,8.5,2025-09-13,2.63,3.23,WorthPoint
seymchan,18.4 Gram SEYMCHAN IRON METEORITE - ETCHED SLICE - PERFECT FOR JEWELRY!,37,2025-09-13,18.4,2.01,WorthPoint
seymchan,22.26 Gram SEYMCHAN PALLASITE METEORITE Slice - Stabile And Incredibly Beautiful,180,2025-09-12,22.26,8.09,WorthPoint
seymchan,23.15 Gram SEYMCHAN PALLASITE METEORITE - Stabile And Incredibly Beautiful,199,2025-09-11,23.15,8.6,WorthPoint
seymchan,124.80 Gram SEYMCHAN PALLASITE METEORITE - Stabile And Incredibly Beautiful,685,2025-09-10,124.8,5.49,WorthPoint
seymchan,"NEW Lahmada 020 LUNAR, Feldspathic Regolith Melt Breccia, Part Slice, 5.50 Grams",559.99,2025-09-08,5.5,101.82,WorthPoint
seymchan,"NEW! Tsarev Meteorite L5, Russia, Excellent Not Polished Slice 28.8 Grams",43.55,2025-09-07,28.8,1.51,WorthPoint
seymchan,"NEW! Meteorite Pallasovka Pallasite Small Slice, 5.4 Grams, Not Transparent",30,2025-09-07,5.4,5.56,WorthPoint
seymchan,"Keychain Made With A Fragment Of Sikhote Alin Iron Meteorite, 28.2 Grams",26,2025-09-07,28.2,0.92,WorthPoint
seymchan,"NEWEST!!! PICA Impact Glass, Chile, Excellent Piece, 33.9 Grams",5.6,2025-09-07,33.9,0.17,WorthPoint
seymchan,Seymchan Pal 27.00g Part Slice Olivine Encrusted Meteorite Slice,100,2025-09-06,27,3.7,WorthPoint
seymchan,"Meteorite Maslyanino, Silicated Iron, Fine Polished Part Slice 13.6 Grams",168.99,2025-09-06,13.6,12.43,WorthPoint
seymchan,2.70 Grams Seymchan Russian Meteorite Cut Fragments - June 1967 - With COA,11.3,2025-09-04,2.7,4.19,WorthPoint
seymchan,3.69 Grams 11x7x6mm Seymchan Russian Meteorite Cut Fragment - June 1967 With COA,11.99,2025-09-04,3.69,3.25,WorthPoint
seymchan,"NEW! Meteorite IMILAC, Pallasite, Excellent Endcut Piece. 36.0 Grams",999.99,2025-09-03,36,27.78,WorthPoint
seymchan,"NEW! Excellent Lot Of 260 Teeth Of Pycnodus Sp., Cretatious, 140 Ma, Russia",399.99,2025-09-03,,,WorthPoint
seymchan,"Sikhote Alin Iron Meteorite, Small Awesome Well Oriented Individual! 4.3 G",49.99,2025-09-03,4.3,11.63,WorthPoint
seymchan,"NEW!!! Fossil Replica Big, Pareiasaur, Permian, 260 Ma, Kotelnich, Russia",349.99,2025-09-02,,,WorthPoint
seymchan,"Meteorite Pendant And 20 Inch Silver Chain Necklace, Seymchan Meteorite With COA",34.99,2025-09-01,,,WorthPoint
seymchan,"NEW! Fossil Replica, Nochnitsa Geminidens, Permian, 260 Ma, Kotelnich, Russia",149.99,2025-09-01,,,WorthPoint
seymchan,2.11 Grams 9x7x5mm Seymchan Russian Meteorite Cut Fragment - June 1967 With COA,11.99,2025-09-01,2.11,5.68,WorthPoint
seymchan,"Awesome SAFFORDITE (Arizonaite), Arizona, USA, 5.5 Grams",5.6,2025-08-31,5.5,1.02,WorthPoint
seymchan,"NEW! Tsarev Meteorite L5, Russia, Lot Of 3 Excellent Cuts, 32.7 Grams",27.01,2025-08-31,32.7,0.83,WorthPoint
seymchan,"NEW! Meteorite Pallasovka Pallasite Small Slice, 4.3 Grams, Not Transparent",15.5,2025-08-31,4.3,3.6,WorthPoint
seymchan,"NEWEST!!! PICA Impact Glass, Chile, Excellent Piece, 70.7 Grams",6.49,2025-08-31,70.7,0.09,WorthPoint
seymchan,Seymchan IIE Iron/ Pallasite PMG Meteorite Widmanstatten Russia 10.71 Grams,46.75,2025-08-30,10.71,4.37,WorthPoint
seymchan,Seymchan Meteorite Slice - 348 Grams,2750,2025-08-29,348,7.9,WorthPoint
seymchan,32.41 Gram SEYMCHAN PALLASITE METEORITE Slice - Stabile And Incredibly Beautiful,496,2025-08-28,32.41,15.3,WorthPoint
seymchan,"Impact Rock From Karla Impact Crater, Russia, Slice 174 Grams",89.99,2025-08-28,174,0.52,WorthPoint
seymchan,"NEWEST! Impact Rock ZUEVITE From POPIGAI Impact Crater, Russia, Slice 162 Grams",109.99,2025-08-28,162,0.68,WorthPoint
seymchan,Meteorite Pendant With 20 Inch Silver Chain Necklace - Seymchan Meteor With COA,29.99,2025-08-26,,,WorthPoint
seymchan,"NEW!! RARE! NWA 14243 Martian Meteorite, Shergottite, Slice 14.7 Grams",1764.99,2025-08-25,14.7,120.07,WorthPoint
seymchan,"NEW! NWA 14243 MARTIAN, Shergottite (aphyric, Diabasic) Part Slice, 0.64 Grams",99.99,2025-08-25,0.64,156.23,WorthPoint
seymchan,"NEW!! RARE!! Qiquanhu Eucrite, Witnessed Fall, China, 2.63 Grams Fragment",262.99,2025-08-25,2.63,100,WorthPoint
seymchan,"NEW! Meteorite Pallasovka Pallasite Small Slice, 2.9 Grams, Not Transparent",27,2025-08-24,2.9,9.31,WorthPoint
seymchan,"NEW! Aletai Iron Meteorite, China, Wonderful Etched Sphere, 67.5 Grams, 25.5 Mm",293.99,2025-08-21,67.5,4.36,WorthPoint
seymchan,18.23 Gram SEYMCHAN PALLASITE METEORITE Slice - Stabile And Incredibly Beautiful,295,2025-08-21,18.23,16.18,WorthPoint
seymchan,"Awesome SAFFORDITE (Arizonaite), Arizona, USA, 5.8 Grams",14.49,2025-08-20,5.8,2.5,WorthPoint
seymchan,"Impact Rock From Zhamanshin Impact Crater, Zhamanshinite, Kazakhstan, 860 Grams",214.99,2025-08-19,860,0.25,WorthPoint
seymchan,"NEW! Meteorite Pallasovka Pallasite 3 Small Slices, 3.4 Grams, Not Transparent",20.5,2025-08-17,3.4,6.03,WorthPoint
seymchan,"NEW! Tsarev Meteorite L5, Russia, Excellent Tumbled Piece, 66 Grams",20.5,2025-08-17,66,0.31,WorthPoint
seymchan,St Aubin Meteorite Stardust Shavings / Crystals - 100% Pure & Natural,7,2025-08-16,,,WorthPoint
seymchan,"NEW! Meteorite IMILAC, Pallasite, Excellent Endcut Piece. 79.5 Grams",2299.99,2025-08-13,79.5,28.93,WorthPoint
seymchan,"NEWEST!!! PICA Impact Glass, Chile, Excellent Piece, 22.9 Grams",5.56,2025-08-10,22.9,0.24,WorthPoint
seymchan,Seymchan Meteorite Slice,209,2025-08-07,,,WorthPoint
seymchan,"NEW! Meteorite Pallasovka Pallasite Lot Of Small Thin Slices, 3.8 Grams",14.94,2025-08-03,3.8,3.93,WorthPoint
seymchan,"NEWEST!!! PICA Impact Glass, Chile, Excellent Piece, 85.0 Grams",9.5,2025-08-03,85,0.11,WorthPoint
seymchan,"NEWEST! Kapustin Yar, Meteorite L/LL6 Russia, Lot Of 3 Fragments Of 26.2 Grams",15.6,2025-08-03,26.2,0.6,WorthPoint
seymchan,Meteorite Slice Seymcham Russia 1967,282.9,2025-08-02,,,WorthPoint
seymchan,"NEW! Excellent Dino Claw, Late Cretaceous, Turonian, 90 Ma, Uzbekistan #3",249.99,2025-08-01,,,WorthPoint
seymchan,Iron Meteorite Seymchan Magadan Russia 9g,29.95,2025-07-29,9,3.33,WorthPoint
seymchan,"SEYMCHAN 106.29g Gorgeous Triangular Cut Pallasite Meteorite, Highly Polished",1499,2025-07-27,106.29,14.1,WorthPoint
seymchan,"Meteorite Seymchan Etched Cut Cube 34.8 Grams, 17 Mm, Very Nice Structure",199.99,2025-07-26,34.8,5.75,WorthPoint
seymchan,"Meteorite Quijingue, Pallasite, Fine Polished Part Slice 15.7 Grams",389.99,2025-07-26,15.7,24.84,WorthPoint
seymchan,Full Meteorite Pendant 4.3g – Etched,79,2025-07-26,4.3,18.37,WorthPoint
seymchan,Sweden Muonionalusta Iron Meteorite Single Bead Size 14mm +/- Random,119.99,2025-07-25,,,WorthPoint
seymchan,"NEW! Meteorite Pallasovka Pallasite Small Thin Slice 3.0 Grams, Not Transparent",18.5,2025-07-20,3,6.17,WorthPoint
seymchan,"Nice Tektite, Libyan Desert Glass, Egypt, Lot Of Two Small Pieces. 170 Grams",16,2025-07-20,170,0.09,WorthPoint
seymchan,"NEWEST!!! PICA Impact Glass, Chile, Excellent Piece, 96.0 Grams",6.5,2025-07-20,96,0.07,WorthPoint
seymchan,"Nice Tektite, Libyan Desert Glass, Egypt, Lot Of 18 Pieces. 183 Grams",14.5,2025-07-20,183,0.08,WorthPoint
seymchan,"NEW! Aletai Iron Meteorite, China, Special Black Etched Slice, 23.8 Grams",118.99,2025-07-17,23.8,5,WorthPoint
seymchan,Seymchan Iron Meteorite Slice 22.1g – Etched With Widmanstätten Pattern – Russia,144.99,2025-07-16,22.1,6.56,WorthPoint
seymchan,"Meteorite Seymchan Complete Piece That Contain Olivines, 630 Grams",1574.99,2025-07-16,630,2.5,WorthPoint
seymchan,"New Not Classified Iron Meteorite, Kenya, Slice 9.7 Grams",39.99,2025-07-14,9.7,4.12,WorthPoint
seymchan,"RARE! Meteorite Mesosiderite, Vaca Muerta, Excellent Endcut 2.1 Grams",31.49,2025-07-14,2.1,15,WorthPoint
seymchan,"Meteorite**Seymchan, Pallasite**3.800 Grams, Gorgeous Olivine Crystals!!!",78.77,2025-07-14,3.8,20.73,WorthPoint
seymchan,Seymchan Iron Meteorite Etched Slice Weight 53.7 Grams 2 Inches,121,2025-07-07,53.7,2.25,WorthPoint
seymchan,6 Grams 24x13x3mm Seymchan Russian Meteorite Cut Slice - June 1967 With COA,21.99,2025-07-02,6,3.66,WorthPoint
seymchan,13.5 Grams 33x25x3mm Seymchan Russian Meteorite Cut Slice - June 1967 With COA,39.99,2025-07-02,13.5,2.96,WorthPoint
seymchan,"NEW RARE! NWA 15352 LUNAR, Feldspathic Breccia, Complete Piece, 2.44 Grams",121.99,2025-07-01,2.44,50,WorthPoint
seymchan,"NEW! Tsarev Meteorite L5, Russia, 5 Small Excellent Fragments Of 40.5 Grams",5.99,2025-06-29,40.5,0.15,WorthPoint
seymchan,"NEWEST! Kapustin Yar, Meteorite L/LL6 Russia, Lot Of Two Fragments Of 24.2 Grams",8.26,2025-06-29,24.2,0.34,WorthPoint
seymchan,"NEW RARE!! Dhofar 132, Achondrite, Ureilite Meteorite, Slice, 4.5 Grams",79.99,2025-06-29,4.5,17.78,WorthPoint
seymchan,Seymchan Pallasite-pmg Meteorite - Official - SEM-0410 - 1.23g - Polished Frag,12.95,2025-06-28,1.23,10.53,WorthPoint
seymchan,Arlene Schlazer Digital Art Meteorite Seymchan Numbered Framed Artwork,65.94,2025-06-27,,,WorthPoint
seymchan,"Meteorite Seymchan Pallasite FACETED OLIVINE GEM, 2 Pieces 2.6 Mm Each, 0.156 Ct",99.99,2025-06-26,0.031,3225.48,WorthPoint
seymchan,Seymchan Iron Meteorite Etched Slice Weight 19.9 Grams 2.5 Inches,45,2025-06-25,19.9,2.26,WorthPoint
seymchan,"37.89 Gram SEYMCHAN IRON METEORITE - Stabilized, Etched & Great For Jewelry!",120,2025-06-23,37.89,3.17,WorthPoint
seymchan,"NEW! Tsarev Meteorite L5, Russia, Excellent Tumbled Piece, 79 Grams",5.5,2025-06-22,79,0.07,WorthPoint
seymchan,"Nice Tektite, Libyan Desert Glass, Egypt, Lot Of 17 Pieces. 166 Grams",25.99,2025-06-22,166,0.16,WorthPoint
seymchan,"Meteorite Pallasite Seymchan Etched Cut Block 146.3 Grams, Very Nice Structure",234.99,2025-06-20,146.3,1.61,WorthPoint
seymchan,"Meteorite Seymchan Etched Thick Slice 126.2 Grams, Very Nice Structure",189.99,2025-06-20,126.2,1.51,WorthPoint
seymchan,"Meteorite Pallasite Seymchan Etched Cut Block 217.2 Grams, Very Nice Structure",399.99,2025-06-20,217.2,1.84,WorthPoint
seymchan,Great Deal! Low Price! Sensational Seymchan Iron Meteorite Slice! 32.9 Gms,74.25,2025-06-19,32.9,2.26,WorthPoint
seymchan,"Meteorite Seymchan Etched Cut Block 261 Grams, Very Nice Structure",399.99,2025-06-19,261,1.53,WorthPoint
seymchan,"NEW! Tsarev Meteorite L5, Russia, One Small Excellent Fragment Of 57.7 Grams",5.6,2025-06-15,57.7,0.1,WorthPoint
seymchan,"NEWEST! Kapustin Yar, Meteorite L/LL6 Russia, Nice Fragment Of 29.7 Grams",34.19,2025-06-15,29.7,1.15,WorthPoint
seymchan,Seymchan Iron Meteorite Etched Slice Weight 14 Grams 1 Inche,27.2,2025-06-15,14,1.94,WorthPoint
seymchan,World Class! Large Slice! Expert Etch! Amazing Seymchan Iron Meteorite! 542 Gms,1218.75,2025-06-11,542,2.25,WorthPoint
seymchan,"Nice Tektite, Libyan Desert Glass, Egypt, Lot Of 16 Pieces. 156 Grams",10.5,2025-06-08,156,0.07,WorthPoint
seymchan,4.61 Grams 22x13x6mm Seymchan Russian Meteorite As Found - June 1967 With COA,42,2025-06-08,4.61,9.11,WorthPoint
seymchan,15.9 Grams 30x29x2mm Seymchan Russian Meteorite Cut Slice - June 1967 With COA,42.99,2025-06-08,15.9,2.7,WorthPoint
seymchan,4.05 Grams 17x10x5mm Seymchan Russian Meteorite Cut Slice - June 1967 With COA,16.99,2025-06-08,4.05,4.2,WorthPoint
seymchan,5.48 Grams 22x11x4mm Seymchan Russian Meteorite Cut Slice - June 1967 With COA,46.76,2025-06-06,5.48,8.53,WorthPoint
seymchan,Seymchan Iron Meteorite Etched Slice Weight 19.9 Grams 1.8 Inch,45,2025-06-04,19.9,2.26,WorthPoint
seymchan,"Nice Tektite, Libyan Desert Glass, Egypt, Lot Of Many Small Pieces. 138 Grams",13.39,2025-06-01,138,0.1,WorthPoint
seymchan,"NEW!!! RARE NWA 11179 CM2 Chondrite, 5.25 Gram Endcut",236.99,2025-05-29,5.25,45.14,WorthPoint
seymchan,"""Large Meteorite Pendant Laser Cut Sliced Seymchan Meteor & 20"""" Silver Chain""",39.99,2025-05-29,,,WorthPoint
seymchan,Seymchan Iron Meteorite Etched Slice Weight 10.8 Grams 1.8 Inch,25,2025-05-28,10.8,2.31,WorthPoint
seymchan,2.39 Grams 14x9x7mm Seymchan Russian Meteorite Cut Slice - June 1967 With COA,7.99,2025-05-27,2.39,3.34,WorthPoint
seymchan,"Nice Tektite, Libyan Desert Glass, Egypt, Lot Of 14 Small Pieces. 162 Grams",15.5,2025-05-25,162,0.1,WorthPoint
seymchan,RARE Beautiful Color Seymchan Etched Meteorite Slice! NOT DYED! GORGEOUS PIECE!,299.95,2025-05-23,,,WorthPoint
seymchan,Wow! Super Green Crystals! Sensational Seymchan Pallasite Meteorite 39.2 Gms,374.25,2025-05-22,39.2,9.55,WorthPoint
seymchan,"Meteorite Seymchan Nice Thin Slice 50.0 Grams, Not Transparent",149.99,2025-05-22,50,3,WorthPoint
seymchan,"Nice Tektite, Libyan Desert Glass, Egypt, Lot Of 18 Small Pieces. 146 Grams",15.51,2025-05-18,146,0.11,WorthPoint
seymchan,9.7 Gram SEYMCHAN IRON METEORITE - ETCHED SLICE - PERFECT FOR JEWELRY!,20,2025-05-16,9.7,2.06,WorthPoint
seymchan,"NEW! Aletai Iron Meteorite, China, Excellent Etched Slice, 16.9 Grams",59.99,2025-05-16,16.9,3.55,WorthPoint
seymchan,"RARE! NEW! Meteorite Carbonaceous Chondrite (CR2), NWA 15175, Slice 1.91 Grams",39.99,2025-05-12,1.91,20.94,WorthPoint
seymchan,"Nice Tektite, Libyan Desert Glass, Egypt, Excellent Small Piece. 261 Grams",8.51,2025-05-11,261,0.03,WorthPoint
seymchan,"Nice Tektite, Libyan Desert Glass, Egypt, Lot Of 10 Small Pieces. 177 Grams",18.5,2025-05-11,177,0.1,WorthPoint
seymchan,"Allende Meteorite Carbonaceous Chondrite CV3, Famous Fall, Crusted Fragm, 20.9gr",599.99,2025-05-09,20.9,28.71,WorthPoint
seymchan,17.3 Gram SEYMCHAN IRON METEORITE - ETCHED SLICE - PERFECT FOR JEWELRY!,34.6,2025-05-08,17.3,2,WorthPoint
seymchan,14.8 Gram SEYMCHAN IRON METEORITE - ETCHED SLICE - PERFECT FOR JEWELRY!,30,2025-05-08,14.8,2.03,WorthPoint
seymchan,20.9 Gram SEYMCHAN IRON METEORITE - ETCHED SLICE - PERFECT FOR JEWELRY!,41.8,2025-05-08,20.9,2,WorthPoint
seymchan,19.1 Gram SEYMCHAN IRON METEORITE - ETCHED SLICE - PERFECT FOR JEWELRY!,38.5,2025-05-08,19.1,2.02,WorthPoint
seymchan,18.3 Gram SEYMCHAN IRON METEORITE - ETCHED SLICE - PERFECT FOR JEWELRY!,36,2025-05-08,18.3,1.97,WorthPoint
seymchan,"Seymchan Found 1967 Magadan, Russia Whole Slice 816.6 Grams Partial Pallasitic",1224,2025-05-07,816.6,1.5,WorthPoint
seymchan,"NEWEST! Kapustin Yar, Meteorite L/LL6 Russia, Fragment Of 28.8 Grams",8.79,2025-05-04,28.8,0.31,WorthPoint
seymchan,"Nice Tektite, Libyan Desert Glass, Egypt, Lot Of 15 Small Pieces. 152 Grams",16.39,2025-05-04,152,0.11,WorthPoint
seymchan,"NEW! Tsarev Meteorite L5, Russia, Excellent Sphere 33 Mm, 66.8 Grams",469.99,2025-05-03,66.8,7.04,WorthPoint
seymchan,Seymchan Siderite Meteorite Slice: 43.8g,120,2025-04-28,43.8,2.74,WorthPoint
seymchan,Seymchan Iron Meteorite Etched Slice Weight 49.2 Grams 1.75 Inches,115,2025-04-27,49.2,2.34,WorthPoint
seymchan,"Nice Tektite, Libyan Desert Glass, Egypt, Lot Of 12 Small Pieces. 159 Grams",11.39,2025-04-27,159,0.07,WorthPoint
seymchan,"Meteorite**Seymchan, Pallasite**11.974 Grams, Gorgeous Olivine Crystals!!!",225,2025-04-26,11.974,18.79,WorthPoint
seymchan,Great Deal! Multi-faced! Sensational Seymchan Pallasite Meteorite 26.5 Gms,138.75,2025-04-25,26.5,5.24,WorthPoint
seymchan,"Sword - ""Ekleipsis""",21250,2025-04-23,,,WorthPoint
seymchan,Seymchan Meteorite Slice - 543.4 Grams,4250,2025-04-23,543.4,7.82,WorthPoint
seymchan,Seymchan Meteorite Pendant,625,2025-04-23,,,WorthPoint
seymchan,"Allende Meteorite Carbonaceous Chondrite CV3, Famous Fall, Mexico, Fragm, 1.7 Gr",42.49,2025-04-20,1.7,24.99,WorthPoint
seymchan,"NEWEST! Kapustin Yar, Meteorite L/LL6 Russia, Fragment Of 26.1 Grams",12.26,2025-04-20,26.1,0.47,WorthPoint
seymchan,Seymchan Meteorite Stardust Shavings / Crystals - 100% Pure & Natural,7,2025-04-19,,,WorthPoint
seymchan,"38.57 Gram SEYMCHAN IRON METEORITE - Stabilized, Etched & Great For Jewelry!",93.75,2025-04-13,38.57,2.43,WorthPoint
seymchan,"Impact Rocks From Zhamanshin Impact Crater, Zhamanshinite, Kazakhstan, 162 Grams",21.71,2025-04-13,162,0.13,WorthPoint
seymchan,"NEW! Tsarev Meteorite L5, Russia, Lot Of 10 Small Excellent Fragments 33.1 Grams",11.61,2025-04-13,33.1,0.35,WorthPoint
seymchan,"NEWEST! Kapustin Yar, Meteorite L/LL6 Russia, Two Fragments Of 29.8 Grams",20.89,2025-04-13,29.8,0.7,WorthPoint
seymchan,"NEWEST!!! PICA Impact Glass, Chile, Excellent Piece, 122.7 Grams",18.26,2025-04-13,122.7,0.15,WorthPoint
seymchan,"Nice Tektite, Libyan Desert Glass, Egypt, Lot Of 16 Small Pieces. 152 Grams",21.6,2025-04-13,152,0.14,WorthPoint
seymchan,"Seymchan Meteorite, Russian Pallasite, Meteorite, Pallasite, COA, 59.55 Grams",536,2025-04-11,59.55,9,WorthPoint
seymchan,"RARE! Meteorite Mesosiderite, Vaca Muerta, Excellent Slice 20.1 Grams",319.99,2025-04-10,20.1,15.92,WorthPoint
seymchan,8.43 Grams 27x14x3mm Seymchan Russian Meteorite Cut Slice - June 1967 With COA,26.99,2025-04-10,8.43,3.2,WorthPoint
seymchan,BEAUTIFUL 107g SEYMCHAN PALLASITE METEORITE SLAB STUNNING OLIVINE-SALE!,595,2025-04-10,107,5.56,WorthPoint
seymchan,"NEW! Awesome Lapilli Of Obsidian, Turkey, 101 Grams",6.26,2025-04-06,101,0.06,WorthPoint
seymchan,"NEWEST!!! PICA Impact Glass, Chile, Excellent Piece, 82.0 Grams",22.5,2025-04-06,82,0.27,WorthPoint
seymchan,Seymchan Iron Meteorite Etched Slice Weight 16.7 Grams 1.25 Inches,40,2025-04-05,16.7,2.4,WorthPoint
seymchan,Seymchan Pallasite-pmg Meteorite - Official - SEM-0065 - 27.49g - TRANSLUSCENT,274.95,2025-04-04,27.49,10,WorthPoint
seymchan,Meteorite Seymchan Complete Siderite Piece 460 Grams,699.99,2025-04-03,460,1.52,WorthPoint
seymchan,"NEW!! RARE!! NWA 8743 Eucrite, Melt Breccia, 4.95 Grams Polished Part Slice",8.5,2025-03-30,4.95,1.72,WorthPoint
seymchan,"NEWEST! Kapustin Yar, Meteorite L/LL6 Russia, Lot Of 3 Pieces 32.3 Grams",26.11,2025-03-30,32.3,0.81,WorthPoint
seymchan,"NEWEST!!! PICA Impact Glass, Chile, Excellent Piece, 51.7 Grams",17.89,2025-03-30,51.7,0.35,WorthPoint
seymchan,"Meteorite, Seymchan Pallasite, 111g",625,2025-03-30,111,5.63,WorthPoint
seymchan,12.94 Gram - SEYMCHAN Pallasite Meteorite - Polished/Etched Slice - From Russia,91,2025-03-29,12.94,7.03,WorthPoint
seymchan,13.01 Gram - SEYMCHAN Pallasite Meteorite - Polished End Cut - From Russia,91,2025-03-29,13.01,6.99,WorthPoint
seymchan,"Meteorite**Seymchan, Pallasite**6.194 Grams, Gorgeous Olivine Crystals!!!",78,2025-03-29,6.194,12.59,WorthPoint
seymchan,"Meteorite**Seymchan, Pallasite**7.643 Grams, Gorgeous Olivine Crystals!!!",82,2025-03-24,7.643,10.73,WorthPoint
seymchan,"NEW! Tsarev Meteorite L5, Russia, Lot Of 3 Small Excellent Fragments 36.8 Grams",12.63,2025-03-23,36.8,0.34,WorthPoint
seymchan,"NEWEST! Kapustin Yar, Meteorite L/LL6 Russia, Lot Of 2 Pieces 26.0 Grams",21.71,2025-03-23,26,0.84,WorthPoint
seymchan,"NEWEST!!! PICA Impact Glass, Chile, Excellent Piece, 32.7 Grams",18,2025-03-23,32.7,0.55,WorthPoint
seymchan,"Thin Section Of METEORITE JAH 055, Ordinary Chondrite L4-5, Oman #-2",69.99,2025-03-23,,,WorthPoint
seymchan,"Seymchan Pallasite Magadan, Russia Found 1967 3.37 G",17,2025-03-21,3.37,5.04,WorthPoint
seymchan,"Meteorite Seymchan, Two Small Pieces 2.2 Grams, Endcut And Slice",7.26,2025-03-16,2.2,3.3,WorthPoint
seymchan,"NEW! Tsarev Meteorite L5, Russia, Lot Of 2 Small Excellent Fragments 38.2 Grams",16.5,2025-03-16,38.2,0.43,WorthPoint
seymchan,"NEW! Awesome Lapilli Of Obsidian, Turkey, 102 Grams",5.76,2025-03-16,102,0.06,WorthPoint
seymchan,"NEWEST!!! PICA Impact Glass, Chile, Excellent Piece, 62.5 Gr, With Natural Hole",16.5,2025-03-16,62.5,0.26,WorthPoint
seymchan,12.67 Gram - SEYMCHAN Pallasite Meteorite - Polished/Etched Slice - From Russia,91,2025-03-16,12.67,7.18,WorthPoint
seymchan,10.42 Gram - SEYMCHAN Pallasite Meteorite - Polished/Etched Slice - From Russia,73.5,2025-03-14,10.42,7.05,WorthPoint
seymchan,11.2 Grams 30x21x2mm Seymchan Russian Meteorite Cut Slice - June 1967 With COA,51,2025-03-11,11.2,4.55,WorthPoint
seymchan,1.42 Grams 25x8x2mm Seymchan Russian Meteorite Cut Slice - June 1967 With COA,5.99,2025-03-11,1.42,4.22,WorthPoint
seymchan,"Meteorite**Seymchan, Pallasite**5.850 Grams, Gorgeous Olivine Crystals!!!",20.5,2025-03-10,5.85,3.5,WorthPoint
seymchan,8.56 Gram - SEYMCHAN Pallasite Meteorite - Polished/Etched End Cut - From Russia,71.25,2025-03-10,8.56,8.32,WorthPoint
seymchan,"NEW!! RARE!! NWA 8743 Eucrite, Melt Breccia, 3.80 Grams Polished Part Slice",14.5,2025-03-09,3.8,3.82,WorthPoint
seymchan,"NEWEST!!! PICA Impact Glass, Chile, Excellent Piece, 30.9 Grams",11.88,2025-03-09,30.9,0.38,WorthPoint
seymchan,"Nice Tektite, Libyan Desert Glass, Egypt, Lot Of Small Pieces. 156 Grams",17.5,2025-03-09,156,0.11,WorthPoint
seymchan,"NEWEST! Native Iron From Putorana Plateau, Russia, Slice 58 Grams",10.5,2025-03-09,58,0.18,WorthPoint
seymchan,"NEWEST! Kapustin Yar, Meteorite Ordinary Chondrite L/LL6 Russia, 38.9 Grams",77.99,2025-03-09,38.9,2,WorthPoint
seymchan,1.06 Grams 14x9x3mm Seymchan Russian Meteorite Cut Slice - June 1967 With COA,22.5,2025-03-09,1.06,21.23,WorthPoint
seymchan,"Meteorite**Seymchan, Pallasite**26.247 Grams, Gorgeous Olivine/Acid Etch Iron!!!",420,2025-03-06,26.247,16,WorthPoint
seymchan,Pallasite - Seymchan 49.1 Gm - Partial Slice Polished - Olivine/Iron Matrix,115,2025-03-06,49.1,2.34,WorthPoint
seymchan,7.12 Gram - SEYMCHAN Pallasite Meteorite - Polished Slice - From Russia,75,2025-03-05,7.12,10.53,WorthPoint
seymchan,"NEWEST!!! PICA Impact Glass, Chile, Excellent Piece, 152.4 Grams",51,2025-03-02,152.4,0.33,WorthPoint
seymchan,179.72 G - Rare Small SEYMCHAN IRON METEORITE INDIVIDUAL - As Found Condition!,245,2025-02-28,179.72,1.36,WorthPoint
seymchan,NEWEST !!! Meteorite Seymchan Lot Of 6 Etched Inserts For Jewelry. 10.6 Grams,158.99,2025-02-28,10.6,15,WorthPoint
seymchan,44.0 Gram SEYMCHAN IRON METEORITE - Nicely Etched And Stabilized Specimen,94.5,2025-02-24,44,2.15,WorthPoint
seymchan,60.9 Gram SEYMCHAN IRON METEORITE - Nicely Etched And Stabilized Specimen,129.5,2025-02-24,60.9,2.13,WorthPoint
seymchan,121.16 G - Rare Small SEYMCHAN IRON METEORITE INDIVIDUAL - As Found Condition!,175,2025-02-24,121.16,1.44,WorthPoint
seymchan,54.60 Gram SEYMCHAN IRON METEORITE - Nicely Etched And Stabilized Specimen,122.5,2025-02-24,54.6,2.24,WorthPoint
seymchan,"Meteorite**Seymchan, Pallasite**5.938 Grams, Gorgeous Olivine Crystals!!!",50.6,2025-02-24,5.938,8.52,WorthPoint
seymchan,"NEWEST!!! PICA Impact Glass, Chile, Two Excellent Pieces, 29.6 Grams",12.29,2025-02-23,29.6,0.42,WorthPoint
seymchan,"NEW!! RARE!! NWA 8743 Eucrite, Melt Breccia, 2.32 Grams Polished Part Slice",11.61,2025-02-23,2.32,5,WorthPoint
seymchan,GIBEON IRON METEORITE SLICE NAMIBIA AFRICA 15.5 Grams,149,2025-02-23,15.5,9.61,WorthPoint
seymchan,Seymchan Pal 10.78g Part Slice Olivine Encrusted Meteorite Slice,22.5,2025-02-22,10.78,2.09,WorthPoint
seymchan,"Meteorite**Seymchan, Pallasite**4.651 Grams, Gorgeous Olivine Crystals!!!",35,2025-02-17,4.651,7.53,WorthPoint
seymchan,"NEW!! RARE!! NWA 8743 Eucrite, Melt Breccia, 1.76 Grams Polished Part Slice",8,2025-02-16,1.76,4.55,WorthPoint
seymchan,"Nice Tektite, Libyan Desert Glass, Egypt, Lot Of Five Small Pieces. 194.3 Grams",15.5,2025-02-16,194.3,0.08,WorthPoint
seymchan,"NEWEST!!! PICA Impact Glass, Chile, Excellent Piece, 31.1 Grams",5.5,2025-02-16,31.1,0.18,WorthPoint
seymchan,"NEW! Tsarev Meteorite L5, Russia, Excellent Fragment 69.2 Grams",26.88,2025-02-16,69.2,0.39,WorthPoint
seymchan,4.53 Grams Seymchan Russian Meteorite Fragments With A COA,5.99,2025-02-15,4.53,1.32,WorthPoint
seymchan,"RARE! Meteorite Mesosiderite, Vaca Muerta, Excellent Slice 5.2 Grams",103.99,2025-02-13,5.2,20,WorthPoint
seymchan,"NEW! Excellent 2 Dino Teeth, Late Cretaceous, Turonian, 90 Ma, Uzbekistan AF",139.99,2025-02-13,,,WorthPoint
seymchan,"NEWEST! Native Iron From Putorana Plateau, Russia, Slice 149.5 Grams",149.99,2025-02-10,149.5,1,WorthPoint
seymchan,"NEWEST! Meteorite Pallasite Borzya, Nice Thin Slice 26.4 Grams, Good Transparent",659.99,2025-02-10,26.4,25,WorthPoint
seymchan,"Meteorite Dronino, Ataxite, Russia, Nice Complete Piece, 19.8 Grams",23,2025-02-09,19.8,1.16,WorthPoint
seymchan,"NEWEST!!! PICA Impact Glass, Chile, Excellent Piece, 30 Grams",13,2025-02-09,30,0.43,WorthPoint
seymchan,"NEW! Tsarev Meteorite L5, Russia, Tumbled Piece 64.3 Grams",18.5,2025-02-09,64.3,0.29,WorthPoint
seymchan,"NEWEST! Kapustin Yar, Meteorite L/LL6 Russia, Lot Of 5 Pieces 30.7 Grams",31,2025-02-09,30.7,1.01,WorthPoint
seymchan,Seymchan Pal 17.03g Part Slice Olivine Encrusted Meteorite Slice,66,2025-02-08,17.03,3.88,WorthPoint
seymchan,"NEWEST! Meteorite Pallasite Borzya, Nice Thin Slice 22.4 Grams, Good Transparent",559.99,2025-02-05,22.4,25,WorthPoint
seymchan,4.39 Grams 17x9x5mm Seymchan Russian Meteorite Cut Slice - June 1967 With COA,10.99,2025-02-05,4.39,2.5,WorthPoint
seymchan,"Meteorite Sericho, Pallasite, Kenya, Lot Of 7 Complete Pieces, 100 Grams #2",79.99,2025-02-05,100,0.8,WorthPoint
seymchan,SEYMCHAN METEORITE Slice 16 Grams,45,2025-02-04,16,2.81,WorthPoint
seymchan,"Nice Tektite, Libyan Desert Glass, Egypt, Lot Of 3 Nice Pieces. 173 Grams",24,2025-02-02,173,0.14,WorthPoint
seymchan,4.39 Grams 24x16x2mm Seymchan Russian Meteorite Cut Slice - June 1967 With COA,14.99,2025-01-31,4.39,3.41,WorthPoint
seymchan,Meteorite Sericho Pallasite Kenya Lot Of 7 Complete Pieces 100 Grams,29.22,2025-01-31,100,0.29,WorthPoint
seymchan,8.19 Gram SEYMCHAN IRON METEORITE - ETCHED SLICE - PERFECT FOR JEWELRY!,17,2025-01-29,8.19,2.08,WorthPoint
seymchan,"Nice Tektite, Libyan Desert Glass, Egypt, Lot Of 2 Nice Pieces. 179 Grams",19.5,2025-01-26,179,0.11,WorthPoint
seymchan,"NEWEST!!! PICA Impact Glass, Chile, Excellent Piece, 44.6 Grams",5.5,2025-01-26,44.6,0.12,WorthPoint
seymchan,"Nice Tektite, Libyan Desert Glass, Egypt, Lot Of 12 Nice Pieces. 139 Grams",19.5,2025-01-26,139,0.14,WorthPoint
seymchan,37.86 Gram SEYMCHAN IRON METEORITE - Nicely Etched And Stabilized Specimen,48,2025-01-21,37.86,1.27,WorthPoint
seymchan,"NEWEST!!! PICA Impact Glass, Chile, Excellent Piece, 152.3 Grams",7.5,2025-01-12,152.3,0.05,WorthPoint
seymchan,"Meteorite Seymchan Nice Thin Slice 32.0 Grams, Not Transparent",95.99,2025-01-12,32,3,WorthPoint
seymchan,1.42 Grams 18x13x1mm Seymchan Russian Meteorite Cut Slice - June 1967 With COA,6.5,2025-01-07,1.42,4.58,WorthPoint
seymchan,1.62 Grams Seymchan Russian As Found Meteorite With A COA,7.99,2025-01-07,1.62,4.93,WorthPoint
seymchan,4.19 Grams Seymchan Russian Meteorite Cut Fragments With A COA,5.99,2025-01-07,4.19,1.43,WorthPoint
seymchan,"Nice Tektite, Libyan Desert Glass, Egypt, Lot Of 4 Nice Pieces. 147 Grams",17.5,2025-01-05,147,0.12,WorthPoint
seymchan,"NEWEST!!! PICA Impact Glass, Chile, Lot Of Small Pieces, 38.5 Grams",7.39,2025-01-05,38.5,0.19,WorthPoint
seymchan,2.51 Grams 20x5x3mm Seymchan Russian Meteorite Cut Slice - June 1967 With COA,10.99,2025-01-05,2.51,4.38,WorthPoint
seymchan,"Meteorite, Northeast Africa (NEA) Xxxxx, Ordinary Chondrite. Individual. 494 Gr",147.99,2025-01-04,494,0.3,WorthPoint
seymchan,Seymchan Meteorite. Iron IIE- Pallasite. 21.5 Grams. Etched Slice.,50,2025-01-03,21.5,2.33,WorthPoint
seymchan,SEYMCHAN METEORITE Slice 19 Grams,49,2024-12-31,19,2.58,WorthPoint
seymchan,"Nice Tektite, Libyan Desert Glass, Egypt, One Nice Piece. 165 Grams",21.5,2024-12-29,165,0.13,WorthPoint
seymchan,"NEWEST!!! PICA Impact Glass, Chile, Excellent Piece, 149.1 Grams",37,2024-12-29,149.1,0.25,WorthPoint
seymchan,"NEW! Tsarev Meteorite L5, Russia, Excellent Endcut 90 Grams",21.71,2024-12-29,90,0.24,WorthPoint
seymchan,"Nice Tektite, Libyan Desert Glass, Egypt, Lot Of 11 Small Pieces. 164 Grams",17,2024-12-29,164,0.1,WorthPoint
seymchan,"NEW! Aletai Iron Meteorite, China, VERY Thin As Blade Slice, 30.8 Grams",16.39,2024-12-29,30.8,0.53,WorthPoint
seymchan,"Seymchan 71.9g All Metal Pallasite Meteorite, Leftover Jewelry Cut IMCA Sellers",85,2024-12-29,71.9,1.18,WorthPoint
seymchan,41.4 Gram SEYMCHAN IRON METEORITE - ETCHED SLICE-PERFECT FOR JEWELRY!!,80,2024-12-29,41.4,1.93,WorthPoint
seymchan,"NEWEST!!! PICA Impact Glass, Chile, Lot Of 2 Excellent Pieces, 40.4 Grams",7.39,2024-12-22,40.4,0.18,WorthPoint
seymchan,"Odessa, Gibeon, Seymchan, Sikhote-alin - Iron Meteorite Box Display Set",24,2024-12-19,,,WorthPoint
seymchan,"Meteorite Seymchan Etched Cut Cube 700 Grams, 44 Mm, Very Nice Structure",2099.99,2024-12-19,700,3,WorthPoint
seymchan,"Seymchan 25.31g Pallasite, PMG Meteorite, Multi-Stone Lot, IMCA Sellers",80,2024-12-18,25.31,3.16,WorthPoint
seymchan,"""Seymchan 8.3g All Metal Pallasite Meteorite """"The Arch"""" Leftover Jewelry Cut IMCA""",35,2024-12-18,8.3,4.22,WorthPoint
seymchan,Seymchan Pallasite-pmg Meteorite - Official - SEM-0086 - 22.43g - TRANSLUSCENT,99.95,2024-12-18,22.43,4.46,WorthPoint
seymchan,"NEWEST!!! PICA Impact Glass, Chile, Excellent Piece, 141.7 Grams",20.5,2024-12-15,141.7,0.14,WorthPoint
seymchan,"NEW! Tsarev Meteorite L5, Russia, Excellent Endcut 62 Grams",31,2024-12-15,62,0.5,WorthPoint
seymchan,28.88 Gram SEYMCHAN IRON METEORITE - Nicely Etched And Stabilized Specimen,42.3,2024-12-12,28.88,1.46,WorthPoint
seymchan,"Seymchan 97.45g All Metal Pallasite Meteorite, Leftover Jewelry Cut IMCA Sellers",115,2024-12-09,97.45,1.18,WorthPoint
seymchan,Seymchan Meteorite Pendant & 20 Inch Silver Chain Necklace Laser Cut Gem,29.99,2024-12-09,,,WorthPoint
seymchan,"NEWEST!!! PICA Impact Glass, Chile, Excellent Piece, 50.9 Grams",13.26,2024-12-08,50.9,0.26,WorthPoint
seymchan,"NEW! Aletai Iron Meteorite, China, Very Nice Etched Cut Piece, 27.8 Grams",20.26,2024-12-08,27.8,0.73,WorthPoint
seymchan,17.02 Gram SEYMCHAN IRON METEORITE - Nicely Etched And Stabilized Specimen,30.25,2024-12-07,17.02,1.78,WorthPoint
seymchan,"NEW!! Rare! Giant Nummulites, Eocene, Armenia, 38-37 M.a., Lots Of 5 Ps #15-#18",14.99,2024-12-05,,,WorthPoint
seymchan,"Nice Tektite, Libyan Desert Glass, Egypt, One Nice Piece. 131 Grams",5.5,2024-12-01,131,0.04,WorthPoint
seymchan,"NEWEST!!! PICA Impact Glass, Chile, Excellent Piece, 39.7 Grams",10,2024-12-01,39.7,0.25,WorthPoint
seymchan,"Nice Tektite, Libyan Desert Glass, Egypt, Lot Of 6 Small Pieces. 160 Grams",14.39,2024-12-01,160,0.09,WorthPoint
seymchan,2.71 Gram Seymchan Meteorite Piece Rare History Beautiful,5.5,2024-12-01,2.71,2.03,WorthPoint
seymchan,33.49 Gram SEYMCHAN IRON METEORITE - Nicely Etched And Stabilized Specimen,52.5,2024-11-28,33.49,1.57,WorthPoint
seymchan,"Meteorite Seymchan Pallasite FACETED OLIVINE GEM, FIVE Excellent Pieces 1.1 Mm",24.99,2024-11-25,,,WorthPoint
seymchan,"NEWEST!!! PICA Impact Glass, Chile, 418 Grams",529.99,2024-11-25,418,1.27,WorthPoint
seymchan,"Seymchan 69.58g Pallasite Meteorite, High Polished End Cut, IMCA #s 6236 & 7294",545,2024-11-24,69.58,7.83,WorthPoint
seymchan,"Impact Rock From Karla Impact Crater, Russia, Endcut 174 Grams",89.99,2024-11-24,174,0.52,WorthPoint
seymchan,"NEW! Lot Of 6 Excellent Shark Teeth, Carcharodon, Miocene, Chile #9",109.99,2024-11-23,,,WorthPoint
seymchan,"Meteorite Seymchan Small Olivined Cut Block 99 Grams, Very Nice Structure",494.99,2024-11-21,99,5,WorthPoint
seymchan,"Meteorite Seymchan Etched Slice, 106.1 Grams, Very Nice Structure",317.99,2024-11-20,106.1,3,WorthPoint
seymchan,"""Reprint Of Painting """"FALLING OF SIKHOTE ALIN METEORITE""""""",29.99,2024-11-19,,,WorthPoint
seymchan,"Nice Tektite, Libyan Desert Glass, Egypt, One Nice Piece. 174 Grams",17.5,2024-11-17,174,0.1,WorthPoint
seymchan,"NEWEST!!! PICA Impact Glass, Chile, Excellent Piece, 82.8 Grams",22.26,2024-11-17,82.8,0.27,WorthPoint
seymchan,"NEW! Tsarev Meteorite L5, Russia, Tumbled Piece 83.0 Grams",10.5,2024-11-17,83,0.13,WorthPoint
seymchan,5.63 Grams 16x15x3mm Seymchan Russian Meteorite Cut Slice- June 1967 With COA,19.99,2024-11-16,5.63,3.55,WorthPoint
seymchan,"NEWEST!!! PICA Impact Glass, Chile, Excellent Piece, 121.9 Grams",7,2024-11-10,121.9,0.06,WorthPoint
seymchan,"NEW! Tsarev Meteorite L5, Russia, Tumbled Piece 85.5 Grams",17.5,2024-11-10,85.5,0.2,WorthPoint
seymchan,"NEW Tsarev Meteorite L5, Russia, Excellent Individual 4.7 Kilograms, Not Cleaned",4699.99,2024-11-09,,,WorthPoint
seymchan,"Seymchan 58.23g All Metal Pallasite Meteorite, Leftover Jewelry Cut IMCA Sellers",54,2024-11-06,58.23,0.93,WorthPoint
seymchan,"Meteorite**NWA 16774(Prov.), Pallasite**6.158 Gram, New Gorgeous Pallasite!!!",36,2024-11-05,6.158,5.85,WorthPoint
seymchan,"Nice Tektite, Libyan Desert Glass, Egypt, One Nice Piece. 252 Grams",45.44,2024-11-03,252,0.18,WorthPoint
seymchan,"NEW! NWA 12676 And Tassédet 004 H5-melt Breccia Meteorite, 6.60 Gram Full Slice",8.5,2024-11-03,6.6,1.29,WorthPoint
seymchan,63.28 Gram SEYMCHAN IRON METEORITE - Nicely Etched And Stabilized Specimen,117,2024-10-31,63.28,1.85,WorthPoint
seymchan,Seymchan IIE Iron/Pallasite PMG Meteorite Pendant Necklace Widmanstatten 22,19.79,2024-10-29,,,WorthPoint
seymchan,"NEWEST!!! PICA Impact Glass, Chile, Excellent Piece, 93.6 Grams",22.07,2024-10-27,93.6,0.24,WorthPoint
seymchan,"NEW! Tsarev Meteorite L5, Russia, Tumbled Piece 62.4 Grams",6.5,2024-10-27,62.4,0.1,WorthPoint
seymchan,"Iron Meteorite Muonionalusta. Sweden, Necklace, Pendant Hexagon Big",219.99,2024-10-27,,,WorthPoint
seymchan,Cape York - Iron IIIAB Meteorite - Greenland - 1818 - YRK-0096 - COA/VERY RARE,9.95,2024-10-26,,,WorthPoint
seymchan,Cape York - Iron IIIAB Meteorite - Greenland - 1818 - YRK-0109 - COA/VERY RARE,9.95,2024-10-26,,,WorthPoint
seymchan,Meteorite Necklace Large Laser Cut Sliced Seymchan Meteor & 20 Inch Silver Chain,39.99,2024-10-22,,,WorthPoint
seymchan,"NEW!! Rare! Giant Nummulites Lyelli, Eocene, Egypt, 38-37 Ma, Lots Of 10 Pieces",24.99,2024-10-21,,,WorthPoint
seymchan,"Nice Tektite, Libyan Desert Glass, Egypt, One Nice Piece. 269 Grams",22.5,2024-10-20,269,0.08,WorthPoint
seymchan,"NEW! Tsarev Meteorite L5, Russia, Tumbled Piece 59.2 Grams",12.62,2024-10-20,59.2,0.21,WorthPoint
seymchan,"RARE! Meteorite Mesosiderite, Vaca Muerta, 2 Excellent Slices, 1.4 Grams",6.5,2024-10-20,1.4,4.64,WorthPoint
seymchan,3.34 Grams 27mm Seymchan Russian Meteorite Cut Slice- June 1967 With COA,10.99,2024-10-18,3.34,3.29,WorthPoint
seymchan,"Nice Tektite, Libyan Desert Glass, Egypt, Lot Of Three Nice Pieces. 171 Grams",12.62,2024-10-13,171,0.07,WorthPoint
seymchan,"NEWEST!!! PICA Impact Glass, Chile, Excellent Piece, 80.9 Grams",7.19,2024-10-13,80.9,0.09,WorthPoint
seymchan,12.7 Grams 40x33x2mm Seymchan Russian Meteorite Cut Slice - June 1967 With COA,112.5,2024-10-13,12.7,8.86,WorthPoint
seymchan,"Meteorite Seymchan Small Olivined Cut Block 112.4 Grams, Very Nice Structure",669.99,2024-10-12,112.4,5.96,WorthPoint
seymchan,Meteorite Pendant & 20 Inch Silver Chain Necklace Laser Cut Seymchan Meterorite,34.99,2024-10-09,,,WorthPoint
seymchan,"Nice Tektite, Libyan Desert Glass, Egypt, Lot Of Two Nice Pieces. 140 Grams",15.5,2024-10-06,140,0.11,WorthPoint
seymchan,"NEWEST!!! PICA Impact Glass, Chile, Excellent Piece, 49.7 Grams",22.22,2024-10-06,49.7,0.45,WorthPoint
seymchan,"NEW! Tsarev Meteorite L5, Russia, Nice Small Fragment Of 53.3 Grams",11.61,2024-10-06,53.3,0.22,WorthPoint
seymchan,"Famous Iron Meteorite, Gibeon, Nice Individual, Namibia, 134 Gr",599.99,2024-10-05,134,4.48,WorthPoint
seymchan,Seymchan Meteorite Pyramid,275,2024-10-03,,,WorthPoint
seymchan,"Meteorite, Seymchan Pallasite, 29g",200,2024-09-30,29,6.9,WorthPoint
seymchan,"Seymchan 92.2g All Metal Pallasite Meteorite, Leftover Jewelry Cut IMCA Sellers",99,2024-09-30,92.2,1.07,WorthPoint
seymchan,"NEWEST!!! PICA Impact Glass, Chile, Excellent Piece, 93.8 Grams",54,2024-09-29,93.8,0.58,WorthPoint
seymchan,"NEW! Aletai Iron Meteorite, China, Good Etched Cut Piece, 31.2 Grams",15.5,2024-09-29,31.2,0.5,WorthPoint
seymchan,2.53 Gram 15mm Seymchan Russian Meteorite - As Found On June 1967 With A COA,19.99,2024-09-27,2.53,7.9,WorthPoint
seymchan,Seymchan Meteorite,169,2024-09-26,,,WorthPoint
seymchan,Seymchan Iron Meteorite Etched Part Slice 9 Grams 26 Mm X 25 Mm X 2 Mm,20,2024-09-24,9,2.22,WorthPoint
seymchan,"215.3g Muonionalusta Iron Meteorite Slice, Natural Meteorite",469.99,2024-09-23,215.3,2.18,WorthPoint
seymchan,7.8 Gram - SEYMCHAN PALLASITE METEORITE Slice - With Beautiful Crystals,81.75,2024-09-21,7.8,10.48,WorthPoint
seymchan,"NEW!! RARE! NWA 14243 Martian Meteorite, Shergottite, Full Slice, 19.39 Grams",2326.99,2024-09-19,19.39,120.01,WorthPoint
seymchan,"NEW!! Lahmada 020 LUNAR, Feldspathic Regolith Melt Breccia, Piece, 16.9 Grams",844.99,2024-09-19,16.9,50,WorthPoint
seymchan,"Meteorite Seymchan ""ARTWORK"" Rectangle 335.5 Grams, Excellent Quality",2499.99,2024-09-16,335.5,7.45,WorthPoint
seymchan,"Meteorite Seymchan ""ARTWORK"" Rectangle 355.5 Grams, Excellent Quality",2499.99,2024-09-16,355.5,7.03,WorthPoint
seymchan,"Meteorite Sericho, Pallasite, Kenya, Lot Of Rusty Pieces 300 Gr",82,2024-09-15,300,0.27,WorthPoint
seymchan,"NEW! Tsarev Meteorite L5, Russia, Nice Small Fragment Of 50 Grams",16.06,2024-09-15,50,0.32,WorthPoint
seymchan,"NEWEST!!! PICA Impact Glass, Chile, 35 Grams. Piece With Natural Hole!",17.67,2024-09-15,35,0.5,WorthPoint
seymchan,18.58 Gram - SEYMCHAN PALLASITE METEORITE Slice - With Beautiful Crystals,118.4,2024-09-10,18.58,6.37,WorthPoint
seymchan,Seymchan IIE Iron/ Pallasite PMG Meteorite Russia Small Fragments In 2 Ml Bottle,24.75,2024-09-10,,,WorthPoint
seymchan,"RARE! Meteorite Mesosiderite, Vaca Muerta,Chile, Lot Of Rusty Fragments 100 Gr",21.71,2024-09-08,100,0.22,WorthPoint
seymchan,"Chondrite L6 METEORITE JAH 073, Excellent Individual, Oman, 186 Grams",5.51,2024-09-08,186,0.03,WorthPoint
seymchan,"NEW Meteorite From Chile, Chug Chug 001, Chondrite L5, Individual 428 Gr",1279.99,2024-09-07,428,2.99,WorthPoint
seymchan,"SEYMCHAN 17.0g Polished Pallasite Meteorite Slice, IMCA Sellers #s 7294 & 6236",163,2024-09-06,17,9.59,WorthPoint
seymchan,"NEW! Tsarev Meteorite L5, Russia, Tumbled Piece 64.2 Grams",22.5,2024-09-01,64.2,0.35,WorthPoint
seymchan,"Seymchan 29.6g All Metal Pallasite Meteorite, Leftover Jewelry Cut IMCA Sellers",29,2024-09-01,29.6,0.98,WorthPoint
seymchan,44.43 Gram - SEYMCHAN PALLASITE METEORITE Slice - With Beautiful Crystals,195.2,2024-08-28,44.43,4.39,WorthPoint
seymchan,"NEW! Tsarev Meteorite L5, Russia, Tumbled Piece 57.9 Grams",11.6,2024-08-25,57.9,0.2,WorthPoint
seymchan,"NEWEST!!! PICA Impact Glass, Chile, 155 Grams",23.86,2024-08-25,155,0.15,WorthPoint
seymchan,"NEW!! RARE!! NWA 8743 Eucrite, Melt Breccia, 5.88 Grams Part Slice",6.39,2024-08-25,5.88,1.09,WorthPoint
seymchan,"NEW! Aletai Iron Meteorite, China, Wonderful Etched Cut Piece, 94 Grams",36,2024-08-25,94,0.38,WorthPoint
seymchan,Meteorite Necklace Laser Cut Sliced Genuine Seymchan Meteorite Stainless Pendant,29.99,2024-08-18,,,WorthPoint
seymchan,"NEW! Tsarev Meteorite L5, Russia, Tumbled Piece 55.4 Grams",8.5,2024-08-18,55.4,0.15,WorthPoint
seymchan,"NEWEST!!! PICA Impact Glass, Chile, 95 Grams",22.72,2024-08-18,95,0.24,WorthPoint
seymchan,"Chondrite L4/5 METEORITE SAU 001, Excellent Individual, Oman, 14.2gr From Finder",6.05,2024-08-18,14.2,0.43,WorthPoint
seymchan,"NEW! Tsarev Meteorite L5, Russia, Excellent Individual 141.5 Grams",26,2024-08-11,141.5,0.18,WorthPoint
seymchan,"Nice Tektite, Libyan Desert Glass, Egypt, Lot Of Many Smallest Pieces. 50 Grams",17.1,2024-08-11,50,0.34,WorthPoint
seymchan,"NEW!! RARE!! NWA 8743 Eucrite, Melt Breccia, 3.28 Grams Part Slice",8.27,2024-08-11,3.28,2.52,WorthPoint
seymchan,"NEW! Tsarev Meteorite L5, Russia, Tumbled Piece 70.3 Grams",20.5,2024-07-28,70.3,0.29,WorthPoint
seymchan,"NEW! Meteorite Los Vientos 262, Chondrite L6 Chile. Nice Individual, 67.0 Gr",11.61,2024-07-28,67,0.17,WorthPoint
seymchan,"NEWEST!!! PICA Impact Glass, Chile, 97.0 Grams",30,2024-07-28,97,0.31,WorthPoint
seymchan,"NEW! NWA 12676 And Tassédet 004 H5-melt Breccia Meteorite, 3.56 Gram Full Slice",12.06,2024-07-28,3.56,3.39,WorthPoint
seymchan,"NEW!! RARE!! Qiquanhu Eucrite, Witnessed Fall, China, 2.68 Grams Fragment",267.99,2024-07-28,2.68,100,WorthPoint
seymchan,17.9 Gram SEYMCHAN IRON METEORITE - ETCHED SLICE-PERFECT FOR JEWELRY!,36,2024-07-26,17.9,2.01,WorthPoint
seymchan,"NEW! NWA 12676 And Tassédet 004 H5-melt Breccia Meteorite, 4.70 Gram Full Slice",23.49,2024-07-26,4.7,5,WorthPoint
seymchan,Seymchan IIE Iron/ Pallasite PMG Meteorite Lot Russia 26.40 Grams,47.75,2024-07-26,26.4,1.81,WorthPoint
seymchan,20.7 Gram SEYMCHAN IRON METEORITE - ETCHED SLICE - PERFECT FOR JEWELRY!,41.5,2024-07-25,20.7,2,WorthPoint
seymchan,Seymchan Iron Meteorite Etched Part Slice 23 Grams 33 Mm X 30 Mm X 5 Mm,30,2024-07-24,23,1.3,WorthPoint
seymchan,2.10 Grams 18mm Seymchan Russian Meteorite As Found- June 1967 With A COA,10.99,2024-07-24,2.1,5.23,WorthPoint
seymchan,"Nice Tektite, Libyan Desert Glass, Egypt, One Nice Piece. 181 Gram",7.19,2024-07-21,181,0.04,WorthPoint
seymchan,"RARE! Meteorite Mesosiderite, Vaca Muerta, Chile, Lot Of Rusty Fragments 25 Gr",14.5,2024-07-21,25,0.58,WorthPoint
seymchan,"NEW! Tsarev Meteorite L5, Russia, Excellent Individual 107 Grams",18.5,2024-07-21,107,0.17,WorthPoint
seymchan,"Meteorite IMILAC, Pallasite, Perfect Complete Transparent Slice 42.6 Grams.",1788.99,2024-07-21,42.6,42,WorthPoint
seymchan,"Chondrite L6 METEORITE JAH 073, Individual, Oman, 121.8 Grams",27.56,2024-07-14,121.8,0.23,WorthPoint
seymchan,"NEW!! RARE!! NWA 8743 Eucrite, Melt Breccia, 2.94 Grams Part Slice",5,2024-07-14,2.94,1.7,WorthPoint
seymchan,"Meteorite Seymchan Etched Slice, 56.4 Grams, Very Nice Structure",168.99,2024-07-13,56.4,3,WorthPoint
seymchan,Meteorite Collection Lot Twenty-Five Different Types Labeled With Display Box,250,2024-07-13,,,WorthPoint
seymchan,"Seymchan Meteorite Slice, Russian Pallasite, Meteorite, Pallasite, 17.08 Grams",140.25,2024-07-13,17.08,8.21,WorthPoint
seymchan,Seymchan Meteorite 1oz Uncirculated Coin 1$ Niue 2021,103.5,2024-07-12,28.35,3.65,WorthPoint
seymchan,NWA 859 TAZA Iron Meteorite Specimen Space Rock Natural Patina NORTHWEST AFRICA,143.99,2024-07-11,,,WorthPoint
seymchan,7.09 Grams 25x23x2mm Seymchan Russian Meteorite Cut Slice- June 1967 With COA,61,2024-07-08,7.09,8.6,WorthPoint
seymchan,"Meteorite Sericho, Pallasite, Kenya, Lot Of 4 Complete Good Pieces, 54.6 Grams",79.99,2024-07-08,54.6,1.47,WorthPoint
seymchan,"NEW! NWA 12676 And Tassédet 004 H5-melt Breccia Meteorite, 5.20 Gram Full Slice",12.5,2024-07-07,5.2,2.4,WorthPoint
seymchan,"Reprint Of Painting ""FALLING OF SIKHOTE ALIN METEORITE""",29.99,2024-07-05,,,WorthPoint
seymchan,14.6 Grams 30x26x2mm Seymchan Russian Meteorite Cut Slice- June 1967 With COA,34.99,2024-07-05,14.6,2.4,WorthPoint
seymchan,19.12 Gram - SEYMCHAN PALLASITE METEORITE Slice - With Beautiful Crystals,121.6,2024-06-29,19.12,6.36,WorthPoint
seymchan,"NEW! Tsarev Meteorite L5, Russia, Nice Small Fragment Of 33.3 Grams",14.5,2024-06-16,33.3,0.44,WorthPoint
seymchan,"NEWEST!!! PICA Impact Glass, Chile, Excellent Piece, 12 Grams",8.19,2024-06-16,12,0.68,WorthPoint
seymchan,"Chondrite L6 METEORITE JAH 073, Individual, Oman, 107.9 Grams",25,2024-06-16,107.9,0.23,WorthPoint
seymchan,Seymchan Iron Meteorite Etched Part Slice 17 Grams 31 Mm X 25 Mm X 4.5 Mm,34,2024-06-15,17,2,WorthPoint
seymchan,GIBEON IRON METEORITE SLICE NAMIBIA AFRICA 35.2 Grams,149,2024-06-13,35.2,4.23,WorthPoint
seymchan,"Meteorite Seymchan Small Olivined Thick Slice 44.9 Grams, Very Nice Structure",314.99,2024-06-13,44.9,7.02,WorthPoint
seymchan,"Awesome SAFFORDITE (Arizonaite), Arizona, USA, 9.8 Grams",24.99,2024-06-12,9.8,2.55,WorthPoint
seymchan,"Awesome SAFFORDITE (Arizonaite), Arizona, USA, 16.7 Grams",41.99,2024-06-12,16.7,2.51,WorthPoint
seymchan,"Half Of Deshayesites Sp. Ammonite, Saratov, Russia 286 Gr",39.99,2024-06-11,286,0.14,WorthPoint
seymchan,"Stunning Seymchan Iron. 283g Slice With New, HD Etch! Stable",286.69,2024-06-10,283,1.01,WorthPoint
seymchan,"NEW! Tsarev Meteorite L5, Russia, Nice Small Fragment Of 74.5 Grams",18.68,2024-06-09,74.5,0.25,WorthPoint
seymchan,"NEWEST!!! PICA Impact Glass, Chile, Excellent Piece, 54.5 Grams",18.68,2024-06-09,54.5,0.34,WorthPoint
seymchan,"Chondrite L6 METEORITE JAH 073, Individual, Oman, 83.5 Grams",18.28,2024-06-09,83.5,0.22,WorthPoint
seymchan,"NEW! Tsarev Meteorite L5, Russia, Lot Of 3 Cuts, 15 Grams",9.19,2024-06-09,15,0.61,WorthPoint
seymchan,36 Gram Seymchan Pallasite Meteorite Slice With Olivine - Legit US Based Seller,200,2024-06-09,36,5.56,WorthPoint
seymchan,Seymchan Iron Meteorite Etched Part Slice 6 Grams 26 Mm X 23 Mm X 1.5 Mm,18,2024-06-09,6,3,WorthPoint
seymchan,169.59 Gram - SEYMCHAN PALLASITE METEORITE - Beautiful Thin Translucent Slice,1385.8,2024-06-07,169.59,8.17,WorthPoint
seymchan,"Seymchan Pallasite, 21 Gram End Cut, Russia 1967",111,2024-06-07,21,5.29,WorthPoint
seymchan,24.40 Gram SEYMCHAN PALLASITE METEORITE - Fantastic Olivine & Great For Jewelry,205,2024-06-07,24.4,8.4,WorthPoint
seymchan,13.7 Grams 29x27x2mm Seymchan Russian Meteorite Cut Slice- June 1967 With COA,59.99,2024-06-05,13.7,4.38,WorthPoint
seymchan,"26.20 Gram SEYMCHAN IRON METEORITE - Stabilized, Etched & Great For Jewelry!",68,2024-06-05,26.2,2.6,WorthPoint
seymchan,"Meteorite Seymchan Pallasite LARGE FACETED OLIVINE GEM, 1 Piece 7.53 Mm, 1.57 Ct",249.99,2024-06-04,0.314,796.15,WorthPoint
seymchan,"NEW! Tsarev Meteorite L5, Russia, Nice Small Fragment Of 97.0 Grams",33.33,2024-06-02,97,0.34,WorthPoint
seymchan,"NEWEST!!! PICA Impact Glass, Chile, Excellent Piece, 53.5 Grams",21.71,2024-06-02,53.5,0.41,WorthPoint
seymchan,"Chondrite L6 METEORITE JAH 073, Individual, Oman, 66.0 Grams",15,2024-06-02,66,0.23,WorthPoint
seymchan,Mini Buddha Made With Aletai Iron Meteorite,10.5,2024-06-02,,,WorthPoint
seymchan,"Lot Of Five Excellent Pyritized Ammonites, Mikhailov, Russia.",19.99,2024-05-28,,,WorthPoint
seymchan,45.2 Gram - SEYMCHAN PALLASITE METEORITE Slice - With Beautiful Crystals,233.75,2024-05-27,45.2,5.17,WorthPoint
seymchan,"NEWEST!!! RARE!! NWA 15289 Eucrite, Very Fresh! Lot Of Three Slices 5.45 Grams",44.99,2024-05-27,5.45,8.26,WorthPoint
seymchan,"NEW! Tsarev Meteorite L5, Russia, Nice Small Fragment Of 64.4 Grams",8,2024-05-26,64.4,0.12,WorthPoint
seymchan,"NEWEST!!! PICA Impact Glass, Chile, Excellent Piece, 28.9 Grams",12.29,2024-05-26,28.9,0.43,WorthPoint
seymchan,"Chondrite L6 METEORITE JAH 073, Individual, Oman, 59.0 Grams",8.5,2024-05-26,59,0.14,WorthPoint
seymchan,Meteorite Seymchan Nice Thin Slice 15.0 Grams,31,2024-05-26,15,2.07,WorthPoint
seymchan,3.54 Grams 16mm Seymchan Russian Meteorite Cut Slice- June 1967 With COA,13.99,2024-05-26,3.54,3.95,WorthPoint
seymchan,43.63 Gram - SEYMCHAN PALLASITE METEORITE Slice - With Beautiful Crystals,225.25,2024-05-26,43.63,5.16,WorthPoint
seymchan,"Seymchan Pallasite Meteorite, 136 Gram Polished End Cut",585,2024-05-23,136,4.3,WorthPoint
seymchan,18.00 Gram - SEYMCHAN PALLASITE METEORITE Slice - With Beautiful Crystals,119,2024-05-22,18,6.61,WorthPoint
seymchan,Seymchan Pallasite Slice,400,2024-05-16,,,WorthPoint
seymchan,Two Seymchan Meteorites,425,2024-05-14,,,WorthPoint
seymchan,"Nice Tektite, Libyan Desert Glass, Egypt, One Good Piece. 235 Grams",55,2024-05-12,235,0.23,WorthPoint
seymchan,"NEWEST!!! PICA Impact Glass, Chile, Lot Of 6 Excellent Pieces, 32.1 Grams",7.5,2024-05-12,32.1,0.23,WorthPoint
seymchan,"Chondrite L6 METEORITE JAH 073, Individual, Oman, 70.0 Grams",18.27,2024-05-12,70,0.26,WorthPoint
seymchan,1.85 Grams 16mm Seymchan Russian Meteorite Cut Slice- June 1967 With COA,5.99,2024-05-12,1.85,3.24,WorthPoint
seymchan,Meteorite Collection Lot 4 Pallasite Crystal Iron Specimens Rik Marston,305,2024-05-10,,,WorthPoint
seymchan,15 X METEORITE LOT BOX DISPLAY SET W/COAs - SPACE ASTRONOMY GIFT,180,2024-05-07,,,WorthPoint
seymchan,"Nice Tektite, Libyan Desert Glass, Egypt, One Good Piece. 198 Grams",47,2024-05-05,198,0.24,WorthPoint
seymchan,"NEW! Tsarev Meteorite L5, Russia, Nice Small Fragment Of 45.9 Grams",7,2024-05-05,45.9,0.15,WorthPoint
seymchan,"NEWEST!!! PICA Impact Glass, Chile, Lot Of 7 Excellent Pieces, 34.9 Grams",10.5,2024-05-05,34.9,0.3,WorthPoint
seymchan,"Chondrite L6 METEORITE JAH 073, Individual, Oman, 105.2 Grams",15.5,2024-05-05,105.2,0.15,WorthPoint
seymchan,1.38 Grams 13mm Seymchan Russian Meteorite Cut Slice- June 1967 With COA,7,2024-05-02,1.38,5.07,WorthPoint
seymchan,"Nice Tektite, Libyan Desert Glass, Egypt, One Good Piece. 164 Grams",51,2024-04-28,164,0.31,WorthPoint
seymchan,"NEW! Tsarev Meteorite L5, Russia, Nice Small Fragment Of 51.6 Grams",7,2024-04-28,51.6,0.14,WorthPoint
seymchan,"NEWEST!!! PICA Impact Glass, Chile, Excellent Piece, 67.6 Grams",15.5,2024-04-28,67.6,0.23,WorthPoint
seymchan,"Chondrite L6 METEORITE JAH 073, Individual, Oman, 118.3 Grams",22.5,2024-04-28,118.3,0.19,WorthPoint
seymchan,4.92 Grams 27x12x7mm Seymchan Russian Meteorite Cut Fragment- June 1967 With COA,32.99,2024-04-26,4.92,6.71,WorthPoint
seymchan,"Seymchan Meteorite Pendant, Russian Pallasite, Pallasite, COA, 17.55 Grams",108,2024-04-25,17.55,6.15,WorthPoint
seymchan,Seymchan Meteorite End Cut,8125,2024-04-24,,,WorthPoint
seymchan,Seymchan Meteorite Sphere,1031.25,2024-04-24,,,WorthPoint
seymchan,"NEW! Tsarev Meteorite L5, Russia, Lot Of Many Nice Small Fragments, 29.1 Grams",6.5,2024-04-21,29.1,0.22,WorthPoint
seymchan,"Chondrite L6 METEORITE JAH 073, Individual, Oman, 116.5 Grams",21.5,2024-04-21,116.5,0.18,WorthPoint
seymchan,"SEYMCHAN 16.78g Pallasite Meteorite, Etched Rectangular Cut Slice, IMCA Sellers",99,2024-04-12,16.78,5.9,WorthPoint
seymchan,15.98 Gram - SEYMCHAN PALLASITE METEORITE Slice - With Beautiful Crystals,112.2,2024-04-12,15.98,7.02,WorthPoint
seymchan,"Seymchan Iron (Siderite) Meteorite ~ Pallasite, PMG ~ 0.78 Grams ~ Great Shape",6,2024-04-11,0.78,7.69,WorthPoint
seymchan,NEW! Meteorite Seymchan Lot Of Metal Skeletons From A Pallasite Piece. 10.3 Gr,39.99,2024-04-11,10.3,3.88,WorthPoint
seymchan,HENBURY IRON METEORITE Australia Complete Individual Natural Patina AUTHENTIC,39.99,2024-04-10,,,WorthPoint
seymchan,"Thin Slice 2.7""X2.6"" SEYMCHAN PALLASITE METEORITE W Olivine, 21.4grams",140,2024-04-08,21.4,6.54,WorthPoint
seymchan,"Nice Tektite, Libyan Desert Glass, Egypt, Good Pieces. One With Hole! 162.2 Gr",37,2024-04-07,162.2,0.23,WorthPoint
seymchan,"NEW! Tsarev Meteorite L5, Russia, Nice Small Fragment Of 41.0 Grams",6,2024-04-07,41,0.15,WorthPoint
seymchan,"NEWEST!!! PICA Impact Glass, Chile, Excellent Piece, 40.0 Grams",11.21,2024-04-07,40,0.28,WorthPoint
seymchan,"Lot Of IRGIZITES And More From Zhamanshin Impact Crater, Kazakhstan, 20 Grams",11.19,2024-04-07,20,0.56,WorthPoint
seymchan,"Chondrite L6 METEORITE JAH 073, Individual, Oman, 89.2 Grams",7.5,2024-04-07,89.2,0.08,WorthPoint
seymchan,"NEW! Meteorite Los Vientos 262, Chondrite L6 Chile. 3 Small Individuals, 43.2 Gr",7.53,2024-04-07,43.2,0.17,WorthPoint
seymchan,"Meteorite Seymchan Complete Piece 239.5 Grams, As It Was Found",479.99,2024-04-04,239.5,2,WorthPoint
seymchan,Seymchan Iron Meteorite Etched Part Slice 26 Grams 32 Mm X 28 Mm X 4mm,52,2024-04-03,26,2,WorthPoint
seymchan,"Nice Tektite, Libyan Desert Glass, Egypt, Lot Of Three Good Pieces. 179 Grams",38,2024-03-31,179,0.21,WorthPoint
seymchan,"NEWEST!!! PICA Impact Glass, Chile, Excellent Piece, 71.7 Grams",12.68,2024-03-31,71.7,0.18,WorthPoint
seymchan,"Chondrite L6 METEORITE JAH 073, Part Individual, Oman, 45.6 Grams",5.76,2024-03-31,45.6,0.13,WorthPoint
seymchan,"NEW! Meteorite Los Vientos 262, Chondrite L6 Chile. 2 Broken Individuals 39.1 Gr",12.34,2024-03-31,39.1,0.32,WorthPoint
seymchan,Light Rust + A Cut Line 21.7 Grams Seymchan Russian Meteorite Cut Fragments COA,31,2024-03-28,21.7,1.43,WorthPoint
seymchan,25.29 Gram - SEYMCHAN PALLASITE METEORITE Slice - With Beautiful Crystals,161.5,2024-03-27,25.29,6.39,WorthPoint
seymchan,20.74 Gram - SEYMCHAN PALLASITE METEORITE Slice - With Beautiful Crystals,140.25,2024-03-26,20.74,6.76,WorthPoint
seymchan,"45.5 Gram SEYMCHAN IRON METEORITE - Stabilized, Etched & Great For Jewelry!",119,2024-03-26,45.5,2.62,WorthPoint
seymchan,23.81 Gram SEYMCHAN PALLASITE METEORITE - Fantastic Olivine & Great For Jewelry,204,2024-03-26,23.81,8.57,WorthPoint
seymchan,"Nice Tektite, Libyan Desert Glass, Egypt, Good Piece. 225 Grams",68,2024-03-24,225,0.3,WorthPoint
seymchan,"NEW! Tsarev Meteorite L5, Russia, Three Small Fragments Of 76.0 Grams Total",23.5,2024-03-24,76,0.31,WorthPoint
seymchan,"NEWEST!!! PICA Impact Glass, Chile, Excellent Piece, 68.6 Grams",22.72,2024-03-24,68.6,0.33,WorthPoint
seymchan,"Chondrite L6 METEORITE JAH 073, Part Individual, Oman, 80.3 Grams",22.22,2024-03-24,80.3,0.28,WorthPoint
seymchan,47.31 Gram SEYMCHAN IRON METEORITE - Nicely Etched And Stabilized Specimen,118.9,2024-03-24,47.31,2.51,WorthPoint
seymchan,28.0 Gram SEYMCHAN PALLASITE METEORITE - Fantastic Olivine & Great For Jewelry,184.5,2024-03-24,28,6.59,WorthPoint
seymchan,"NEW! Tsarev Meteorite L5, Russia, Two Small Fragments Of 51.9 Grams Total",17.67,2024-03-17,51.9,0.34,WorthPoint
seymchan,"NEWEST!!! PICA Impact Glass, Chile, Excellent Piece, 64.2 Grams",18.68,2024-03-17,64.2,0.29,WorthPoint
seymchan,"Chondrite L6 METEORITE JAH 073, Part Individual, Oman, 59.0 Grams",26,2024-03-17,59,0.44,WorthPoint
seymchan,"NEW! Meteorite Los Vientos 262, Chondrite L6, Chile. Individual. 36.4 Grams",12.5,2024-03-17,36.4,0.34,WorthPoint
seymchan,32.78 Gram - SEYMCHAN PALLASITE METEORITE Slice - With Beautiful Crystals,205.2,2024-03-14,32.78,6.26,WorthPoint
seymchan,"Nice Tektite, Libyan Desert Glass, Egypt, One Good Piece. 172.5 Gr",48,2024-03-10,172.5,0.28,WorthPoint
seymchan,"NEW! Tsarev Meteorite L5, Russia, Small Fragment Of 54.2 Grams",40,2024-03-10,54.2,0.74,WorthPoint
seymchan,"Chondrite L6 METEORITE JAH 073, Part Individual, Oman, 72.6 Grams",26,2024-03-10,72.6,0.36,WorthPoint
seymchan,GORGEOUS 290g SEYMCHAN PALLASITE METEORITE FULL SLICE FULL OF STUNNING OLIVINE!,1871.25,2024-03-09,290,6.45,WorthPoint
seymchan,31.0 Gram SEYMCHAN PALLASITE METEORITE - Fantastic Olivine & Great For Jewelry,320,2024-03-05,31,10.32,WorthPoint
seymchan,"Nice Tektite, Libyan Desert Glass, Egypt, One Good Piece WITH A HOLE! 142.0 Gr",39,2024-03-03,142,0.27,WorthPoint
seymchan,"NEW! Tsarev Meteorite L5, Russia, Small Fragment Of 70.4 Grams",57,2024-03-03,70.4,0.81,WorthPoint
seymchan,"NEWEST!!! PICA Impact Glass, Chile, Excellent Piece, 71.0 Grams",43.58,2024-03-03,71,0.61,WorthPoint
seymchan,Nantan - Iron IAB Meteorite - China - 1958 - NAN-0004 - COA - Polished Fragment,9.95,2024-02-29,,,WorthPoint
seymchan,"Nice Tektite, Libyan Desert Glass, Egypt, 143 Grams And Irgizites 25 Grams",149.99,2024-02-26,143,1.05,WorthPoint
seymchan,"NEW! Tsarev Meteorite L5, Russia, Small Endcut Of 40.1 Grams",22.22,2024-02-25,40.1,0.55,WorthPoint
seymchan,"NEWEST!!! PICA Impact Glass, Chile, Excellent Piece, 59.8 Grams",36,2024-02-25,59.8,0.6,WorthPoint
seymchan,Seymchan Pallasite-pmg Meteorite - Official - SEM-0386 - 0.61g - Polished Frag,9.5,2024-02-25,0.61,15.57,WorthPoint
seymchan,20.15 Gram - SEYMCHAN PALLASITE METEORITE Slice - With Beautiful Crystals,144,2024-02-24,20.15,7.15,WorthPoint
seymchan,27.45 Gram SEYMCHAN PALLASITE METEORITE - Fantastic Olivine & Great For Jewelry,252,2024-02-23,27.45,9.18,WorthPoint
seymchan,Seymchan Pallasite-pmg Meteorite - Official - SEM-0063 - 3.66g - Rusted Old Stok,20.5,2024-02-21,3.66,5.6,WorthPoint
seymchan,Seymchan Pallasite-pmg Meteorite - Official - SEM-0062 - 5.63g - Rusted Old Stok,26.58,2024-02-21,5.63,4.72,WorthPoint
seymchan,Seymchan Pallasite-pmg Meteorite - Official - SEM-0061 - 6.09g - Rusted Old Stok,22.08,2024-02-21,6.09,3.63,WorthPoint
seymchan,14.8 Grams 30x25x2mm Seymchan Russian Meteorite Cut Fragment- June 1967 With COA,39.99,2024-02-19,14.8,2.7,WorthPoint
seymchan,1.41 Gram 22mm Seymchan Russian Meteorite - As Found On June 1967 With A COA,9.99,2024-02-19,1.41,7.09,WorthPoint
seymchan,"NEW! Tsarev Meteorite L5, Russia, Lot Of Small Pieces And Cuts 24.3 Grams",22.5,2024-02-18,24.3,0.93,WorthPoint
seymchan,Seymchan Pallasite-pmg Meteorite - Official - SEM-0382 - 0.55g - Polished Frag,10.5,2024-02-16,0.55,19.09,WorthPoint
seymchan,12.3 Gram SEYMCHAN IRON METEORITE - ETCHED SLICE - PERFECT FOR JEWELRY!,30,2024-02-15,12.3,2.44,WorthPoint
seymchan,32.13 Gram SEYMCHAN PALLASITE METEORITE - Fantastic Olivine & Great For Jewelry,320,2024-02-14,32.13,9.96,WorthPoint
seymchan,14.0 Gram SEYMCHAN PALLASITE METEORITE - Fantastic Olivine & Great For Jewelry,150,2024-02-14,14,10.71,WorthPoint
seymchan,"48.17 Gram SEYMCHAN IRON METEORITE - Stabilized, Etched & Great For Jewelry!",150,2024-02-14,48.17,3.11,WorthPoint
seymchan,42.31 Gram SEYMCHAN PALLASITE METEORITE - Fantastic Olivine & Great For Jewelry,420,2024-02-14,42.31,9.93,WorthPoint
seymchan,"NEW!! Agoudal Meteorite Crater, Morocco, Lot Of Three Shattercones, 30 Grams",14.99,2024-02-12,30,0.5,WorthPoint
seymchan,"Meteorite Seymchan Small Olivined Cut Block 21.4 Grams, Very Nice Structure",99.99,2024-02-12,21.4,4.67,WorthPoint
seymchan,"NEW! Tsarev Meteorite L5, Russia, Tumbled Piece 60.2 Grams",17.67,2024-02-11,60.2,0.29,WorthPoint
seymchan,"NEWEST!!! PICA Impact Glass, Chile, Excellent Piece, 46.3 Grams",34,2024-02-11,46.3,0.73,WorthPoint
seymchan,"Meteorite Seymchan Lot Of 3 Small Slices, One Transparent, 2.1 Grams",7.5,2024-02-11,2.1,3.57,WorthPoint
seymchan,29.4 Gram Odd Shaped Seymchan Pallasite Meteorite Vibrant Green Crystals,99.99,2024-02-06,29.4,3.4,WorthPoint
seymchan,3.54 Gram - SEYMCHAN PALLASITE METEORITE - Thin Slice - Found In Russia 1967,50,2024-02-06,3.54,14.12,WorthPoint
seymchan,"NEW! Tsarev Meteorite L5, Russia, Excellent Fragment 35.4 Grams",21.5,2024-02-04,35.4,0.61,WorthPoint
seymchan,4.46 Gram - SEYMCHAN PALLASITE METEORITE - Thin Slice - Found In Russia 1967,58,2024-02-04,4.46,13,WorthPoint
seymchan,"NEWEST!!! PICA Impact Glass, Chile, Excellent Piece, 35.4 Grams",5.5,2024-02-04,35.4,0.16,WorthPoint
seymchan,"Nice Tektite, Libyan Desert Glass, Egypt, One Good Piece. 94.4 Grams",49,2024-01-28,94.4,0.52,WorthPoint
seymchan,"NEW! Tsarev Meteorite L5, Russia, Excellent Fragment 33.6 Grams",12.62,2024-01-28,33.6,0.38,WorthPoint
seymchan,"NEWEST!!! PICA Impact Glass, Chile, Excellent Piece, 66.4 Grams",18.5,2024-01-28,66.4,0.28,WorthPoint
seymchan,"Seymchan Pallasite, 29.95 Gram End Cut, Russia 1967",199,2024-01-27,29.95,6.64,WorthPoint
seymchan,4.88 Gram - SEYMCHAN PALLASITE METEORITE - Thin Slice - Found In Russia 1967,63,2024-01-25,4.88,12.91,WorthPoint
seymchan,2.22 Gram - SEYMCHAN PALLASITE METEORITE - Thin Slice - Found In Russia 1967,33,2024-01-25,2.22,14.86,WorthPoint
seymchan,3.25 Grams 23x6x4mm Seymchan Russian Meteorite Cut Fragment- June 1967 With COA,5.99,2024-01-23,3.25,1.84,WorthPoint
seymchan,5.11 Gram - SEYMCHAN PALLASITE METEORITE - Thin Slice - Found In Russia 1967,66,2024-01-23,5.11,12.92,WorthPoint
seymchan,"Nice Tektite, Libyan Desert Glass, Egypt, Two Good Pieces. 185 Grams",52.51,2024-01-21,185,0.28,WorthPoint
seymchan,"NEW! Tsarev Meteorite L5, Russia, Tumbled Piece 68.8 Grams",52,2024-01-21,68.8,0.76,WorthPoint
seymchan,"Nice Tektite, Libyan Desert Glass, Egypt, Lot Of Twelve Small Pieces. 145 Grams",92,2024-01-21,145,0.63,WorthPoint
seymchan,"Awesome IRGIZITE From Zhamanshin Impact Crater, Kazakhstan, 0.08 Grams",24.99,2024-01-20,0.08,312.38,WorthPoint
seymchan,1.93 Gram - SEYMCHAN PALLASITE METEORITE - Thin Slice - Found In Russia 1967,20,2024-01-19,1.93,10.36,WorthPoint
seymchan,6.35 Gram - SEYMCHAN PALLASITE METEORITE - Thin Slice - Found In Russia 1967,82,2024-01-18,6.35,12.91,WorthPoint
seymchan,4.98 Gram - SEYMCHAN PALLASITE METEORITE - Thin Slice - Found In Russia 1967,48.75,2024-01-17,4.98,9.79,WorthPoint
seymchan,26.63 Gram - SEYMCHAN PALLASITE METEORITE - Beautiful Thin Translucent Slice,279.75,2024-01-17,26.63,10.51,WorthPoint
seymchan,5.82 Gram - SEYMCHAN PALLASITE METEORITE - Thin Slice - Found In Russia 1967,56.25,2024-01-17,5.82,9.66,WorthPoint
seymchan,7.70 Gram - SEYMCHAN PALLASITE METEORITE - Thin Slice - Found In Russia 1967,74.25,2024-01-16,7.7,9.64,WorthPoint
seymchan,4.59 Gram - SEYMCHAN PALLASITE METEORITE - Thin Slice - Found In Russia 1967,45,2024-01-16,4.59,9.8,WorthPoint
seymchan,"Nice Tektite, Libyan Desert Glass, Egypt, Lot Of Eleven Small Pieces. 143 Grams",30,2024-01-14,143,0.21,WorthPoint
seymchan,"NEWEST!!! PICA Impact Glass, Chile, Excellent Piece, 59 Grams",58,2024-01-14,59,0.98,WorthPoint
seymchan,5.77 Gram - SEYMCHAN PALLASITE METEORITE - Thin Slice - Found In Russia 1967,64,2024-01-14,5.77,11.09,WorthPoint
seymchan,1.63 Grams 12x10x6mm Seymchan Russian Meteorite Cut Fragment- June 1967 With COA,6.99,2024-01-13,1.63,4.29,WorthPoint
seymchan,2.50 Grams 15x8x3mm Seymchan Russian Meteorite Cut Fragment- June 1967 With COA,5.99,2024-01-08,2.5,2.4,WorthPoint
seymchan,"NEW! Tsarev Meteorite L5, Russia, Excellent Small Individual 100 Grams",70,2024-01-07,100,0.7,WorthPoint
seymchan,"Lot Of Six Excellent Pyritized Ammonites, Mikhailov, Russia.",24.99,2024-01-02,,,WorthPoint
seymchan,"Lot Of Ten Excellent Pyritized Ammonites, Mikhailov, Russia.",34.99,2024-01-02,,,WorthPoint
seymchan,"NEW! Tsarev Meteorite L5, Russia, Tumbled Piece 45.2 Grams",17.17,2023-12-31,45.2,0.38,WorthPoint
seymchan,Meteorite Seymchan Complete Siderite Piece 420 Grams 5 Centimeters,449.95,2023-12-27,420,1.07,WorthPoint
seymchan,"Nice Tektite, Libyan Desert Glass, Egypt, Three Good Pieces. 149 Grams",27,2023-12-24,149,0.18,WorthPoint
seymchan,"NEWEST!!! PICA Impact Glass, Chile, Excellent Piece, 61.7 Grams",24.72,2023-12-24,61.7,0.4,WorthPoint
seymchan,Meteorite Coin 2012 Cook Islands Seymchan $5 Proof,99,2023-12-23,,,WorthPoint
seymchan,Seymchan Siderite Slice,104,2023-12-21,,,WorthPoint
seymchan,Seymchan Meteorite Etched End Piece 42.8 Grams,86,2023-12-21,42.8,2.01,WorthPoint
seymchan,"NEW! Tsarev Meteorite Chondrite L5, Russia, Nice Small Fragment Of 20.1 Grams",7.19,2023-12-17,20.1,0.36,WorthPoint
seymchan,"Genuine Seymchan Meteorite Pendant & 20"" Silver Necklace - Cosmic Jewelry",37.99,2023-12-17,,,WorthPoint
seymchan,ORIENTED NWA 859 TAZA Iron Meteorite Specimen Space Rock NORTHWEST AFRICA,123.24,2023-12-15,,,WorthPoint
seymchan,SEYMCHAN IRON METEORITE PALLASITE Specimen Etched Carving CABOCHON RUSSIA,50.14,2023-12-15,,,WorthPoint
seymchan,12.14 Gram SEYMCHAN METEORITE PALLASITE - Great For Jewelry - Very Stable!,75,2023-12-14,12.14,6.18,WorthPoint
seymchan,Seymchan IIE Iron/ Pallasite PMG Meteorite Lot Russia 25.63 Grams,47.75,2023-12-13,25.63,1.86,WorthPoint
seymchan,Gorgeous Seymchan Pallasite Meteorite. 45g. Super Stable,237.5,2023-12-11,45,5.28,WorthPoint
seymchan,"NEWEST!!! PICA Impact Glass, Chile, Excellent Piece, 56.2 Grams",26,2023-12-10,56.2,0.46,WorthPoint
seymchan,388.0 Gram SEYMCHAN METEORITE PALLASITE - Great For Jewelry - Very Stable!,1194,2023-12-08,388,3.08,WorthPoint
seymchan,SEYMCHAN METEORITE Slice Metal & Olivine 15.8 Grams,85,2023-12-07,15.8,5.38,WorthPoint
seymchan,"Sericho Seymchan Sphere Pallasite 1,25 Inches , 32 Mm Good Olivines Certified",150,2023-12-06,,,WorthPoint
seymchan,8.92 G SEYMCHAN METEORITE Pallasite Specimen - NICE OLIVINE- Great For Jewelry!,59.4,2023-12-05,8.92,6.66,WorthPoint
seymchan,"Nice Tektite, Libyan Desert Glass, Egypt, One Good Piece. 145 Grams",31,2023-12-03,145,0.21,WorthPoint
seymchan,"NEW! Tsarev Meteorite L5, Russia, Tumbled Piece 45.1 Grams",5.5,2023-12-03,45.1,0.12,WorthPoint
seymchan,"Nice Tektite, Libyan Desert Glass, Egypt, Lot Of Seven Small Pieces. 134 Grams",20.5,2023-12-03,134,0.15,WorthPoint
seymchan,Seymchan Pallasite-pmg Meteorite - Official - SEM-0355 - 1.19g - Polished Frag,6.01,2023-12-02,1.19,5.05,WorthPoint
seymchan,"Maslyanino, Silicated Iron Meteorite, Small Excellent Part Slice, 120.2 Grams",1201.99,2023-11-30,120.2,10,WorthPoint
seymchan,Meteorite Necklace Genuine Sliced Seymchan Space Rock In Stainless Pendant,29.99,2023-11-30,,,WorthPoint
seymchan,1.50 Grams 16x9x3mm Seymchan Russian Meteorite Cut Fragment - June 1967 With COA,5.99,2023-11-30,1.5,3.99,WorthPoint
seymchan,"NEW! Tsarev Meteorite Chondrite L5, Russia, Lot Of 3 Nice Small Fragments, 38 Gr",35,2023-11-26,38,0.92,WorthPoint
seymchan,"Nice Tektite, Libyan Desert Glass, Egypt, One Good Piece. 139 Grams",31.69,2023-11-26,139,0.23,WorthPoint
seymchan,Seymchan Pallasite Meteorite: 2.3grams,8.5,2023-11-26,2.3,3.7,WorthPoint
seymchan,5.71 Grams 25x23x2mm Seymchan Russian Meteorite Cut Fragment -June 1967 With COA,49.99,2023-11-24,5.71,8.75,WorthPoint
seymchan,Seymchan Siderite Iron Meteorite From Space 12.4g,21.95,2023-11-24,12.4,1.77,WorthPoint
seymchan,"NEW RAREST!! Erg Chech 002, Ungropped Achondrite, Part Slice, 4.33 Grams",324.99,2023-11-23,4.33,75.06,WorthPoint
seymchan,"🍀RR⛏️: Polished Slice Seymchan Pallasite Meteorite, W/case, 10.33 G",119,2023-11-23,10.33,11.52,WorthPoint
seymchan,Faceted Olivine Gems Of Seymchan Pallasite Meteorite - Two Pieces 2.2 Mm 0.096ct,59,2023-11-22,0.019,3105.26,WorthPoint
seymchan,"Admire Pallasite Meteorite ~ 0.062 ~ Nice Shape, Color, And Translucency",8.25,2023-11-20,,,WorthPoint
seymchan,"NEW! Tsarev Meteorite L5, Russia, Tumbled Piece 42.4 Grams",31,2023-11-19,42.4,0.73,WorthPoint
seymchan,"Meteorite Sericho, Pallasite, Kenya, Lot Of Rusty Pieces 1 Kilo #1",299.99,2023-11-18,,,WorthPoint
seymchan,"Meteorite Seymchan Etched Thin Slice 85.7 Grams, Very Good Transparent!",849.99,2023-11-16,85.7,9.92,WorthPoint
seymchan,Seymchan Meteorite Etched Part Slice 11.4 Grams,30,2023-11-15,11.4,2.63,WorthPoint
seymchan,Seymchan Pallasite-pmg Meteorite - Official - SEM-0346 - 0.68g - Polished Frag,7,2023-11-14,0.68,10.29,WorthPoint
seymchan,Seymchan Meteorite Etched End Piece 26.5 Grams,53,2023-11-14,26.5,2,WorthPoint
seymchan,"Nice Tektite, Libyan Desert Glass, Egypt, Lot Of 8 Small Pieces. 155 Grams",35,2023-11-12,155,0.23,WorthPoint
seymchan,Admire Pallasite Meteorite ~ 0.412 Grams ~ Nice Shape And Color,15.25,2023-11-11,0.412,37.01,WorthPoint
seymchan,Seymchan Meteorite Block,1625,2023-11-10,,,WorthPoint
seymchan,Meteorite Necklace Sliced Seymchan Pendant,27.99,2023-11-09,,,WorthPoint
seymchan,"Meteorite Sericho, Pallasite, Kenya, Lot Of Rusty Pieces 350 Grams",99.99,2023-11-08,350,0.29,WorthPoint
seymchan,19.5 Gram SEYMCHAN IRON METEORITE - ETCHED SLICE - PERFECT FOR JEWELRY!,50,2023-11-08,19.5,2.56,WorthPoint
seymchan,"Seymchan Slice Meteorite Pendant, Pallasite, 10.0g, Etched And Polished, Space",111,2023-11-08,10,11.1,WorthPoint
seymchan,Seymchan Pallasite Meteorite - Beautiful Green Crystals! 30.8 GMS,169.99,2023-11-07,30.8,5.52,WorthPoint
seymchan,Seymchan Pallasite Meteorite Fragments ~ 0.669 Grams ~ Colorful,7.25,2023-11-05,0.669,10.84,WorthPoint
seymchan,"Nice Tektite, Libyan Desert Glass, Egypt, Lot Of Two Good Pieces. 190 Grams",26,2023-11-05,190,0.14,WorthPoint
seymchan,"NEWEST!!! PICA Impact Glass, Chile, Excellent Piece, 22.4 Grams",16.5,2023-11-05,22.4,0.74,WorthPoint
seymchan,340 Gram SEYMCHAN METEORITE Pallasite End Cut -with Beautiful GLOWING CRYSTALS,1428,2023-11-04,340,4.2,WorthPoint
seymchan,3.90 Grams 13x8x7mm Seymchan Russian Meteorite Cut Fragment - June 1967 With COA,11.99,2023-11-01,3.9,3.07,WorthPoint
seymchan,Seymchan Meteorite Etched Part Slice 2.6 Grams,10,2023-10-30,2.6,3.85,WorthPoint
seymchan,"Elizabeth II Silver Colorized Proof ""Seymchan Meteorite"" 5 Dollars 2012 PR69 Deep Cameo PCGS,",129,2023-10-29,,,WorthPoint
seymchan,"NEWEST!!! PICA Impact Glass, Chile, Excellent Piece, 16.8 Grams",5.5,2023-10-29,16.8,0.33,WorthPoint
seymchan,Seymchan Pallasite Meteorite Fragment ~ 0.550 Grams ~ Colorful,8,2023-10-26,0.55,14.55,WorthPoint
seymchan,"Meteorite Seymchan Thin Slice 61.6 Grams, Very Nice Structure",199.99,2023-10-25,61.6,3.25,WorthPoint
seymchan,Seymchan Pallasite Meteorite ~ Two Fragments ~ 0.413 Grams ~ Colorful,5,2023-10-25,0.413,12.11,WorthPoint
seymchan,"Meteorite, Seymchan Iron Slice",171.5,2023-10-24,,,WorthPoint
seymchan,"NEWEST!!! PICA Impact Glass, Chile, Excellent Piece, 34.6 Grams",15.5,2023-10-22,34.6,0.45,WorthPoint
seymchan,"Thin Section Of METEORITE Toconau 001, Ordinary Chondrite LL3 #O-2",89.99,2023-10-20,,,WorthPoint
seymchan,"SEYMCHAN 10.25g Rectangular Meteorite Slice 1 Natural Edge, Translucent Olivines",183,2023-10-17,10.25,17.85,WorthPoint
seymchan,"NEWEST!!! PICA Impact Glass, Chile, Excellent Piece, 42 Grams",28,2023-10-15,42,0.67,WorthPoint
seymchan,"RARE! Meteorite Mesosiderite, Vaca Muerta, Lot Of 4 Endcuts 9.6 Grams",47.99,2023-10-15,9.6,5,WorthPoint
seymchan,Cook Islands Silver 2012 $5 Seymchan Meteorite Sterling Silver W/ Meteorite Fragment,85.39,2023-10-15,,,WorthPoint
seymchan,"Meteorite Sericho, Pallasite, Kenya, Lot Of 2 Complete Good Pieces, 142 Grams",169.99,2023-10-15,142,1.2,WorthPoint
seymchan,"Meteorite Sericho, Pallasite, Kenya, Complete Good Piece, 154 Grams",169.99,2023-10-15,154,1.1,WorthPoint
seymchan,GORGEOUS 231g SEYMCHAN PALLASITE METEORITE FULL SLICE FULL OF STUNNING OLIVINE!,1382.54,2023-10-14,231,5.99,WorthPoint
seymchan,Faceted Olivine Gems Of Seymchan Pallasite Meteorite - Ten Pieces 1.5 Mm,79.99,2023-10-14,,,WorthPoint
seymchan,BEAUTIFUL 4.95g ESQUEL PALLASITE METEORITE ORIGINALLY PURCHASED FROM BOB HAAG,420.75,2023-10-14,4.95,85,WorthPoint
seymchan,16.7 Grams 30x29x2mm Seymchan Russian Meteorite Cut Fragment- June 1967 With COA,48,2023-10-13,16.7,2.87,WorthPoint
seymchan,Seymchan Pallasite Meteorite Fragments ~ 0.678 Grams ~ Colorful,12,2023-10-12,0.678,17.7,WorthPoint
seymchan,Seymchan Pallasite Meteorite Fragment ~ 0.816 Grams ~ Nice Shape & Colorful,11,2023-10-12,0.816,13.48,WorthPoint
seymchan,"Seymchan Pallasite Meteorite Slice, 27 Grams",200,2023-10-12,27,7.41,WorthPoint
seymchan,"Awesome Tektite ATACAMAITE From Chile, 1.20 Grams",24.99,2023-10-10,1.2,20.83,WorthPoint
seymchan,"Meteorite Seymchan Small Olivined Cut Block 78 Grams, Very Nice Structure",389.99,2023-10-07,78,5,WorthPoint
seymchan,"Set Of 24 Meteorite Thin Sections, Al Mahbas To Zag!",410,2023-10-04,,,WorthPoint
seymchan,AWESOME 22.8 Gram SEYMCHAN METEORITE Pallasite Specimen - Great For Jewelry!,94.5,2023-10-02,22.8,4.14,WorthPoint
seymchan,"NEWEST!!! PICA Impact Glass, Chile, Lot Of Many Small Pieces, 25.0 Grams",12.62,2023-10-01,25,0.5,WorthPoint
seymchan,"MAGNET With Sikhote Alin Iron Meteorite, Real Picture From The Place Of Fall #2",8.5,2023-10-01,,,WorthPoint
seymchan,"NEW RARE!! Calama 082 Achondrite Polymict Diogenite Meteorite, Slice, 2.70 Grams",80.99,2023-10-01,2.7,30,WorthPoint
seymchan,11.85 Gram SEYMCHAN METEORITE Pallasite -Beautiful GLOWING CRYSTALS,77,2023-09-29,11.85,6.5,WorthPoint
seymchan,"Seymchan Pallasite Meteorite, Russian Pallasite, Natural Form, 26.59 Grams",212,2023-09-27,26.59,7.97,WorthPoint
seymchan,Seymchan Pallasite Meteorite - Beautiful Green Crystals! 12.2 GMS,109.99,2023-09-26,12.2,9.02,WorthPoint
seymchan,"Nice Tektite, Libyan Desert Glass, Egypt, Lot Of Four Good Pieces. 197 Grams",6.5,2023-09-24,197,0.03,WorthPoint
seymchan,"Ureilite METEORITE JaH 054, Excellent Full Slice, Oman, 29.6 Gr From Finder",449.99,2023-09-24,29.6,15.2,WorthPoint
seymchan,Seymchan Meteorite Etched End Piece 73.2 Grams,146,2023-09-19,73.2,1.99,WorthPoint
seymchan,Seymchan Pallasite Meteorite - Beautiful Large Green Crystal! 4.7 GMS,79.99,2023-09-17,4.7,17.02,WorthPoint
seymchan,Seymchan Pallasite Meteorite - Beautiful Green Crystals! 9.1 GMS,89.99,2023-09-17,9.1,9.89,WorthPoint
seymchan,"NEWEST! OZERKI Meteorite L6, Fall June 21, 2018, Russia, Individual 27.7 Grams",499.99,2023-09-16,27.7,18.05,WorthPoint
seymchan,"Meteorite Seymchan Etched Cut Cube 35.2 Grams, 17 Mm, Very Nice Structure",199.99,2023-09-15,35.2,5.68,WorthPoint
seymchan,"Meteorite Seymchan Etched Cut Cube 34.7 Grams, 17 Mm, Very Nice Structure",199.99,2023-09-15,34.7,5.76,WorthPoint
seymchan,Museum Quality Seymchan Pallasite Meteorite.,335,2023-09-14,,,WorthPoint
seymchan,"Seymchan Pallasite From Russia, 5.29 Gram Individual",36,2023-09-12,5.29,6.81,WorthPoint
seymchan,"Awesome Tektite ATACAMAITE From Chile, 0.68 Grams",39.99,2023-09-12,0.68,58.81,WorthPoint
seymchan,"Awesome Tektite ATACAMAITE From Chile, 1.03 Grams",34.99,2023-09-12,1.03,33.97,WorthPoint
seymchan,"NEW! Tsarev Meteorite L5, Russia, Excellent Endcut 34 Grams",119.99,2023-09-11,34,3.53,WorthPoint
seymchan,Gorgeously Sculpted 115gram Seymchan Reverse-Electrolysis Pallasite Meteorite,250,2023-09-10,115,2.17,WorthPoint
seymchan,"NEWEST!!! PICA Impact Glass, Chile, Lot Of Four Small Pieces, 21.6 Grams",18.19,2023-09-10,21.6,0.84,WorthPoint
seymchan,19.03 Gram SEYMCHAN METEORITE Pallasite - W/ Label And Case - VERY STABLE,199.5,2023-09-10,19.03,10.48,WorthPoint
seymchan,"MAGNET With Tsarev Stony Meteorite, Real Picture From The Place Of Fall",14.99,2023-09-08,,,WorthPoint
seymchan,"NEW! Meteorite, North East Africa Xxxxx, Ordinary Chondrite. Individual. 234 Gr",20.5,2023-09-03,234,0.09,WorthPoint
seymchan,"Nice Tektite, Libyan Desert Glass, Egypt, One Good Piece. 156 Grams",7.19,2023-09-03,156,0.05,WorthPoint
seymchan,"Nice Tektite, Libyan Desert Glass, Egypt, Lot Of Six Small Pieces. 137 Grams",11.5,2023-09-03,137,0.08,WorthPoint
seymchan,"Seymchan Pallasite Meteorite From Russia, 20.3 Gram Slice, Excellent Quality",100,2023-09-03,20.3,4.93,WorthPoint
seymchan,13.19 Gram SEYMCHAN METEORITE Pallasite - W/ Label And Case - VERY STABLE,200,2023-08-30,13.19,15.16,WorthPoint
seymchan,Meteorite Seymchan Complete Siderite Piece 420 Grams,629.99,2023-08-30,420,1.5,WorthPoint
seymchan,Cook Island 2012 5$ Seymchan Meteorite In Original Tin W/COA F3B9,92,2023-08-30,,,WorthPoint
seymchan,"Meteorite Sericho, Pallasite, Kenya, Lot Of 9 Complete Pieces, 100 Grams #3",79.99,2023-08-28,100,0.8,WorthPoint
seymchan,"Nice Tektite, Libyan Desert Glass, Egypt, Lot Of Fifteen Small Pieces. 136 Grams",26,2023-08-27,136,0.19,WorthPoint
seymchan,32.1 Gram SEYMCHAN METEORITE PALLASITE - Great For Jewelry - Very Stable!,157.5,2023-08-27,32.1,4.91,WorthPoint
seymchan,"Thin Section Of METEORITE Sierra Gorda 071, Carbonaseous Chondrite CO3#2",99.99,2023-08-26,,,WorthPoint
seymchan,"Seymchan Pallasite, 30 Gram End Cut, Russia 1967",140,2023-08-26,30,4.67,WorthPoint
seymchan,"Meteorite Seymchan Nice Thin Slice 33.8 Grams, Partly Transparent",199.99,2023-08-25,33.8,5.92,WorthPoint
seymchan,"NEW! Chelyabinsk Meteorite LL5, Recent Fall, Russia, Excellent Individual 28.7 G",599.99,2023-08-25,28.7,20.91,WorthPoint
seymchan,"RARE!!! Meteorite Sericho, Pallasite, Kenya, Lot Of 6 Complete Pieces, 103 Grams",102.99,2023-08-24,103,1,WorthPoint
seymchan,"Nice Tektite, Libyan Desert Glass, Egypt, Lot Of 3 Good Pieces. 159 Grams",26,2023-08-20,3,8.67,WorthPoint
seymchan,"Thin Section Of METEORITE NWA 869, Ordinary Chondrite L3-6, #-3",59.99,2023-08-19,,,WorthPoint
seymchan,TRANSLUCENT 9.44 Gram SEYMCHAN METEORITE Pallasite Specimen - Great For Jewelry,115.5,2023-08-18,9.44,12.24,WorthPoint
seymchan,Seymchan Pallasite Meteorite ~ 2.22g ~ Beautiful Amber And Green Olivne Crystal,175,2023-08-18,2.22,78.83,WorthPoint
seymchan,"Gorgeous Seymchan Pallasite Meteorite 30.25g, Mirror Polish, Amazing Olivine",380,2023-08-14,30.25,12.56,WorthPoint
seymchan,"Nice Tektite, Libyan Desert Glass, Egypt, Lot Of 4 Good Pieces. 197 Grams",60,2023-08-13,4,15,WorthPoint
seymchan,"NEWEST!!! PICA Impact Glass, Chile, One Small Piece, 17.1 Grams",5.5,2023-08-13,17.1,0.32,WorthPoint
seymchan,"Nice Tektite, Libyan Desert Glass, Egypt, Lot Of Ten Small Pieces. 154 Grams",32,2023-08-13,154,0.21,WorthPoint
seymchan,Meteorite Seymchan Complete Pallasite Sandblasted Piece 651 Grams,1099.99,2023-08-12,651,1.69,WorthPoint
seymchan,35.3 Gram SEYMCHAN METEORITE PALLASITE - Great For Jewelry - Very Stable!,172.25,2023-08-11,35.3,4.88,WorthPoint
seymchan,"Meteorite Collection - Stony, Iron, Libyan Desert Glass",115,2023-08-09,,,WorthPoint
seymchan,"Meteorite**Seymchan, Pallasite-PMG**1.935 Gram, Fragment Slice. SPACE CRYSTALS!!",15.5,2023-08-07,1.935,8.01,WorthPoint
seymchan,"Meteorite Sericho, Pallasite, Kenya, Lot Of 8 Complete Pieces, 100 Grams #1",79.99,2023-08-05,100,0.8,WorthPoint
seymchan,Superb Seymchan Pallasite Jewelry Meteorite Necklace Pendant & 14k Gold! Aaa+++,1350.76,2023-08-05,,,WorthPoint
seymchan,72.2 Gram SEYMCHAN METEORITE PALLASITE - Great For Jewelry - Very Stable!,367.25,2023-08-02,72.2,5.09,WorthPoint
seymchan,"NEWEST!!! PICA Impact Glass, Chile, One Small Piece, 34.6 Grams",17.85,2023-07-30,34.6,0.52,WorthPoint
seymchan,"NEW RARE!! NWA 10645 Nakhlite MARTIAN Meteorite, Fragment With Crust, 4.24 Grams",2999.99,2023-07-30,4.24,707.54,WorthPoint
seymchan,"38.2 Gram SEYMCHAN Pallasite METEORITE - Etched SPECIMEN, PERFECT FOR JEWELRY!",250.9,2023-07-28,38.2,6.57,WorthPoint
seymchan,"Meteorite Seymchan Small Olivined Cut Block 101 Grams, Very Nice Structure",504.99,2023-07-24,101,5,WorthPoint
seymchan,"NEW!! RARE!! Qiquanhu Eucrite, Witnessed Fall, China, 1.57 Grams Fragment",156.99,2023-07-23,1.57,99.99,WorthPoint
seymchan,11.893 Gram - SEYMCHAN METEORITE PALLASITE - Nice Etched Iron Slice,99.99,2023-07-21,11.893,8.41,WorthPoint
seymchan,4.27 Gram 20x19x2mm Seymchan Russian Meteorite Cut Fragment - June 1967 With COA,19.99,2023-07-19,4.27,4.68,WorthPoint
seymchan,17.3 Gram SEYMCHAN METEORITE PALLASITE - Great For Jewelry - Very Stable!,78.65,2023-07-18,17.3,4.55,WorthPoint
seymchan,"SUPERB 4.95g IMILAC PALLASITE METEORITE FROM ATACAMA DESERT, CHILE AAAA+++",312.84,2023-07-17,4.95,63.2,WorthPoint
seymchan,"NEW! Tsarev Meteorite Chondrite L5, Russia, Nice Tumbled Fragment 69.7 Grams",40,2023-07-16,69.7,0.57,WorthPoint
seymchan,"NEWEST!!! PICA Impact Glass, Chile, One Small Piece, 37.1 Grams",12.5,2023-07-16,37.1,0.34,WorthPoint
seymchan,2.20 Grams 20x8x3mm Seymchan Russian Meteorite Cut Fragment - June 1967 With COA,6.99,2023-07-14,2.2,3.18,WorthPoint
seymchan,10.07 Gram SEYMCHAN METEORITE PALLASITE - Great For Jewelry - Very Stable!,65,2023-07-13,10.07,6.45,WorthPoint
seymchan,SEYMCHAN METEORITE Slice Metal & Olivine 39.9 Grams,100,2023-07-11,39.9,2.51,WorthPoint
seymchan,SEYMCHAN METEORITE Slice Metal & Olivine 46 Grams,135,2023-07-11,46,2.93,WorthPoint
seymchan,12.1 Gram SEYMCHAN IRON METEORITE - ETCHED SLICE-PERFECT FOR JEWELRY!!,36.5,2023-07-10,12.1,3.02,WorthPoint
seymchan,"Impact Rock From El'gygytgyn Impact Crater, Chukotka, Russia, 150 Grams",149.99,2023-07-06,150,1,WorthPoint
seymchan,400 Gram SEYMCHAN METEORITE Pallasite Thick Cut -with Beautiful GLOWING CRYSTALS,1820,2023-07-06,400,4.55,WorthPoint
seymchan,8.73 Gram SEYMCHAN METEORITE Pallasite -Beautiful GLOWING CRYSTALS,51.35,2023-07-05,8.73,5.88,WorthPoint
seymchan,"NEW!!! Stromatolite, Lower Proterosoan, 2000 Ma, Karelia, Russia, 196 Grams",59.99,2023-07-05,196,0.31,WorthPoint
seymchan,30.5 Gram SEYMCHAN IRON METEORITE - ETCHED SLICE - PERFECT FOR JEWELRY!,75,2023-07-03,30.5,2.46,WorthPoint
seymchan,"Meteorite**Seymchan, Pallasite-PMG**0.502 Gram, Fragment Slice. SPACE CRYSTAL!!!",8.5,2023-07-03,0.502,16.93,WorthPoint
seymchan,"Nice Tektite, Libyan Desert Glass, Egypt, Lot Of 2 Good Pieces. 146 Grams",32,2023-07-02,2,16,WorthPoint
seymchan,16.8 Gram SEYMCHAN METEORITE Pallasite -Beautiful GLOWING CRYSTALS,87.75,2023-06-28,16.8,5.22,WorthPoint
seymchan,33.3 Gram SEYMCHAN METEORITE PALLASITE - Great For Jewelry - Very Stable!,151.45,2023-06-28,33.3,4.55,WorthPoint
seymchan,"Gorgeous Seymchan Pallasite Meteorite 49.65g, Great Etch, Amazing Olivine",355,2023-06-26,49.65,7.15,WorthPoint
seymchan,SEYMCHAN METEORITE Slice Metal & Olivine 46.9 Grams,110,2023-06-24,46.9,2.35,WorthPoint
seymchan,16.9 Gram 30x30x3mm Seymchan Russian Meteorite Cut Fragment - June 1967 With COA,48.99,2023-06-23,16.9,2.9,WorthPoint
seymchan,2.18 Grams 21x5x4mm Seymchan Russian Meteorite Cut Fragment - June 1967 With COA,6.99,2023-06-23,2.18,3.21,WorthPoint
seymchan,"NEWEST!!! PICA Impact Glass, Chile, Excellent Piece, 52 Grams",83.99,2023-06-20,52,1.62,WorthPoint
seymchan,"NEWEST!!! PICA Impact Glass, Chile, Lot Of Small 4 Pieces, 14.1 Grams",7,2023-06-18,14.1,0.5,WorthPoint
seymchan,12.67 Gram SEYMCHAN METEORITE PALLASITE - Great For Jewelry - Very Stable!,88.9,2023-06-16,12.67,7.02,WorthPoint
seymchan,"NEWEST!!! PICA Impact Glass, Chile, Small Piece, 28 Grams",26,2023-06-11,28,0.93,WorthPoint
seymchan,"Nice Tektite, Libyan Desert Glass, Egypt, Lot Of Nine Small Pieces. 157 Grams",8.5,2023-06-11,157,0.05,WorthPoint
seymchan,Seymchan Pallasite Meteorite: A Jewel From Outer Space!,66,2023-06-10,,,WorthPoint
seymchan,"Iron Meteorite Muonionalusta., Sweden, Necklace, Pendant Moon",372.99,2023-06-06,,,WorthPoint
seymchan,"Sliced SEYMCHAN PALLASITE METEORITE, 34g W/Crystals. 1967 Russia",36,2023-06-05,34,1.06,WorthPoint
seymchan,"Meteorite NWA Xxxxx, Ordinary Chondrite, Lot Of Two Nice Individuals, 33.7 Grams",8.5,2023-06-04,33.7,0.25,WorthPoint
seymchan,"Nice Tektite, Libyan Desert Glass, Egypt, Good Piece. 163.9 Grams",43,2023-06-04,163.9,0.26,WorthPoint
seymchan,"NEWEST! Kharabali H5 Chondrite METEORITE, Russia, Fragment 37 Grams",149.99,2023-05-31,37,4.05,WorthPoint
seymchan,"Chondrite H4 METEORITE MARKOVKA, Excellent Individual, Russia, 189 Grams",283.99,2023-05-31,189,1.5,WorthPoint
seymchan,"Lot Of Five Excellent Brachiopoda Cystospirifer Rudkinense. Voronezh Reg, Russia",49.99,2023-05-29,,,WorthPoint
seymchan,82.4 Gram - SEYMCHAN METEORITE PALLASITE - Translucent Glowing Green Olivine!,533,2023-05-27,82.4,6.47,WorthPoint
seymchan,153.7 Gram SEYMCHAN METEORITE PALLASITE - Great For Jewelry - Very Stable!,630,2023-05-25,153.7,4.1,WorthPoint
seymchan,"Meteorite Nantan, Iron, IAB-MG, China, Complete Slice 71 Grams",139.99,2023-05-24,71,1.97,WorthPoint
seymchan,Meteorite Seymchan Complete Pallasite Sandblasted Piece 1559 Grams,2499.99,2023-05-23,1559,1.6,WorthPoint
seymchan,29.4 Gram SEYMCHAN METEORITE Pallasite -Beautiful GLOWING CRYSTALS,191.1,2023-05-21,29.4,6.5,WorthPoint
seymchan,"NEW! Tsarev Meteorite Chondrite L5, Russia, Nice Fragment, 221.3 Grams",69,2023-05-21,221.3,0.31,WorthPoint
seymchan,"NEWEST!!! PICA Impact Glass, Chile, Lot Of Small 6 Pieces, 17 Grams",8,2023-05-21,17,0.47,WorthPoint
seymchan,"Meteorite Seymchan Small Etched Cut Block 55.9 Grams, Very Nice Structure",111.99,2023-05-16,55.9,2,WorthPoint
seymchan,"Awesome Tektite Moldavite, Czech Republic, 0.23 Grams (1.15 Ct)",9.99,2023-05-16,0.23,43.43,WorthPoint
seymchan,Seymchan Siderite Meteorite Slice: 32.7 Grams,55.75,2023-05-15,32.7,1.7,WorthPoint
seymchan,"Nice Tektite, Libyan Desert Glass, Egypt, Lot Of Eight Small Pieces. 149 Grams",31,2023-05-14,149,0.21,WorthPoint
seymchan,173.5 Gram SEYMCHAN METEORITE PALLASITE - Great For Jewelry - Very Stable!,563.55,2023-05-14,173.5,3.25,WorthPoint
seymchan,"NEWEST!!! PICA Impact Glass, Chile, Excellent Piece, 117.5 Grams",174.99,2023-05-12,117.5,1.49,WorthPoint
seymchan,"NEWEST! Impact Rock ZUVITE From Jänisjärvi Impact Crater, Russia, Slice 193 Gr",59.99,2023-05-12,193,0.31,WorthPoint
seymchan,"Impact Rock From Puchezh-Katunki Impact Crater, Russia, Lot Of 2 Slices, 61 Gram",34.99,2023-05-12,61,0.57,WorthPoint
seymchan,"Impact Rock From Ilyinets Impact Crater, Ukriane, Slice 166 Grams",49.99,2023-05-12,166,0.3,WorthPoint
seymchan,"NEWEST! Impact Rock ZUEVITE From KARA Impact Crater, Russia, Endcut 24.9 Grams",36.99,2023-05-12,24.9,1.49,WorthPoint
seymchan,27gm AAA Seymchan Meteorite Slice Etched Windmanstatten Pallasite,145,2023-05-11,27,5.37,WorthPoint
seymchan,Seymchan Pallasite Meteorite Slice With The Gemstone Peridot: 13.8 Grams,58.98,2023-05-10,13.8,4.27,WorthPoint
seymchan,174.9 Gram SEYMCHAN METEORITE PALLASITE - Great For Jewelry - Very Stable!,469,2023-05-09,174.9,2.68,WorthPoint
seymchan,"RARE!!! Meteorite Sericho, Pallasite, Kenya, One Complete Piece, 652 Grams",651.99,2023-05-09,652,1,WorthPoint
seymchan,Seymchan IIE Iron/ Pallasite PMG Meteorite Slice Russia 20.45 Grams,84.75,2023-05-08,20.45,4.14,WorthPoint
seymchan,2 Seymchan Meteorite Slices!,176.66,2023-05-07,,,WorthPoint
seymchan,"Meteorite Seymchan Etched Small Cut Block Of 52.2 Grams, Very Nice Structure",33,2023-05-07,52.2,0.63,WorthPoint
seymchan,"NEW! Tsarev Meteorite Chondrite L5, Russia, Nice Fragment, 180.5 Grams",34.33,2023-05-07,180.5,0.19,WorthPoint
seymchan,"NEWEST!!! PICA Impact Glass, Chile, Lot Of Small 2 Pieces, 15 Grams",14.5,2023-05-07,15,0.97,WorthPoint
seymchan,SEYMCHAN METEORITE Slice Metal & Olivine 39.7 Grams,95,2023-05-06,39.7,2.39,WorthPoint
seymchan,"Meteorite Seymchan Etched Endcut Of 91 Grams, Very Nice Structure",145.99,2023-05-04,91,1.6,WorthPoint
seymchan,"RARE! Meteorite Mesosiderite, Vaca Muerta, Endcut 12.8 Grams",63.99,2023-05-04,12.8,5,WorthPoint
seymchan,"RARE!!! Meteorite Sericho, Pallasite, Kenya, Lot Of 5 Complete Pieces, 113 Grams",112.99,2023-04-30,113,1,WorthPoint
seymchan,"Meteorite Nantan, Iron, IAB-MG, China, One Piece 546 Grams",190.99,2023-04-29,546,0.35,WorthPoint
seymchan,10.8 Gram - SEYMCHAN METEORITE PALLASITE - Translucent Glowing Green Olivine!,67,2023-04-29,10.8,6.2,WorthPoint
seymchan,Meteorite Seymchan Complete Pallasite Sandblasted Piece 708 Grams,1199.99,2023-04-28,708,1.69,WorthPoint
seymchan,"RARE!!! Meteorite Sericho, Pallasite, Kenya, Lot Of 4 Complete Pieces, 116 Grams",115.99,2023-04-27,116,1,WorthPoint
seymchan,4.17 Gram 15mm Seymchan Russian Meteorite Iron Fragment - Found June 1967 + COA,6.99,2023-04-26,4.17,1.68,WorthPoint
seymchan,Meteorite Necklace Seymchan Meteorite Pendant,29.99,2023-04-26,,,WorthPoint
seymchan,SEYMCHAN METEORITE - 2021 $1 1 Oz Pure .999 Meteorite Coin - Niue,599.95,2023-04-24,28.35,21.16,WorthPoint
seymchan,"Awesome Tektite Moldavite, Czech Republic, 0.71 Grams (3.55 Ct)",29.99,2023-04-23,0.71,42.24,WorthPoint
seymchan,"Meteorite Seymchan Etched Small Cut Block Of 35.3 Grams, Very Nice Structure",20.5,2023-04-23,35.3,0.58,WorthPoint
seymchan,"NEWEST!!! PICA Impact Glass, Chile, Lot Of 4 Small Pieces, 10 Grams",10.5,2023-04-23,10,1.05,WorthPoint
seymchan,"NEW! Tsarev Meteorite L5, Russia, Excellent Endcut 303 Grams",757.99,2023-04-21,303,2.5,WorthPoint
seymchan,2.08 Gram 19x7x5mm Seymchan Russian Meteorite Cut Fragment - June 1967 With COA,8.99,2023-04-21,2.08,4.32,WorthPoint
seymchan,"Meteorite Seymchan Etched Small Cut Block Of 32.3 Grams, Very Nice Structure",34.77,2023-04-16,32.3,1.08,WorthPoint
seymchan,"Meteorite Nantan, Iron, IAB-MG, China, One Piece 285 Grams",81,2023-04-16,285,0.28,WorthPoint
seymchan,"NEWEST!!! PICA Impact Glass, Chile, Excellent Piece, 29 Grams",22.5,2023-04-16,29,0.78,WorthPoint
seymchan,Seymchan Meteorite 7.03g!,56,2023-04-16,7.03,7.97,WorthPoint
seymchan,1.68 Gram 16x12x4mm Seymchan Russian Meteorite Cut Fragment - June 1967 With COA,7.99,2023-04-16,1.68,4.76,WorthPoint
seymchan,20.7 Gram SEYMCHAN METEORITE PALLASITE - Great For Jewelry - Very Stable!,97.15,2023-04-16,20.7,4.69,WorthPoint
seymchan,56.7 Gram SEYMCHAN METEORITE PALLASITE - Great For Jewelry - Very Stable!,234.5,2023-04-15,56.7,4.14,WorthPoint
seymchan,"Meteorite Seymchan Etched Small Cut Block Of 30.8 Grams, Very Nice Structure",18,2023-04-09,30.8,0.58,WorthPoint
seymchan,"NEWEST!!! PICA Impact Glass, Chile, Excellent Piece, 23 Grams",6.39,2023-04-09,23,0.28,WorthPoint
seymchan,"Sikhote Alin Iron Meteorite, Small Awesome Slightly Oriented Individual, 13.1 G",52.49,2023-04-08,13.1,4.01,WorthPoint
seymchan,20.9 Gram SEYMCHAN METEORITE PALLASITE,99.99,2023-04-06,20.9,4.78,WorthPoint
seymchan,"Awesome Tektite Moldavite, Czech Republic, 0.62 Grams (3.1 Ct)",25.99,2023-04-05,0.62,41.92,WorthPoint
seymchan,Seymchan Pallasite Meteorite - Etched SPECIMEN- From Russia 96.2 Grams,92.99,2023-04-04,96.2,0.97,WorthPoint
seymchan,"Gorgeous Seymchan Pallasite Meteorite 49.9g, Great Etch, Amazing Olivine",242.5,2023-04-03,49.9,4.86,WorthPoint
seymchan,"Meteorite Seymchan Etched Small Cut Block Of 28.8 Grams, Very Nice Structure",17.5,2023-04-02,28.8,0.61,WorthPoint
seymchan,"NEWEST!!! PICA Impact Glass, Chile, Excellent Piece, 22 Grams",15.51,2023-04-02,22,0.71,WorthPoint
seymchan,Seymchan Meteorite Sphere Approx. 510.8 Gr. Dimension: 47mm,2499,2023-03-31,510.8,4.89,WorthPoint
seymchan,"NEW!! Agoudal Meteorite Crater, Morocco, Breccia With Meteorite Inside, 22.9 Gr",66.99,2023-03-30,22.9,2.93,WorthPoint
seymchan,Seymchan IIE Iron/ Pallasite PMG Meteorite Lot Russia 25.27 Grams,47.75,2023-03-29,25.27,1.89,WorthPoint
seymchan,4.89 Gram 24x17x2mm Seymchan Russian Meteorite Cut Fragment - June 1967 With COA,43,2023-03-27,4.89,8.79,WorthPoint
seymchan,1.52 Gram 18mm Seymchan Russian Meteorite Cut Fragment - June 1967 With A COA,7.5,2023-03-27,1.52,4.93,WorthPoint
seymchan,"Meteorite Seymchan Etched Small Cut Block Of 26.4 Grams, Very Nice Structure",15.5,2023-03-26,26.4,0.59,WorthPoint
seymchan,"NEWEST!!! PICA Impact Glass, Chile, Excellent Piece, 21 Grams",13.5,2023-03-26,21,0.64,WorthPoint
seymchan,3.91 Gram 18mm Seymchan Russian Meteorite Iron Fragment - Found June 1967 + COA,9.5,2023-03-26,3.91,2.43,WorthPoint
seymchan,2.26 Gram 24mm Seymchan Russian Meteorite Iron Fragment - Found June 1967 + COA,6.99,2023-03-26,2.26,3.09,WorthPoint
seymchan,2.33 Gram 21x10x6mm Seymchan Russian Meteorite Cut Fragment - June 1967 With COA,9.5,2023-03-25,2.33,4.08,WorthPoint
seymchan,1.82 Gram 16x7x3mm Seymchan Russian Meteorite Cut Fragments - June 1967 With COA,8.99,2023-03-25,1.82,4.94,WorthPoint
seymchan,2.10 Gram 23mm Seymchan Russian Meteorite Cut Iron Fragment - June 1967 + COA,8.03,2023-03-25,2.1,3.82,WorthPoint
seymchan,2.07 Gram 10mm Seymchan Russian Meteorite Iron Fragment - Found June 1967 + COA,6.99,2023-03-24,2.07,3.38,WorthPoint
seymchan,Seymchan Pallasite-pmg Meteorite - Official - SEM-0313 - COA - Polished Fragment,5.01,2023-03-21,,,WorthPoint
seymchan,"Oncolite Limestone, Early Cambrian (520 Ma), Orenburg, Russia, Slice, 518 Grams",79.99,2023-03-19,518,0.15,WorthPoint
seymchan,"NEWEST!!! PICA Impact Glass, Chile, Excellent Piece, 20 Grams",15.65,2023-03-19,20,0.78,WorthPoint
seymchan,AWESOME 30.2 Gram SEYMCHAN METEORITE Pallasite Specimen - Great For Jewelry!,105,2023-03-18,30.2,3.48,WorthPoint
seymchan,19.0 Gram - SEYMCHAN METEORITE PALLASITE - Nice Olivine And Iron Mixture!,71.01,2023-03-15,19,3.74,WorthPoint
seymchan,17.2 Gram - SEYMCHAN METEORITE PALLASITE - Thin Slice - Mostly Olivine,63,2023-03-15,17.2,3.66,WorthPoint
seymchan,51.7g Full Slice Of Seymchan Meteorite Pallasite W/translucent Crystals,350,2023-03-15,51.7,6.77,WorthPoint
seymchan,12.9 Gram - SEYMCHAN METEORITE PALLASITE - Nice Olivine And Iron Mixture!,40,2023-03-13,12.9,3.1,WorthPoint
seymchan,49.7 Gram - SEYMCHAN METEORITE PALLASITE - Mostly Iron W/olivine And Inclusions,51,2023-03-13,49.7,1.03,WorthPoint
seymchan,"Meteorite Seymchan Nice Thin Slice 26.3 Grams, Partly Transparent",155.99,2023-03-12,26.3,5.93,WorthPoint
seymchan,"Meteorite Nantan, Iron, IAB-MG, China, One Piece 274 Grams",109.99,2023-03-12,274,0.4,WorthPoint
seymchan,"Meteorite Seymchan Etched Endcut Of 22.1 Grams, Very Nice Structure",26,2023-03-12,22.1,1.18,WorthPoint
seymchan,"Lot Of IRGIZITES From Zhamanshin Impact Crater, Kazakhstan, 7.0 Grams",16.5,2023-03-12,7,2.36,WorthPoint
seymchan,"NEWEST!!! PICA Impact Glass, Chile, Excellent Piece, 19 Grams",12.22,2023-03-12,19,0.64,WorthPoint
seymchan,"Lot Of 20 Fish Teeth, Pycnodus Sp., Early Cretaceous, Russia #2",59.99,2023-03-12,,,WorthPoint
seymchan,5.34 Gram - SEYMCHAN METEORITE PALLASITE - Nice Etched Iron Slice,10.5,2023-03-11,5.34,1.97,WorthPoint
seymchan,33.0 Gram - SEYMCHAN METEORITE PALLASITE - Nice Olivine And Iron Mixture!,57,2023-03-11,33,1.73,WorthPoint
seymchan,22.90 Gram - SEYMCHAN METEORITE PALLASITE - Nice Olivine And Iron Mixture!,65,2023-03-11,22.9,2.84,WorthPoint
seymchan,32.0 Gram - SEYMCHAN METEORITE PALLASITE - Nice Olivine Metal Mixture!,225,2023-03-11,32,7.03,WorthPoint
seymchan,39.6 Gram SEYMCHAN METEORITE PALLASITE - Great For Jewelry - Very Stable!,198.75,2023-03-09,39.6,5.02,WorthPoint
seymchan,3.97 Gram 25mm Seymchan Russian Meteorite Cut Fragment -found June 1967 + COA,36,2023-03-06,3.97,9.07,WorthPoint
seymchan,"Nice Tektite, Libyan Desert Glass, Egypt, One Good Piece. 127.5 Grams",44.77,2023-03-05,127.5,0.35,WorthPoint
seymchan,"Sikhote Alin Iron Meteorite, Small Awesome Individual, 15.7 Grams",31,2023-03-05,15.7,1.97,WorthPoint
seymchan,"NEWEST!!! PICA Impact Glass, Chile, Excellent Piece, 14 Grams",14.44,2023-03-05,14,1.03,WorthPoint
seymchan,Genuine Seymchan Meteorite Pendant,30,2023-03-04,,,WorthPoint
seymchan,"Genuine Meteorite Necklace! Sliced Seymchan Meteorite Pendant & 20"" Silver Chain",29.99,2023-03-04,,,WorthPoint
seymchan,"Meteorite Seymchan Pallasite FACETED OLIVINE GEM, 1 Piece 2.6 Mm, 0.078 Ct",49.99,2023-03-03,0.016,3124.38,WorthPoint
seymchan,1.86 Gram 22mm Seymchan Russian Meteorite Cut Fragment -found June 1967 + COA,18,2023-03-03,1.86,9.68,WorthPoint
seymchan,"RARE! Meteorite Sericho, Pallasite, Kenya, Siderite Oriented Individual, 3.77 Gr",39.99,2023-03-02,3.77,10.61,WorthPoint
seymchan,"NEW! Springwater Meteorite PALLASITE, Canada, Nice Small Slice 1.7 Gram",22.5,2023-02-26,1.7,13.24,WorthPoint
seymchan,"Lot Of 16 Fish Teeth, Pycnodus Sp., Early Cretaceous, Russia",49.99,2023-02-26,,,WorthPoint
seymchan,"Meteorite Seymchan Pallasite FACETED COLORED OLIVINE GEM 3.77 Mm, 0.216 Ct #42",85.99,2023-02-25,0.043,1999.77,WorthPoint
seymchan,11.4 Gram SEYMCHAN METEORITE Pallasite -Beautiful GLOWING CRYSTALS,92,2023-02-24,11.4,8.07,WorthPoint
seymchan,RARE Pseudomorph Of Hematite After Pyrite Or Markazite. Lot Of 3 Pieces. 55.6 Gr,49.99,2023-02-20,55.6,0.9,WorthPoint
seymchan,34.2 Gram SEYMCHAN METEORITE - Etched Pallasite Slice - Under $5 Per Gram!,119,2023-02-16,34.2,3.48,WorthPoint
seymchan,10.25 Gram SEYMCHAN METEORITE Pallasite -Beautiful GLOWING CRYSTALS,66.5,2023-02-13,10.25,6.49,WorthPoint
seymchan,"Large Genuine Meteorite Necklace! Sliced Seymchan Meteorite Pendant & 20"" Chain",34.99,2023-02-13,,,WorthPoint
seymchan,"Sikhote Alin Iron Meteorite, Lot Of 2 Small Oriented Individuals, 19.4 Grams",86.99,2023-02-08,19.4,4.48,WorthPoint
seymchan,SEYMCHAN IRON METEORITE PALLASITE Specimen Etched Carving AUTHENTIC RUSSIA,29.95,2023-02-08,,,WorthPoint
seymchan,78.8 Gram SEYMCHAN METEORITE PALLASITE - Great For Jewelry - Very Stable!,350,2023-02-05,78.8,4.44,WorthPoint
seymchan,23.4 Gram SEYMCHAN METEORITE - Etched Pallasite Slice - Under $5 Per Gram!,115,2023-02-04,23.4,4.91,WorthPoint
seymchan,"Nice Tektite, Libyan Desert Glass, Egypt, RARE Piece With Inclusion. 31.4 Grams",199.99,2023-02-02,31.4,6.37,WorthPoint
seymchan,"NEWEST! Meteorite Toconao 001, Chondrite LL3, Chile. Slice. 5.30 Grams",26.49,2023-02-02,5.3,5,WorthPoint
seymchan,7.93 Gram SEYMCHAN METEORITE Pallasite -Beautiful GLOWING CRYSTALS,56,2023-02-01,7.93,7.06,WorthPoint
seymchan,8.86 Gram SEYMCHAN METEORITE Pallasite -Beautiful GLOWING CRYSTALS,85,2023-01-31,8.86,9.59,WorthPoint
seymchan,"Meteorite Seymchan Small Olivined Cut Block 324.5 Grams, Very Nice Structure",1622.99,2023-01-30,324.5,5,WorthPoint
seymchan,"NEW! Iron Meteorite Pizhanka Nice Etched Thin Slice 68.1 Grams, Russia",272.99,2023-01-29,68.1,4.01,WorthPoint
seymchan,AWESOME 36.6 Gram SEYMCHAN METEORITE Pallasite Specimen - Great For Jewelry!,130.2,2023-01-27,36.6,3.56,WorthPoint
seymchan,34.2 Gram SEYMCHAN METEORITE PALLASITE - Great For Jewelry - Very Stable!,168,2023-01-27,34.2,4.91,WorthPoint
seymchan,NEW! Meteorite Seymchan Lot Of Small Cuts And Fragments. 30 Gr,10.59,2023-01-22,30,0.35,WorthPoint
seymchan,"Meteorite Nantan, Iron, IAB-MG, China, One Piece 215 Grams",45,2023-01-22,215,0.21,WorthPoint
seymchan,"Thin Section Of METEORITE SAU 089, Ordinary Chondrite L/LL3.6/3.7, Oman #-3",79.99,2023-01-21,,,WorthPoint
seymchan,Space Rock Nuggets From Seymchan Meteorite Pallasite 24.7 Grams No Reserve,9.99,2023-01-20,24.7,0.4,WorthPoint
seymchan,"Awesome Tektite ATACAMAITE From Chile, 0.65 Grams",19.99,2023-01-20,0.65,30.75,WorthPoint
seymchan,"Sikhote Alin Iron Meteorite, Small Awesome Individual, 7.9 Grams",39.49,2023-01-20,7.9,5,WorthPoint
seymchan,10.1 Gram SEYMCHAN METEORITE Pallasite -Beautiful GLOWING CRYSTALS,70,2023-01-18,10.1,6.93,WorthPoint
seymchan,3.44 G SEYMCHAN METEORITE Iron/pallasite Specimen - Great For Jewelry!,41.3,2023-01-17,3.44,12.01,WorthPoint
seymchan,"NEW! Tsarev Meteorite Chondrite L5, Russia, Nice Fragment, 94.1 Grams",18.5,2023-01-15,94.1,0.2,WorthPoint
seymchan,"Meteorite Seymchan Pallasite FACETED OLIVINE GEM, 1 Piece 3.65 Mm, 0.196 Ct #25",97.99,2023-01-15,0.039,2512.56,WorthPoint
seymchan,2.05 Gram 12mm Seymchan Russian Meteorite Iron Fragment - Found June 1967 + COA,5.99,2023-01-12,2.05,2.92,WorthPoint
seymchan,10.0 Gram SEYMCHAN METEORITE PALLASITE - Great For Jewelry - Very Stable!,71.4,2023-01-12,10,7.14,WorthPoint
seymchan,AWESOME 64.7 Gram SEYMCHAN METEORITE Pallasite Specimen - Great For Jewelry!,323,2023-01-09,64.7,4.99,WorthPoint
seymchan,1.88 Gram 29mm Seymchan Russian Meteorite Iron Fragment - Found June 1967 + COA,5.99,2023-01-09,1.88,3.19,WorthPoint
seymchan,.760 Gram 10mm Seymchan Russian Meteorite Cut Fragment -found June 1967 + COA,10.5,2023-01-09,760,0.01,WorthPoint
seymchan,"Nice Tektite, Libyan Desert Glass, Egypt, One Good Piece. 181.7 Grams",54.77,2023-01-08,181.7,0.3,WorthPoint
seymchan,"NEWEST!!! PICA Impact Glass, Chile, Excellent Piece, 29.6 Grams",55.99,2023-01-08,29.6,1.89,WorthPoint
seymchan,"Meteorite Nantan, Iron, IAB-MG, China, One Piece 119 Grams",26,2023-01-08,119,0.22,WorthPoint
seymchan,Rare Seymchan Meteorite Pallasite 5.0 Grams No Reserve,9.99,2023-01-08,5,2,WorthPoint
seymchan,"Bench Made, Meteorite, Blade Deer Antler Handle Knife, 1 OF A KIND W Certificate",399.99,2023-01-08,,,WorthPoint
seymchan,32.73 Gram SEYMCHAN IRON METEORITE - ETCHED SLICE - PERFECT FOR JEWELRY!,81,2023-01-08,32.73,2.47,WorthPoint
seymchan,13.0 Gram SEYMCHAN METEORITE Pallasite -Beautiful GLOWING CRYSTALS,91,2023-01-07,13,7,WorthPoint
seymchan,"Chelyabinsk Meteorite LL5, Recent Fall, Russia, Individual Impact Melt, 8.9 Gr",99.99,2023-01-05,8.9,11.23,WorthPoint
seymchan,"NEWEST!!! PICA Impact Glass, Chile, Excellent Piece, 30.2 Grams",56.99,2023-01-04,30.2,1.89,WorthPoint
seymchan,7.67 Gram SEYMCHAN METEORITE PALLASITE - Great For Jewelry - Very Stable!,53.9,2023-01-02,7.67,7.03,WorthPoint
seymchan,Nantan - Iron IAB Meteorite - China - 1958 - NAN-0043 - COA - Polished Fragment,5.5,2023-01-02,,,WorthPoint
seymchan,20.9 Gram SEYMCHAN METEORITE PALLASITE - Great For Jewelry - Very Stable!,100.1,2023-01-02,20.9,4.79,WorthPoint
seymchan,Nantan - Iron IAB Meteorite - China - 1958 - NAN-0042 - COA - Polished Fragment,5.5,2022-12-31,,,WorthPoint
seymchan,6.44 Gram SEYMCHAN METEORITE Pallasite -Beautiful GLOWING CRYSTALS,45.5,2022-12-31,6.44,7.07,WorthPoint
seymchan,"Meteorite Nantan, Iron, IAB-MG, China, One Piece 124 Grams",46,2022-12-25,124,0.37,WorthPoint
seymchan,Authentic Ancient Seymchan Meteorite Pallasite Nuggets 7.2 Grams,13.55,2022-12-25,7.2,1.88,WorthPoint
seymchan,Rare Seymchan Meteorite Pallasite 9.7 Grams No Reserve,13.5,2022-12-25,9.7,1.39,WorthPoint
seymchan,Seymchan Meteorite Pallasite Nuggets 5.1 Grams No Reserve,9.99,2022-12-25,5.1,1.96,WorthPoint
seymchan,6.65 Gram SEYMCHAN METEORITE Pallasite -Beautiful GLOWING CRYSTALS,45.5,2022-12-25,6.65,6.84,WorthPoint
seymchan,8.56 Gram SEYMCHAN METEORITE Pallasite -Beautiful GLOWING CRYSTALS,52.5,2022-12-24,8.56,6.13,WorthPoint
seymchan,"NEW! Tsarev Meteorite Chondrite L5, Russia, Nice Fragment, 75.6 Grams",23,2022-12-18,75.6,0.3,WorthPoint
seymchan,26.17 Gram SEYMCHAN METEORITE Pallasite - Beautiful GLOWING CRYSTALS,175,2022-12-18,26.17,6.69,WorthPoint
seymchan,29.8 Gram SEYMCHAN METEORITE PALLASITE - Great For Jewelry - Very Stable!,146.3,2022-12-18,29.8,4.91,WorthPoint
seymchan,2.35 Gram 18mm Seymchan Russian Meteorite Iron Fragment - Found June 1967 + COA,8.99,2022-12-17,2.35,3.83,WorthPoint
seymchan,"2012 Cook Islands Silver Proof Coin, Genuine Seymchan Meteorite Fragment, CoA",143,2022-12-17,,,WorthPoint
seymchan,"RARE!! NWA 7831 Achondrite Diogenite Meteorite, Complete Piece, 66.9 Grams",449.99,2022-12-15,66.9,6.73,WorthPoint
seymchan,"Meteorite Nantan, Iron, IAB-MG, China, One Piece 1138 Grams",339.99,2022-12-14,1138,0.3,WorthPoint
seymchan,"Awesome SAFFORDITE (Arizonaite), Arizona, USA, 10.4 Grams",25.99,2022-12-14,10.4,2.5,WorthPoint
seymchan,"NEWEST!!! PICA Impact Glass, Chile, Lot Of 3 Small Nice Pieces Of 8.65 Grams",8.5,2022-12-11,8.65,0.98,WorthPoint
seymchan,111.1 Gram SEYMCHAN METEORITE PALLASITE - Great For Jewelry - Very Stable!,388.5,2022-12-10,111.1,3.5,WorthPoint
seymchan,111.5 Gram SEYMCHAN METEORITE PALLASITE - Great For Jewelry - Very Stable!,444,2022-12-09,111.5,3.98,WorthPoint
seymchan,"NEW!!! Stromatolite Anabaria Sp, Mesoproterozoic, Krasnoyarsk Reg, Russia 253 Gr",159.99,2022-12-06,253,0.63,WorthPoint
seymchan,"Pallasite/Iron IIE Seymchan 7.1g Meteorite Fragment - Magadan, Russia",99.99,2022-12-05,7.1,14.08,WorthPoint
seymchan,"Meteorite Seymchan Small Etched Cut Block 26.3 Grams, Very Nice Structure",52.99,2022-12-05,26.3,2.01,WorthPoint
seymchan,"Nice Tektite, Libyan Desert Glass, Egypt, One Good Piece. 256 Grams",55.55,2022-12-04,256,0.22,WorthPoint
seymchan,"NEW! Tsarev Meteorite Chondrite L5, Russia, Lot Of 2 Nice Fragments, 37.9 Grams",22.72,2022-12-04,37.9,0.6,WorthPoint
seymchan,"Meteorite Nantan, Iron, IAB-MG, China, One Piece 232 Grams",37.09,2022-12-04,232,0.16,WorthPoint
seymchan,9.12 Gram SEYMCHAN METEORITE Pallasite -Beautiful GLOWING CRYSTALS,72.8,2022-12-02,9.12,7.98,WorthPoint
seymchan,15.7 Gram SEYMCHAN IRON METEORITE - ETCHED SLICE-PERFECT FOR JEWELRY!!,35.5,2022-12-02,15.7,2.26,WorthPoint
seymchan,"Meteorite Tanezrouft 091, Mesosiderite A3, Algeria, Complete Slice 313.5 Grams",2499.99,2022-12-01,313.5,7.97,WorthPoint
seymchan,2.87 Gram 30mm Seymchan Russian Meteorite Iron Fragment - Found June 1967 + COA,5.74,2022-11-29,2.87,2,WorthPoint
seymchan,"Sikhote Alin Iron Meteorite, Small Awesome Individual, 13.09 Grams",58.99,2022-11-29,13.09,4.51,WorthPoint
seymchan,"Seymchan 184.5g, Iron Meteorite, Full Slice. Stable! Great Etch!",182.5,2022-11-28,184.5,0.99,WorthPoint
seymchan,"NEWEST!!! PICA Impact Glass, Chile, Lot Of Four Small Nice Pieces, 9.0 Grams",10,2022-11-27,9,1.11,WorthPoint
seymchan,"Meteorite Nantan, Iron, IAB-MG, China, One Piece 103 Grams",42.99,2022-11-27,103,0.42,WorthPoint
seymchan,11.6 Gram 25x20mm Seymchan Russian Meteorite Iron Fragment - Found 1967 + COA,24.99,2022-11-26,11.6,2.15,WorthPoint
seymchan,"Meteorite Seymchan Small Olivined Cut Block 96.3 Grams, Very Nice Structure",481.99,2022-11-26,96.3,5.01,WorthPoint
seymchan,"RARE!! NWA 7831 Achondrite Diogenite Meteorite, Lot Of Three Pieces, 9.0 Grams",69.99,2022-11-25,9,7.78,WorthPoint
seymchan,"NEW! Tsarev Meteorite Chondrite L5, Russia, Nice Fragment, 69.9 Grams",35,2022-11-20,69.9,0.5,WorthPoint
seymchan,"Meteorite Nantan, Iron, IAB-MG, China, One Piece 225 Grams",26,2022-11-20,225,0.12,WorthPoint
seymchan,12.17 Gram SEYMCHAN METEORITE PALLASITE - Great For Jewelry - Very Stable!,96.8,2022-11-14,12.17,7.95,WorthPoint
seymchan,30 Gram SEYMCHAN METEORITE - Etched Pallasite Slice - Under $5 Per Gram!,116,2022-11-13,30,3.87,WorthPoint
seymchan,15.27 Gram SEYMCHAN METEORITE Pallasite - Beautiful CRYSTALS,120,2022-11-13,15.27,7.86,WorthPoint
seymchan,AWESOME 19.3 Gram SEYMCHAN METEORITE Pallasite Specimen - Great For Jewelry!,96,2022-11-11,19.3,4.97,WorthPoint
seymchan,Sikote-Alin Russia Iron Octahedrite Meteorite 114 G 1947 Observed Fall,650,2022-11-09,114,5.7,WorthPoint
seymchan,"NEWEST!!! PICA Impact Glass, Chile, One Small Nice Piece, 13.6 Grams",6.01,2022-11-06,13.6,0.44,WorthPoint
seymchan,"Meteorite Nantan, Iron, IAB-MG, China, One Piece 145 Grams",41.57,2022-11-06,145,0.29,WorthPoint
seymchan,"Seymchan Meteorite ""Cube""",3250,2022-11-04,,,WorthPoint
seymchan,Sericho Meteorite Cube,1875,2022-11-04,,,WorthPoint
seymchan,"NEW!!! Stromatolite Inzeria Sp, Neoproterozoic, Bashkortostan, Russia 187 Gr",39.99,2022-11-04,187,0.21,WorthPoint
seymchan,"NEW! Stromatolite Inzeria Tjomusi Kryl., Upper Riphean, Baskiria, Russia, 492 Gr",89.99,2022-11-04,492,0.18,WorthPoint
seymchan,"NEW!!! Stromatolite, Paleoproterozoic, 2000 Ma, Wyoming, Endcut 195 Grams",24.99,2022-11-04,195,0.13,WorthPoint
seymchan,"NEW!!! Stromatolite, Paleoproterozoic, 2000 Ma, Wyoming, Slice 119 Grams",24.99,2022-11-04,119,0.21,WorthPoint
seymchan,Guinea - 2021 Seymchan Iron Meteorite - Stamp Souvenir Sheet - GU210202b,11.8,2022-11-04,,,WorthPoint
seymchan,13.8 Gram 30x25x2mm Seymchan Russian Meteorite - Found June 1967 + COA,37.99,2022-11-03,13.8,2.75,WorthPoint
seymchan,48.6 Gram SEYMCHAN METEORITE PALLASITE - Great For Jewelry - Very Stable!,292,2022-11-02,48.6,6.01,WorthPoint
seymchan,3.42 Gram 13mm Seymchan Russian Meteorite Iron Fragment - Found June 1967 + COA,9.99,2022-10-31,3.42,2.92,WorthPoint
seymchan,"Seymchan 40.65g, Etched Pallasite Meteorite. Stable! Great Etch!",455,2022-10-31,40.65,11.19,WorthPoint
seymchan,"NEWEST!!! PICA Impact Glass, Chile, One Small Nice Piece, 11.8 Grams",10.5,2022-10-30,11.8,0.89,WorthPoint
seymchan,905.6 Gram SEYMCHAN METEORITE PALLASITE - Great For Jewelry - Very Stable!,3600,2022-10-30,905.6,3.98,WorthPoint
seymchan,NEW! Meteorite Seymchan Lot Of Small Not Prepared Cuts. 100 Gr #5,119.99,2022-10-28,100,1.2,WorthPoint
seymchan,"Seymchan 16.97g End Cut Meteorite, Highly Polished Pallasite,IMCA #s 6236 & 7294",141,2022-10-27,16.97,8.31,WorthPoint
seymchan,"NEWEST!!! PICA Impact Glass, Chile, Excellent Piece, 32.3 Grams",57.99,2022-10-26,32.3,1.8,WorthPoint
seymchan,Genuine Meteorite Necklace! Sliced Seymchan Meteor In A Stainless Pendant!,27.99,2022-10-25,,,WorthPoint
seymchan,Seymchan Meteorite!! Nice 16.8g SEYMCHAN Iron Slice!,18,2022-10-24,16.8,1.07,WorthPoint
seymchan,Seymchan Meteorite!! Nice 111.4g SEYMCHAN Iron Slice!,113.51,2022-10-24,111.4,1.02,WorthPoint
seymchan,"Meteorite Nantan, Iron, IAB-MG, China, One Piece 100 Grams",28,2022-10-23,100,0.28,WorthPoint
seymchan,"Meteorite Seymchan Complete Etched Thin Slice 82.1 Grams, Banded Structure",205.99,2022-10-23,82.1,2.51,WorthPoint
seymchan,Meteorite Seymchan Pallasite 37gm,61,2022-10-22,37,1.65,WorthPoint
seymchan,12.2 Gram SEYMCHAN IRON METEORITE - ETCHED SLICE-PERFECT FOR JEWELRY!,36.5,2022-10-20,12.2,2.99,WorthPoint
seymchan,8.56 Grams Seymchan Russian Meteorite Cut Iron Fragment - Found On June 1967 COA,22.99,2022-10-20,8.56,2.69,WorthPoint
seymchan,"NEWEST!!! PICA Impact Glass, Chile, Lot Of Two Small Nice Pieces, 13.6 Grams",8,2022-10-16,13.6,0.59,WorthPoint
seymchan,116g Translucent SEYMCHAN PALLASITE METEORITE Slice -Beautiful GLOWING CRYSTALS,799.2,2022-10-12,116,6.89,WorthPoint
seymchan,34.17g G Part Slice Of Seymchan Meteorite. Siderite Portion Of The Pallasite...,190,2022-10-10,34.17,5.56,WorthPoint
seymchan,"NEW!! Agoudal Meteorite Crater, Morocco, Shattercone, 32.8 Grams",14.99,2022-10-10,32.8,0.46,WorthPoint
seymchan,"Nice Tektite, Libyan Desert Glass, Egypt, Two Good Pieces. 227 Grams",71.01,2022-10-09,227,0.31,WorthPoint
seymchan,"NEWEST!!! PICA Impact Glass, Chile, Small Nice Piece, 13.6 Grams",24,2022-10-09,13.6,1.76,WorthPoint
seymchan,"NEW!! Agoudal Meteorite Crater, Morocco, Shattercone, 35.1 Grams",14.99,2022-10-09,35.1,0.43,WorthPoint
seymchan,Cheap Price! Great Deal! Sensational Seymchan Pallasite Meteorite 158 Gms,419.3,2022-10-09,158,2.65,WorthPoint
seymchan,6.12 Gram SEYMCHAN METEORITE PALLASITE - Great For Jewelry - Very Stable!,48.75,2022-10-05,6.12,7.97,WorthPoint
seymchan,"Half Of Deshayesites Sp. Ammonite, Saratov, Russia 318 Gr",39.99,2022-10-02,318,0.13,WorthPoint
seymchan,"Half Of Deshayesites Sp. Ammonite, Saratov, Russia 309 Gr",39.99,2022-10-02,309,0.13,WorthPoint
seymchan,28.3 Gram SEYMCHAN IRON METEORITE - ETCHED SLICE - PERFECT FOR JEWELRY!,76,2022-10-01,28.3,2.69,WorthPoint
seymchan,Seymchan Pallasite Meteorite 3.6 GMS,39.9,2022-09-30,3.6,11.08,WorthPoint
seymchan,Seymchan Meteorite Skeleton And Olive Pieces 56g Lot,6.47,2022-09-29,56,0.12,WorthPoint
seymchan,14.7 Gram SEYMCHAN METEORITE Pallasite -Beautiful GLOWING CRYSTALS,120,2022-09-29,14.7,8.16,WorthPoint
seymchan,24.8 Gram SEYMCHAN METEORITE Pallasite - Iron And Olivine - Transition Slice,119.2,2022-09-29,24.8,4.81,WorthPoint
seymchan,PALLASITE Meteorite!! 13.8g SEYMCHAN Pallasite Iron Part Slice!,73,2022-09-26,13.8,5.29,WorthPoint
seymchan,"NEW! Tsarev Meteorite Chondrite L5, Russia, Nice Fragment 163.2 Grams",63.87,2022-09-25,163.2,0.39,WorthPoint
seymchan,"NEWEST!!! PICA Impact Glass, Chile, Lot Of Three Small Nice Pieces, 15.4 Grams",17.67,2022-09-25,15.4,1.15,WorthPoint
seymchan,"NEW! Sariçiçek (BINGOL) Meteorite,recent Fall, Turkey, SUPERB Individual 13.3 Gr",799.99,2022-09-19,13.3,60.15,WorthPoint
seymchan,"NEW! Tsarev Meteorite Chondrite L5, Russia, Nice Fragment 111.0 Grams",39,2022-09-18,111,0.35,WorthPoint
seymchan,"Petrified Wood, Late Cretaceous, Sakhalin Island, Russia, SPHERE 57mm, 204 Grams",99.99,2022-09-18,204,0.49,WorthPoint
seymchan,22.4 G SEYMCHAN METEORITE Pallasite Specimen - NICE OLIVINE- Great For Jewelry!,250,2022-09-18,22.4,11.16,WorthPoint
seymchan,Genuine Meteorite Necklace! Sliced Seymchan Meteorite In Stainless Pendant!,27.99,2022-09-17,,,WorthPoint
seymchan,24.4 Gram SEYMCHAN METEORITE Pallasite - Iron And Olivine - Transition Slice,95.2,2022-09-12,24.4,3.9,WorthPoint
seymchan,"NEW! Tsarev Meteorite Chondrite L5, Russia, Nice Fragment 142.3 Grams",55.55,2022-09-11,142.3,0.39,WorthPoint
seymchan,8.3 Gram SEYMCHAN IRON METEORITE - ETCHED SLICE - PERFECT FOR JEWELRY! PALLASITE,32,2022-09-06,8.3,3.86,WorthPoint
seymchan,"Meteorite Nantan, Iron, IAB-MG, China, One Piece 217 Grams",22.01,2022-09-04,217,0.1,WorthPoint
seymchan,38.5 Gram SEYMCHAN METEORITE PALLASITE - Great For Jewelry - Very Stable!,216,2022-08-30,38.5,5.61,WorthPoint
seymchan,Seymchan Pallasite-pmg Meteorite - Official - SEM-0268 - COA - Polished Fragment,51,2022-08-29,,,WorthPoint
seymchan,"Nice Tektite, Libyan Desert Glass, Egypt, One Good Dark Piece. 160 Grams",42.41,2022-08-28,160,0.27,WorthPoint
seymchan,"NEW! Tsarev Meteorite Chondrite L5, Russia, Nice Fragment 73.6 Grams",22.5,2022-08-28,73.6,0.31,WorthPoint
seymchan,"NEWEST!!! PICA Impact Glass, Chile, Lot Of Many Small Nice Pieces, 11.4 Grams",16.05,2022-08-28,11.4,1.41,WorthPoint
seymchan,12.5 Grams Seymchan Russian Meteorite Cut Iron Fragment - Found On June 1967 COA,29.99,2022-08-26,12.5,2.4,WorthPoint
seymchan,Seymchan Pallasite-pmg Meteorite - Official - SEM-0264 - 0.77g W/COA - Polished,8.5,2022-08-25,0.77,11.04,WorthPoint
seymchan,20.2 Gram SEYMCHAN METEORITE PALLASITE - Great For Jewelry - Very Stable!,113.6,2022-08-22,20.2,5.62,WorthPoint
seymchan,"Meteorite Nantan, Iron, IAB-MG, China, One Piece 715 Grams",249.99,2022-08-22,715,0.35,WorthPoint
seymchan,"NEW! Tsarev Meteorite Chondrite L5, Russia, Nice Fragment 105.6 Grams",40.87,2022-08-21,105.6,0.39,WorthPoint
seymchan,"NEWEST!!! PICA Impact Glass, Chile, Excellent Piece, 18.5 Grams",21.21,2022-08-21,18.5,1.15,WorthPoint
seymchan,"Meteorite Nantan, Iron, IAB-MG, China, One Piece 59 Grams",36,2022-08-21,59,0.61,WorthPoint
seymchan,Seymchan Pallasite Meteorite Full Etched And Polished Slice 86 Grams,86,2022-08-20,86,1,WorthPoint
seymchan,"Lot Of 25 Fish Teeth, Pycnodus Sp., Early Cretaceous, Russia",74.99,2022-08-18,,,WorthPoint
seymchan,9.68 Gram SEYMCHAN METEORITE Pallasite -Beautiful GLOWING CRYSTALS,74.1,2022-08-17,9.68,7.65,WorthPoint
seymchan,21.94 Gram SEYMCHAN IRON METEORITE - ETCHED SLICE - PERFECT FOR JEWELRY!,50.7,2022-08-14,21.94,2.31,WorthPoint
seymchan,"NEW! Tsarev Meteorite Chondrite L5, Russia, Nice Fragment 87.1 Grams",34.33,2022-08-14,87.1,0.39,WorthPoint
seymchan,"NEWEST!!! PICA Impact Glass, Chile, Excellent Piece, 20.2 Grams",23.73,2022-08-14,20.2,1.17,WorthPoint
seymchan,"Awesome Tektite Moldavite, Czech Republic, 0.54 Grams (2.7 Ct)",22.49,2022-08-13,0.54,41.65,WorthPoint
seymchan,8.45 Gram SEYMCHAN METEORITE PALLASITE - Great For Jewelry - Very Stable!,85,2022-08-13,8.45,10.06,WorthPoint
seymchan,"Awesome Tektite Moldavite, Czech Republic, 0.53 Grams (2.65 Ct)",21.99,2022-08-11,0.53,41.49,WorthPoint
seymchan,8.13 G SEYMCHAN METEORITE Etched Iron Specimen - Super Thin- Great For Jewelry!,36,2022-08-09,8.13,4.43,WorthPoint
seymchan,"NEWEST!!! PICA Impact Glass, Chile, Lot Of 3 Excellent Pieces, 12.6 Grams",11.5,2022-08-07,12.6,0.91,WorthPoint
seymchan,"Meteorite Nantan, Iron, IAB-MG, China, One Piece 142 Grams",16.5,2022-08-07,142,0.12,WorthPoint
seymchan,"Meteorite Seymchan Small Etched Cut Block 97.2 Grams, Very Nice Structure",174.99,2022-08-07,97.2,1.8,WorthPoint
seymchan,27.2 Gram SEYMCHAN METEORITE Etched Iron Specimen - Great For Jewelry!,46.4,2022-08-07,27.2,1.71,WorthPoint
seymchan,57.1 Gram SEYMCHAN METEORITE Etched Iron Specimen - Great For Jewelry!,88,2022-08-07,57.1,1.54,WorthPoint
seymchan,39.2 Gram SEYMCHAN IRON METEORITE - ETCHED SLICE - PERFECT FOR JEWELRY!,64,2022-08-07,39.2,1.63,WorthPoint
seymchan,"Sikhote Alin Iron Meteorite, Small Awesome Individual, 8.7 Grams",34.99,2022-08-07,8.7,4.02,WorthPoint
seymchan,"NEW! Tsarev Meteorite L5, Russia, Lot Of 6 Excellent Cuts, 17.6 Grams",104.99,2022-08-04,17.6,5.97,WorthPoint
seymchan,8.91 Gram SEYMCHAN METEORITE Pallasite -Beautiful GLOWING CRYSTALS,72,2022-08-03,8.91,8.08,WorthPoint
seymchan,4.71 Gram SEYMCHAN METEORITE Pallasite -Beautiful GLOWING CRYSTALS,37.6,2022-08-02,4.71,7.98,WorthPoint
seymchan,18.1 Gram SEYMCHAN IRON METEORITE - ETCHED SLICE - PERFECT FOR JEWELRY!,42,2022-08-01,18.1,2.32,WorthPoint
seymchan,"Seymchan 184.5g, Etched, Iron Meteorite. Stable! Thick Cut, Great Etch!",157.5,2022-08-01,184.5,0.85,WorthPoint
seymchan,109.8 Gram SEYMCHAN METEORITE PALLASITE - Great For Jewelry - Very Stable!,520,2022-07-30,109.8,4.74,WorthPoint
seymchan,35.7 Gram SEYMCHAN METEORITE - Etched Pallasite Slice - Under $5 Per Gram!,140,2022-07-27,35.7,3.92,WorthPoint
seymchan,84.8 Gram SEYMCHAN METEORITE PALLASITE - Great For Jewelry - Very Stable!,360,2022-07-25,84.8,4.25,WorthPoint
seymchan,"NEW! Tsarev Meteorite Chondrite L5, Russia, Nice Fragment 94.1 Grams",38,2022-07-24,94.1,0.4,WorthPoint
seymchan,"NEWEST!!! PICA Impact Glass, Chile, Excellent Piece, 11.3 Grams",12.12,2022-07-24,11.3,1.07,WorthPoint
seymchan,"NEW!! RARE!! NWA 8743 Eucrite, Melt Breccia, 2.85 Grams Part Slice",8,2022-07-24,2.85,2.81,WorthPoint
seymchan,"Meteorite Nantan, Iron, IAB-MG, China, One Piece 118 Grams",38.39,2022-07-24,118,0.33,WorthPoint
seymchan,"MAGNET With Tsarev Meteorite, Real Picture Of The Place Of Fall, Real Meteorite!",5.5,2022-07-24,,,WorthPoint
seymchan,"NEW! Tsarev Meteorite L5, Russia, Lot Of 5 Excellent Cuts, 25.5 Grams",152.99,2022-07-24,25.5,6,WorthPoint
seymchan,3.54 Grams Seymchan Russian Meteorite Cut Iron Fragment - Found On June 1967 COA,10.49,2022-07-24,3.54,2.96,WorthPoint
seymchan,13.5 Gram SEYMCHAN METEORITE PALLASITE - Great For Jewelry - Very Stable!,76,2022-07-23,13.5,5.63,WorthPoint
seymchan,"Meteorite**Seymchan, Pallasite-PMG Russia**16.185 Grams Slice, HIGH QUALITY!!",349.99,2022-07-21,16.185,21.62,WorthPoint
seymchan,10.60 Gram SEYMCHAN METEORITE PALLASITE - Great For Jewelry - Very Stable!,84.8,2022-07-20,10.6,8,WorthPoint
seymchan,10.4 Gram SEYMCHAN METEORITE Pallasite -Beautiful GLOWING CRYSTALS,84,2022-07-20,10.4,8.08,WorthPoint
seymchan,"Sikhote Alin Iron Meteorite, Small Awesome Superb Oriented Individual, 13.6 G",67.99,2022-07-18,13.6,5,WorthPoint
seymchan,"NEW! Tsarev Meteorite Chondrite L5, Russia, Nice Fragment 127.8 Grams",48,2022-07-17,127.8,0.38,WorthPoint
seymchan,9.88 Gram SEYMCHAN METEORITE Pallasite -Beautiful GLOWING CRYSTALS,99,2022-07-16,9.88,10.02,WorthPoint
seymchan,23.7 Gram SEYMCHAN METEORITE PALLASITE - Great For Jewelry - Very Stable!,166,2022-07-15,23.7,7,WorthPoint
seymchan,11.3 Gram SEYMCHAN METEORITE PALLASITE - Great For Jewelry - Very Stable!,64,2022-07-14,11.3,5.66,WorthPoint
seymchan,Seymchan Meteorite 7.12 Grams Foumd 1967 In Russia Pallasite TKW 323.3 Kg,41,2022-07-13,7.12,5.76,WorthPoint
seymchan,"Rare Seymchan Pallasite Meteorite Slice W/ Green Olivine Xl's Magadan, Russia!",59.99,2022-07-13,,,WorthPoint
seymchan,HUGE MUSEUM GRADE 222g ESQUEL PALLASITE METEORITE W/ STUNNING OLIVINE CHATOYANCE,9596,2022-07-11,222,43.23,WorthPoint
seymchan,PALLASITE Meteorite!! 9.5g SEYMCHAN Pallasite Iron Part Slice!,19,2022-07-11,9.5,2,WorthPoint
seymchan,"NEW! Tsarev Meteorite Chondrite L5, Russia, Nice Fragment 79.4 Grams",14.5,2022-07-10,79.4,0.18,WorthPoint
seymchan,"Meteorite Nantan, Iron, IAB-MG, China, One Piece 101 Grams",40.58,2022-07-10,101,0.4,WorthPoint
seymchan,"NEWEST!!! PICA Impact Glass, Chile, 311 Grams",399.99,2022-07-04,311,1.29,WorthPoint
seymchan,"NEW! Tsarev Meteorite Chondrite L5, Russia, Nice Fragment 130.8 Grams",37.87,2022-07-03,130.8,0.29,WorthPoint
seymchan,"NEWEST!!! PICA Impact Glass, Chile, Lot Of 4 Excellent Pieces, 11.1 Grams",6.5,2022-07-03,11.1,0.59,WorthPoint
seymchan,"NEW! NWA 12676 And Tassédet 004 H5-melt Breccia Meteorite, 2.95 Gram Full Slice",14.75,2022-07-02,2.95,5,WorthPoint
seymchan,"NEWEST!!! PICA Impact Glass, Chile, Excellent Piece, 26.1 Grams",49.99,2022-07-01,26.1,1.92,WorthPoint
seymchan,3.65 Grams Seymchan Russian Meteorite Cut Iron Fragment Slice Found On June 1967,9.99,2022-06-29,3.65,2.74,WorthPoint
seymchan,Seymchan IIE Iron/ Pallasite PMG Meteorite Lot Russia 25.85 Grams,47.75,2022-06-27,25.85,1.85,WorthPoint
seymchan,"NEW RARE!! NWA 7831 Achondrite Diogenite Meteorite, Fragment, 3.7 Grams",25.99,2022-06-27,3.7,7.02,WorthPoint
seymchan,"NEWEST!!! PICA Impact Glass, Chile, One Excellent Piece, 9.1 Grams",6.05,2022-06-26,9.1,0.66,WorthPoint
seymchan,"NEW!! RARE!! NWA 8743 Eucrite, Melt Breccia, 2.67 Grams Part Slice",6,2022-06-26,2.67,2.25,WorthPoint
seymchan,NEW! Meteorite IMILAC Lot Of 3 Metal Skeletons From A Pallasite Piece. 2.51 Gr,37.49,2022-06-23,2.51,14.94,WorthPoint
seymchan,"Seymchan Meteorite Slice ""Green Seymchan""",12500,2022-06-22,,,WorthPoint
seymchan,33.9 Gram SEYMCHAN METEORITE Pallasite - Iron And Olivine - Transition Slice,149,2022-06-21,33.9,4.4,WorthPoint
seymchan,24.2 Gram SEYMCHAN METEORITE Pallasite -Beautiful GLOWING CRYSTALS,159.2,2022-06-21,24.2,6.58,WorthPoint
seymchan,"Nice Tektite, Libyan Desert Glass, Egypt, Lot Of 2 Good Dark Pieces. 111 Grams",34.33,2022-06-19,2,17.17,WorthPoint
seymchan,SEYMCHAN METEORITE Slice 13.8 Grams,45,2022-06-17,13.8,3.26,WorthPoint
seymchan,"Meteorite Seymchan Pallasite FACETED COLORED OLIVINE GEM 3.25 Mm, 0.139 Ct #46",62.99,2022-06-17,0.028,2249.64,WorthPoint
seymchan,"NEW! Tsarev Meteorite Chondrite L5, Russia, Nice Fragment 38.2 Grams",11.61,2022-06-12,38.2,0.3,WorthPoint
seymchan,"NEWEST!!! PICA Impact Glass, Chile, One Excellent Piece, 8.0 Grams",8.5,2022-06-12,8,1.06,WorthPoint
seymchan,"Meteorite Nantan, Iron, IAB-MG, China, Lot Of Rusty Pieces (shale) 250 Gr",84,2022-06-12,250,0.34,WorthPoint
seymchan,"Rare Seymchan Meteorite Slice 11.2 Grams Magadan Oblast, Russia",28.95,2022-06-11,11.2,2.58,WorthPoint
seymchan,22.7 Gram SEYMCHAN IRON METEORITE - ETCHED SLICE - PERFECT FOR JEWELRY!,55.2,2022-06-07,22.7,2.43,WorthPoint
seymchan,"Awesome Tektite ATACAMAITE From Chile, 1.43 Grams",19.99,2022-06-05,1.43,13.98,WorthPoint
seymchan,"NEWEST!!! PICA Impact Glass, Chile, Two Excellent Pieces, 8.70 Grams",12.62,2022-06-05,8.7,1.45,WorthPoint
seymchan,"NEW! Tsarev Meteorite L5, Russia, Excellent Slice 82 Grams",286.99,2022-06-05,82,3.5,WorthPoint
seymchan,"Meteorite Seymchan Etched Cut Block 315 Grams, Very Nice Structure",503.99,2022-06-05,315,1.6,WorthPoint
seymchan,37.5 Gram SEYMCHAN METEORITE PALLASITE - Great For Jewelry - Very Stable!,209.6,2022-06-04,37.5,5.59,WorthPoint
seymchan,"Sikhote Alin Iron Meteorite, Lot Of 3 Small Oriented Individuals, 22.4 Grams",111.99,2022-06-04,22.4,5,WorthPoint
seymchan,"Sikhote Alin Iron Meteorite, Small Awesome Oriented Individual, 12.9 Grams",57.99,2022-06-03,12.9,4.5,WorthPoint
seymchan,"Awesome Tektite Moldavite, Czech Republic, 0.43 Grams (2.15 Ct)",17.99,2022-06-03,0.43,41.84,WorthPoint
seymchan,23.5 Gram SEYMCHAN METEORITE Pallasite - Iron And Olivine - Transition Slice,95.2,2022-06-03,23.5,4.05,WorthPoint
seymchan,12.2 Gram SEYMCHAN METEORITE PALLASITE - Great For Jewelry - Very Stable!,68.8,2022-06-02,12.2,5.64,WorthPoint
seymchan,SEYMCHAN IRON METEORITE Specimen PALLASITE Etched Carving AUTHENTIC RUSSIA,175.96,2022-06-02,,,WorthPoint
seymchan,"NEWEST!!! PICA Impact Glass, Chile, One Excellent Piece, 8.12 Grams",11.61,2022-05-29,8.12,1.43,WorthPoint
seymchan,AWESOME 21.0 Gram SEYMCHAN METEORITE Pallasite Specimen - Great For Jewelry!,79.2,2022-05-29,21,3.77,WorthPoint
seymchan,GORGEOUS 41g ESQUEL PALLASITE METEORITE W/ STUNNING OLIVINE CHATOYANCE!! AAAA+,1995,2022-05-26,41,48.66,WorthPoint
seymchan,"63 Grams, Seymchan Pallasite Meteorite Slice, 1967 Russia",365,2022-05-25,63,5.79,WorthPoint
seymchan,12.3 Gram SEYMCHAN METEORITE Pallasite -Beautiful GLOWING CRYSTALS,100,2022-05-24,12.3,8.13,WorthPoint
seymchan,2.30 Grams Seymchan Russian Meteorite Cut Iron Fragment Slice Found On June 1967,7.99,2022-05-23,2.3,3.47,WorthPoint
seymchan,5.73 Gram SEYMCHAN METEORITE Pallasite -Beautiful GLOWING CRYSTALS,48,2022-05-23,5.73,8.38,WorthPoint
seymchan,"Chelyabinsk Meteorite LL5, Recent Fall, Russia, Endcut, 38.9 Grams",269.99,2022-05-23,38.9,6.94,WorthPoint
seymchan,"NEW!! RARE!! NWA 8743 Eucrite, Melt Breccia, 2.40 Grams Part Polished Slice",5.5,2022-05-22,2.4,2.29,WorthPoint
seymchan,7.9 G SEYMCHAN METEORITE Pallasite Specimen - NICE OLIVINE- Great For Jewelry!,99,2022-05-22,7.9,12.53,WorthPoint
seymchan,"Sikhote Alin Iron Meteorite, Lot Of 5 Small Oriented Individuals, 15.9 Grams",79.49,2022-05-22,15.9,5,WorthPoint
seymchan,10.6 Gram SEYMCHAN METEORITE PALLASITE - Great For Jewelry - Very Stable!,68.8,2022-05-19,10.6,6.49,WorthPoint
seymchan,"Reprint Of Icon ""FALLING OF VELIKOI-USTYUG METEORITE""",6.99,2022-05-18,,,WorthPoint
seymchan,"Seymchan Siderite Meteorite, 21.9g Slice",39,2022-05-17,21.9,1.78,WorthPoint
seymchan,"NEWEST!!! PICA Impact Glass, Chile, One Excellent Piece, 17.1 Grams",14.78,2022-05-15,17.1,0.86,WorthPoint
seymchan,"NEW! Tsarev Meteorite Chondrite L5, Russia, Nice Fragment 99.5 Grams",53,2022-05-15,99.5,0.53,WorthPoint
seymchan,"NEWEST! Meteorite Los Vientos 262, Chile. One Almost Complete Piece. 731 Grams",584.99,2022-05-15,731,0.8,WorthPoint
seymchan,8.0 Gram SEYMCHAN METEORITE Pallasite -Beautiful GLOWING CRYSTALS,56,2022-05-13,8,7,WorthPoint
seymchan,69.5 Gram SEYMCHAN METEORITE PALLASITE - Great For Jewelry - Very Stable!,340.2,2022-05-12,69.5,4.89,WorthPoint
seymchan,"Awesome Tektite Moldavite, Czech Republic, 4.92 Grams",189.99,2022-05-11,4.92,38.62,WorthPoint
seymchan,"Awesome Tektite Moldavite, Czech Republic, 2.67 Grams",99.99,2022-05-11,2.67,37.45,WorthPoint
seymchan,"Awesome Tektite Moldavite, Czech Republic, 0.74 Grams (3.7 Ct)",30.99,2022-05-11,0.74,41.88,WorthPoint
seymchan,"Awesome Tektite Moldavite, Czech Republic, 0.68 Grams (3.4 Ct)",28.49,2022-05-11,0.68,41.9,WorthPoint
seymchan,"Awesome Tektite Moldavite, Czech Republic, 0.52 Grams (2.6 Ct)",21.99,2022-05-11,0.52,42.29,WorthPoint
seymchan,"Awesome Tektite Moldavite, Czech Republic, 0.58 Grams (2.9 Ct)",24.49,2022-05-11,0.58,42.22,WorthPoint
seymchan,"Meteorite Nantan, Iron, IAB-MG, China, One Piece 386 Grams",146.99,2022-05-11,386,0.38,WorthPoint
seymchan,"Seymchan 292.3g, Etched, Iron Meteorite. Stable! Thick Cut, Great Etch!",276,2022-05-09,292.3,0.94,WorthPoint
seymchan,"NEW! Tsarev Meteorite Chondrite L5, Russia, Nice Fragment 98.6 Grams",36,2022-05-08,98.6,0.37,WorthPoint
seymchan,"Dinosaur Tooth, Cretaceous, Turonian, Timurlengia Euotica, Uzbekistan D14",199.99,2022-05-08,,,WorthPoint
seymchan,Seymchan Pallasite Meteorite Very Rare Pattern 263grams,850,2022-05-08,263,3.23,WorthPoint
seymchan,103.2 Gram SEYMCHAN Pallasite METEORITE - Etched SPECIMEN - PERFECT FOR JEWELRY!,850,2022-05-08,103.2,8.24,WorthPoint
seymchan,SEYMCHAN METEORITE Slice 43.8 Grams,100,2022-05-07,43.8,2.28,WorthPoint
seymchan,"Lot Of Nice IRGIZITE From Zhamanshin Impact Crater, Kazakhstan, 12 Grams.",49.99,2022-05-07,12,4.17,WorthPoint
seymchan,"Meteorite Seymchan Pallasite FACETED COLORED OLIVINE GEM 4.45 Mm, 0.360 Ct #47",161.99,2022-05-06,0.072,2249.86,WorthPoint
seymchan,"Meteorite Seymchan Pallasite FACETED COLORED OLIVINE GEM 3.90 Mm, 0.232 Ct #45",92.99,2022-05-06,0.046,2021.52,WorthPoint
seymchan,Video - Cook Island 2012 $5 Seymchan Meteorite Proof Silver Coin + Large Slice!,224.95,2022-05-06,,,WorthPoint
seymchan,"Meteorite Seymchan Pallasite FACETED COLORED OLIVINE GEM 3.89 Mm, 0.236 Ct #41",59.99,2022-05-05,0.047,1276.38,WorthPoint
seymchan,5.59 Grams Seymchan Russian Meteorite Cut Iron Fragment Slice Found On June 1967,14.99,2022-05-03,5.59,2.68,WorthPoint
seymchan,"27 Grams, Seymchan Pallasite Meteorite Slice, 1967 Russia",280,2022-05-03,27,10.37,WorthPoint
seymchan,"Seymchan 35.57g Pallasite Meteorite, High Polished End Cut Dark Chromite Pattern",285,2022-05-02,35.57,8.01,WorthPoint
seymchan,"NEW!! RARE!! NWA 8743 Eucrite, Melt Breccia, 2.36 Grams Part Polished Slice",6,2022-05-01,2.36,2.54,WorthPoint
seymchan,"NEWEST!!! PICA Impact Glass, Chile, Excellent Piece, 13 Grams",11.11,2022-05-01,13,0.85,WorthPoint
seymchan,11.5 Gram SEYMCHAN METEORITE Pallasite -Beautiful GLOWING CRYSTALS,80.5,2022-05-01,11.5,7,WorthPoint
seymchan,35.2 Gram SEYMCHAN METEORITE Etched Iron Specimen - Great For Jewelry!,52.5,2022-04-29,35.2,1.49,WorthPoint
seymchan,7.92 Gram SEYMCHAN METEORITE PALLASITE - Great For Jewelry - Very Stable!,62.3,2022-04-28,7.92,7.87,WorthPoint
seymchan,7.90 Gram SEYMCHAN METEORITE PALLASITE - Great For Jewelry - Very Stable!,56,2022-04-28,7.9,7.09,WorthPoint
seymchan,4.98 Gram SEYMCHAN METEORITE Pallasite -Beautiful GLOWING CRYSTALS,35,2022-04-28,4.98,7.03,WorthPoint
seymchan,7.37 Gram SEYMCHAN METEORITE Pallasite -Beautiful GLOWING CRYSTALS,51.1,2022-04-28,7.37,6.93,WorthPoint
seymchan,.458 Grams Seymchan Russian Meteorite Cut Iron Fragment Slice Found On June 1967,8,2022-04-26,458,0.02,WorthPoint
seymchan,1.85 Grams Seymchan Russian Meteorite 23x19x1mm Fragment Slice Found June 1967,6.99,2022-04-26,1.85,3.78,WorthPoint
seymchan,"Meteorite**Seymchan, Pallasite-PMG Russia**14.500 Grams Slice, HIGH QUALITY!!",172.5,2022-04-26,14.5,11.9,WorthPoint
seymchan,GORGEOUS 15g ESQUEL PALLASITE METEORITE W/ STUNNING OLIVINE CHATOYANCE!! AAAA+,750,2022-04-25,15,50,WorthPoint
seymchan,3.58 Grams Seymchan Russian Meteorite Cut Iron Fragment Slice Found On June 1967,9.99,2022-04-25,3.58,2.79,WorthPoint
seymchan,"NEW! Tsarev Meteorite Chondrite L5, Russia, Nice Fragment 46.3 Grams",5,2022-04-24,46.3,0.11,WorthPoint
seymchan,"NEW! Meteorite Seymchan, Lot Of Not Prepared Cuts. 30 Grams",5.5,2022-04-24,30,0.18,WorthPoint
seymchan,"Awesome Tektite ATACAMAITE From Chile, 1.15 Grams",24.99,2022-04-23,1.15,21.73,WorthPoint
seymchan,"Awesome Tektite ATACAMAITE From Chile, 1.28 Grams",14.99,2022-04-23,1.28,11.71,WorthPoint
seymchan,3.62 Grams Seymchan Russian Meteorite 14x11x5mm Fragment Slice - Found June 1967,6.99,2022-04-21,3.62,1.93,WorthPoint
seymchan,"NEWEST!!! PICA Impact Glass, Chile, Excellent Piece, 18.9 Grams",36.99,2022-04-21,18.9,1.96,WorthPoint
seymchan,7.9 Gram SEYMCHAN METEORITE Pallasite -Beautiful GLOWING CRYSTALS,64,2022-04-21,7.9,8.1,WorthPoint
seymchan,25.6 Gram SEYMCHAN IRON METEORITE - ETCHED SLICE-PERFECT FOR JEWELRY!,55.5,2022-04-18,25.6,2.17,WorthPoint
seymchan,Natural Sericho Pallasite Meteorite Perfect Rectangle Pendant Fine Silver Wrap,99,2022-04-17,,,WorthPoint
seymchan,"Nice Tektite, Libyan Desert Glass, Egypt, One Piece, 186 Grams",135.83,2022-04-17,186,0.73,WorthPoint
seymchan,"NEWEST!!! PICA Impact Glass, Chile, Excellent Piece, 19.3 Grams",15,2022-04-17,19.3,0.78,WorthPoint
seymchan,"NEW! Tsarev Meteorite Chondrite L5, Russia, Nice Fragment 78.1 Grams",52,2022-04-17,78.1,0.67,WorthPoint
seymchan,11.6 Gram SEYMCHAN METEORITE Etched Iron Specimen - Great For Jewelry!,24,2022-04-17,11.6,2.07,WorthPoint
seymchan,10.7 Gram SEYMCHAN IRON METEORITE - ETCHED SLICE - PERFECT FOR JEWELRY!,31.2,2022-04-17,10.7,2.92,WorthPoint
seymchan,"NEWEST!!! RARE NWA 8118 LODRANITE METEORITE, SLICE, 10.45 Gr",313.49,2022-04-14,10.45,30,WorthPoint
seymchan,11.5 Gram SEYMCHAN METEORITE PALLASITE - Great For Jewelry - Very Stable!,56,2022-04-14,11.5,4.87,WorthPoint
seymchan,25.4 Gram SEYMCHAN METEORITE PALLASITE - Great For Jewelry - Very Stable!,124.6,2022-04-12,25.4,4.91,WorthPoint
seymchan,2.36 Grams Seymchan Russian Meteorite Cut Iron Fragment Slice Found On June 1967,8.99,2022-04-12,2.36,3.81,WorthPoint
seymchan,"Nice Tektite, Libyan Desert Glass, Egypt, Lot Of 2 Pieces. 180 Grams",135.83,2022-04-10,180,0.75,WorthPoint
seymchan,"NEWEST!!! PICA Impact Glass, Chile, Excellent Piece, 20.0 Grams",18.27,2022-04-10,20,0.91,WorthPoint
seymchan,"NEW! Tsarev Meteorite Chondrite L5, Russia, Nice Fragment 76.4 Grams",22.72,2022-04-10,76.4,0.3,WorthPoint
seymchan,AWESOME 46.4 Gram SEYMCHAN METEORITE Pallasite Specimen - Great For Jewelry!,174,2022-04-10,46.4,3.75,WorthPoint
seymchan,9.29 Gram SEYMCHAN METEORITE Pallasite -Beautiful GLOWING CRYSTALS,56.25,2022-04-07,9.29,6.05,WorthPoint
seymchan,5.57 Gram SEYMCHAN METEORITE Pallasite -Beautiful GLOWING CRYSTALS,37.5,2022-04-06,5.57,6.73,WorthPoint
seymchan,"NEW! Meteorite IMILAC, A Metal Skeleton From A Pallasite Piece. 5.82 Gr",86.99,2022-04-06,5.82,14.95,WorthPoint
seymchan,"16,5 Gr, Meteorite Seymchan, Russia, Russia.",179,2022-04-04,5,35.8,WorthPoint
seymchan,"Big, Thin, Seymchan 31.6g, Etched, Pallasite Meteorite. Stable! Won't Rust!",316,2022-04-04,31.6,10,WorthPoint
seymchan,"Seymchan 214.5g, Etched, Iron Meteorite. Stable! Thick End, Great Etch!",225,2022-04-04,214.5,1.05,WorthPoint
seymchan,"Nice Tektite, Libyan Desert Glass, Egypt, Lot Of 3 Pieces. 178 Grams",113.61,2022-04-03,178,0.64,WorthPoint
seymchan,"NEWEST!!! PICA Impact Glass, Chile, Excellent Piece, 16.3 Grams",20.01,2022-04-03,16.3,1.23,WorthPoint
seymchan,"NEW! Tsarev Meteorite Chondrite L5, Russia, Nice Fragment 84.3 Grams",24.86,2022-04-03,84.3,0.29,WorthPoint
seymchan,12.4 Gram SEYMCHAN METEORITE PALLASITE - Great For Jewelry - Very Stable!,64.5,2022-04-03,12.4,5.2,WorthPoint
seymchan,"NEWEST!!! PICA Impact Glass, Chile, 38.8 Grams",57.99,2022-03-29,38.8,1.49,WorthPoint
seymchan,"Meteorite Seymchan Small Etched Cut Block 153.2 Grams, Very Nice Structure",244.99,2022-03-29,153.2,1.6,WorthPoint
seymchan,9.88 G SEYMCHAN METEORITE Pallasite Specimen - NICE OLIVINE- Great For Jewelry!,99,2022-03-28,9.88,10.02,WorthPoint
seymchan,4.52 Gram SEYMCHAN METEORITE Pallasite -Beautiful GLOWING CRYSTALS,45,2022-03-28,4.52,9.96,WorthPoint
seymchan,"Seymchan 401g, Etched, Iron Meteorite. Stable! Thick Cut, Great Etch!",407,2022-03-28,401,1.01,WorthPoint
seymchan,"NEWEST!!! PICA Impact Glass, Chile, Lot Of 2 Small Pieces Of 10.0 Grams Total",5.5,2022-03-27,10,0.55,WorthPoint
seymchan,"Dronino Iron Meteorite, Ataxite, Russia, Fragment 79 Grams",44,2022-03-27,79,0.56,WorthPoint
seymchan,"NEW! Tsarev Meteorite Chondrite L5, Russia, Nice Fragment 50.0 Grams",22.22,2022-03-27,50,0.44,WorthPoint
seymchan,Give Her The Stars! Heart Shaped Seymchan Meteor In A Stainless Pendant Necklace,27.99,2022-03-26,,,WorthPoint
seymchan,"Meteorite Seymchan Small Olivined Cut Block 202.2 Grams, Very Nice Structure",1211.99,2022-03-25,202.2,5.99,WorthPoint
seymchan,29.0 Gram SEYMCHAN METEORITE PALLASITE - Great For Jewelry - Very Stable!,167.2,2022-03-25,29,5.77,WorthPoint
seymchan,"NEWEST!!! PICA Impact Glass, Chile, 85.8 Grams",119.99,2022-03-24,85.8,1.4,WorthPoint
seymchan,44.9 Gram SEYMCHAN METEORITE PALLASITE - Great For Jewelry - Very Stable!,314,2022-03-24,44.9,6.99,WorthPoint
seymchan,2012 Cook Islands Seymchan Meteorite Coin,80,2022-03-23,,,WorthPoint
seymchan,SEYMCHAN IRON METEORITE PALLASITE Etched Carving Specimen AUTHENTIC RUSSIA,69.95,2022-03-21,,,WorthPoint
seymchan,"Seymchan 48.5g, Etched, Pallasite Meteorite. Stable! Won't Rust!",155,2022-03-21,48.5,3.2,WorthPoint
seymchan,34.74 Gram SEYMCHAN IRON METEORITE - ETCHED SLICE - PERFECT FOR JEWELRY!,84,2022-03-19,34.74,2.42,WorthPoint
seymchan,"Impact Rock From Kamensk Impact Crater, Russia, Endcut Of 100 Grams",34.99,2022-03-19,100,0.35,WorthPoint
seymchan,"Impact Rock From Ilyinets Impact Crater, Ukriane, Endcut 84 Grams",29.99,2022-03-19,84,0.36,WorthPoint
seymchan,"Meteorite Seymchan Pallasite FACETED COLORED OLIVINE GEM 4.66 Mm, 0.411 Ct #44",164.99,2022-03-19,0.082,2012.07,WorthPoint
seymchan,AWESOME 60.6 Gram SEYMCHAN METEORITE Pallasite - Slice - Great For Jewelry!,319.2,2022-03-18,60.6,5.27,WorthPoint
seymchan,"NEWEST!!! PICA Impact Glass, Chile, 42.8 Grams",63.99,2022-03-14,42.8,1.5,WorthPoint
seymchan,"Meteorite Sericho, Pallasite, Kenya, Lot Of Rusty Pieces 249 Gr",78.77,2022-03-13,249,0.32,WorthPoint
seymchan,"51.6 Grams, Seymchan Pallasite Meteorite Slice, 1967 Russia",300,2022-03-13,51.6,5.81,WorthPoint
seymchan,"9.62 Gram SEYMCHAN Pallasite METEORITE - Etched SPECIMEN, PERFECT FOR JEWELRY!",125,2022-03-13,9.62,12.99,WorthPoint
seymchan,1.72 Grams Seymchan Russian Meteorite Cut Iron Fragment Slice Found On June 1967,6.99,2022-03-11,1.72,4.06,WorthPoint
seymchan,"NEW! NWA 12564 MARTIAN, Shergottite (aphyric, Diabasic) Part Slice, 0.38 Grams",94.99,2022-03-07,0.38,249.97,WorthPoint
seymchan,Seymchan Pallasite 578 Grams Thick Slice!,1000,2022-03-06,578,1.73,WorthPoint
seymchan,"NEWEST!!! PICA Impact Glass, Chile, 15.3 Grams",15.65,2022-03-06,15.3,1.02,WorthPoint
seymchan,"NEW! Iron Meteorite Pizhanka Lot Of Thin Small Slices 2.9 Grams, Russia",25,2022-03-06,2.9,8.62,WorthPoint
seymchan,"NEW! Tsarev Meteorite Chondrite L5, Russia, Nice Fragment 56.2 Grams",18.49,2022-03-06,56.2,0.33,WorthPoint
seymchan,"NEW! Iron Meteorite Pizhanka Nice Etched Thin Small Slice 6.6 Grams, Russia",39.99,2022-03-06,6.6,6.06,WorthPoint
seymchan,Meteorite Seymchan Complete Siderite Piece 613 Grams,919.99,2022-03-06,613,1.5,WorthPoint
seymchan,Seymchan Iron 138.30g Rare Complete Small Individual,415,2022-03-05,138.3,3,WorthPoint
seymchan,"NEW! Iron Meteorite Pizhanka Nice Etched Thin Slice 27.0 Grams, Russia",134.99,2022-03-05,27,5,WorthPoint
seymchan,7.75 G SEYMCHAN METEORITE Pallasite Specimen - NICE OLIVINE- Great For Jewelry!,79.2,2022-03-03,7.75,10.22,WorthPoint
seymchan,Finely Carved Seymchan Meteorite Sphere With Large And Well-distributed Pockets,3500,2022-03-03,,,WorthPoint
seymchan,"Meteorite**Seymchan, Pallasite-PMG Russia**14.935 Grams Slice, HIGH QUALITY!!",151.5,2022-02-28,14.935,10.14,WorthPoint
seymchan,"NEW! Tsarev Meteorite Chondrite L5, Russia, Nice Fragment 57.2 Grams",27,2022-02-27,57.2,0.47,WorthPoint
seymchan,"Meteorite Sericho, Pallasite, Kenya, Lot Of Rusty Pieces 253 Gr",43.42,2022-02-27,253,0.17,WorthPoint
seymchan,"Nice Tektite, Libyan Desert Glass, Egypt, Lot Of 22 Small Pieces. 130 Grams",81,2022-02-27,130,0.62,WorthPoint
seymchan,"38.6 Gram SEYMCHAN Pallasite METEORITE - Etched SPECIMEN, PERFECT FOR JEWELRY!",308.8,2022-02-27,38.6,8,WorthPoint
seymchan,"NEW!! Agoudal IRON Meteorite, Morocco, Lot Of Five Individuals, 14.6 Grams",23.39,2022-02-27,14.6,1.6,WorthPoint
seymchan,"RARE! Meteorite Sericho, Pallasite, Kenya, Lot Of Nice Natural Skeletons 25 Gr#4",74.99,2022-02-27,25,3,WorthPoint
seymchan,"RARE!!! Meteorite Sericho, Pallasite, Kenya, Lot Of Complete Small Pieces 56 Gr",149.99,2022-02-27,56,2.68,WorthPoint
seymchan,"NEWEST! Impact Rock Shattercone From Jänisjärvi Impact Crater, Russia, 779 Grams",79.99,2022-02-25,779,0.1,WorthPoint
seymchan,LOVELY 10g ESQUEL PALLASITE METEORITE W/ STUNNING OLIVINE CHATOYANCE!!,450,2022-02-25,10,45,WorthPoint
seymchan,"Sikhote Alin Iron Meteorite, Small Awesome Bullet Oriented Individual, 15.0 G",67.49,2022-02-24,15,4.5,WorthPoint
seymchan,"Sikhote Alin Iron Meteorite, Lot Of Ten Small Awesome Individuals, 24.1 Grams",108.49,2022-02-24,24.1,4.5,WorthPoint
seymchan,9.8 Gram SEYMCHAN METEORITE Pallasite -Beautiful GLOWING CRYSTALS,79.2,2022-02-23,9.8,8.08,WorthPoint
seymchan,"Meteorite**Seymchan, Pallasite-PMG Russia**5.037 Grams Slice,W/ Widmanstätten!!",15.5,2022-02-22,5.037,3.08,WorthPoint
seymchan,AWESOME 12.2 Gram SEYMCHAN METEORITE Pallasite Specimen - Great For Jewelry!,60,2022-02-17,12.2,4.92,WorthPoint
seymchan,"Petrified Wood, Late Cretaceous, Sakhalin Island, Russia, Cabochon, 8.36 Grams",23.99,2022-02-12,8.36,2.87,WorthPoint
seymchan,"Awesome SAFFORDITE (Arizonaite), Arizona, USA, 8.4 Grams",21.99,2022-02-11,8.4,2.62,WorthPoint
seymchan,6.0 Gram SEYMCHAN METEORITE Pallasite -Beautiful GLOWING CRYSTALS,59,2022-02-10,6,9.83,WorthPoint
seymchan,SEYMCHAN METEORITE Pallasite - Small Meteorite Sample,22.5,2022-02-09,,,WorthPoint
seymchan,"Meteorite Seymchan Small Etched Cut Block 16.2 Grams, Very Nice Structure",39.99,2022-02-08,16.2,2.47,WorthPoint
seymchan,"NEW! Tsarev Meteorite Chondrite L5, Russia, Nice Fragment 58.5 Grams",25.25,2022-02-06,58.5,0.43,WorthPoint
seymchan,"Meteorite Sericho, Pallasite, Kenya, Lot Of Rusty Pieces 254 Gr",33,2022-02-06,254,0.13,WorthPoint
seymchan,15.7 Gram SEYMCHAN IRON METEORITE - ETCHED SLICE - PERFECT FOR JEWELRY!,50,2022-01-31,15.7,3.18,WorthPoint
seymchan,"Meteorite Sericho, Pallasite, Kenya, Lot Of Rusty Pieces 243 Gr",29,2022-01-30,243,0.12,WorthPoint
seymchan,"Meteorite Sericho, Pallasite, Kenya, Lot Of Rusty Pieces 257 Gr",46,2022-01-23,257,0.18,WorthPoint
seymchan,2.14 Grams Seymchan Russian Meteorite Cut Iron Fragment Slice Found On June 1967,8.99,2022-01-23,2.14,4.2,WorthPoint
seymchan,"Meteorite Seymchan Pallasite FACETED COLORED OLIVINE GEM 3.51 Mm, 0.174 Ct #47",21.99,2022-01-22,0.035,628.29,WorthPoint
seymchan,"Meteorite Seymchan Pallasite FACETED OLIVINE GEM, 2 Pieces 3.0 Mm Each, 0.236 Ct",119.99,2022-01-22,0.047,2552.98,WorthPoint
seymchan,"Meteorite Seymchan Pallasite FACETED COLORED OLIVINE GEM 3.66 Mm, 0.197 Ct #46",24.99,2022-01-22,0.039,640.77,WorthPoint
seymchan,1.98 Grams Seymchan Russian Meteorite Cut Iron Fragment Slice Found On June 1967,8.99,2022-01-21,1.98,4.54,WorthPoint
seymchan,"NEW RARE!! NWA 8472 LL3 Chondrite, 15.2 Gram Slice",151.99,2022-01-20,15.2,10,WorthPoint
seymchan,TRANSITION SLICE 474 G SEYMCHAN METEORITE Pallasite -Beautiful CRYSTALS/METAL,799.2,2022-01-20,474,1.69,WorthPoint
seymchan,Seymchan Etched Meteorite 11.8 Grams Part Slice!,26.4,2022-01-18,11.8,2.24,WorthPoint
seymchan,33.8 Gram SEYMCHAN IRON METEORITE - ETCHED SLICE - PERFECT FOR JEWELRY!,39.2,2022-01-17,33.8,1.16,WorthPoint
seymchan,"NEW! Tsarev Meteorite Chondrite L5, Russia, Nice Fragment 60.4 Grams",15.5,2022-01-16,60.4,0.26,WorthPoint
seymchan,"Meteorite Sericho, Pallasite, Kenya, Lot Of Rusty Pieces 251 Gr",42.01,2022-01-16,251,0.17,WorthPoint
seymchan,Seymchan Etched Meteorite 15.4 Grams Part Slice!,33,2022-01-16,15.4,2.14,WorthPoint
seymchan,RARE 20 EXSIST Seymchan Meteorite 2012 Cook Islands 20g Silver Coin NGC PF69,179.5,2022-01-16,20,8.98,WorthPoint
seymchan,3.55 Gram Seymchan Meteorite Slice - Pallasite - Found 1967 In Russia,54.99,2022-01-11,3.55,15.49,WorthPoint
seymchan,Seymchan Meteorite Part Slice 33.3 Grams,66,2022-01-10,33.3,1.98,WorthPoint
seymchan,77.3 G SEYMCHAN PALLASITE METEORITE - POLISHED SPECIMEN - PERFECT FOR JEWELRY!,750,2022-01-10,77.3,9.7,WorthPoint
seymchan,"Meteorite Sericho, Pallasite, Kenya, Lot Of Rusty Pieces 258 Gr",41.01,2022-01-09,258,0.16,WorthPoint
seymchan,Seymchan Meteorite Part Slice 28.9 Grams,57.2,2022-01-09,28.9,1.98,WorthPoint
seymchan,"Meteorite Seymchan Pallasite FACETED COLORED OLIVINE GEM 4.30 Mm, 0.318 Ct #45",23.99,2022-01-07,0.064,374.84,WorthPoint
seymchan,Seymchan Meteorite Part Slice 13.6 Grams!,29.7,2022-01-04,13.6,2.18,WorthPoint
seymchan,RARE Authentic Large Russian Seymchan Olivine Crystal Meteorite Slice Specimen,1403,2022-01-04,,,WorthPoint
seymchan,"NEW! Tsarev Meteorite Chondrite L5, Russia, Nice Fragment 85 Grams",18.5,2022-01-02,85,0.22,WorthPoint
seymchan,"Meteorite Sericho, Pallasite, Kenya, Lot Of Rusty Pieces 241 Gr",28,2022-01-02,241,0.12,WorthPoint
seymchan,34.7 Gram SEYMCHAN METEORITE Etched Iron Specimen - Great For Jewelry!,75,2022-01-01,34.7,2.16,WorthPoint
seymchan,Seymchan Meteorite Part Slice 8.9 Grams,25.3,2022-01-01,8.9,2.84,WorthPoint
seymchan,Seymchan Meteorite Part Slice 5.4 Grams!,18.7,2022-01-01,5.4,3.46,WorthPoint
seymchan,"Meteorite Seymchan Small Etched Cut Block 32.7 Grams, Very Nice Structure",65.99,2021-12-31,32.7,2.02,WorthPoint
seymchan,Seymchan Pallasite Meteorite 6 Grams,20,2021-12-31,6,3.33,WorthPoint
seymchan,AWESOME 37.8 Gram SEYMCHAN METEORITE Pallasite Specimen - Great For Jewelry!,189,2021-12-29,37.8,5,WorthPoint
seymchan,Seymchan Meteorite Part Slice 29.5 Grams!,58.3,2021-12-29,29.5,1.98,WorthPoint
seymchan,45.28 Gram SEYMCHAN METEORITE Pallasite - Beautiful CRYSTALS,354,2021-12-29,45.28,7.82,WorthPoint
seymchan,AWESOME 48.5 Gram SEYMCHAN METEORITE Pallasite Specimen - Great For Jewelry!,242,2021-12-27,48.5,4.99,WorthPoint
seymchan,"Meteorite Seymchan Pallasite FACETED COLORED OLIVINE GEM 5.05 Mm, 0.528 Ct #44",52.99,2021-12-27,0.106,499.91,WorthPoint
seymchan,"Meteorite Seymchan Pallasite FACETED COLORED OLIVINE GEM 4.10 Mm, 0.278 Ct #55",55.99,2021-12-27,0.056,999.82,WorthPoint
seymchan,"Meteorite Seymchan Pallasite FACETED COLORED OLIVINE GEM 4.55 Mm, 0.389 Ct #49",38.99,2021-12-27,0.078,499.87,WorthPoint
seymchan,"Meteorite Seymchan Pallasite FACETED COLORED OLIVINE GEM 4.02 Mm, 0.258 Ct #48",38.99,2021-12-27,0.052,749.81,WorthPoint
seymchan,"Meteorite Seymchan Small Etched Cut Block 96.7 Grams, Very Nice Structure",173.99,2021-12-27,96.7,1.8,WorthPoint
seymchan,"NEW! Tsarev Meteorite Chondrite L5, Russia, Nice Fragment 95.1 Grams",29,2021-12-26,95.1,0.3,WorthPoint
seymchan,"Meteorite Sericho, Pallasite, Kenya, Lot Of Rusty Pieces 255 Gr",43,2021-12-26,255,0.17,WorthPoint
seymchan,This Is An Awesome Museum Grade Seymchan Meteorite Pyramid Carving,1575,2021-12-26,,,WorthPoint
seymchan,13.3 G SEYMCHAN METEORITE Pallasite Specimen - NICE OLIVINE- Great For Jewelry!,179,2021-12-25,13.3,13.46,WorthPoint
seymchan,21.9 Gram SEYMCHAN IRON METEORITE - ETCHED SLICE - PERFECT FOR JEWELRY!,52,2021-12-24,21.9,2.37,WorthPoint
seymchan,"NEW Meteorite!! Hexahedrite, NWA 11420, Polished And Etched Full Slice, 48.2 Gr",481.99,2021-12-24,48.2,10,WorthPoint
seymchan,17.8 G SEYMCHAN METEORITE Pallasite Specimen - NICE OLIVINE- Great For Jewelry!,180,2021-12-23,17.8,10.11,WorthPoint
seymchan,14.6 G SEYMCHAN METEORITE Pallasite Specimen - NICE OLIVINE- Great For Jewelry!,159.2,2021-12-21,14.6,10.9,WorthPoint
seymchan,"NEW! Tsarev Meteorite Chondrite L5, Russia, Nice Fragment 45.7 Grams",17.5,2021-12-19,45.7,0.38,WorthPoint
seymchan,"Meteorite Sericho, Pallasite, Kenya, Lot Of Rusty Pieces 259 Gr",28,2021-12-19,259,0.11,WorthPoint
seymchan,"Meteorite Seymchan Small Etched Cut Block 26.8 Grams, Very Nice Structure",53.99,2021-12-18,26.8,2.01,WorthPoint
seymchan,"Meteorite Seymchan Small Etched Cut Block 17.3 Grams, Very Nice Structure",39.99,2021-12-18,17.3,2.31,WorthPoint
seymchan,"Meteorite Seymchan Small Etched Cut Block 28.3 Grams, Very Nice Structure",56.99,2021-12-18,28.3,2.01,WorthPoint
seymchan,"Meteorite Seymchan Small Etched Cut Block 17.2 Grams, Very Nice Structure",39.99,2021-12-18,17.2,2.33,WorthPoint
seymchan,Seymchan Etched Meteorite 19.3 Grams Part Slice!,40.7,2021-12-18,19.3,2.11,WorthPoint
seymchan,Seymchan Meteorite Part Slice 45 Grams,86.9,2021-12-17,45,1.93,WorthPoint
seymchan,Seymchan Meteorite Part Slice 44.6 Grams,86.9,2021-12-17,44.6,1.95,WorthPoint
seymchan,Seymchan Meteorite Piece From Russia,54.99,2021-12-17,,,WorthPoint
seymchan,GORGEOUS 32g IMILAC PALLASITE METEORITE FULL SLICE FULL OF BEAUTIFUL OLVINE!,1403.6,2021-12-16,32,43.86,WorthPoint
seymchan,Seymchan Etched Meteorite 24.8 Grams Part Slice!,50.6,2021-12-15,24.8,2.04,WorthPoint
seymchan,2012 Cook Islands Silver $5 Seymchan Meteorite Ngc Pf 69 Uc Only 6 Graded Higher,74,2021-12-15,6,12.33,WorthPoint
seymchan,Seymchan Etched Meteorite 18.1 Grams Part Slice!,38.5,2021-12-13,18.1,2.13,WorthPoint
seymchan,"Meteorite Sericho, Pallasite, Kenya, Lot Of Rusty Pieces 245 Gr",51,2021-12-12,245,0.21,WorthPoint
seymchan,11.7 G SEYMCHAN METEORITE Pallasite Specimen - NICE OLIVINE- Great For Jewelry!,112,2021-12-12,11.7,9.57,WorthPoint
seymchan,1.29 Grams Seymchan Russian Meteorite Cut Fragment Slice Found On June 1967,5.99,2021-12-11,1.29,4.64,WorthPoint
seymchan,Seymchan 111.1g Meteorite STUNNING UNIQUE TRANSITIONAL SLICE Gorgeous Olivines!,675,2021-12-09,111.1,6.08,WorthPoint
seymchan,14.0 Gram SEYMCHAN METEORITE Etched Iron Specimen - Great For Jewelry!,28,2021-12-06,14,2,WorthPoint
seymchan,"NEW! Tsarev Meteorite Chondrite L5, Russia, Nice Fragment 81.6 Grams",37.5,2021-12-05,81.6,0.46,WorthPoint
seymchan,"Meteorite Sericho, Pallasite, Kenya, Lot Of Rusty Pieces 256 Gr",52.51,2021-12-05,256,0.21,WorthPoint
seymchan,"Excellent Tektite, Libyan Desert Glass, Egypt, Lot Of 7 Pieces. 130 Grams",102.5,2021-12-05,130,0.79,WorthPoint
seymchan,Seymchan Meteorite Part Slice 13.2 Grams,28.6,2021-12-03,13.2,2.17,WorthPoint
seymchan,"4.56 Gram SEYMCHAN Pallasite METEORITE - Etched SPECIMEN, PERFECT FOR JEWELRY!",40,2021-12-03,4.56,8.77,WorthPoint
seymchan,1.81 Grams Seymchan Russian Meteorite Cut Iron Fragment Slice Found On June 1967,6.99,2021-12-01,1.81,3.86,WorthPoint
seymchan,"NEW! Tsarev Meteorite Chondrite L5, Russia, Nice Fragment 35.8 Grams",15.65,2021-11-28,35.8,0.44,WorthPoint
seymchan,"NEW! Meteorite Seymchan, Lot Of 2 Cut Pieces. 51.7 Grams",6.5,2021-11-28,51.7,0.13,WorthPoint
seymchan,"Meteorite Sericho, Pallasite, Kenya, Lot Of Rusty Pieces 248 Gr",70.69,2021-11-28,248,0.29,WorthPoint
seymchan,"Excellent Tektite, Libyan Desert Glass, Egypt, Lot Of 4 Pieces. 125 Grams",92,2021-11-28,125,0.74,WorthPoint
seymchan,5.0 Gram SEYMCHAN IRON METEORITE - ETCHED SLICE-PERFECT FOR JEWELRY! PALLASITE!!,20.5,2021-11-26,5,4.1,WorthPoint
seymchan,"NEW! Iron Meteorite Pizhanka Complete Etched Thin Slice 259.5 Grams, Russia",908.99,2021-11-26,259.5,3.5,WorthPoint
seymchan,"Excellent Tektite, Libyan Desert Glass, Egypt, Piece Of 166 Grams",299.99,2021-11-23,166,1.81,WorthPoint
seymchan,"Excellent Tektite, Libyan Desert Glass, Egypt, Piece Of 68 Grams",135.99,2021-11-23,68,2,WorthPoint
seymchan,"Excellent Tektite, Libyan Desert Glass, Egypt, Piece Of 197 Grams",354.99,2021-11-23,197,1.8,WorthPoint
seymchan,"Excellent Tektite, Libyan Desert Glass, Egypt, Piece Of 82 Grams",179.99,2021-11-23,82,2.2,WorthPoint
seymchan,"Excellent Tektite, Libyan Desert Glass, Egypt, Piece Of 87 Grams",173.99,2021-11-23,87,2,WorthPoint
seymchan,"Excellent Tektite, Libyan Desert Glass, Egypt, Piece Of 183 Grams",329.99,2021-11-23,183,1.8,WorthPoint
seymchan,"Excellent Tektite, Libyan Desert Glass, Egypt, Piece Of 327 Grams",589.99,2021-11-23,327,1.8,WorthPoint
seymchan,"Excellent Tektite, Libyan Desert Glass, Egypt, Piece Of 249 Grams",448.99,2021-11-23,249,1.8,WorthPoint
seymchan,"NEW! Iron Meteorite Pizhanka Nice Etched Thin Slice 54.3 Grams, Russia",269.99,2021-11-22,54.3,4.97,WorthPoint
seymchan,"NEW! Tsarev Meteorite Chondrite L5, Russia, Nice Fragment 61.8 Grams",34,2021-11-21,61.8,0.55,WorthPoint
seymchan,"Meteorite Mesosiderite, Vaca Muerta, Chile, Lot Of Rusty Fragments 20 Grams",17.5,2021-11-21,20,0.88,WorthPoint
seymchan,"NEW! Meteorite Seymchan, Lot Of Cuts. 28 Gr",11.61,2021-11-21,28,0.41,WorthPoint
seymchan,"Meteorite Sericho, Pallasite, Kenya, Lot Of Rusty Pieces 244 Gr",152.5,2021-11-21,244,0.63,WorthPoint
seymchan,"70.9 Gram SEYMCHAN PALLASITE METEORITE - Polished SPECIMEN, PERFECT FOR JEWELRY!",637.5,2021-11-20,70.9,8.99,WorthPoint
seymchan,21.1 Gram SEYMCHAN METEORITE Etched Iron Specimen - Great For Jewelry!,35.7,2021-11-19,21.1,1.69,WorthPoint
seymchan,26.72 Gram SEYMCHAN IRON METEORITE - ETCHED SLICE - PERFECT FOR JEWELRY!,68,2021-11-15,26.72,2.54,WorthPoint
seymchan,6.54 G SEYMCHAN METEORITE Pallasite Specimen - NICE OLIVINE- Great For Jewelry!,84.15,2021-11-15,6.54,12.87,WorthPoint
seymchan,2.15 Grams Seymchan Russian Meteorite Cut Iron Fragment Slice Found On June 1967,14.5,2021-11-15,2.15,6.74,WorthPoint
seymchan,"NEW! Meteorite Seymchan, Lot Of Cuts. 25 Gr",10.83,2021-11-14,25,0.43,WorthPoint
seymchan,"Meteorite Sericho, Pallasite, Kenya, Lot Of Rusty Pieces 242 Gr",83,2021-11-14,242,0.34,WorthPoint
seymchan,Topherspin Meteorites 10.78g Beginner's Collection Floating In Membrane Frame,50,2021-11-14,10.78,4.64,WorthPoint
seymchan,"Seymchan Pallasite Meteorite, 78.3g Slice. Translucent Crystals, Stable!",700,2021-11-14,78.3,8.94,WorthPoint
seymchan,25.6 Gram SEYMCHAN METEORITE - Etched Pallasite Slice - Under $5 Per Gram!,97.75,2021-11-12,25.6,3.82,WorthPoint
seymchan,Seymchan Meteorite End Cut 7.5 Grams!,23.1,2021-11-12,7.5,3.08,WorthPoint
seymchan,.152 Grams Seymchan Russian Meteorite Cut Fragment Slice Found On June 1967,5.5,2021-11-12,152,0.04,WorthPoint
seymchan,"NEW! Tsarev Meteorite Chondrite L5, Russia, Nice Fragment 69.4 Grams",16.25,2021-11-07,69.4,0.23,WorthPoint
seymchan,"NEW! Meteorite Seymchan, Lot Of 2 Cut Pieces. 33 Grams",12.25,2021-11-07,33,0.37,WorthPoint
seymchan,"Meteorite Sericho, Pallasite, Kenya, Lot Of Rusty Pieces 240 Gr",80,2021-11-07,240,0.33,WorthPoint
seymchan,"Awesome SAFFORDITE (Arizonaite), Arizona, USA, 11.9 Grams",29.99,2021-11-07,11.9,2.52,WorthPoint
seymchan,Seymchan Meteorite Part Slice 11.7 Grams,26.4,2021-11-07,11.7,2.26,WorthPoint
seymchan,Seymchan Meteorite Part Slice 16.2 Grams,34.1,2021-11-07,16.2,2.1,WorthPoint
seymchan,"Chelyabinsk Meteorite LL5, Recent Fall, Russia, Lot Excellent Individuals 20.8 G",249.99,2021-11-06,20.8,12.02,WorthPoint
seymchan,6.7 Gram SEYMCHAN IRON METEORITE - ETCHED SLICE-PERFECT FOR JEWELRY!! Pallasite!,20.5,2021-11-01,6.7,3.06,WorthPoint
seymchan,"NEW!!! RARE NWA 11179 CM2 Chondrite, 1.15 Gram Full Small Slice",69.99,2021-11-01,1.15,60.86,WorthPoint
seymchan,7.80 G SEYMCHAN METEORITE Pallasite Specimen - NICE OLIVINE- Great For Jewelry!,84.15,2021-10-31,7.8,10.79,WorthPoint
seymchan,"Meteorite Sericho, Pallasite, Kenya, Lot Of Rusty Pieces 247 Gr",73.72,2021-10-31,247,0.3,WorthPoint
seymchan,AWESOME 221gram SEYMCHAN Metorite Iron/pallesite INDIVIDUAL,355,2021-10-30,221,1.61,WorthPoint
seymchan,14.5 Gram SEYMCHAN METEORITE Etched Iron Specimen - Great For Jewelry!,29.75,2021-10-28,14.5,2.05,WorthPoint
seymchan,"3.77 Gram SEYMCHAN Pallasite METEORITE - Etched SPECIMEN, PERFECT FOR JEWELRY!",42.5,2021-10-28,3.77,11.27,WorthPoint
seymchan,"NEWEST!!! RARE NWA 6488 BRECCIATED EUCRITE, METEORITE, FULL SLICE, 139 Gr",999.99,2021-10-27,139,7.19,WorthPoint
seymchan,"Seymchan Pallasite Meteorite, 86.2g Slice. Translucent Crystals, Stable!",860,2021-10-25,86.2,9.98,WorthPoint
seymchan,"Chondrite L6 METEORITE JAH 073, Excellent Part Individual, Oman, 22.6 Grams",6.75,2021-10-24,22.6,0.3,WorthPoint
seymchan,"NEW! Meteorite Seymchan, Lot Of 2 Cut Pieces. 42.2 Grams",26,2021-10-24,42.2,0.62,WorthPoint
seymchan,"NEW! Iron Meteorite Pizhanka Lot Of Nice Small Thin Slices 22.8 Grams, Russia",50.75,2021-10-24,22.8,2.23,WorthPoint
seymchan,"Meteorite Sericho, Pallasite, Kenya, Lot Of Rusty Pieces 246 Gr",61,2021-10-24,246,0.25,WorthPoint
seymchan,"Excellent Tektite, Libyan Desert Glass, Egypt, Lot Of 8 Pieces. 110 Grams",114.62,2021-10-24,110,1.04,WorthPoint
seymchan,4.1 Gram SEYMCHAN METEORITE Pallasite -Beautiful GLOWING CRYSTALS,41.65,2021-10-24,4.1,10.16,WorthPoint
seymchan,Seymchan Meteorite Part Slice 10 Grams,23.1,2021-10-22,10,2.31,WorthPoint
seymchan,"NEW! Tsarev Meteorite Chondrite L5, Russia, Nice Fragment 63.4 Grams",15.5,2021-10-17,63.4,0.24,WorthPoint
seymchan,"Meteorite Sericho, Pallasite, Kenya, Lot Of Rusty Pieces 252 Gr",27,2021-10-17,252,0.11,WorthPoint
seymchan,"Excellent Tektite, Libyan Desert Glass, Egypt, Lot Of 11 Pieces. 101 Grams",92.75,2021-10-17,101,0.92,WorthPoint
seymchan,14.9 G SEYMCHAN METEORITE Pallasite Specimen - NICE OLIVINE- Great For Jewelry!,170,2021-10-17,14.9,11.41,WorthPoint
seymchan,"31.4 Grams, Seymchan Stony-iron Pallasite Meteorite Slice, 1967 Russian Fall",48.6,2021-10-15,31.4,1.55,WorthPoint
seymchan,"16.4 Gram SEYMCHAN PALLASITE METEORITE - Polished SPECIMEN, PERFECT FOR JEWELRY!",140.25,2021-10-13,16.4,8.55,WorthPoint
seymchan,12.69 Gram SEYMCHAN METEORITE Pallasite -Beautiful GLOWING CRYSTALS,92.65,2021-10-12,12.69,7.3,WorthPoint
seymchan,"24.2 Gram SEYMCHAN Pallasite METEORITE - Polished SPECIMEN, PERFECT FOR JEWELRY!",212.5,2021-10-12,24.2,8.78,WorthPoint
seymchan,"Seymchan Pallasite 5.8g Iron Meteorite, Beautiful Etched Part Slice, Gorgeous!!",41,2021-10-10,5.8,7.07,WorthPoint
seymchan,"NEW! Iron Meteorite Pizhanka Nice Etched Thin Slice 44.7 Grams, Russia",223.49,2021-10-08,44.7,5,WorthPoint
seymchan,"NEW! NWA 12676 And Tassédet 004 H5-melt Breccia Meteorite, 9.82 Gram Endcut",39.99,2021-10-06,9.82,4.07,WorthPoint
seymchan,"Seymchan Pallasite 22.1g Iron Meteorite, Beautiful Polished Part Slice",80,2021-10-06,22.1,3.62,WorthPoint
seymchan,Seymchan IIE Iron/ Pallasite PMG Meteorite Slice Russia 7.29 Grams,39.75,2021-10-05,7.29,5.45,WorthPoint
seymchan,"Ureilite METEORITE JaH 054, Excellent Full Slice, Oman, 35.3 Gr From Finder",529.99,2021-10-05,35.3,15.01,WorthPoint
seymchan,"88.2 Gram SEYMCHAN PALLASITE METEORITE - Polished SPECIMEN, PERFECT FOR JEWELRY!",890,2021-10-05,88.2,10.09,WorthPoint
seymchan,Museum Quality! Super Sphere! Sensational Seymchan Pallasite Meteorite 316 Gms,2361.75,2021-10-03,316,7.47,WorthPoint
seymchan,SEYMCHAN METEORITE Slice Metal & Olivine 21.3 Grams,65,2021-10-03,21.3,3.05,WorthPoint
seymchan,Seymchan Etched Meteorite 8.5 Grams Part Slice!,25.3,2021-10-02,8.5,2.98,WorthPoint
seymchan,"NEW! Tsarev Meteorite L5, Russia, Excellent Sphere 40 Mm, 116.1 Grams",699.99,2021-09-29,116.1,6.03,WorthPoint
seymchan,27.02 Gram SEYMCHAN IRON METEORITE - ETCHED SLICE - PERFECT FOR JEWELRY!,82,2021-09-28,27.02,3.03,WorthPoint
seymchan,"10.1 Gram SEYMCHAN Pallasite METEORITE - Polished SPECIMEN, PERFECT FOR JEWELRY!",125,2021-09-27,10.1,12.38,WorthPoint
seymchan,Meteorite Collection Lot Four Different Types In Labeled Bottles,85.75,2021-09-27,,,WorthPoint
seymchan,Seymchan Pallasite Meteorite Part Slice 19.1 Grams,132,2021-09-26,19.1,6.91,WorthPoint
seymchan,Seymchan Pallasite Meteorite End Cut 21.3 Grams,137.5,2021-09-26,21.3,6.46,WorthPoint
seymchan,"12.6 Gram SEYMCHAN Pallasite METEORITE - Polished SPECIMEN, PERFECT FOR JEWELRY!",155,2021-09-24,12.6,12.3,WorthPoint
seymchan,Seymchan Meteorite Pallasite Part Slice 19.9 Grams!,70.4,2021-09-24,19.9,3.54,WorthPoint
seymchan,"4.55 Gram SEYMCHAN Pallasite METEORITE - Polished SPECIMEN, PERFECT FOR JEWELRY!",55,2021-09-24,4.55,12.09,WorthPoint
seymchan,"NEW RARE!! NWA 11828 LUNAR, Feldspathic Regolith Breccia, Piece, 6.84 Grams",341.99,2021-09-20,6.84,50,WorthPoint
seymchan,SEYMCHAN METEORITE Slice Metal & Olivine 29 Grams,87,2021-09-19,29,3,WorthPoint
seymchan,"RAREEST! Meteorite Sericho, Pallasite, Kenya, 0.27 Gr Oriented",26.99,2021-09-18,0.27,99.96,WorthPoint
seymchan,Seymchan Meteorite Part Slice 29.1 Grams,58.3,2021-09-11,29.1,2,WorthPoint
seymchan,"Meteorite NWA Xxxxxx, Ordinary Chondrite, Lot Of Two Individuals, 19.0 Grams",18.99,2021-09-10,19,1,WorthPoint
seymchan,Seymchan Meteorite Part Slice 30 Grams,59.4,2021-09-10,30,1.98,WorthPoint
seymchan,11.3 Gram SEYMCHAN IRON METEORITE - ETCHED SLICE-PERFECT FOR JEWELRY! PALLLASITE,26,2021-09-10,11.3,2.3,WorthPoint
seymchan,"RARE! Meteorite Mesosiderite, Vaca Muerta, Lot Of 5 Endcuts 10.7 Grams",53.99,2021-09-07,10.7,5.05,WorthPoint
seymchan,Seymchan Etched Meteorite 35.1 Grams Part Slice!,69.3,2021-09-06,35.1,1.97,WorthPoint
seymchan,Seymchan Etched Meteorite 31.1 Grams Part Slice!,61.6,2021-09-06,31.1,1.98,WorthPoint
seymchan,Seymchan Meteorite Part Slice 36.5 Grams,71.5,2021-09-06,36.5,1.96,WorthPoint
seymchan,Seymchan Meteorite Russia Thick Slice Featuring Olivine Pocket 108 Grams,110.5,2021-09-05,108,1.02,WorthPoint
seymchan,Seymchan Meteorite Part Slice 51.6 Grams,99,2021-09-01,51.6,1.92,WorthPoint
seymchan,"NEW!!! RARE NWA 11179 CM2 Chondrite, 1.81 Gram Slice",107.99,2021-08-30,1.81,59.66,WorthPoint
seymchan,2.81 Grams Seymchan Russian Meteorite Cut Iron Fragment Slice Found On June 1967,6.8,2021-08-28,2.81,2.42,WorthPoint
seymchan,1.91 Grams Seymchan Russian Meteorite Cut Iron Fragment Slice Found On June 1967,6.8,2021-08-28,1.91,3.56,WorthPoint
seymchan,Seymchan Meteorite 2.46 Grams Found 1967 In Russia Pallasite TKW 323.3 Kg,34,2021-08-28,2.46,13.82,WorthPoint
seymchan,2.6 Gram SEYMCHAN METEORITE Pallasite -Beautiful GLOWING CRYSTALS,39,2021-08-25,2.6,15,WorthPoint
seymchan,Seymchan IIE Iron/ Pallasite PMG Meteorite Lot Russia 28.52 Grams,49.75,2021-08-25,28.52,1.74,WorthPoint
seymchan,HUGE MUSEUM GRADE 424g ESQUEL PALLASITE METEORITE W/ STUNNING OLIVINE CHATOYANCE,19995,2021-08-25,424,47.16,WorthPoint
seymchan,7.4 Gram SEYMCHAN METEORITE Pallasite -Beautiful GLOWING CRYSTALS,67.5,2021-08-24,7.4,9.12,WorthPoint
seymchan,3.2 Gram SEYMCHAN METEORITE Pallasite -Beautiful GLOWING CRYSTALS,17.1,2021-08-23,3.2,5.34,WorthPoint
seymchan,2.04 Grams Seymchan Russian Meteorite Cut Iron Fragment Slice Found On June 1967,6.8,2021-08-22,2.04,3.33,WorthPoint
seymchan,Seymchan Meteorite Part Slice 14.2 Grams,30.8,2021-08-21,14.2,2.17,WorthPoint
seymchan,Seymchan Etched Meteorite 17.5 Grams Part Slice!,37.4,2021-08-21,17.5,2.14,WorthPoint
seymchan,8.7 Gram SEYMCHAN METEORITE Pallasite -Beautiful GLOWING CRYSTALS,80.1,2021-08-20,8.7,9.21,WorthPoint
seymchan,10.7 G SEYMCHAN METEORITE Pallasite Specimen - NICE OLIVINE- Great For Jewelry!,135,2021-08-20,10.7,12.62,WorthPoint
seymchan,AWESOME 4.85 Gram SEYMCHAN METEORITE Pallasite Specimen - Great For Jewelry!,80.1,2021-08-20,4.85,16.52,WorthPoint
seymchan,5.8 Gram SEYMCHAN METEORITE Pallasite -Beautiful GLOWING CRYSTALS,53.1,2021-08-20,5.8,9.16,WorthPoint
seymchan,18.14 Gram SEYMCHAN IRON METEORITE - ETCHED SLICE - PERFECT FOR JEWELRY!,49.5,2021-08-17,18.14,2.73,WorthPoint
seymchan,GORGEOUS 96g IMILAC PALLASITE METEORITE FULL SLICE! SIMPLY STUNNING!!!,4895,2021-08-17,96,50.99,WorthPoint
seymchan,"NEW! Iron Meteorite Pizhanka Nice Etched Thin Slice 104.6 Grams, Russia",418.99,2021-08-17,104.6,4.01,WorthPoint
seymchan,SEYMCHAN METEORITE Slice Metal & Olivine 13 Grams,45,2021-08-17,13,3.46,WorthPoint
seymchan,"Seymchan Pallasite 11.2g Iron Meteorite, Beautiful Etched Part Slice, Gorgeous!!",22,2021-08-14,11.2,1.96,WorthPoint
seymchan,GORGEOUS SCULPTURAL 105g IMILAC PALLASITE METEORITE W/ BEAUTIFUL OLIVINES!!,2756.25,2021-08-14,105,26.25,WorthPoint
seymchan,EXCEPTIONAL SCULPTURAL 126g IMILAC PALLASITE METEORITE W/ BLUE FUSION CRUST,2996.25,2021-08-14,126,23.78,WorthPoint
seymchan,"2012 Cook Islands Seymchan Meteorite, Silver Proof $5, Genuine Embedded Fragment",128,2021-08-14,,,WorthPoint
seymchan,"Meteorite Gebel Kamil Excellent Complete Small Slice 15.35 Grams, Egypt",60.99,2021-08-13,15.35,3.97,WorthPoint
seymchan,INCOMPARABLE 176g IMILAC PALLASITE METEORITE FULL OF OLIVINE! SIMPLY THE BEST!,8995,2021-08-13,176,51.11,WorthPoint
seymchan,INCOMPARABLE 174g IMILAC PALLASITE METEORITE FULL OF OLIVINE! SIMPLY THE BEST!,8997,2021-08-13,174,51.71,WorthPoint
seymchan,Meteorite Seymchan Pallasitic Cut Block 219 Grams,547.49,2021-08-12,219,2.5,WorthPoint
seymchan,Seymchan Etched Meteorite 10.5 Grams Part Slice!,24.2,2021-08-11,10.5,2.3,WorthPoint
seymchan,Seymchan Meteorite End Cut 20 Grams!,33.44,2021-08-09,20,1.67,WorthPoint
seymchan,4.6 Gram SEYMCHAN METEORITE Pallasite -Beautiful GLOWING CRYSTALS,49,2021-08-07,4.6,10.65,WorthPoint
seymchan,"NEW! Iron Meteorite Pizhanka Nice Etched Thin Slice 141.1 Grams, Russia",564.99,2021-08-06,141.1,4,WorthPoint
seymchan,74.0 Gram ECTHED GIBEON METEORITE SLICE - NAMIBIA AFRICA - Brilliant Etch!,225,2021-08-05,74,3.04,WorthPoint
seymchan,"Seymchan 105.6g Iron Meteorite, Beautiful End Cut With 2 Sides Etched Gorgeous!!",155,2021-08-05,105.6,1.47,WorthPoint
seymchan,Rare Pallasite Meteorite Seymchan 56.1 Grams With Stand And Coa,209,2021-08-04,56.1,3.73,WorthPoint
seymchan,"Meteorite Seymchan Pallasite FACETED OLIVINE GEM, 1 Piece 4.15 Mm, 0.269 Ct #19",134.99,2021-07-30,0.054,2499.81,WorthPoint
seymchan,Seymchan Pallasite Meteorite Part Slice 37.9 Grams,165,2021-07-30,37.9,4.35,WorthPoint
seymchan,"Impact Rock From Kamensk Impact Crater, Russia, Slice Of 268 Grams",59.99,2021-07-28,268,0.22,WorthPoint
seymchan,SEYMCHAN IRON METEORITE SPHERE Rhodium Plated Etched WIDMANSTATTEN Pattern,449.95,2021-07-28,,,WorthPoint
seymchan,Seymchan Meteorite Part Slice 13.8 Grams,25.24,2021-07-26,13.8,1.83,WorthPoint
seymchan,"NEW! Meteorite IMILAC Olivine Reach, New Find 2019, Endcut 183 Grams",2744.99,2021-07-26,183,15,WorthPoint
seymchan,"Seymcha Meteorite, 122g, Full Slice. Translucent Pallasite, Guaranteed Stable.",610,2021-07-25,122,5,WorthPoint
seymchan,"NEWEST!!! RARE NWA 8118 LODRANITE METEORITE, SLICE, 11.7 Gr",289.99,2021-07-23,11.7,24.79,WorthPoint
seymchan,Seymchan Meteorite Part Slice 12.2 Grams,27.5,2021-07-21,12.2,2.25,WorthPoint
seymchan,"Seymchan Meteorite 91.9 Grams Found1967 Russia Pallasite, PMG TKW 323.3 Kg SLICE",210,2021-07-21,91.9,2.29,WorthPoint
seymchan,3.0 Gram SEYMCHAN METEORITE Pallasite -Beautiful GLOWING CRYSTALS,39,2021-07-21,3,13,WorthPoint
seymchan,"Seymchan 57.1g Iron Meteorite, Etched Part Slice.",85,2021-07-19,57.1,1.49,WorthPoint
seymchan,"NEW! Tsarev Meteorite L5, Russia, Tumbled Piece 52.5 Grams",7.5,2021-07-19,52.5,0.14,WorthPoint
seymchan,"NEWEST! Iron Meteorite Turgut Etched Complete Slice 1013 Grams, Turkey",3999.99,2021-07-12,1013,3.95,WorthPoint
seymchan,"Meteorite Seymchan Completed Piece 1051 Grams, Very Nice Structure",999.99,2021-07-12,1051,0.95,WorthPoint
seymchan,"NEW! Tsarev Meteorite L5, Russia, Tumbled Piece 52.3 Grams",13.01,2021-07-12,52.3,0.25,WorthPoint
seymchan,Seymchan IIE Iron/Pallasite PMG Meteorite Pendant Necklace 18-20 Inches,12.75,2021-07-11,,,WorthPoint
seymchan,"RAREEST! Meteorite Sericho, Pallasite, Kenya, 0.39 Gr Oriented",38.99,2021-07-11,0.39,99.97,WorthPoint
seymchan,MUSEUM GRADE 371g ESQUEL PALLASITE METEORITE PART SLICE FULL OF STUNNING OLIVINE,16995,2021-07-11,371,45.81,WorthPoint
seymchan,INCOMPARABLE 220g IMILAC PALLASITE METEORITE FULL OF OLIVINE! SIMPLY THE BEST!,8650.15,2021-07-09,220,39.32,WorthPoint
seymchan,"NEW RARE!! NWA 10645 Nakhlite MARTIAN Meteorite, Fragment, 0.49 Grams",319.99,2021-07-08,0.49,653.04,WorthPoint
seymchan,"NEW! Tsarev Meteorite L5, Russia, Tumbled Piece 48.8 Grams",24.74,2021-07-05,48.8,0.51,WorthPoint
seymchan,18.9 Gram SEYMCHAN METEORITE Etched Iron Specimen - Great For Jewelry!,40,2021-07-05,18.9,2.12,WorthPoint
seymchan,Seymchan Pallasite Meteorite Part Slice 34.1 Grams,229.9,2021-07-03,34.1,6.74,WorthPoint
seymchan,11.9 Grams Seymchan Russian Meteorite Cut Iron 30x21x2mm Slice Found Russia 1967,40,2021-07-01,11.9,3.36,WorthPoint
seymchan,NEW! Meteorite Seymchan Lot Of Small Cuts From A Pallasite Piece. 28 Grams,6.05,2021-06-28,28,0.22,WorthPoint
seymchan,"NEW! Tsarev Meteorite L5, Russia, Tumbled Piece 46.3 Grams",15.5,2021-06-28,46.3,0.33,WorthPoint
seymchan,"NEW! Meteorite IMILAC Olivine Reach, New Find 2019, Endcut 207 Grams",3104.99,2021-06-27,207,15,WorthPoint
seymchan,Seymchan Meteorite Part Slice 20.9 Grams,39,2021-06-23,20.9,1.87,WorthPoint
seymchan,Seymchan Meteorite Part Slice 16.1 Grams,31,2021-06-23,16.1,1.93,WorthPoint
seymchan,27.9 Gram SEYMCHAN METEORITE - Etched Pallasite Slice - Under $5 Per Gram!,139,2021-06-23,27.9,4.98,WorthPoint
seymchan,Seymchan Meteorite Part Slice 11.3 Grams,23,2021-06-22,11.3,2.04,WorthPoint
seymchan,"Meteorite Maslyanino, Silicated Iron, Russia, Thin Slice 114.6 Grams",1145.99,2021-06-21,114.6,10,WorthPoint
seymchan,"NEW! Tsarev Meteorite L5, Russia, Tumbled Piece 41.0 Grams",12,2021-06-21,41,0.29,WorthPoint
seymchan,"NEW! Iron Meteorite Pizhanka Complete Etched Thin Slice 246.5 Grams, Russia",862.99,2021-06-20,246.5,3.5,WorthPoint
seymchan,"Meteorite Maslyanino, Silicated Iron, Russia, Thin Slice 121.3 Grams",1212.99,2021-06-20,121.3,10,WorthPoint
seymchan,"Meteorite Maslyanino, Silicated Iron, Russia, Thin Slice 125.4 Grams",1253.99,2021-06-20,125.4,10,WorthPoint
seymchan,AWESOME 18.8 Gram SEYMCHAN METEORITE Pallasite Specimen - Great For Jewelry!,120,2021-06-20,18.8,6.38,WorthPoint
seymchan,Seymchan Etched Meteorite 8.3 Grams Part Slice!,22,2021-06-19,8.3,2.65,WorthPoint
seymchan,Cool Shape 28.59 Gram SEYMCHAN METEORITE Pallasite -Beautiful GLOWING CRYSTALS,290,2021-06-19,28.59,10.14,WorthPoint
seymchan,AWESOME 11.0 Gram SEYMCHAN METEORITE Pallasite Specimen - Great For Jewelry!,135,2021-06-19,11,12.27,WorthPoint
seymchan,Seymchan Meteorite Part Slice 47.4 Grams,83,2021-06-19,47.4,1.75,WorthPoint
seymchan,4.7 Gram SEYMCHAN METEORITE Pallasite -Beautiful GLOWING CRYSTALS,49,2021-06-18,4.7,10.43,WorthPoint
seymchan,Seymchan Etched Meteorite 11.5 Grams Part Slice!,24,2021-06-18,11.5,2.09,WorthPoint
seymchan,Seymchan Meteorite Slab,1500,2021-06-17,,,WorthPoint
seymchan,Seymchan Etched Meteorite 20 Grams Part Slice!,38,2021-06-17,20,1.9,WorthPoint
seymchan,Seymchan Meteorite End Cut 5.8 Grams,14,2021-06-16,5.8,2.41,WorthPoint
seymchan,Highly Aesthetic Seymchan Meteorite (Pallasite) Slice ~ 45.55 Grams,460,2021-06-15,45.55,10.1,WorthPoint
seymchan,"NEW! Tsarev Meteorite L5, Russia, Tumbled Piece 40.4 Grams",8.5,2021-06-14,40.4,0.21,WorthPoint
seymchan,48.5 Gram SEYMCHAN IRON METEORITE - ETCHED SLICE - PERFECT FOR JEWELRY!,99,2021-06-13,48.5,2.04,WorthPoint
seymchan,23.4 Gram SEYMCHAN METEORITE Pallasite - Iron And Olivine - Transition Slice,119,2021-06-12,23.4,5.09,WorthPoint
seymchan,Seymchan Meteorite Pallasite Part Slice 54.4 Grams!,286,2021-06-11,54.4,5.26,WorthPoint
seymchan,"Meteorite Gebel Kamil Excellent Complete Small Slice 15.75 Grams, Egypt",62.99,2021-06-07,15.75,4,WorthPoint
seymchan,"NEW! Tsarev Meteorite L5, Russia, Tumbled Piece Grams",41,2021-06-07,,,WorthPoint
seymchan,"Meteorite Lot Of 10 W/COAs - Golden Pallasite, Brahin, Seymchan, Gibeon + More!",84.95,2021-05-29,,,WorthPoint
seymchan,"NEW RARE!! NWA 10645 Nakhlite MARTIAN Meteorite, Lot Of Crumbs, 0.21 Grams",129.99,2021-05-28,0.21,619,WorthPoint
seymchan,Seymchan Pallasite Meteorite Part Slice 54.1 Grams,340,2021-05-26,54.1,6.28,WorthPoint
seymchan,SUPERB 775g ETCHED SEYMCHAN PALLASITE METEORITE END CUT FULL OF STUNNING OLIVINE,6995,2021-05-25,775,9.03,WorthPoint
seymchan,128.8g SEYMCHAN Meteorite Partial Slice I Spectacular Etch - TOP METEORITE,320,2021-05-25,128.8,2.48,WorthPoint
seymchan,126g SEYMCHAN Meteorite Partial Slice I Spectacular Etch - TOP METEORITE,315,2021-05-25,126,2.5,WorthPoint
seymchan,8.3 Gram SEYMCHAN METEORITE Pallasite -Beautiful GLOWING CRYSTALS,89,2021-05-25,8.3,10.72,WorthPoint
seymchan,1.9 Gram SEYMCHAN METEORITE Pallasite -Beautiful GLOWING CRYSTALS,29,2021-05-24,1.9,15.26,WorthPoint
seymchan,1.838 Grams Seymchan Russian Meteorite Cut Iron Fragment Widmanstatten Pattern,6.99,2021-05-22,1.838,3.8,WorthPoint
seymchan,2.680 Grams Seymchan Russian Meteorite Cut Iron Fragment Widmanstatten Pattern,9.99,2021-05-22,2.68,3.73,WorthPoint
seymchan,Give Her The Stars! Heart Shaped Seymchan Meteorite In A Stainless Pendant!,24.99,2021-05-21,,,WorthPoint
seymchan,3.5 Gram SEYMCHAN METEORITE Pallasite -Beautiful GLOWING CRYSTALS,39,2021-05-21,3.5,11.14,WorthPoint
seymchan,7.74 Gram SEYMCHAN IRON METEORITE - ETCHED SLICE - PERFECT FOR JEWELRY!,22,2021-05-20,7.74,2.84,WorthPoint
seymchan,"Meteorite, Ataxite Chinge/Chinga, Russia, Complete Not Cleaned Piece, 133 Grams",185.99,2021-05-19,133,1.4,WorthPoint
seymchan,2012 Seycham Meteorite 20gram Silver Coin 5$ Cook Island,129.99,2021-05-18,20,6.5,WorthPoint
seymchan,Meteorite Collection LOT 1 Lunar Martian HED Pallasite Mesosiderite Tektite RARE,599.99,2021-05-18,,,WorthPoint
seymchan,7.07 Gram SEYMCHAN IRON METEORITE - ETCHED SLICE - PERFECT FOR JEWELRY!,25,2021-05-17,7.07,3.54,WorthPoint
seymchan,3.6 Gram SEYMCHAN METEORITE Pallasite -Beautiful GLOWING CRYSTALS,39,2021-05-17,3.6,10.83,WorthPoint
seymchan,"NEWEST! Meteorite Los Vientos 262, Chile. One Broken Piece. 252 Grams",76.51,2021-05-16,252,0.3,WorthPoint
seymchan,"Chondrite L6 METEORITE JAH 073, Nice Broken Individual, Oman, 70 Grams",9.51,2021-05-16,70,0.14,WorthPoint
seymchan,4.10 Grams Seymchan Russian Meteorite Cut Iron Fragment Slice Found On June 1967,13,2021-05-16,4.1,3.17,WorthPoint
seymchan,2.70 Grams Seymchan Russian Meteorite Cut Iron Fragment Slice Found On June 1967,8.9,2021-05-16,2.7,3.3,WorthPoint
seymchan,Seymchan Meteorite Pallasite Part Slice 46.1 Grams!,254.15,2021-05-15,46.1,5.51,WorthPoint
seymchan,"Lot Of 20 Fish Teeth, Pycnodus Sp., Early Cretatious, Russia #2",59.99,2021-05-14,,,WorthPoint
seymchan,4.0 Gram SEYMCHAN METEORITE Pallasite -Beautiful GLOWING CRYSTALS,39,2021-05-12,4,9.75,WorthPoint
seymchan,"Lot Of 17 Fish Teeth, Pycnodus Sp., Early Cretatious, Russia",54.99,2021-05-11,,,WorthPoint
seymchan,AWESOME 2.84 Gram SEYMCHAN METEORITE Pallasite Specimen - Great For Jewelry!,69,2021-05-11,2.84,24.3,WorthPoint
seymchan,12.1 Gram SEYMCHAN METEORITE Etched Iron Specimen - Great For Jewelry!,25,2021-05-09,12.1,2.07,WorthPoint
seymchan,1.93 Grams Seymchan Russian Meteorite Cut Iron Fragment Slice Found On June 1967,7,2021-05-09,1.93,3.63,WorthPoint
seymchan,Meteorite: 303.7 Gram Seymchan Pallasite End Cut.,1005,2021-05-09,303.7,3.31,WorthPoint
seymchan,6.3 Gram SEYMCHAN METEORITE Pallasite -Beautiful GLOWING CRYSTALS,65,2021-05-09,6.3,10.32,WorthPoint
seymchan,Seymchan Meteorite Pallasite Part Slice 44.5 Grams!,237,2021-05-05,44.5,5.33,WorthPoint
seymchan,7.2 Gram SEYMCHAN METEORITE Pallasite -Beautiful GLOWING CRYSTALS,75,2021-05-05,7.2,10.42,WorthPoint
seymchan,"RARE!! Meteorite Sericho, Pallasite, Kenya, Complete Piece WITH HOLE! 40.2 Grams",99.99,2021-05-03,40.2,2.49,WorthPoint
seymchan,"Meteorite, Ataxite Chinge/Chinga, Russia, Complete Bit Cleaned Piece, 528 Grams",659.99,2021-05-03,528,1.25,WorthPoint
seymchan,"RARE! Meteorite Sericho, Pallasite, Kenya, Complete Cleaned Piece, 5300 Grams",3999.99,2021-05-03,5300,0.75,WorthPoint
seymchan,Seymchan Pallasite Meteorite 29.9 Grams. Translucency With An Etched Pattern!!!,245,2021-05-02,29.9,8.19,WorthPoint
seymchan,1.5 Gram SEYMCHAN METEORITE Pallasite -Beautiful GLOWING CRYSTALS,19,2021-05-01,1.5,12.67,WorthPoint
seymchan,8.8 Gram SEYMCHAN METEORITE Pallasite -Beautiful GLOWING CRYSTALS,90,2021-05-01,8.8,10.23,WorthPoint
seymchan,3.8 Gram SEYMCHAN METEORITE Pallasite -Beautiful GLOWING CRYSTALS,49,2021-05-01,3.8,12.89,WorthPoint
seymchan,"NEW RAREST!! Erg Chech 002, Ungropped Achondrite, Complete Piece, 10.08 Grams",554.99,2021-04-29,10.08,55.06,WorthPoint
seymchan,"NEW!! Cast Of Heliocoprion Tooth Spiral, Permian, Russia",399.99,2021-04-29,,,WorthPoint
seymchan,AWESOME 6.49 Gram SEYMCHAN METEORITE Pallasite Specimen - Great For Jewelry!,99,2021-04-29,6.49,15.25,WorthPoint
seymchan,Seymchan Meteorite Pallasite Full Slice 87.4 Grams!,236.3,2021-04-28,87.4,2.7,WorthPoint
seymchan,Great Deal! Low Price!l! Sensational Seymchan Iron Meteorite Slice! 24.1 Gms,44.25,2021-04-25,24.1,1.84,WorthPoint
seymchan,AWESOME 2.85 Gram SEYMCHAN METEORITE Pallasite Specimen - Great For Jewelry!,69,2021-04-25,2.85,24.21,WorthPoint
seymchan,"139 Grams Total Weight Seymchan Meteorite Pallasite Slice 3"" X 3""",97.87,2021-04-25,139,0.7,WorthPoint
seymchan,Seymchan Pallasite Meteorite Full Slice 155.7 Grams,295,2021-04-21,155.7,1.89,WorthPoint
seymchan,"NEW RARE!! NWA 10720 Nakhlite MARTIAN Meteorite, Fragment, 0.38 Grams",227.99,2021-04-19,0.38,599.97,WorthPoint
seymchan,AWESOME 11.9 Gram SEYMCHAN METEORITE Pallasite Specimen - Great For Jewelry!,70,2021-04-17,11.9,5.88,WorthPoint
seymchan,Seymchan Meteorite Pallasite Part Slice 8 Grams!,51,2021-04-17,8,6.38,WorthPoint
seymchan,"RARE Pallasite Meteorite From Russia, SEYMCHAN",2500,2021-04-17,,,WorthPoint
seymchan,"Large IRGIZITE From Zhamanshin Impact Crater, Kazakhstan, 0.35 Grams",9.99,2021-04-16,0.35,28.54,WorthPoint
seymchan,19.4 Gram SEYMCHAN METEORITE Etched Iron Specimen - Great For Jewelry!,40,2021-04-15,19.4,2.06,WorthPoint
seymchan,AWESOME 22.6 Gram SEYMCHAN METEORITE Pallasite Specimen - Great For Jewelry!,99,2021-04-15,22.6,4.38,WorthPoint
seymchan,Seymchan Pallasite Meteorite Part Slice Rare Space Artifact 291 Grams!!!,565,2021-04-13,291,1.94,WorthPoint
seymchan,"NEWEST! Iron Meteorite Turgut Etched Part Slice 76 Grams, Turkey",273.99,2021-04-13,76,3.61,WorthPoint
seymchan,AWESOME 5.62 Gram SEYMCHAN METEORITE Pallasite Specimen - Great For Jewelry!,115,2021-04-12,5.62,20.46,WorthPoint
seymchan,Seymchan Pallasite Meteorite Part Slice Rare Space Artifact!!!,300,2021-04-11,,,WorthPoint
seymchan,Seymchan Meteorite Pallasite Part Slice 12.8 Grams!,74,2021-04-09,12.8,5.78,WorthPoint
seymchan,"NEW! Aiquile Meteorite H5, Recent Fall 2016,Bolivia, Excellent Endcut 10.23 Gram",159.99,2021-04-08,10.23,15.64,WorthPoint
seymchan,Seymchan Pallasite Meteorite Part Slice 40.3 Grams!,152,2021-04-04,40.3,3.77,WorthPoint
seymchan,Seymchan Meteorite Guitar Pick Pendant (5.65 Grams),225,2021-04-03,5.65,39.82,WorthPoint
seymchan,"NEWEST!!! Stromatolite, Carboniferous, Moscow Region, Russia, Slice 265 Grams",59.99,2021-04-03,265,0.23,WorthPoint
seymchan,"NEW! Stromatolite Inzeria Tjomusi Upperproterozoic, Bashkortostan, Russia 189 Gr",39.99,2021-04-03,189,0.21,WorthPoint
seymchan,2.16 Grams Seymchan Russian Meteorite Cut Iron Fragment Slice Found On June 1967,6.49,2021-04-03,2.16,3,WorthPoint
seymchan,AWESOME 6.25 Gram SEYMCHAN METEORITE Pallasite Specimen - Great For Jewelry!,125,2021-04-01,6.25,20,WorthPoint
seymchan,2.07 Grams Seymchan Russian Meteorite Cut Iron Fragment Slice Found On June 1967,8.99,2021-04-01,2.07,4.34,WorthPoint
seymchan,RARE SEYMCHAN IRON METEORITE SPHERE Rhodium Plated Carving Etched WIDMANSTATTEN,449.95,2021-03-31,,,WorthPoint
seymchan,1.19 Grams Seymchan Russian Meteorite Cut Iron Fragment Slice Found On June 1967,5.99,2021-03-31,1.19,5.03,WorthPoint
seymchan,3.06 Grams Seymchan Russian Meteorite Cut Iron Fragment Slice Found On June 1967,10,2021-03-29,3.06,3.27,WorthPoint
seymchan,METEORITE; Full Etched Slice Of Seymchan Pallasite,569,2021-03-27,,,WorthPoint
seymchan,Meteorite Seymchan Pallasitic Endcut Block 140 Grams,349.99,2021-03-26,140,2.5,WorthPoint
seymchan,"NEW! Iron Meteorite Pizhanka Etched Thin Part Slice 30 Grams, Russia",149.99,2021-03-25,30,5,WorthPoint
seymchan,"NEW! Impact Melt Rock From Rochechouart Impact Crater, France, Slice 305 Grams",99.99,2021-03-23,305,0.33,WorthPoint
seymchan,Seymchan Meteorite Pallasite Part Slice 58.8 Grams!,347,2021-03-22,58.8,5.9,WorthPoint
seymchan,AWESOME 5.59 Gram SEYMCHAN METEORITE Pallasite Specimen - Great For Jewelry!,110,2021-03-22,5.59,19.68,WorthPoint
seymchan,Seymchan Meteorite Pallasite Part Slice 19.8 Grams!,64,2021-03-21,19.8,3.23,WorthPoint
seymchan,"Meteorite Seymchan Etched Cut Block 230 Grams, Very Nice Structure",459.99,2021-03-21,230,2,WorthPoint
seymchan,38.9 Gram SEYMCHAN METEORITE - Etched Pallasite Slice - Under $5 Per Gram!,190,2021-03-20,38.9,4.88,WorthPoint
seymchan,32.8 Gram SEYMCHAN IRON METEORITE - ETCHED SLICE - PERFECT FOR JEWELRY!,99,2021-03-20,32.8,3.02,WorthPoint
seymchan,AWESOME 127.7 Gram SEYMCHAN METEORITE Pallasite Specimen - Great For Jewelry!,750,2021-03-20,127.7,5.87,WorthPoint
seymchan,38.72 Gram SEYMCHAN IRON METEORITE - ETCHED SLICE - PERFECT FOR JEWELRY!,120,2021-03-20,38.72,3.1,WorthPoint
seymchan,1.389 Grams Seymchan Russian Meteorite Cut Iron Fragment Widmanstatten Pattern,5.24,2021-03-20,1.389,3.77,WorthPoint
seymchan,Cook Islands $5 Dollars Silver Proof Crown 2012 Seymchan Meteorite Embedded Coin,82,2021-03-17,,,WorthPoint
seymchan,2.75 Grams Seymchan Russian Meteorite Cut Iron Fragment Slice Found On June 1967,7.99,2021-03-17,2.75,2.91,WorthPoint
seymchan,Seymchan IIE Iron/Pallasite PMG Meteorite Slice Widmanstatten Russia 16.92 Grams,38.75,2021-03-15,16.92,2.29,WorthPoint
seymchan,"NEWEST! Meteorite Los Vientos 262, Chile. Lot Of Fragments. 161 Grams",53,2021-03-14,161,0.33,WorthPoint
seymchan,"NEWEST! Iron Meteorite Turgut Etched Complete Slice 1169 Grams, Turkey",3739.99,2021-03-13,1169,3.2,WorthPoint
seymchan,AWESOME 43.6 Gram SEYMCHAN METEORITE Pallasite Specimen - Great For Jewelry!,218,2021-03-13,43.6,5,WorthPoint
seymchan,Meteorite Seymchan Pallasitic Endcut Block 139 Grams,347.49,2021-03-13,139,2.5,WorthPoint
seymchan,2.040 Grams Seymchan Russian Meteorite Cut Iron Fragment Widmanstatten Pattern,7.99,2021-03-11,2.04,3.92,WorthPoint
seymchan,1.981 Grams Seymchan Russian Meteorite Cut Iron Fragment Widmanstatten Pattern,6.99,2021-03-11,1.981,3.53,WorthPoint
seymchan,"Lot Of Five Excellent Belemnites, Mikhailov, Russia #7",24.99,2021-03-10,,,WorthPoint
seymchan,SEYMCHAN PALLASITE IRON METEORITE Etched Carving Specimen AUTHENTIC RUSSIA,44.95,2021-03-09,,,WorthPoint
seymchan,"NEW!!! RARE NWA 11179 CM2 Chondrite, 0.65 Gram Full Slice",39.99,2021-03-07,0.65,61.52,WorthPoint
seymchan,Seymchan Meteorite Pallasite Part Slice 41.4 Grams!,281.35,2021-03-07,41.4,6.8,WorthPoint
seymchan,2.08 Grams Seymchan Russian Meteorite Cut Iron Fragment Slice Found On June 1967,6.49,2021-03-07,2.08,3.12,WorthPoint
seymchan,Seymchan Meteorite Pallasite Full Slice 110.6 Grams!,296.65,2021-03-06,110.6,2.68,WorthPoint
seymchan,AWESOME 7.82 Gram SEYMCHAN METEORITE Pallasite Specimen - Great For Jewelry!,120,2021-03-05,7.82,15.35,WorthPoint
seymchan,"NEW!!! RARE NWA 11179 CM2 Chondrite, 18.5 Gram Endcut",699.99,2021-03-04,18.5,37.84,WorthPoint
seymchan,AWESOME 9.26 Gram SEYMCHAN METEORITE Pallasite Specimen - Great For Jewelry!,99,2021-03-03,9.26,10.69,WorthPoint
seymchan,25.33 Gram SEYMCHAN METEORITE Pallasite - Iron And Olivine - Transition Slice,119,2021-02-28,25.33,4.7,WorthPoint
seymchan,Seymchan IIE Iron/ Pallasite PMG Meteorite Slice Russia 5.32 Grams,30.75,2021-02-28,5.32,5.78,WorthPoint
seymchan,"Chondrite L4-5 METEORITE JAH 055, Excellent Full Slice, Oman, 113 Grams",112.99,2021-02-28,113,1,WorthPoint
seymchan,"Meteorite From CUBA NEW! Viñales L6, Complete Individual 10.4 Gr. Fell 1 Feb 19",79.99,2021-02-28,10.4,7.69,WorthPoint
seymchan,"Lot Of 4 Moldavites From Czech Republic, 17 Grams",135.99,2021-02-26,17,8,WorthPoint
seymchan,"Lot Of 4 Moldavites From Czech Republic, 12.6 Grams",125.99,2021-02-26,12.6,10,WorthPoint
seymchan,Great Deal! Amazing Crystals! Transitional Seymchan Pallasite Meteorite 48.6 Gms,307.3,2021-02-25,48.6,6.32,WorthPoint
seymchan,25 Gram Seymchan Meteorite Cross Section BEAUTIFUL!,49.99,2021-02-25,25,2,WorthPoint
seymchan,1.25 Grams Seymchan Russian Meteorite OXIDE Iron Fragment Found On June 1967,5.5,2021-02-23,1.25,4.4,WorthPoint
seymchan,AWESOME 12.5 Gram SEYMCHAN METEORITE Pallasite Specimen - Great For Jewelry!,75,2021-02-23,12.5,6,WorthPoint
seymchan,AWESOME 73.1 Gram SEYMCHAN METEORITE Pallasite Specimen - Great For Jewelry!,365,2021-02-22,73.1,4.99,WorthPoint
seymchan,1.61 Grams Seymchan Russian Meteorite Cut Iron Fragment Slice Found On June 1967,12.5,2021-02-20,1.61,7.76,WorthPoint
seymchan,Seymchan Pallasite Meteorite Part Slice 58 Grams,326.4,2021-02-20,58,5.63,WorthPoint
seymchan,2.96 Grams Seymchan Russian Meteorite Cut Iron Fragment Slice Found On June 1967,9.5,2021-02-18,2.96,3.21,WorthPoint
seymchan,1.54 Grams Seymchan Russian Meteorite Cut Iron Fragment Slice Found On June 1967,5.5,2021-02-18,1.54,3.57,WorthPoint
seymchan,Seymchan Pallasite Meteorite End Cut 27.3 Grams!,139.4,2021-02-18,27.3,5.11,WorthPoint
seymchan,"Lot Of Five Excellent Belemnites, Mikhailov, Russia #10",24.99,2021-02-18,,,WorthPoint
seymchan,"Plessitic Iron Meteorite NWA 859 Taza, Morocco, Lot Of 2 Individuals, 34 Grams",203.99,2021-02-15,34,6,WorthPoint
seymchan,"Meteorite, Ataxite Dronino, Russia, Complete Sandblasted Piece, 659 Grams",329.99,2021-02-13,659,0.5,WorthPoint
seymchan,2012 Seymchan Meteorite Coin,75,2021-02-12,,,WorthPoint
seymchan,Cool Shape 24.42 Gram SEYMCHAN METEORITE Pallasite -Beautiful GLOWING CRYSTALS,225,2021-02-11,24.42,9.21,WorthPoint
seymchan,Seymchan Meteorite Pallasite Part Slice 17.3 Grams!,80,2021-02-11,17.3,4.62,WorthPoint
seymchan,Cool Shape 29.4 Gram SEYMCHAN METEORITE Pallasite -Beautiful GLOWING CRYSTALS,295,2021-02-10,29.4,10.03,WorthPoint
seymchan,3.20 Grams Seymchan Russian Meteorite Cut Iron Fragment Slice Found On June 1967,9.99,2021-02-09,3.2,3.12,WorthPoint
seymchan,Seymchan IIE Iron/ Pallasite PMG Meteorite Slice Russia 3.34 Grams,9.38,2021-02-08,3.34,2.81,WorthPoint
seymchan,Low Price! Sensation Seymchan Iron Meteorite W/olivine Crystals! 11.1 Gms,29.25,2021-02-08,11.1,2.64,WorthPoint
seymchan,Seymchan Meteorite Pallasite Part Slice 34.8 Grams!,74,2021-02-07,34.8,2.13,WorthPoint
seymchan,Great Deal! Translucent Crystal! Super Seymchan Iron Meteorite Slice! 22.7 Gms,89,2021-02-06,22.7,3.92,WorthPoint
seymchan,Seymchan Pallasite Meteorite Part Slice 20.4 Grams,99.45,2021-02-06,20.4,4.88,WorthPoint
seymchan,Cool Shape 13.6 Gram SEYMCHAN METEORITE Pallasite -Beautiful GLOWING CRYSTALS,190,2021-02-03,13.6,13.97,WorthPoint
seymchan,Seymchan Pallasite Meteorite Part Slice 32.5 Grams,206,2021-01-31,32.5,6.34,WorthPoint
seymchan,Meteorite: 85.27 Gram Seymchan Slice.,144.48,2021-01-30,85.27,1.69,WorthPoint
seymchan,23.9 Gram SEYMCHAN METEORITE Pallasite - Iron And Olivine - Transition Slice,103.2,2021-01-30,23.9,4.32,WorthPoint
seymchan,"NEW! Sariçiçek (BINGOL) Meteorite,recent Fall, Turkey, Orient Individual 2.93 G",219.99,2021-01-28,2.93,75.08,WorthPoint
seymchan,Meteorite Bracelet I Beautiful Etched SEYMCHAN Meteorite Jewelry - TOP METEORITE,150,2021-01-26,,,WorthPoint
seymchan,AWESOME 5.17 Gram SEYMCHAN METEORITE Pallasite Specimen - Great For Jewelry!,32,2021-01-25,5.17,6.19,WorthPoint
seymchan,266g Seymchan Pallasite Meteorite From Russia Stable Great Rare Looking Specimen,1600,2021-01-25,266,6.02,WorthPoint
seymchan,"NEW! Stromatolite Carelozoon Metzgerii, Early Proterozoic, Karelia, Russia. 317g",59.99,2021-01-24,317,0.19,WorthPoint
seymchan,"NEW!!! Stromatolite Gionophytum Gargarnicus, Precambrian, Eastern Sayan, Russia",29.99,2021-01-23,,,WorthPoint
seymchan,Seymchan Meteorite Pallasite-pmg - Official - SEM-0180 - 5.34g COA - Part Slice,52.95,2021-01-22,5.34,9.92,WorthPoint
seymchan,"Meteorite NWA Xxxxxx, Ordinary Chondrite, Nice Individual, 64 Grams",49.99,2021-01-21,64,0.78,WorthPoint
seymchan,"Meteorite Seymchan Pallasite FACETED OLIVINE GEM, TWO Excellent Pieces 1.2 Mm",13.99,2021-01-20,,,WorthPoint
seymchan,Seymchan Meteorite Pallasite FULL Slice 269.1 Grams!,500,2021-01-18,269.1,1.86,WorthPoint
seymchan,1.772 Grams Seymchan Russian Meteorite Cut Iron Fragment Widmanstatten Pattern,5.99,2021-01-17,1.772,3.38,WorthPoint
seymchan,1.255 Grams Seymchan Russian Meteorite Cut Iron Fragment Widmanstatten Pattern,8.02,2021-01-17,1.255,6.39,WorthPoint
seymchan,"NEWEST!!! Column-type Stromatolite, Permian, Perm Province, Russia, Endcut 266 G",49.99,2021-01-15,266,0.19,WorthPoint
seymchan,3.35 Grams Seymchan Russian Meteorite Cut Iron Fragment Slice Found On June 1967,27,2021-01-15,3.35,8.06,WorthPoint
seymchan,1.87 Grams Seymchan Russian Meteorite Cut Iron Fragment Slice Found On June 1967,9.5,2021-01-14,1.87,5.08,WorthPoint
seymchan,1.822 Grams Seymchan Russian Meteorite Cut Iron Fragment Widmanstatten Pattern,6.99,2021-01-10,1.822,3.84,WorthPoint
seymchan,AWESOME 27.8 Gram SEYMCHAN METEORITE Pallasite Specimen - Great For Jewelry!,170,2021-01-07,27.8,6.12,WorthPoint
seymchan,1.85 Grams Seymchan Russian Meteorite Cut Iron Fragment Slice Found On June 1967,5.99,2021-01-07,1.85,3.24,WorthPoint
seymchan,Seymchan Pallasite Meteorite Part Slice 127.1 Grams,775,2021-01-07,127.1,6.1,WorthPoint
seymchan,"RARE! Impact Rock From Gardnos Impact Crater, Shattercone, Norway, 778 Gram",59.99,2021-01-04,778,0.08,WorthPoint
seymchan,2.240 Grams Seymchan Russian Meteorite Cut Iron Fragment Widmanstatten Pattern,13.5,2021-01-04,2.24,6.03,WorthPoint
seymchan,3.238 Grams Seymchan Russian Meteorite Cut Iron Fragment Widmanstatten Pattern,7.5,2021-01-02,3.238,2.32,WorthPoint
seymchan,"BONHAMS Lapidary Works Of Art, Gemstones And Minerals 5/19/2015",21.95,2020-12-31,,,WorthPoint
seymchan,"BONHAMS Lapidary Works Of Art, Gemstones And Minerals 11/24/2015",21.95,2020-12-31,,,WorthPoint
seymchan,2.213 Grams Seymchan Russian Meteorite Cut Iron Fragment Widmanstatten Pattern,8.5,2020-12-30,2.213,3.84,WorthPoint
seymchan,2.226 Grams Seymchan Russian Meteorite Cut Iron Fragment Widmanstatten Pattern,6.99,2020-12-30,2.226,3.14,WorthPoint
seymchan,"Iron Meteorite Muonionalusta, Sweden, Necklace, Pendant Polar Star",249.99,2020-12-29,,,WorthPoint
seymchan,4.62 Grams Seymchan Russian Meteorite Cut Iron Fragment Slice Found On June 1967,20.5,2020-12-28,4.62,4.44,WorthPoint
seymchan,2.28 Grams Seymchan Russian Meteorite Cut Iron Fragment Slice Found On June 1967,6.99,2020-12-28,2.28,3.07,WorthPoint
seymchan,2.692 Grams Seymchan Russian Meteorite Cut Iron Fragment Widmanstatten Pattern,13.83,2020-12-27,2.692,5.14,WorthPoint
seymchan,1.491 Grams Seymchan Russian Meteorite Cut Iron Fragment Widmanstatten Pattern,5.5,2020-12-27,1.491,3.69,WorthPoint
seymchan,2.719 Grams Seymchan Russian Meteorite Cut Iron Fragment Widmanstatten Pattern,9.5,2020-12-27,2.719,3.49,WorthPoint
seymchan,3.37 Grams Seymchan Russian Meteorite Cut Iron Fragment Slice Found On June 1967,9.99,2020-12-26,3.37,2.96,WorthPoint
seymchan,Seymchan Meteorite Pallasite Part Slice 43.1 Grams!,230,2020-12-25,43.1,5.34,WorthPoint
seymchan,"NEW RARE! Lahmada 020 LUNAR, Feldspathic Regolith Melt Breccia, Piece, 9.3 Grams",464.99,2020-12-24,9.3,50,WorthPoint
seymchan,19.3 Gram SEYMCHAN METEORITE - Etched Pallasite Slice - Under $5 Per Gram!,66.5,2020-12-23,19.3,3.45,WorthPoint
seymchan,AWESOME 20.0 Gram SEYMCHAN METEORITE Pallasite Specimen - Great For Jewelry!,69.3,2020-12-23,20,3.47,WorthPoint
seymchan,AWESOME 25.6 Gram SEYMCHAN METEORITE Pallasite Specimen - Great For Jewelry!,91,2020-12-23,25.6,3.55,WorthPoint
seymchan,Give Her The Stars! Heart Shaped Sliced Seymchan Meteor In A Stainless Pendant!,22.99,2020-12-21,,,WorthPoint
seymchan,Seymchan Meteorite Pallasite-pmg - Official - SEM-0249 - 0.04g - W/COA - Crystal,5.5,2020-12-21,0.04,137.5,WorthPoint
seymchan,Seymchan Meteorite Pallasite Part Slice 11.6 Grams!,77,2020-12-20,11.6,6.64,WorthPoint
seymchan,AWESOME 50.2 Gram SEYMCHAN METEORITE Pallasite Specimen - Great For Jewelry!,175,2020-12-20,50.2,3.49,WorthPoint
seymchan,2012 Cook Islands Seymchan Meteorite Silver Coin -- Case And COA,99.99,2020-12-18,,,WorthPoint
seymchan,"Rare 2012 Cook Is.Large Color Silver $5 Seymchan Meteorite ,gift Box",119.95,2020-12-18,,,WorthPoint
seymchan,"NEW RARE!! NWA 10720 Nakhlite MARTIAN Meteorite, Lot Of 3 Fragments, 0.23 Grams",149.99,2020-12-17,0.23,652.13,WorthPoint
seymchan,2.463 Grams Seymchan Russian Meteorite Cut Iron Fragment Widmanstatten Pattern,5.99,2020-12-16,2.463,2.43,WorthPoint
seymchan,12.4 Gram SEYMCHAN METEORITE Pallasite -Beautiful GLOWING CRYSTALS,69.3,2020-12-16,12.4,5.59,WorthPoint
seymchan,Seymchan Meteorite Pallasite Part Slice 14.3 Grams!,47,2020-12-15,14.3,3.29,WorthPoint
seymchan,"Iron Meteorite Muonionalusta, Sweden, Necklace, Pendant Star Big",144.99,2020-12-12,,,WorthPoint
seymchan,3.876 Grams Seymchan Russian Meteorite Cut Iron Fragment Widmanstatten Pattern,6.99,2020-12-12,3.876,1.8,WorthPoint
seymchan,Seymchan Pallasite Meteorite Part Slice 22.8 Grams!,139,2020-12-09,22.8,6.1,WorthPoint
seymchan,AWESOME 13.9 Gram SEYMCHAN METEORITE Pallasite Specimen - Great For Jewelry!,69,2020-12-07,13.9,4.96,WorthPoint
seymchan,"Seymchan Meteorite 160 Gram Part End Cut, Pallasite",61,2020-12-05,160,0.38,WorthPoint
seymchan,27.1 Gram SEYMCHAN METEORITE - Etched Pallasite Slice - Under $5 Per Gram!,101.25,2020-12-05,27.1,3.74,WorthPoint
seymchan,Meteorite Collection Lot Six Different Types Labeled With Display Box (1),85.75,2020-12-05,,,WorthPoint
seymchan,AWESOME 95.3 Gram SEYMCHAN METEORITE Iron/pallasite Specimen,337.5,2020-11-28,95.3,3.54,WorthPoint
seymchan,20.90 Gram SEYMCHAN METEORITE Pallasite - Beautiful CRYSTALS,165,2020-11-27,20.9,7.89,WorthPoint
seymchan,AWESOME 51.3 Gram SEYMCHAN METEORITE Pallasite Specimen - Great For Jewelry!,192,2020-11-25,51.3,3.74,WorthPoint
seymchan,"NEW!! Agoudal Iron METEORITE, Morocco, Lot Of Small Individuals, 65 Grams",129.99,2020-11-23,65,2,WorthPoint
seymchan,"NEWEST!!! Stromatolite, Devonian, Givetian, Scotland, UK, 385 Ma, 237 Gram",29.99,2020-11-23,237,0.13,WorthPoint
seymchan,"Seymchan 50.70g Meteorite Pallasite Slice, Olivine Crystals, Etched Iron, Russia",93.9,2020-11-23,50.7,1.85,WorthPoint
seymchan,Seymchan Meteorite Pallasite Part Slice 10 Grams!,84,2020-11-19,10,8.4,WorthPoint
seymchan,AWESOME 16.4 Gram SEYMCHAN METEORITE Pallasite Specimen - Great For Jewelry!,63.75,2020-11-19,16.4,3.89,WorthPoint
seymchan,Great Deal! Nice Crystals! Rare Conception Junction Pallasite Meteorite 133.5 Gm,2504.25,2020-11-18,133.5,18.76,WorthPoint
seymchan,Seymchan Meteorite Pallasite Part Slice 16.8 Grams!,98,2020-11-16,16.8,5.83,WorthPoint
seymchan,42.71 Gram SEYMCHAN METEORITE Pallasite - Iron And Olivine - Transition Slice,126.75,2020-11-15,42.71,2.97,WorthPoint
seymchan,"Pendant Made Of Excellent Pyritized Ammonite, Mikhailov, Russia #medium",49.99,2020-11-15,,,WorthPoint
seymchan,"Meteorite From CUBA NEW! Viñales L6, Complete Individual 13.7 Gr. Fell 1 Feb 19",109.99,2020-11-15,13.7,8.03,WorthPoint
seymchan,Seymchan IIE Iron/ Pallasite PMG Meteorite Lot Russia 26.92 Grams,42.75,2020-11-14,26.92,1.59,WorthPoint
seymchan,Seymchan Meteorite: 49.5 Gram Lot,31,2020-11-10,49.5,0.63,WorthPoint
seymchan,"Seymchan 48.61g Meteorite Pallasite Slice, Olivine Crystals, Etched Iron, Russia",55.95,2020-11-07,48.61,1.15,WorthPoint
seymchan,Seymchan Meteorite Pallasite Part Slice 20.1 Grams!,145,2020-11-02,20.1,7.21,WorthPoint
seymchan,Seymchan IIE Iron/ Pallasite PMG Meteorite Lot Russia 27.26 Grams,42.75,2020-11-01,27.26,1.57,WorthPoint
seymchan,.311 Grams Seymchan Russian Meteorite Cut Fragment With Pallasite,30,2020-10-31,311,0.1,WorthPoint
seymchan,"Seymchan 220g Meteorite Pallasite Slice, Olivine Crystals, Etched Iron, Russia",285,2020-10-31,220,1.3,WorthPoint
seymchan,Seymchan Meteorite Pallasite Part Slice 8.9 Grams!,53,2020-10-26,8.9,5.96,WorthPoint
seymchan,"Seymchan 44.30g Meteorite Pallasite Slice, Olivine Crystals, Etched Iron, Russia",88.99,2020-10-26,44.3,2.01,WorthPoint
seymchan,Seymchan IIE Iron/ Pallasite PMG Meteorite Lot Russia 25.12 Grams,42.75,2020-10-23,25.12,1.7,WorthPoint
seymchan,AUTHENTIC SEYMCHAN METEORITE IN 6x8'' DISPLAY FRAME WITH INFORMATION CARD,17,2020-10-19,,,WorthPoint
seymchan,$5 2012 Cook Islands Seymchan Meteorite Genuine Embedded Fragment Mint Tin *119,98,2020-10-16,,,WorthPoint
seymchan,Meteorite Seymchan Olivined Etched Slice 243.5 Grams,499.99,2020-10-15,243.5,2.05,WorthPoint
seymchan,"Seymchan 58.38g Meteorite Pallasite Slice, Olivine Crystals, Etched Iron, Russia",64.95,2020-10-11,58.38,1.11,WorthPoint
seymchan,Meteorite Seymchan Olivined Sphere 239 Grams,2999.99,2020-10-10,239,12.55,WorthPoint
seymchan,"NEW! Meteorite IMILAC Olivine Reach, New Find 2018, Complete Piece 70.4 Grams",703.99,2020-10-09,70.4,10,WorthPoint
seymchan,"Seymchan 86.18g Meteorite Pallasite Slice, Olivine Crystals, Etched Iron, Russia",98.99,2020-10-04,86.18,1.15,WorthPoint
seymchan,"Meteorite Seymchan Bit Olivined Excellent Etched Sphere 112 Grams, 30.5 Mm",899.99,2020-09-27,112,8.04,WorthPoint
seymchan,Seymchan Pallasite Meteorite Part Slice 31.2 Grams,188,2020-09-26,31.2,6.03,WorthPoint
seymchan,"Iron Meteorite Muonionalusta, Sweden, Necklace, Pendant Triangle Big",119.99,2020-09-25,,,WorthPoint
seymchan,Seymchan Meteorite Pallasite Part Slice 16.2 Grams!,105,2020-09-25,16.2,6.48,WorthPoint
seymchan,"RARE!!! Meteorite Sericho, Pallasite, Kenya, Lot Of 7 Complete Pieces, 112 Grams",110.99,2020-09-24,112,0.99,WorthPoint
seymchan,RARE 9 Piece Meteorite / Meteor Display Collection - 9 Rare Pieces,143,2020-09-23,,,WorthPoint
seymchan,110.10 Gram SEYMCHAN METEORITE Pallasite - NICE CRYSTALS - Under $7 Per Gram,385,2020-09-22,110.1,3.5,WorthPoint
seymchan,"Iron Meteorite Muonionalusta, Sweden, With Volcanic Lava Bracelet Small Sphere",119.99,2020-09-22,,,WorthPoint
seymchan,"Seymchan 37.31g Meteorite Pallasite Slice, Olivine Crystals, Etched Iron, Russia",43.99,2020-09-21,37.31,1.18,WorthPoint
seymchan,Seymchan IIE Iron/ Pallasite PMG Meteorite Slice Russia 4.42 Grams,26.75,2020-09-20,4.42,6.05,WorthPoint
seymchan,AWESOME 263 Gram SEYMCHAN METEORITE Pallasite Specimen - Great For Jewelry!,657.5,2020-09-20,263,2.5,WorthPoint
seymchan,Seymchan Pallasite Meteorite 39.7 Gm Rare Meteorite Type,94.99,2020-09-15,39.7,2.39,WorthPoint
seymchan,Nice Seymchan Meteorite Pendant -great Widmanstatten Patterns!,17.99,2020-09-12,,,WorthPoint
seymchan,Seymchan Pallasite Meteorite Part Slice 23.1 Grams,151.2,2020-09-10,23.1,6.55,WorthPoint
seymchan,Seymchan Pallasite Meteorite Part Slice 25.8 Grams,106.4,2020-09-10,25.8,4.12,WorthPoint
seymchan,Seymchan Pallasite Meteorite Part Slice 22.5 Grams,102.4,2020-09-10,22.5,4.55,WorthPoint
seymchan,"RARE!!! Meteorite Sericho, Pallasite, Kenya, Lot Of 2 Complete Pieces, 115 Grams",114.99,2020-09-09,115,1,WorthPoint
seymchan,"RARE!!! Meteorite Sericho, Pallasite, Kenya, Lot Of 3 Complete Pieces, 119 Grams",118.99,2020-09-09,119,1,WorthPoint
seymchan,33.3 Gram SEYMCHAN METEORITE - Etched Pallasite Slice - Under $5 Per Gram!,112.5,2020-09-08,33.3,3.38,WorthPoint
seymchan,"Seymchan 39g Meteorite Pallasite Slice, Olivine Crystals, Etched Iron, Russia",65.95,2020-09-06,39,1.69,WorthPoint
seymchan,Rare Chromite Inclusions! Sensational Seymchan Iron Meteorite Slice! 32 Gms,99,2020-09-06,32,3.09,WorthPoint
seymchan,Seymchan Pallasite Meteorite Part Slice 23 Grams,165,2020-08-30,23,7.17,WorthPoint
seymchan,AWESOME 1615 Gram SEYMCHAN METEORITE Iron/pallasite Specimen,1211.25,2020-08-29,1615,0.75,WorthPoint
seymchan,"Seymchan Meteorite Slab 51g, Etched Pattern, Pallasite Iron Slice",97,2020-08-29,51,1.9,WorthPoint
seymchan,AWESOME 30.5 Gram SEYMCHAN METEORITE Pallasite Specimen - Great For Jewelry!,116.25,2020-08-27,30.5,3.81,WorthPoint
seymchan,19.4 Gram SEYMCHAN METEORITE - Etched Pallasite Slice - Under $5 Per Gram!,76,2020-08-27,19.4,3.92,WorthPoint
seymchan,22.8 Gram SEYMCHAN METEORITE Pallasite - Iron And Olivine - Transition Slice,96.75,2020-08-27,22.8,4.24,WorthPoint
seymchan,Seymchan Pallasite Meteorite Part Slice 22.9 Grams,142,2020-08-26,22.9,6.2,WorthPoint
seymchan,Seymchan Pallasite Meteorite Part Slice 17.4 Grams,126,2020-08-26,17.4,7.24,WorthPoint
seymchan,32.1 Gram SEYMCHAN METEORITE Pallasite With Olivine- Etched Slice,149.25,2020-08-23,32.1,4.65,WorthPoint
seymchan,"NEW!!! Fossil Crabs, Majidae Alcock, Oligocene, Apsheron, Krasnodar, Russia.",99.99,2020-08-19,,,WorthPoint
seymchan,"NEW! Meteorite Maslyanino, Slicated Iron, Russia, ETCHED Slice 91 Grams",909.99,2020-08-18,91,10,WorthPoint
seymchan,"SEYMCHAN METEORITE, Etched Slice From Russia",649,2020-08-12,,,WorthPoint
seymchan,28.7 Gram SEYMCHAN METEORITE Pallasite - Iron And Olivine - Transition Slice,129,2020-08-10,28.7,4.49,WorthPoint
seymchan,"Seymchan Meteorite ""Monolith""",5000,2020-08-07,,,WorthPoint
seymchan,Genuine Meteorite Necklace! Sliced Seymchan Meteor In Stainless Pendant!!,22.99,2020-08-06,,,WorthPoint
seymchan,Meteorite Seymchan Slice Specimen Iron-nickel Fashion 63.4g Shipped From US,26.86,2020-08-05,63.4,0.42,WorthPoint
seymchan,"Large Tektite ATACAMAITE From Unknown Impact Crater, Chile, 1.6 Grams",39.99,2020-07-30,1.6,24.99,WorthPoint
seymchan,18.4 Gram SEYMCHAN METEORITE Pallasite - Iron And Olivine - Transition Slice,74.25,2020-07-29,18.4,4.04,WorthPoint
seymchan,3.26 Grams 6x7x10mm Seymchan Russian Meteorite Cut Iron Fragment With Pallasite,11.51,2020-07-28,3.26,3.53,WorthPoint
seymchan,Seymchan IIE Iron/ Pallasite PMG Meteorite Slice Russia 5.46 Grams,31.75,2020-07-27,5.46,5.82,WorthPoint
seymchan,AWESOME 43.8 Gram SEYMCHAN METEORITE Pallasite Specimen - Great For Jewelry!,165,2020-07-22,43.8,3.77,WorthPoint
seymchan,35.08 Gram SEYMCHAN IRON METEORITE - ETCHED SLICE - PERFECT FOR JEWELRY!,78.75,2020-07-18,35.08,2.24,WorthPoint
seymchan,Seymchan Pallasite Meteorite,656.25,2020-07-16,,,WorthPoint
seymchan,16.00 Gram SEYMCHAN METEORITE- Etched Pallasite Specimen,110,2020-07-14,16,6.88,WorthPoint
seymchan,Cook Islands Seymchan Meteorite 2012 $5 Silver Coin Proof COA,135,2020-07-13,,,WorthPoint
seymchan,Seymchan Pallasite Meteorite Full Slice 56.4 Grams,154.7,2020-07-12,56.4,2.74,WorthPoint
seymchan,"Seymchan 124g Pallasite Meteorite Slice, Etched Widmanstatten Pattern, Iron Slab",249,2020-07-12,124,2.01,WorthPoint
seymchan,Cook Islands Seymchan Meteorite $5 Silver Proof,60,2020-07-12,,,WorthPoint
seymchan,31.3 Gram SEYMCHAN METEORITE Pallasite - Iron And Olivine - Transition Slice,96.75,2020-07-08,31.3,3.09,WorthPoint
seymchan,49.1 Gram SEYMCHAN METEORITE Pallasite - Iron And Olivine - Transition Slice,134.25,2020-07-08,49.1,2.73,WorthPoint
seymchan,45.3 Gram SEYMCHAN METEORITE Pallasite - Iron And Olivine Mixed Slice,156.75,2020-07-08,45.3,3.46,WorthPoint
seymchan,AWESOME 178.8 Gram SEYMCHAN METEORITE Pallasite - Slice - Great For Jewelry!,770,2020-07-06,178.8,4.31,WorthPoint
seymchan,62.67 Gram SEYMCHAN METEORITE Pallasite - Iron And Olivine - Transition Slice,209.3,2020-07-06,62.67,3.34,WorthPoint
seymchan,35.55 Gram SEYMCHAN IRON METEORITE - ETCHED SLICE - PERFECT FOR JEWELRY!,74.2,2020-07-06,35.55,2.09,WorthPoint
seymchan,Stunning RARE PALLASITE Meteorite With Many Crystals,182.4,2020-07-01,,,WorthPoint
seymchan,Seymchan Meteorite Pallasite Part Slice 32.7 Grams!,201,2020-06-29,32.7,6.15,WorthPoint
seymchan,"NEW!!! RARE NWA 11179 CM2 Chondrite, 0.68 Gram Lot Of 4 Small Slices",39.99,2020-06-27,0.68,58.81,WorthPoint
seymchan,24.23 Gram SEYMCHAN METEORITE Pallasite - Iron And Olivine - Transition Slice,89.25,2020-06-23,24.23,3.68,WorthPoint
seymchan,31.9 Gram SEYMCHAN METEORITE Pallasite - Iron And Olivine - Transition Slice,111.75,2020-06-23,31.9,3.5,WorthPoint
seymchan,Seymchan Etched Meteorite Part Slice 91.5 Grams,176,2020-06-23,91.5,1.92,WorthPoint
seymchan,"NEWEST!!! Meteorite Los Vientos 262, Chile. One Piece. 142.1 Grams",56,2020-06-14,142.1,0.39,WorthPoint
seymchan,"NEW RARE!! NWA 10720 Nakhlite MARTIAN Meteorite, Lot Of Crumbs, 0.2 Grams #1",33,2020-06-14,0.2,165,WorthPoint
seymchan,"NEW!! Serpentinite. Set Of An Egg On A Stand. Deep Color !! South Ural, Russia",24.99,2020-06-14,,,WorthPoint
seymchan,"NEW RARE!! NWA 10720 Nakhlite MARTIAN Meteorite, Lot Of 5 Fragments, 0.12 Grams",89.99,2020-06-14,0.12,749.92,WorthPoint
seymchan,"NEW RARE!! NWA 10720 Nakhlite MARTIAN Meteorite, Lot Of 6 Fragments, 0.15 Grams",99.99,2020-06-14,0.15,666.6,WorthPoint
seymchan,25.35 Gram SEYMCHAN IRON METEORITE - ETCHED SLICE - PERFECT FOR JEWELRY!,65,2020-06-13,25.35,2.56,WorthPoint
seymchan,"NEW Pseudomorphs Of Hematite And Limonite After Markazite. White Desert, Egypt.2",29.99,2020-06-12,,,WorthPoint
seymchan,"NEWEST!!! Petrified Wood, Mesozoic, Taymyr, Krasnoyarsk, Russia, Slice 324 Gr",49.99,2020-06-12,324,0.15,WorthPoint
seymchan,"NEWEST!!! Stromatolite, Permian, Perm Province, 272 Ma, Russia, 103 Gram",34.99,2020-06-11,103,0.34,WorthPoint
seymchan,"Impact Rock From Kamensk Impact Crater, Russia, Slice Of 178 Grams",54.99,2020-06-11,178,0.31,WorthPoint
seymchan,"NEW!! Serpentinite SPHERE 90 Mm. Deep Color !! South Ural, Russia. #2",59.99,2020-06-09,,,WorthPoint
seymchan,"NEW RARE!! NWA 10720 Nakhlite MARTIAN Meteorite, Fragment, 1.30 Grams",779.99,2020-06-09,1.3,599.99,WorthPoint
seymchan,"Lot Of Five Excellent Belemnites, Mikhailov, Russia #9",24.99,2020-06-08,,,WorthPoint
seymchan,"Meteorite NWA 8741, MESOSIDERITE A4, Full Slice 532 Grams",4299.99,2020-06-08,532,8.08,WorthPoint
seymchan,"NEWEST!!! Meteorite Los Vientos 262, Chile. One Piece. 103.8 Grams",51,2020-06-07,103.8,0.49,WorthPoint
seymchan,47.9 Gram SEYMCHAN METEORITE Pallasite - Iron And Olivine - Transition Slice,134.25,2020-06-06,47.9,2.8,WorthPoint
seymchan,"NEW! Stromatolite Banded Iron Formation, Archean, WY, USA, Lot 107 Grams",49.99,2020-06-05,107,0.47,WorthPoint
seymchan,Seymchan IIE Iron/ Pallasite PMG Meteorite Slice Russia 6.57 Grams,36.75,2020-06-04,6.57,5.59,WorthPoint
seymchan,Seymchan Meteorite 533g * Pallasite * Green Olivine * Museum Quality * End Cut,1800,2020-06-04,533,3.38,WorthPoint
seymchan,"Meteorite From CUBA NEW! Viñales L6, Complete Individual 11.5 Gr. Fell 1 Feb 19",23.5,2020-05-31,11.5,2.04,WorthPoint
seymchan,"NEWEST!!! Meteorite Los Vientos 262, Chile. One Piece. 63.9 Grams",28,2020-05-31,63.9,0.44,WorthPoint
seymchan,"NEW! Meteorite Maslyanino, Slicated Iron, Russia, ETCHED Part Slice 9.03 Grams",134.99,2020-05-30,9.03,14.95,WorthPoint
seymchan,"NEW! Stromatolite Banded Iron Formation, Archean, WY, USA, 258 Grams",49.99,2020-05-26,258,0.19,WorthPoint
seymchan,46.6 Gram SEYMCHAN METEORITE Pallasite - Iron And Olivine - Transition Slice,141.75,2020-05-25,46.6,3.04,WorthPoint
seymchan,"NEWEST!!! Meteorite Los Vientos 262, Chile. One Piece. 71.5 Grams",12.62,2020-05-24,71.5,0.18,WorthPoint
seymchan,"RARE!!! Meteorite Sericho, Pallasite, Kenya, Nice Polished Endcut, 122 Grams",182.99,2020-05-24,122,1.5,WorthPoint
seymchan,43.9 Gram SEYMCHAN METEORITE Pallasite - Iron And Olivine - Transition Slice,219,2020-05-23,43.9,4.99,WorthPoint
seymchan,"NEWEST!!! Meteorite Los Vientos 262, Chile. One Piece. 115.7 Grams",34.33,2020-05-17,115.7,0.3,WorthPoint
seymchan,Loose 17mm X 15mm Seymchan Meteorite 4.5g,29,2020-05-17,4.5,6.44,WorthPoint
seymchan,51.3 Gram SEYMCHAN METEORITE - Etched Pallasite Slice - Under $5 Per Gram!,142.5,2020-05-12,51.3,2.78,WorthPoint
seymchan,Seymchan Meteorite Pallasite-pmg - Official - SEM-0159 - 0.21g COA - Crystal,11.5,2020-05-07,0.21,54.76,WorthPoint
seymchan,"Lybian Desert Glass (LDG), Tool Made By Ancient People, Egypt, 20 Grams",59.99,2020-05-06,20,3,WorthPoint
seymchan,"NEW!! RARE!! NWA 7470 Eucrite, Monomict Breccia, 8.7 Grams Complete Slice",149.99,2020-05-04,8.7,17.24,WorthPoint
seymchan,"NEWEST!!! Meteorite Los Vientos 262, Chile. One Piece. 72.1 Grams",42,2020-05-03,72.1,0.58,WorthPoint
seymchan,5.5 Gram SEYMCHAN METEORITE IRON - Etched Slice,14.25,2020-05-02,5.5,2.59,WorthPoint
seymchan,"NEWEST!!! Meteorite Los Vientos 262, Chile. One Piece. 90.3 Grams",54.01,2020-04-26,90.3,0.6,WorthPoint
seymchan,.277 Grams 7mm Seymchan Russian Meteorite Cut Iron Fragment With Pallasite,17.51,2020-04-24,277,0.06,WorthPoint
seymchan,.210 Grams 6mm Seymchan Russian Meteorite Cut Iron Fragment With Pallasite,16.01,2020-04-24,210,0.08,WorthPoint
seymchan,Seymchan Meteorite Pallasite Part Slice 9.9 Grams!,57,2020-04-22,9.9,5.76,WorthPoint
seymchan,AWESOME 221 Gram SEYMCHAN METEORITE Iron/pallasite Specimen,337.5,2020-04-21,221,1.53,WorthPoint
seymchan,Seymchan Pallasite Meteorite Part Slice 24 Grams,137,2020-04-19,24,5.71,WorthPoint
seymchan,"NEWEST!!! Meteorite Los Vientos 262, Chile. Lot Of Two Pieces. 57.8 Grams",15.5,2020-04-19,57.8,0.27,WorthPoint
seymchan,87.1 Gram SEYMCHAN METEORITE - Etched Pallasite Endcut - Most Beautiful Olivine,523,2020-04-19,87.1,6,WorthPoint
seymchan,"Meteorite Seymchan Complete Etched Thin Slice 69.4 Grams, Banded Structure",172.99,2020-04-18,69.4,2.49,WorthPoint
seymchan,20 Gram SEYMCHAN METEORITE- Etched Pallasite Specimen,74.25,2020-04-18,20,3.71,WorthPoint
seymchan,33.8 Gram SEYMCHAN METEORITE Pallasite - Iron And Olivine - Transition Slice,126.75,2020-04-16,33.8,3.75,WorthPoint
seymchan,"NEW!!! Lot Of 20 Teeth Of Pycnodus Sp FISH, Early Cretatious, Caucasus, Russia",59.99,2020-04-16,,,WorthPoint
seymchan,"Meteorite Seymchan Bit Olivined Excellent Etched Sphere 190.5 Grams, 37.5 Mm",999.99,2020-04-13,190.5,5.25,WorthPoint
seymchan,Seymchan Meteorite Full Slice 87.9 Grams,158,2020-04-13,87.9,1.8,WorthPoint
seymchan,"Meteorite From CUBA NEW! Viñales L6, Complete Individual 12.6 Gr. Fell 1 Feb 19",23.5,2020-04-12,12.6,1.87,WorthPoint
seymchan,"RARE!!! Meteorite Sericho, Pallasite, Kenya, Lot Of 8 Small Pieces, 50 Grams",13.5,2020-04-12,50,0.27,WorthPoint
seymchan,"NEWEST!!! Meteorite Los Vientos 262, Chile. Lot Of Many Fragments. 55.7 Grams",12.5,2020-04-12,55.7,0.22,WorthPoint
seymchan,BONHAMS Natural History -- The Flame Queen Opal,21.95,2020-04-11,,,WorthPoint
seymchan,"NEW!! Monturaqui METEORITE Crater!, Chile, Impact Rock, Lot Of Pieces, 10.50 Gr",29.99,2020-04-10,10.5,2.86,WorthPoint
seymchan,35.2 Gram SEYMCHAN METEORITE Pallasite - Iron And Olivine - Transition Slice,134.25,2020-04-09,35.2,3.81,WorthPoint
seymchan,"NEW!!! RARE NWA 11179 CM2 Chondrite, 2.20 Gram Full Small Slice",119.99,2020-04-09,2.2,54.54,WorthPoint
seymchan,"NEW!! Agoudal Meteorite Crater, Morocco, Shattercone, 46 Grams",19.99,2020-04-09,46,0.43,WorthPoint
seymchan,41.7 Gram SEYMCHAN METEORITE - Etched Pallasite Slice - Nice Olivine,206.25,2020-04-08,41.7,4.95,WorthPoint
seymchan,Meteorite Seymchan Pallasite Beauty Slice 75.7g Olivine Crystals Rust Resistant,100,2020-04-07,75.7,1.32,WorthPoint
seymchan,25.00 Gram SEYMCHAN IRON METEORITE - ETCHED SLICE - PERFECT FOR JEWELRY!,57,2020-04-07,25,2.28,WorthPoint
seymchan,"Lot Of Five Excellent Belemnites, Mikhailov, Russia #11",24.99,2020-04-05,,,WorthPoint
seymchan,"Meteorite From CUBA NEW! Viñales L6, Complete Individual 9.2 Gr. Fell 1 Feb 19",20.5,2020-04-05,9.2,2.23,WorthPoint
seymchan,"NEWEST!!! Meteorite Los Vientos 262, Chile. One Piece. 122 Grams",41,2020-04-05,122,0.34,WorthPoint
seymchan,281 Gram Seymchan (iron) Meteorite Slice,177.5,2020-04-05,281,0.63,WorthPoint
seymchan,102 Gram Seymchan (iron) Meteorite Slice,168.5,2020-04-05,102,1.65,WorthPoint
seymchan,"NEW!!! Stromatolite, Precambrian, Torgo, Yakutia, Russia 149 Grams",69.99,2020-04-05,149,0.47,WorthPoint
seymchan,112.8 Gram SEYMCHAN METEORITE - Etched Pallasite Slice - NICE Olivine,412.5,2020-04-04,112.8,3.66,WorthPoint
seymchan,99.8 Gram SEYMCHAN METEORITE - Etched Pallasite Slice - Nice Olivine,367.5,2020-04-04,99.8,3.68,WorthPoint
seymchan,22.6 Gram SEYMCHAN METEORITE - Etched Pallasite Slice - Under $5 Per Gram!,110,2020-04-03,22.6,4.87,WorthPoint
seymchan,36.0 Gram SEYMCHAN METEORITE Pallasite - Iron And Olivine - Transition Slice,134.25,2020-04-02,36,3.73,WorthPoint
seymchan,17.1 Gram SEYMCHAN METEORITE Pallasite - Iron And Olivine Mixed Slice,74.25,2020-04-02,17.1,4.34,WorthPoint
seymchan,Seymchan Etched Meteorite 5.5 Grams Part Slice!,18,2020-04-02,5.5,3.27,WorthPoint
seymchan,"NEWEST!!! RARE NWA 8118 LODRANITE METEORITE, SLICE, 11.95 Gr",289.99,2020-04-01,11.95,24.27,WorthPoint
seymchan,Cheap Price! Amazing Crystals! Transitional Seymchan Pallasite Meteorite 10.9 Gm,59.25,2020-04-01,10.9,5.44,WorthPoint
seymchan,Meteorite Seymchan Pallasite Slice,150,2020-03-31,,,WorthPoint
seymchan,"Meteorite**Seymchan, Pallasite PMG**3.402 Gram Slice!!!",42,2020-03-30,3.402,12.35,WorthPoint
seymchan,"NEWEST!!! Meteorite Los Vientos 262, Chile. One Piece. 78.5 Grams",28.27,2020-03-29,78.5,0.36,WorthPoint
seymchan,31.08 Gram SEYMCHAN IRON METEORITE - ETCHED SLICE - PERFECT FOR JEWELRY!,95,2020-03-28,31.08,3.06,WorthPoint
seymchan,"Meteorite SEYMCHAN Pallasite 17 Grams 1st Find 1967 Russia, NO RESERVE AUCTION",12.05,2020-03-28,17,0.71,WorthPoint
seymchan,Mundrabilla Iron Meteorite Mineral Specimen TROILITE NODULE CAVITY AUSTRALIA,99.95,2020-03-27,,,WorthPoint
seymchan,RUSSIA SEYMCHAN Pallasite Meteorite 120.66 Slice,375,2020-03-27,,,WorthPoint
seymchan,Genuine Seymchan Meteorite In Glass Display Box,55.2,2020-03-24,,,WorthPoint
seymchan,.270 Grams 8mm Seymchan Russian Meteorite Cut Fragment With Pallasite,16.5,2020-03-22,270,0.06,WorthPoint
seymchan,Seymchan Pallasite Meteorite Part Slice 14.8 Grams!,76,2020-03-18,14.8,5.14,WorthPoint
seymchan,1.92 Carats 9x6x3mm Seymchan Russian Meteorite Fragment Pallasite,11.54,2020-03-18,,,WorthPoint
seymchan,"Lot Of Irgizites, Tektite, From Zhamanshin Impact Crater, Kazakhstan, 25 Grams",49.99,2020-03-08,25,2,WorthPoint
seymchan,44.54 Gram SEYMCHAN METEORITE Pallasite - Iron And Olivine - Transition Slice,219,2020-03-05,44.54,4.92,WorthPoint
seymchan,53.1 Gram SEYMCHAN METEORITE - Etched Pallasite Slice - Most Beautiful Olivine,320,2020-03-03,53.1,6.03,WorthPoint
seymchan,24.0 Gram SEYMCHAN METEORITE - Etched Pallasite Slice - Translucent Olivine,190,2020-03-03,24,7.92,WorthPoint
seymchan,17.5 Gram SEYMCHAN METEORITE - Etched Pallasite Slice - Most Beautiful Olivine,112,2020-03-03,17.5,6.4,WorthPoint
seymchan,"Meteorite**Seymchan, Pallasite PMG**3.246 Gram Slice!!!",15.5,2020-03-02,3.246,4.78,WorthPoint
seymchan,"NEW!!! Lot Of 25 Teeth Of Pycnodus Sp FISH, Early Cretatious, Caucasus, Russia",59.99,2020-02-27,,,WorthPoint
seymchan,"NEW! SariÃ§iÃ§ek (BINGOL) Meteorite,recent Fall, Turkey, SUPERB Individual 11.16 G",836.99,2020-02-27,11.16,75,WorthPoint
seymchan,Seymchan Meteorite Part Slice 2.9 Grams!,13,2020-02-24,2.9,4.48,WorthPoint
seymchan,30.16 Gram SEYMCHAN IRON METEORITE - ETCHED SLICE - PERFECT FOR JEWELRY!,71.2,2020-02-24,30.16,2.36,WorthPoint
seymchan,37.29 Gram SEYMCHAN IRON METEORITE - ETCHED SLICE - PERFECT FOR JEWELRY!,89.6,2020-02-24,37.29,2.4,WorthPoint
seymchan,95.1 Gram SEYMCHAN METEORITE - Etched Pallasite Slice - Most Beautiful Olivine,523,2020-02-23,95.1,5.5,WorthPoint
seymchan,"Lot Of 15 Large IRGIZITES From Zhamanshin Impact Crater, Kazakhstan, 9.6 Grams",149.99,2020-02-23,9.6,15.62,WorthPoint
seymchan,"NEW!! Serpentinite. Jewelry Box (book). Deep Color ! South Ural, Russia",69.99,2020-02-23,,,WorthPoint
seymchan,100 Gram SEYMCHAN METEORITE - Etched Pallasite Slice - Most Beautiful Olivine,550,2020-02-22,100,5.5,WorthPoint
seymchan,"Meteorite Seymchan Pallasite FACETED OLIVINE GEM, 2.75 Mm, 0.09 Ct",64.99,2020-02-20,0.018,3610.56,WorthPoint
seymchan,Seymchan Meteorite Pallasite FULL Slice 294.1 Grams!,650,2020-02-18,294.1,2.21,WorthPoint
seymchan,Seymchan Meteorite Part Slice 2.6 Grams!,13,2020-02-18,2.6,5,WorthPoint
seymchan,CHRISTIE’S Arts Decoratifs Et Histoire Naturelle – Natural History Meteorite Mou,19.95,2020-02-15,,,WorthPoint
seymchan,Seymchan Meteorite Pallasite-pmg - Official - SEM-0179 - 2.43g COA - Part Slice,23.95,2020-02-13,2.43,9.86,WorthPoint
seymchan,Seymchan Meteorite Magadan District Russia Found 1967 23g,19.95,2020-02-09,23,0.87,WorthPoint
seymchan,813 Gram Seymchan (iron) Meteorite Thick Slice,475,2020-02-08,813,0.58,WorthPoint
seymchan,"Meteorite Seymchan Pallasite FACETED OLIVINE GEM, ONE Excellent Piece 3.5 Mm",149.99,2020-02-08,,,WorthPoint
seymchan,Seymchan Meteorite Pallasite Part Slice 16.1 Grams!,79,2020-02-08,16.1,4.91,WorthPoint
seymchan,GEOMETRIC SHAPE FLAG AXE 20gm SEYMCHAN METEORITE SLICE COMPLETELY ETCHED PENDANT,25,2020-02-04,20,1.25,WorthPoint
seymchan,Seymchan Meteorite Pallasite Full Slice 73 Grams!,450,2020-02-04,73,6.16,WorthPoint
seymchan,46.9 Gram SEYMCHAN METEORITE Pallasite - Iron And Olivine - Transition Slice,169,2020-02-02,46.9,3.6,WorthPoint
seymchan,680 Gram Huge Seymchan Pallasite Meteorite Slice,1225,2020-02-01,680,1.8,WorthPoint
seymchan,15.8 Gram Seymchan Pallasite Partly Translucent Meteorite Slice. Top Quality!,125,2020-02-01,15.8,7.91,WorthPoint
seymchan,"Beautiful Widmanstatten Pattern REAL Meteorite Inlay Slab, Adj, Ring, 925 W Cert",54.99,2020-01-30,,,WorthPoint
seymchan,Seymchan Pallasite Meteorite Part Slice 14.1 Grams!,33,2020-01-29,14.1,2.34,WorthPoint
seymchan,23.00 Gram SEYMCHAN METEORITE Pallasite - Iron And Olivine - Transition Slice,119,2020-01-25,23,5.17,WorthPoint
seymchan,145 Gram Seymchan Etched Meteorite Slice.,147.5,2020-01-25,145,1.02,WorthPoint
seymchan,230 Gram Seymchan Etched Meteorite Slice.,232.5,2020-01-25,230,1.01,WorthPoint
seymchan,"NEW! NWA 12676 And TassÃ©det 004 H5-melt Breccia Meteorite, 4.66 Gram Full Slice",23.3,2020-01-25,4.66,5,WorthPoint
seymchan,"NEW!!! Lot Of 26 Teeth Of Pycnodus Sp FISH, Early Cretatious, Caucasus, Russia",59.99,2020-01-19,,,WorthPoint
seymchan,Russian Pallasite Meteorite (Seymchan) Pendant In Sterling Silver Wire,170,2020-01-19,,,WorthPoint
seymchan,142.45 Gram Seymchan Pallasite Meteorite Slice,330,2020-01-18,142.45,2.32,WorthPoint
seymchan,Seymchan Pallasite Meteorite Slice - Very Translucent 65.6 Grams,350,2020-01-17,65.6,5.34,WorthPoint
seymchan,Seymchan Meteorite Pallasite Part Slice 32.3 Grams!,101.6,2020-01-15,32.3,3.15,WorthPoint
seymchan,13.5 Gram SEYMCHAN METEORITE - Etched Pallasite Slice - Under $5 Per Gram!,53.6,2020-01-13,13.5,3.97,WorthPoint
seymchan,3850 Gram Seymchan Etched Iron Meteorite End Cut.,1961.77,2020-01-12,3850,0.51,WorthPoint
seymchan,104 Gram Seymchan Etched Pallasite Meteorite Slice,172.19,2020-01-12,104,1.66,WorthPoint
seymchan,128 Gram Seymchan Etched Pallasite Meteorite Slice,291,2020-01-12,128,2.27,WorthPoint
seymchan,1.51 Grams 23x11x2mm Seymchan Russian Meteorite Cut Iron Fragment With Pallasite,20.5,2020-01-11,1.51,13.58,WorthPoint
seymchan,38.5 Gram SEYMCHAN METEORITE Pallasite - Iron And Olivine - Transition Slice,151.2,2020-01-10,38.5,3.93,WorthPoint
seymchan,2.1g Seymchan Meteorite Necklace - Very Nice Widmanstatten Pattern,29.99,2020-01-08,2.1,14.28,WorthPoint
seymchan,"Millbillillie Eucrite Monomict, 8.45 Grams Complete Thin Endcut",199.99,2020-01-07,8.45,23.67,WorthPoint
