material_slug,title,price_usd,sale_date,weight_grams,price_per_gram,source
sikhote-alin-meteorite,"Meteorite Sikhote-Alin, Russia-91 Gram-Chicken Leg Shape",400,2026-01-22,91,4.4,WorthPoint
sikhote-alin-meteorite,Sikhote-Alin Iron Meteorite Highly Oriented Heart-Shaped Thin Slice Flow Lines,150,2026-01-22,,,WorthPoint
sikhote-alin-meteorite,Low Price Super Shape! Big Campo Del Cielo Meteorite Shattered Crystal! 130.4 Gm,81.75,2026-01-20,130.4,0.63,WorthPoint
sikhote-alin-meteorite,"Meteorite**Sikhote-Alin, Russia**3.383 Grams, Oriented Space Bullet!!! ‚òÑÔ∏èüíÆ",38,2026-01-18,3.383,11.23,WorthPoint
sikhote-alin-meteorite,SIKHOTE ALIN Iron Meteorite Specimen WITNESSED FALL RUSSIA IMCA Seller,59.99,2026-01-16,,,WorthPoint
sikhote-alin-meteorite,Sikhote-Alin Meteorite,154,2026-01-15,,,WorthPoint
sikhote-alin-meteorite,"Russia USSR 1957 Sikhote Alin Meteorite Framed Block Of 15, Block Of 4, 8 MNH",400,2026-01-14,,,WorthPoint
sikhote-alin-meteorite,706 Gm CAMPO DEL CIELO METEORITE BEAUTIFUL AAA GRADE METEORITE 1.56 POUNDS,806.55,2026-01-13,706,1.14,WorthPoint
sikhote-alin-meteorite,278 Gm. Las Palmas Campo Del Cielo Meteorite Museum Gd. Stand .61 Lbs,569.05,2026-01-11,278,2.05,WorthPoint
sikhote-alin-meteorite,250 GM LOT OF CAMPO DEL CIELO METEORITE CRYSTALS FROM .5-30 Gm IN SIZE MIXTURE,125,2026-01-11,250,0.5,WorthPoint
sikhote-alin-meteorite,37.77 Carat Sikhote-Alin Meteorite From Russia *VIDEO*,121.9,2026-01-05,,,WorthPoint
sikhote-alin-meteorite,Beautiful 260 Gm. Etched Campo Del Cielo Meteorite End Cut .57 Lbs.,236.55,2026-01-01,260,0.91,WorthPoint
sikhote-alin-meteorite,Meteorite Sikhote-Alin Strike Iron Nickel Russian 2.2 Mm 10.4 Grams JL43,15.99,2025-12-30,10.4,1.54,WorthPoint
sikhote-alin-meteorite,Sikhote-Alin Iron Meteorite Shrapnel Fragment: 10.6g,19,2025-12-30,10.6,1.79,WorthPoint
sikhote-alin-meteorite,Huge 1018 Gm Campo Del Cielo Meteorite Museum Collectors Grade 2.3 Lbs,1165.5,2025-12-29,1018,1.14,WorthPoint
sikhote-alin-meteorite,8 Grams 23mm SIKHOTE ALIN Russian Meteorite With A COA And Info Card,29.99,2025-12-28,8,3.75,WorthPoint
sikhote-alin-meteorite,Meteorite Sikhote-Alin Strike Iron Nickel Russian 2.1 Grams K54,9.99,2025-12-28,2.1,4.76,WorthPoint
sikhote-alin-meteorite,Meteorite Sikhote-Alin Strike Iron Nickel Russian 1.9 Grams K93,9.99,2025-12-28,1.9,5.26,WorthPoint
sikhote-alin-meteorite,Sikhote Alin Russian Genuine Meteorite 2 To 3 Grams Size W/ Color Label #738,12.99,2025-12-27,3,4.33,WorthPoint
sikhote-alin-meteorite,5.44 Grams 18mm SIKHOTE ALIN Russian Meteorite With A COA And Info Card,19.99,2025-12-26,5.44,3.67,WorthPoint
sikhote-alin-meteorite,10 Grams 31mm SIKHOTE ALIN Russian Meteorite With A COA And Info Card,40,2025-12-25,10,4,WorthPoint
sikhote-alin-meteorite,16.2 Grams 33mm SIKHOTE ALIN Russian Meteorite With A COA And Info Card,54.99,2025-12-25,16.2,3.39,WorthPoint
sikhote-alin-meteorite,Lg 980 Gm Campo Del Cielo Meteorite Aaa Grade 2.1 Lbs Stand,1075.5,2025-12-23,980,1.1,WorthPoint
sikhote-alin-meteorite,The Sikhote Alin Iron Nickel Meteorite Found In Siberia Feb 12 1947 Rare Find,120,2025-12-22,,,WorthPoint
sikhote-alin-meteorite,292 Gm New Campo Del Cielo Meteorite ;a Grade!! Beautiful Small Meteorite,331.74,2025-12-22,292,1.14,WorthPoint
sikhote-alin-meteorite,"Meteorite Sikhote-Alin, Fell Siberia February 12, 1947 - Individual",14.26,2025-12-21,,,WorthPoint
sikhote-alin-meteorite,132 Gm. Las Palmas Campo Meteorite ; Museum Gd. Burn Hole,949.99,2025-12-21,132,7.2,WorthPoint
sikhote-alin-meteorite,"ORIENTED SIKHOTE ALIN Iron Meteorite Specimen WITNESSED FALL RUSSIA, 128 Grams!",325,2025-12-19,128,2.54,WorthPoint
sikhote-alin-meteorite,83.41 Gram - Sikhote Alin Sharpnel Meteorite Individual - 1947 Fall In Russia,200,2025-12-19,83.41,2.4,WorthPoint
sikhote-alin-meteorite,SIKHOTE-ALIN IRON METEORITE PENDANT $59 Sterling Silver Jewelry STARBORN SA59-P5,59,2025-12-19,,,WorthPoint
sikhote-alin-meteorite,SIKHOTE-ALIN METEORITE PENDANT $59 Sterling Silver Jewelry STARBORN SA59-P11,59,2025-12-19,,,WorthPoint
sikhote-alin-meteorite,"Awesome Sikhote Alin Shrapnel Meteorite, 25.39 Grams--Top Quality",69.99,2025-12-17,25.39,2.76,WorthPoint
sikhote-alin-meteorite,250 GM LOT OF CAMPO DEL CIELO METEORITE CRYSTALS FROM 10-15 Gm IN SIZE,128.25,2025-12-16,250,0.51,WorthPoint
sikhote-alin-meteorite,250 GRS LOT OF CAMPO DEL CIELO METEORITE CRYSTALS FROM 5-10 Gm IN SIZE,128.25,2025-12-16,250,0.51,WorthPoint
sikhote-alin-meteorite,"Meteorite**Sikhote-Alin, Russia**2.986 Grams, Insane Shrapnel Individual ! ‚ú®Ô∏è‚ú®Ô∏è",10.5,2025-12-15,2.986,3.52,WorthPoint
sikhote-alin-meteorite,Sikhote-Alin Iron Meteorite ‚Äî Authentic Fragment From The Famous 1947 Fall 5.9g,25,2025-12-14,5.9,4.24,WorthPoint
sikhote-alin-meteorite,45 Gm BABY CAMPO DEL CIELO METEORITE BEAUTIFUL AA GRADE METEORITE JAL,56.05,2025-12-14,45,1.25,WorthPoint
sikhote-alin-meteorite,2.69 Grams 21mm SIKHOTE ALIN Russian Meteorite With A COA And Info Card,8.99,2025-12-14,2.69,3.34,WorthPoint
sikhote-alin-meteorite,"544 Gm. Campo Del Cielo Individual Meteorite Aaa Gd, 1.2 Lbs. Std Beautiful Jal",616.55,2025-12-13,544,1.13,WorthPoint
sikhote-alin-meteorite,"Sikhote-Alin Iron IIAB Fell Feb. 12, 1947 Russia 0.83 G Whole Stone Has A Hole",30,2025-12-13,0.83,36.14,WorthPoint
sikhote-alin-meteorite,Lg 181 Gm Campo Del Cielo Meteorite Aaa Grade .4 Lbs Stand,179.1,2025-12-12,181,0.99,WorthPoint
sikhote-alin-meteorite,Highest Quality Lot! Best Ever! New Campo Meteorite Shattered Crystals 500 Gms,250,2025-12-12,500,0.5,WorthPoint
sikhote-alin-meteorite,"Awesome Meteorite -Sikhote-Alin, Russia 14.97 Grams, Insane Shape!",45.99,2025-12-11,14.97,3.07,WorthPoint
sikhote-alin-meteorite,TEKTITE METEORITE LARGE PIECE IMPACT METEOR STONE SPACE ROCK ASTEROID SHARD 20g,14.95,2025-12-10,20,0.75,WorthPoint
sikhote-alin-meteorite,Lg 408 Gm Campo Del Cielo Meteorite Aa Grade .9 Lbs Stand,422.1,2025-12-10,408,1.03,WorthPoint
sikhote-alin-meteorite,Best! Oriented! Dome Top & Flat Bottom! Sculpted Sikhote-alin Meteorite 9.3 Gms,59.25,2025-12-09,9.3,6.37,WorthPoint
sikhote-alin-meteorite,Meteorite Sikhote-Alin Strike Iron Nickel Russian 2.5 Mm 5.3 Grams JL04,11.99,2025-12-08,5.3,2.26,WorthPoint
sikhote-alin-meteorite,Meteorite Sikhote-Alin Strike Iron Nickel Russian 2.5 Mm 4.8 Grams JW86,11.99,2025-12-08,4.8,2.5,WorthPoint
sikhote-alin-meteorite,14.2 Grams 23mm SIKHOTE ALIN Russian Meteorite With A COA And Info Card,49.99,2025-12-08,14.2,3.52,WorthPoint
sikhote-alin-meteorite,810 GM. CAMPO DEL CIELO METEORITE ; B GRADE; BEAUTIFUL ;1.78 + Pounds; CHEAP!!,474.95,2025-12-07,810,0.59,WorthPoint
sikhote-alin-meteorite,696 Gm Campo Del Cielo Meteorite Aa Grade 1.5 Lbs Low Low Price Beautiful Lg,629.1,2025-12-07,696,0.9,WorthPoint
sikhote-alin-meteorite,12.2 Grams 24mm SIKHOTE ALIN Russian Meteorite With A COA And Info Card,41.99,2025-12-07,12.2,3.44,WorthPoint
sikhote-alin-meteorite,8.47 Grams 20mm SIKHOTE ALIN Russian Meteorite With A COA And Info Card,31.99,2025-12-06,8.47,3.78,WorthPoint
sikhote-alin-meteorite,TEKTITE METEORITE PIECE METEOR STONE SPACE ROCK ASTEROID INDOCHINITE SHARD 5g,7.95,2025-12-06,5,1.59,WorthPoint
sikhote-alin-meteorite,"Meteorite Sikhote-Alin Pendant 38.27 Grams, Russian Meteorite, Meteorite Pendant",180,2025-12-05,38.27,4.7,WorthPoint
sikhote-alin-meteorite,53 Gram SIKHOTE ALIN Meteorite With COA Card,99.99,2025-12-04,53,1.89,WorthPoint
sikhote-alin-meteorite,638 Gm. Campo Del Cielo Meteorite Aa Grade 1.4 Lbs Stand Cleaned,474.96,2025-12-03,638,0.74,WorthPoint
sikhote-alin-meteorite,Sikhote-Alin Meteorite - 315.2 Grams,2000,2025-12-02,315.2,6.35,WorthPoint
sikhote-alin-meteorite,NON SHRAPNEL - 500 Gram Sikhote Alin Meteorite Lot - Small Individuals (C),585,2025-12-02,500,1.17,WorthPoint
sikhote-alin-meteorite,AGOUDAL Iron Meteorite Specimen Natural Patina Authentic IMILCHIL MOROCCO,13.59,2025-12-02,,,WorthPoint
sikhote-alin-meteorite,MINT SIKHOTE ALIN IRON METEORITE WORLD CLASS 30 Gm Deep Thumbprints Burn Channel,399,2025-12-02,30,13.3,WorthPoint
sikhote-alin-meteorite,558 Gm. Campo Del Cielo Meteorite Aaa Grade Beautiful Meteorite 1.23lbs,629.1,2025-11-28,558,1.13,WorthPoint
sikhote-alin-meteorite,342 Gm . CAMPO DEL CIELO METEORITE; A GRADE ; .75 LBS.,314.1,2025-11-27,342,0.92,WorthPoint
sikhote-alin-meteorite,388 Gm. New Campo Del Cielo Meteorite ;.85 Lbs Aaa Grade Very Few Left,359.96,2025-11-27,388,0.93,WorthPoint
sikhote-alin-meteorite,1412 Gm. Campo Del Cielo Meteorite ; Aa Grade! Beautiful Meteorite; 3.1 Lbs,842.1,2025-11-27,1412,0.6,WorthPoint
sikhote-alin-meteorite,Low Price! Super Shape! Campo Del Cielo Meteorite Shattered Crystal! 172 Gms,104.25,2025-11-26,172,0.61,WorthPoint
sikhote-alin-meteorite,83.13 Gram - Sikhote Alin Sharpnel Meteorite Individual - 1947 Fall In Russia,212.5,2025-11-25,83.13,2.56,WorthPoint
sikhote-alin-meteorite,"Sikote-Alin Meteorite, 82.2 Grams, Individual With Many Regmaglyphs. Beautiful.",349,2025-11-25,82.2,4.25,WorthPoint
sikhote-alin-meteorite,Meteorite**NWA Unclassified**2712.0 Gram Flight Shaped Individual!! üèú‚òÑÔ∏è‚òÑÔ∏è‚òÑÔ∏è,809,2025-11-24,2712,0.3,WorthPoint
sikhote-alin-meteorite,ORIENTED 4.06 Gram - Sikhote Alin Meteorite Individual - 1947 Fall In Russia,46.75,2025-11-23,4.06,11.51,WorthPoint
sikhote-alin-meteorite,500 GRS LOT OF CAMPO DEL CIELO METEORITE CRYSTALS FROM 50-100 Gm IN SIZE,251.75,2025-11-23,500,0.5,WorthPoint
sikhote-alin-meteorite,"Whole Sikhote Alin Iron Meteorite, 817 Grams, Shrapnel Form Ships Fast Today",1200,2025-11-22,817,1.47,WorthPoint
sikhote-alin-meteorite,Sikhote Alin Meteorite,25,2025-11-22,,,WorthPoint
sikhote-alin-meteorite,8.61 Grams 29mm SIKHOTE ALIN Russian Meteorite With A COA And Info Card,32.99,2025-11-22,8.61,3.83,WorthPoint
sikhote-alin-meteorite,5.93 Grams 23mm SIKHOTE ALIN Russian Shrapnel Meteorite With A COA And Info Card,15.99,2025-11-21,5.93,2.7,WorthPoint
sikhote-alin-meteorite,1.99 Grams~SIKHOTE ALIN Iron METEORITE Shrapnel~HISTORIC Fall Of 1947 Russia!,5.99,2025-11-21,1.99,3.01,WorthPoint
sikhote-alin-meteorite,2.78 Grams 22mm SIKHOTE ALIN Russian Meteorite With A COA And Info Card,15.5,2025-11-20,2.78,5.58,WorthPoint
sikhote-alin-meteorite,6 Grams 18mm SIKHOTE ALIN Russian Meteorite With A COA And Info Card,22.99,2025-11-20,6,3.83,WorthPoint
sikhote-alin-meteorite,9.86 Grams 20mm SIKHOTE ALIN Russian Meteorite With A COA And Info Card,37.99,2025-11-20,9.86,3.85,WorthPoint
sikhote-alin-meteorite,Sikhote-Alin Meteorite. 173 Grams. Excellent Shrapnel Piece.,175,2025-11-18,173,1.01,WorthPoint
sikhote-alin-meteorite,Sikhote-Alin Iron Meteorite Shrapnel Fragment: 21.4g,37.5,2025-11-18,21.4,1.75,WorthPoint
sikhote-alin-meteorite,"""70.6 Grams~SIKHOTE ALIN~Iron METEORITE~Whole~""""Special No Reserve Auction""""""",91,2025-11-18,70.6,1.29,WorthPoint
sikhote-alin-meteorite,2.60 Grams 14mm SIKHOTE ALIN Russian Shrapnel Meteorite With A COA And Info Card,7.69,2025-11-17,2.6,2.96,WorthPoint
sikhote-alin-meteorite,Magnet FALLING OF CHELYABINSK METEORITE With A Piece Of Meteorite,14.99,2025-11-16,,,WorthPoint
sikhote-alin-meteorite,"Nice Tektite, Libyan Desert Glass, Egypt, Lot Of Many Pieces. 168 Grams",43,2025-11-16,168,0.26,WorthPoint
sikhote-alin-meteorite,"NEWEST!!! PICA Impact Glass, Chile, Excellent Piece, 89 Grams",10.5,2025-11-16,89,0.12,WorthPoint
sikhote-alin-meteorite,"Meteorite Sericho, Pallasite, Kenya, Lot Of Rusty Pieces 250 Gr",26,2025-11-16,250,0.1,WorthPoint
sikhote-alin-meteorite,"Nice Tektite, Libyan Desert Glass, Egypt, Lot Of 2 Small Pieces. 136 Grams",15.5,2025-11-16,136,0.11,WorthPoint
sikhote-alin-meteorite,Meteorite Sikhote-Alin Strike Iron Nickle Russian 1.8 Mm 10.9 Grams JF17,15.99,2025-11-16,10.9,1.47,WorthPoint
sikhote-alin-meteorite,3.84 Grams~SIKHOTE ALIN~Iron METEORITE Shrapnel~HISTORIC Fall Of 1947 Russia!,11.99,2025-11-16,3.84,3.12,WorthPoint
sikhote-alin-meteorite,SIKHOTE-ALIN METEORITE PENDANT $79 Sterling Silver Jewelry STARBORN SA79-P21,79,2025-11-16,,,WorthPoint
sikhote-alin-meteorite,SIKHOTE-ALIN METEORITE PENDANT $45 Sterling Silver Jewelry STARBORN SA45-P15,45,2025-11-16,,,WorthPoint
sikhote-alin-meteorite,Low Price! Super Shape! Big Campo Del Cielo Meteorite Shattered Crystal! 134 Gms,78.75,2025-11-15,134,0.59,WorthPoint
sikhote-alin-meteorite,10.5 Grams 33mm SIKHOTE ALIN Russian Shrapnel Meteorite With A COA And Info Card,25.99,2025-11-15,10.5,2.48,WorthPoint
sikhote-alin-meteorite,7.09 Grams 22mm SIKHOTE ALIN Russian Meteorite With A COA And Info Card,28,2025-11-15,7.09,3.95,WorthPoint
sikhote-alin-meteorite,9.35 Grams 24mm SIKHOTE ALIN Russian Meteorite With A COA And Info Card,36.99,2025-11-15,9.35,3.96,WorthPoint
sikhote-alin-meteorite,14 Grams 23mm SIKHOTE ALIN Russian Shrapnel Meteorite With A COA And Info Card,37,2025-11-15,14,2.64,WorthPoint
sikhote-alin-meteorite,8.56 Grams 17mm SIKHOTE ALIN Russian Meteorite With A COA And Info Card,29.99,2025-11-15,8.56,3.5,WorthPoint
sikhote-alin-meteorite,6.59 Grams 23mm SIKHOTE ALIN Russian Meteorite With A COA And Info Card,22.99,2025-11-15,6.59,3.49,WorthPoint
sikhote-alin-meteorite,14.6 Grams 23mm SIKHOTE ALIN Russian Shrapnel Meteorite With A COA And Info Card,38,2025-11-15,14.6,2.6,WorthPoint
sikhote-alin-meteorite,6.31 Grams SIKHOTE ALIN Russian Meteorite With A COA And Info Card,24.99,2025-11-15,6.31,3.96,WorthPoint
sikhote-alin-meteorite,6.40 Grams 25mm SIKHOTE ALIN Russian Meteorite With A COA And Info Card,26,2025-11-15,6.4,4.06,WorthPoint
sikhote-alin-meteorite,"Sikhote-Alin Meteorite ""Shrapnel"" ‚Äì 88.6 Grams",600,2025-11-14,88.6,6.77,WorthPoint
sikhote-alin-meteorite,"Sikhote-Alin Meteorite ""Shrapnel"" ‚Äì 45.7 Grams",387.5,2025-11-14,45.7,8.48,WorthPoint
sikhote-alin-meteorite,614 GM. CAMPO DEL CIELO METEORITE A GRADE 1.35 Lbs. CHEAP! CLEANED SILICATE,449.1,2025-11-14,614,0.73,WorthPoint
sikhote-alin-meteorite,"*B2) Sikhote-Alin, Russia Meteorite Fragment 20 Grams With Display Sign Stand",99.99,2025-11-14,20,5,WorthPoint
sikhote-alin-meteorite,392 Gm . CAMPO DEL CIELO METEORITE; BEAUTIFU AAA GRADE METEORITE!! .9+ LBS,422.28,2025-11-14,392,1.08,WorthPoint
sikhote-alin-meteorite,1146 GM. CAMPO DEL CIELO METEORITE MED GRADE LARGE METEORITE 2.5 Lbs.,680.1,2025-11-13,1146,0.59,WorthPoint
sikhote-alin-meteorite,12.9 Grams 23mm SIKHOTE ALIN Russian Shrapnel Meteorite With A COA And Info Card,33,2025-11-13,12.9,2.56,WorthPoint
sikhote-alin-meteorite,6.60 Grams 18mm SIKHOTE ALIN Russian Meteorite With A COA And Info Card,27,2025-11-13,6.6,4.09,WorthPoint
sikhote-alin-meteorite,7.48 Grams 25mm SIKHOTE ALIN Russian Shrapnel Meteorite With A COA And Info Card,22.99,2025-11-13,7.48,3.07,WorthPoint
sikhote-alin-meteorite,4.37 Grams 15mm SIKHOTE ALIN Russian Meteorite With A COA And Info Card,16.99,2025-11-13,4.37,3.89,WorthPoint
sikhote-alin-meteorite,6.33 Grams 24mm SIKHOTE ALIN Russian Meteorite With A COA And Info Card,24.99,2025-11-13,6.33,3.95,WorthPoint
sikhote-alin-meteorite,7.03 Grams 18mm SIKHOTE ALIN Russian Meteorite With A COA And Info Card,25.99,2025-11-13,7.03,3.7,WorthPoint
sikhote-alin-meteorite,AMAZING 68g SCULPTURAL THUMBPRINTED SIKHOTE IRON METEORITE W/ FLOW LINES! SALE!,646,2025-11-13,68,9.5,WorthPoint
sikhote-alin-meteorite,1636 Gm. Campo Del Cielo Meteorite ; Med. Grade Cleaned; 3.46 Lbs.; Cheap!,809.1,2025-11-12,1636,0.49,WorthPoint
sikhote-alin-meteorite,"Sikhote'-Alin 64.34g Meteorite, Iron Shrapnel, Witnessed Fall, IMCA Sellers",485,2025-11-10,64.34,7.54,WorthPoint
sikhote-alin-meteorite,1244 GM. NEW CAMPO DEL CIELO METEORITE ; AA+ GRADE!! 2.7+ Pound CLEANED,750,2025-11-10,1244,0.6,WorthPoint
sikhote-alin-meteorite,340 Gm . CAMPO DEL CIELO METEORITE AAA GRADE .75 LBS. JAL,323,2025-11-10,340,0.95,WorthPoint
sikhote-alin-meteorite,10.64 Grams 24mm SIKHOTE ALIN Russian Meteorite With A COA And Info Card,38.99,2025-11-10,10.64,3.66,WorthPoint
sikhote-alin-meteorite,"NEWEST! Coin-Medal Tunguska Meteorite, Fall 1908, Russia",28.57,2025-11-09,,,WorthPoint
sikhote-alin-meteorite,"Meteorite Seymchan Pallasite FACETED OLIVINE GEM, FOUR Excellent Pieces 1.3 Mm",5.5,2025-11-09,,,WorthPoint
sikhote-alin-meteorite,"NEW!! RARE!! NWA 8743 Eucrite, Melt Breccia, 7.0 Grams Part Slice",20.5,2025-11-09,7,2.93,WorthPoint
sikhote-alin-meteorite,"NEWEST!!! PICA Impact Glass, Chile, Lot Of Many Excellent Pieces, 21.5 Grams",13.5,2025-11-09,21.5,0.63,WorthPoint
sikhote-alin-meteorite,"NEW! Tsarev Meteorite L5, Russia, Lot Of 2 Excellent Small Fragments 46.0 Grams",36,2025-11-09,46,0.78,WorthPoint
sikhote-alin-meteorite,"Nice Tektite, Libyan Desert Glass, Egypt, Very Good Piece. 208 Grams",43.56,2025-11-09,208,0.21,WorthPoint
sikhote-alin-meteorite,Russia USSR 1957 Mi. 2024 Sikhote Alin Meteorite ! Block Of 4 MNH,39.99,2025-11-09,,,WorthPoint
sikhote-alin-meteorite,4.66 Grams 17mm SIKHOTE ALIN Russian Meteorite With A COA And Info Card,16.99,2025-11-08,4.66,3.65,WorthPoint
sikhote-alin-meteorite,Shapely Sikhote Alin Meteorite Individual (iron) - 3.1 G,14,2025-11-07,3.1,4.52,WorthPoint
sikhote-alin-meteorite,644 Sikhote Alin Iron Meteorite World Class Museum Collectors Gde 1.5 Lbs. Jal,5849.1,2025-11-06,,,WorthPoint
sikhote-alin-meteorite,114 Gm BABY CAMPO DEL CIELO METEORITE BEAUTIFUL B GRADE METEORITE JAL,143.1,2025-11-06,114,1.26,WorthPoint
sikhote-alin-meteorite,4.55 Grams 28mm SIKHOTE ALIN Russian Meteorite With A COA And Info Card,16.99,2025-11-05,4.55,3.73,WorthPoint
sikhote-alin-meteorite,"Thin Section Of METEORITE SAU 001, Ordinary Chondrite L4/5, Oman #-3",69.99,2025-11-03,,,WorthPoint
sikhote-alin-meteorite,Magnet FALLING OF SIKHOTE ALIN METEORITE With A Piece Of Meteorite,14.99,2025-11-02,,,WorthPoint
sikhote-alin-meteorite,Magnet FALLING OF TSAREV METEORITE With A Piece Of Meteorite,5.24,2025-11-02,,,WorthPoint
sikhote-alin-meteorite,"NEWEST!!! PICA Impact Glass, Chile, Excellent Piece, 88 Grams",26,2025-11-02,88,0.3,WorthPoint
sikhote-alin-meteorite,"NEW! Tsarev Meteorite L5, Russia, Lot Of 15 Excellent Small Fragments 26.4 Grams",20.49,2025-11-02,26.4,0.78,WorthPoint
sikhote-alin-meteorite,"NEWEST! Krest-Kytyl Meteorite H5, Found 2020, Yakutia, Russia, Slice 8.5 Grams",8.16,2025-11-02,8.5,0.96,WorthPoint
sikhote-alin-meteorite,"NEW! Kapustin Yar, Meteorite L/LL6 Russia, Small Fragment Of 14.5 Grams",5.6,2025-11-02,14.5,0.39,WorthPoint
sikhote-alin-meteorite,"Nice Tektite, Libyan Desert Glass, Egypt, Lot Of 4 Small Pieces. 171 Grams",23.5,2025-11-02,171,0.14,WorthPoint
sikhote-alin-meteorite,"Meteorite Seymchan Pallasite FACETED OLIVINE GEM, 2 Pieces 1.5 Mm Each, 0.032 Ct",24.99,2025-10-31,,,WorthPoint
sikhote-alin-meteorite,"Sikhote-Alin Meteorite ""Shrapnel"" Pendant",134,2025-10-30,,,WorthPoint
sikhote-alin-meteorite,2.50 Grams 15mm SIKHOTE ALIN Russian Meteorite With A COA And Info Card,9.99,2025-10-30,2.5,4,WorthPoint
sikhote-alin-meteorite,141 Gm. Baby Campo Del Cielo Meteorite A+ Grade W Stand,152.1,2025-10-29,141,1.08,WorthPoint
sikhote-alin-meteorite,10.6 Grams 24mm SIKHOTE ALIN Russian Meteorite With A COA And Info Card,39,2025-10-29,10.6,3.68,WorthPoint
sikhote-alin-meteorite,NON SHRAPNEL - 200 Gram Sikhote Alin Meteorite Lot - Small Individuals,260,2025-10-28,200,1.3,WorthPoint
sikhote-alin-meteorite,Meteorite Collection Lot Three Different Types Labeled With Display Box,74.75,2025-10-28,,,WorthPoint
sikhote-alin-meteorite,180 Gm Baby Campo Del Cielo Meteorite A Grade! Stand Cleaned .4#,179.1,2025-10-28,180,1,WorthPoint
sikhote-alin-meteorite,NON SHRAPNEL - 700 Gram Sikhote Alin Meteorite Lot - Small Individuals (H),875,2025-10-28,700,1.25,WorthPoint
sikhote-alin-meteorite,"NEW! Meteorite IMILAC, Pallasite, Complete Individual Piece. 23.6 Grams.",499.99,2025-10-27,23.6,21.19,WorthPoint
sikhote-alin-meteorite,"Sikhote Alin Shrapnel Meteorite, 1,224.5 Grams",995,2025-10-26,224.5,4.43,WorthPoint
sikhote-alin-meteorite,"NEW!! RARE!! NWA 8743 Eucrite, Melt Breccia, 7.2 Grams Part Slice",16.26,2025-10-26,7.2,2.26,WorthPoint
sikhote-alin-meteorite,"NEWEST!!! PICA Impact Glass, Chile, Excellent Piece, 54.9 Grams",5.5,2025-10-26,54.9,0.1,WorthPoint
sikhote-alin-meteorite,"NEW! Kapustin Yar, Meteorite L/LL6 Russia, Lot 3 Small Fragments Of 21.7 Grams",13.5,2025-10-26,21.7,0.62,WorthPoint
sikhote-alin-meteorite,"Nice Tektite, Libyan Desert Glass, Egypt, Lot Of 3 Small Pieces. 199 Grams",21.5,2025-10-26,199,0.11,WorthPoint
sikhote-alin-meteorite,"RARE! Meteorite Mesosiderite, Catalina 500, Excellent Endcut 4.5 Grams",44.99,2025-10-26,4.5,10,WorthPoint
sikhote-alin-meteorite,6.99 Grams 27mm SIKHOTE ALIN Russian Meteorite With A COA And Info Card,28,2025-10-25,6.99,4.01,WorthPoint
sikhote-alin-meteorite,500 GM LOT OF CAMPO DEL CIELO METEORITE CRYSTALS FROM 10-15 Gm IN SIZE,251.75,2025-10-25,500,0.5,WorthPoint
sikhote-alin-meteorite,41.5 G Oriented Sikhote Alin Meteorite-Flowlines-Rollover Lipping-Fusion Crust.,128.5,2025-10-25,41.5,3.1,WorthPoint
sikhote-alin-meteorite,"RARE! Thin Section Of METEORITE, Mesosiderite, Catalina 500, Chile, #4",69.99,2025-10-23,,,WorthPoint
sikhote-alin-meteorite,"Sikhote-Alin Meteorite 57.8 Grams Iron, IIAB FALL 1947 Russia TKW 23 Tons NICE",410,2025-10-23,57.8,7.09,WorthPoint
sikhote-alin-meteorite,250 Gm LOT OF CAMPO DEL CIELO METEORITE CRYSTALS 0-1 GMS IN SIZE LOWEST PRICE,128.25,2025-10-23,250,0.51,WorthPoint
sikhote-alin-meteorite,"Sikhote-Alin Meteorite ""Shrapnel""",59,2025-10-23,,,WorthPoint
sikhote-alin-meteorite,HUGE 23.5 Kgm CAMPO DEL CIELO METEORITE AAA GD METEORITE 51.7 LB SCULPTURED JAL,16195.5,2025-10-23,23500,0.69,WorthPoint
sikhote-alin-meteorite,Sikhote Alin Irom Meteorite Collection 3 Specimens!,9.99,2025-10-22,,,WorthPoint
sikhote-alin-meteorite,3.16 Grams 22mm SIKHOTE ALIN Russian Shrapnel Meteorite With A COA And Info Card,8.99,2025-10-21,3.16,2.84,WorthPoint
sikhote-alin-meteorite,4.24 Grams 18mm SIKHOTE ALIN Russian Shrapnel Meteorite With A COA And Info Card,11.99,2025-10-21,4.24,2.83,WorthPoint
sikhote-alin-meteorite,4.88 Grams 24mm SIKHOTE ALIN Russian Shrapnel Meteorite With A COA And Info Card,14.99,2025-10-21,4.88,3.07,WorthPoint
sikhote-alin-meteorite,4.23 Grams 26mm SIKHOTE ALIN Russian Shrapnel Meteorite With A COA And Info Card,11.99,2025-10-21,4.23,2.83,WorthPoint
sikhote-alin-meteorite,3.82 Grams 15mm SIKHOTE ALIN Russian Shrapnel Meteorite With A COA And Info Card,11.49,2025-10-21,3.82,3.01,WorthPoint
sikhote-alin-meteorite,"NEW!! Agoudal Meteorite Crater, Morocco, Nice Shattercone, 40 Gr",24.99,2025-10-21,40,0.62,WorthPoint
sikhote-alin-meteorite,"NEW!! Agoudal Meteorite Crater, Morocco, Nice Shattercone, 55 Gr",24.99,2025-10-21,55,0.45,WorthPoint
sikhote-alin-meteorite,"NEW!! Agoudal Meteorite Crater, Morocco, Nice Shattercone, 24 Gr",19.99,2025-10-21,24,0.83,WorthPoint
sikhote-alin-meteorite,"NEW!! Agoudal Meteorite Crater, Morocco, Lot Of 2 Shattercones, 20 Gr",19.99,2025-10-21,20,1,WorthPoint
sikhote-alin-meteorite,METEORITE Pendant Glass Vial~SIKHOTE ALIN Iron~Cosmic Keepsake NECKLACE!,20,2025-10-21,,,WorthPoint
sikhote-alin-meteorite,11.3 Grams 23mm SIKHOTE ALIN Russian Shrapnel Meteorite With A COA And Info Card,25.99,2025-10-21,11.3,2.3,WorthPoint
sikhote-alin-meteorite,350 Gm. Baby Campo Del Cielo Meteorite Museum Grade! Beautiful .8 Lbs. Cleaned,299,2025-10-21,350,0.85,WorthPoint
sikhote-alin-meteorite,"""54.0 Grams~SIKHOTE ALIN~Iron METEORITE~Whole~""""Special No Reserve Auction""""""",96.59,2025-10-19,54,1.79,WorthPoint
sikhote-alin-meteorite,"NEWEST!!! PICA Impact Glass, Chile, Excellent Piece, 62.4 Grams",7.5,2025-10-19,62.4,0.12,WorthPoint
sikhote-alin-meteorite,"NEW! Tsarev Meteorite L5, Russia, Excellent Small Fragment Of 31.2 Grams",12.02,2025-10-19,31.2,0.39,WorthPoint
sikhote-alin-meteorite,"NEWEST! Kapustin Yar, Meteorite L/LL6 Russia, Small Fragment Of 25.1 Grams",11.56,2025-10-19,25.1,0.46,WorthPoint
sikhote-alin-meteorite,"Nice Tektite, Libyan Desert Glass, Egypt, Lot Of 5 Small Pieces. 172 Grams",23.5,2025-10-19,172,0.14,WorthPoint
sikhote-alin-meteorite,1242 Gm. Campo Del Cielo Meteorite Aaa Grade Sculptured 2.7 Lb Cleaned,899.1,2025-10-19,1242,0.72,WorthPoint
sikhote-alin-meteorite,"NEW! Aguas Zarcas Meteorite CM2, Recent Fall, Costa Rica, Individual, 7.94 Grams",1587.99,2025-10-19,7.94,200,WorthPoint
sikhote-alin-meteorite,ORIENTED 1.50 Gram - Sikhote Alin Meteorite Individual - 1947 Fall In Russia,19,2025-10-17,1.5,12.67,WorthPoint
sikhote-alin-meteorite,442 Gm. Campo Del Cielo Meteorite ; A Grade Meteorite 1 Pounds; Beautiful,302.1,2025-10-17,442,0.68,WorthPoint
sikhote-alin-meteorite,5.28 Grams 19mm SIKHOTE ALIN Russian Meteorite With A COA And Info Card,17.99,2025-10-17,5.28,3.41,WorthPoint
sikhote-alin-meteorite,8.85 Grams 30mm SIKHOTE ALIN Russian Meteorite With A COA And Info Card,33,2025-10-17,8.85,3.73,WorthPoint
sikhote-alin-meteorite,3.00 Grams~SIKHOTE ALIN~Iron METEORITE~Whole Individual~HISTORIC Fall Of 1947!,10.99,2025-10-17,3,3.66,WorthPoint
sikhote-alin-meteorite,ORIENTED 1.60 Gram - Sikhote Alin Meteorite Individual - 1947 Fall In Russia,29,2025-10-16,1.6,18.13,WorthPoint
sikhote-alin-meteorite,748 Gm CAMPO DEL CIELO METEORITE BEAUTIFUL BABY AAA GD METEORITE 1.68LBS JAL,809.1,2025-10-16,748,1.08,WorthPoint
sikhote-alin-meteorite,Sikhote Alin METEORITE 2.9 Grams Movable Parts! LOL,8.99,2025-10-15,2.9,3.1,WorthPoint
sikhote-alin-meteorite,24.3 Grams 33mm SIKHOTE ALIN Russian Meteorite With A COA And Info Card,84.99,2025-10-15,24.3,3.5,WorthPoint
sikhote-alin-meteorite,Sikhote Alin Iron Nickel Meteorite Piece Russian Meteor Asteroid Space Rock Nice,17.95,2025-10-14,,,WorthPoint
sikhote-alin-meteorite,Meteorite Sikhote-Alin Strike Iron Nickel Russian 24mm 5.7 Grams Jr3,9.99,2025-10-14,5.7,1.75,WorthPoint
sikhote-alin-meteorite,4.69 Grams 24mm SIKHOTE ALIN Russian Meteorite With A COA And Info Card,15.99,2025-10-13,4.69,3.41,WorthPoint
sikhote-alin-meteorite,1728 Gm. Campo Del Cielo Meteorite ; Aa Grade! Meteorite! 3.8 Lbs,1345.5,2025-10-13,1728,0.78,WorthPoint
sikhote-alin-meteorite,Sikhote-Alin Iron Meteorite Shrapnel Fragment: 12.0g,25,2025-10-13,12,2.08,WorthPoint
sikhote-alin-meteorite,3.51 Grams 16mm SIKHOTE ALIN Russian Meteorite With A COA And Info Card,16.26,2025-10-13,3.51,4.63,WorthPoint
sikhote-alin-meteorite,"NEW!! RARE!! NWA 8743 Eucrite, Melt Breccia, 6.7 Grams Part Slice",7.5,2025-10-12,6.7,1.12,WorthPoint
sikhote-alin-meteorite,"NEWEST!!! PICA Impact Glass, Chile, Excellent Piece, 20.6 Grams",5.1,2025-10-12,20.6,0.25,WorthPoint
sikhote-alin-meteorite,"NEW! Tsarev Meteorite L5, Russia, Lot Of 3 Excellent Small Fragments 35.6 Grams",12.01,2025-10-12,35.6,0.34,WorthPoint
sikhote-alin-meteorite,8.19 Grams 28mm SIKHOTE ALIN Russian Meteorite With A COA And Info Card,31.99,2025-10-12,8.19,3.91,WorthPoint
sikhote-alin-meteorite,4.03 Grams~SIKHOTE ALIN~Iron METEORITE~Whole Individual~HISTORIC Fall Of 1947!,14.99,2025-10-12,4.03,3.72,WorthPoint
sikhote-alin-meteorite,632 Gm CAMPO DEL CIELO METEORITE BEAUTIFUL AAA GRADE METEORIT 1.4 POUNDS,683.1,2025-10-11,632,1.08,WorthPoint
sikhote-alin-meteorite,"Awesome Tektite ATACAMAITE From Chile, Lot Of 10 Small Drops, 3.15 Grams",59.99,2025-10-10,3.15,19.04,WorthPoint
sikhote-alin-meteorite,12.4 Grams 23mm SIKHOTE ALIN Russian Meteorite With A COA And Info Card,41.99,2025-10-10,12.4,3.39,WorthPoint
sikhote-alin-meteorite,2.605 Grams 16mm SIKHOTE ALIN Russian Meteorite With A COA And Info Card,11.78,2025-10-10,2.605,4.52,WorthPoint
sikhote-alin-meteorite,1036 Gm. Campo Del Cielo Meteorite Collectors Gd. Sculptured Meteorite 2.3 Lbs,1799.1,2025-10-09,1036,1.74,WorthPoint
sikhote-alin-meteorite,"NEWEST! Meteorite Los Vientos 262, Chondrite L6,Chile. Polished Slice. 9.1 Grams",36.49,2025-10-09,9.1,4.01,WorthPoint
sikhote-alin-meteorite,"Meteorite**Sikhote-Alin, Russia**45.415 Grams, Gorgeous Regmaglypted Individual!",899.99,2025-10-09,45.415,19.82,WorthPoint
sikhote-alin-meteorite,Rare Large 124.7g Sikhote-Alin Iron Meteorite,348.5,2025-10-09,124.7,2.79,WorthPoint
sikhote-alin-meteorite,1.85 Grams~SIKHOTE ALIN~Iron METEORITE~Whole Individual~HISTORIC Fall Of 1947!,7.5,2025-10-09,1.85,4.05,WorthPoint
sikhote-alin-meteorite,218 Gm. Campo Del Cielo Meteorite ; Museum Grade! Silicated Meteorite; .5 Lbs,241.1,2025-10-08,218,1.11,WorthPoint
sikhote-alin-meteorite,3.43 Grams 18mm SIKHOTE ALIN Russian Meteorite With A COA And Info Card,12.99,2025-10-08,3.43,3.79,WorthPoint
sikhote-alin-meteorite,ORIENTED 2.74 Gram - Sikhote Alin Meteorite Individual - 1947 Fall In Russia,35,2025-10-05,2.74,12.77,WorthPoint
sikhote-alin-meteorite,Genuine Sikhote-Alin Meteorite In Glass Dome B,164,2025-10-05,,,WorthPoint
sikhote-alin-meteorite,"NEWEST!!! PICA Impact Glass, Chile, Excellent Piece, 107.6 Grams",19.61,2025-10-05,107.6,0.18,WorthPoint
sikhote-alin-meteorite,24.4 Grams 32mm SIKHOTE ALIN Russian Meteorite With A COA And Info Card,71,2025-10-05,24.4,2.91,WorthPoint
sikhote-alin-meteorite,14.1 Grams 24mm SIKHOTE ALIN Russian Meteorite With A COA And Info Card,49.99,2025-10-05,14.1,3.55,WorthPoint
sikhote-alin-meteorite,"Rare! Nice METEORITE NWA 13758, Rumuruti Chondrite R3, Nice Endcut 27 Gram",119.99,2025-10-04,27,4.44,WorthPoint
sikhote-alin-meteorite,Meteorite Sikhote-Alin Strike Iron Nickel Russian 14mm 2.7 Grams Jr15,7.99,2025-10-04,2.7,2.96,WorthPoint
sikhote-alin-meteorite,ORIENTED 2.18 Gram - Sikhote Alin Meteorite Individual - 1947 Fall In Russia,35,2025-10-04,2.18,16.06,WorthPoint
sikhote-alin-meteorite,ORIENTED 1.70 Gram - Sikhote Alin Meteorite Individual - 1947 Fall In Russia,35,2025-10-03,1.7,20.59,WorthPoint
sikhote-alin-meteorite,ORIENTED 2.30 Gram - Sikhote Alin Meteorite Individual - 1947 Fall In Russia,25,2025-10-02,2.3,10.87,WorthPoint
sikhote-alin-meteorite,"NEWEST! Excellent Dino HORN, Late Cretaceous, Turonian, 90 Ma, Uzbekistan",599.99,2025-09-30,,,WorthPoint
sikhote-alin-meteorite,"Nice Tektite, Libyan Desert Glass, Egypt, One Nice Piece. 285 Grams",36.1,2025-09-28,285,0.13,WorthPoint
sikhote-alin-meteorite,"NEWEST!!! PICA Impact Glass, Chile, Excellent Piece, 66.2 Grams",9.38,2025-09-28,66.2,0.14,WorthPoint
sikhote-alin-meteorite,SIKHOTE ALIN IRON METEORITE WORLD CLASS 31.2 Gram Burn Channel- Deep Thumbprints,299,2025-09-24,31.2,9.58,WorthPoint
sikhote-alin-meteorite,Sikhote-Alin Iron Meteorite 52g,75,2025-09-21,52,1.44,WorthPoint
sikhote-alin-meteorite,"Nice Tektite, Libyan Desert Glass, Egypt, Lot Of Four Small Pieces. 192 Grams",21.5,2025-09-21,192,0.11,WorthPoint
sikhote-alin-meteorite,1.86 Grams SIKHOTE ALIN Iron METEORITE Shrapnel HISTORIC Fall Of 1947 Russia!,5.99,2025-09-21,1.86,3.22,WorthPoint
sikhote-alin-meteorite,1122 Gm. Campo Del Cielo Meteorite Aaa Grade!! Beautiful 2.45 Pounds; Cheap!,610,2025-09-18,1122,0.54,WorthPoint
sikhote-alin-meteorite,"NEWEST! Excellent Turtle-shell, Late Cretaceous, Turonian, 90 Ma, Uzbekistan #1",29.99,2025-09-18,,,WorthPoint
sikhote-alin-meteorite,"NEWEST! Excellent Dino Bone, Late Cretaceous, Turonian, 90 Ma, Uzbekistan #10",39.99,2025-09-18,,,WorthPoint
sikhote-alin-meteorite,1734 GM. CAMPO DEL CIELO METEORITE B GD 3.8 Lbs. INEXPENSIVE CLEANED SILICATE,899,2025-09-18,1734,0.52,WorthPoint
sikhote-alin-meteorite,1656 Gm. New Campo Del Cielo Meteorite ; B Grade!! Beautiful; 3.64 Pounds; Cheap,895.5,2025-09-18,1656,0.54,WorthPoint
sikhote-alin-meteorite,Beautiful 2092 Gm. Campo Del Cielo Meteorite 4.6 # Quarter Cut,989.1,2025-09-18,2092,0.47,WorthPoint
sikhote-alin-meteorite,Beautiful 975 Gm. Etched Campo Del Cielo Meteorite Triple Cut,863.1,2025-09-18,975,0.89,WorthPoint
sikhote-alin-meteorite,1234 GM. CAMPO DEL CIELO METEORITE B+ GRADE LARGE METEORITE 2.7 Lbs. CLEANED,719.1,2025-09-18,1234,0.58,WorthPoint
sikhote-alin-meteorite,"Meteorite Seymchan, Excellent Quality Thin Slice, 14.9 Grams, Not Transparent",59.99,2025-09-18,14.9,4.03,WorthPoint
sikhote-alin-meteorite,"NEW! Excellent Dino Tooth, Late Cretaceous, Turonian, 90 Ma, Uzbekistan #3",89.99,2025-09-17,,,WorthPoint
sikhote-alin-meteorite,Sikhote Alin Meteorite 10.7g From Russia,50,2025-09-17,10.7,4.67,WorthPoint
sikhote-alin-meteorite,"Sikhote-Alin, Iron IIAB Meteorite Octahedrite Russia 1947, 28.34 Grams",59,2025-09-16,28.34,2.08,WorthPoint
sikhote-alin-meteorite,"Meteorite Seymchan Nice Thin Slice 43.8 Grams, Not Transparent",131.99,2025-09-16,43.8,3.01,WorthPoint
sikhote-alin-meteorite,"NEW! Tsarev Meteorite L5, Russia, Excellent Fragment 103.7 Grams",41,2025-09-14,103.7,0.4,WorthPoint
sikhote-alin-meteorite,"NEW! Meteorite Pallasovka Pallasite Small Slice, 6.0 Grams, Not Transparent",22.5,2025-09-14,6,3.75,WorthPoint
sikhote-alin-meteorite,"Nice Tektite, Libyan Desert Glass, Egypt, Lot Of Three Small Pieces. 176 Grams",15.51,2025-09-14,176,0.09,WorthPoint
sikhote-alin-meteorite,"NEWEST!!! PICA Impact Glass, Chile, Excellent Piece, 67.3 Grams",31,2025-09-14,67.3,0.46,WorthPoint
sikhote-alin-meteorite,"NEW!! RARE!! NWA 8743 Eucrite, Melt Breccia, 4.0 Grams Part Slice",5.1,2025-09-14,4,1.27,WorthPoint
sikhote-alin-meteorite,"Nice IRGIZITES, Zhamanshin Impact Crater, Kazakhstan, Lot Many Pieces, 20 Grams",5.5,2025-09-14,20,0.28,WorthPoint
sikhote-alin-meteorite,#1 Natural 13.00ct 100% Rock From Space Russian Sikhote Meteorite 2.60g 14.00mm,14.95,2025-09-13,2.6,5.75,WorthPoint
sikhote-alin-meteorite,Sikhote-Alin Russia 1947 IIAB Iron Nickel Meteorite 92.5 Grams With Regmaglypts,229,2025-09-13,92.5,2.48,WorthPoint
sikhote-alin-meteorite,ORIENTED 6.78 Gram - Sikhote Alin Meteorite Individual - 1947 Fall In Russia,49,2025-09-10,6.78,7.23,WorthPoint
sikhote-alin-meteorite,Meteorite Sikhote-Alin Strike Iron Nickel Russian 18mm 3.3 Grams Jr18,7.99,2025-09-10,3.3,2.42,WorthPoint
sikhote-alin-meteorite,Russia Space Astronomy Sikhote Alin Iron Meteorite Explosion Stamp 1957 A-11,29.99,2025-09-08,,,WorthPoint
sikhote-alin-meteorite,"NEW Lahmada 020 LUNAR, Feldspathic Regolith Melt Breccia, Part Slice, 5.50 Grams",559.99,2025-09-08,5.5,101.82,WorthPoint
sikhote-alin-meteorite,Meteorite Sikhote-Alin Strike Iron Nickel Russian 33x15mm 5.4 Grams T88,9.55,2025-09-07,5.4,1.77,WorthPoint
sikhote-alin-meteorite,"NEW! Tsarev Meteorite L5, Russia, Excellent Not Polished Slice 28.8 Grams",43.55,2025-09-07,28.8,1.51,WorthPoint
sikhote-alin-meteorite,"NEW! Meteorite Pallasovka Pallasite Small Slice, 5.4 Grams, Not Transparent",30,2025-09-07,5.4,5.56,WorthPoint
sikhote-alin-meteorite,"Keychain Made With A Fragment Of Sikhote Alin Iron Meteorite, 28.2 Grams",26,2025-09-07,28.2,0.92,WorthPoint
sikhote-alin-meteorite,"NEWEST!!! PICA Impact Glass, Chile, Excellent Piece, 33.9 Grams",5.6,2025-09-07,33.9,0.17,WorthPoint
sikhote-alin-meteorite,BEAUTIFUL 32g ORIENTED SIKHOTE ALIN METEORITE WITH FLOW LINES & ROLL OVER LIPS!,332.39,2025-09-07,32,10.39,WorthPoint
sikhote-alin-meteorite,1082 Gm. Campo Del Cielo Meteorite B Grade 2.4 Lbs. Cheap Silicate Cleaned,629.1,2025-09-06,1082,0.58,WorthPoint
sikhote-alin-meteorite,SIKHOTE ALIN Iron Meteorite Specimen FLOWLINES WITNESSED FALL RUSSIA IMCA Seller,119.99,2025-09-06,,,WorthPoint
sikhote-alin-meteorite,"Meteorite Maslyanino, Silicated Iron, Fine Polished Part Slice 13.6 Grams",168.99,2025-09-06,13.6,12.43,WorthPoint
sikhote-alin-meteorite,3.23 Grams 20mm SIKHOTE ALIN Russian Shrapnel Meteorite With A COA And Info Card,8.99,2025-09-04,3.23,2.78,WorthPoint
sikhote-alin-meteorite,21.4 Gram - Sikhote Alin Iron Meteorite - Thumbprinted Specimen - 1947 Fall,49.99,2025-09-04,21.4,2.34,WorthPoint
sikhote-alin-meteorite,"NEW! Meteorite IMILAC, Pallasite, Excellent Endcut Piece. 36.0 Grams",999.99,2025-09-03,36,27.78,WorthPoint
sikhote-alin-meteorite,"NEW! Excellent Lot Of 260 Teeth Of Pycnodus Sp., Cretatious, 140 Ma, Russia",399.99,2025-09-03,,,WorthPoint
sikhote-alin-meteorite,"Sikhote Alin Iron Meteorite, Small Awesome Well Oriented Individual! 4.3 G",49.99,2025-09-03,4.3,11.63,WorthPoint
sikhote-alin-meteorite,1394 Gm CAMPO DEL CIELO METEORITE BEAUTIFUL AAA GRADE METEORITE 3.1 POUNDS,1529.1,2025-09-02,1394,1.1,WorthPoint
sikhote-alin-meteorite,Meteorite Sikhote-Alin Strike Iron Nickel Russian 17mm 8.1 Grams Jr10,11.99,2025-09-02,8.1,1.48,WorthPoint
sikhote-alin-meteorite,Meteorite Sikhote-Alin Strike Iron Nickel Russian 23mm 7 Grams Jr17,11.99,2025-09-02,7,1.71,WorthPoint
sikhote-alin-meteorite,"NEW!!! Fossil Replica Big, Pareiasaur, Permian, 260 Ma, Kotelnich, Russia",349.99,2025-09-02,,,WorthPoint
sikhote-alin-meteorite,436 Gm CAMPO DEL CIELO METEORITE BEAUTIFUL AA GRADE METEORITE .95 POUNDS,476.1,2025-09-02,436,1.09,WorthPoint
sikhote-alin-meteorite,3.77 Grams 15mm SIKHOTE ALIN Russian Shrapnel Meteorite With A COA And Info Card,8.99,2025-09-01,3.77,2.38,WorthPoint
sikhote-alin-meteorite,2.43 Grams 17mm SIKHOTE ALIN Russian Shrapnel Meteorite With A COA And Info Card,7.49,2025-09-01,2.43,3.08,WorthPoint
sikhote-alin-meteorite,"NEW! Fossil Replica, Nochnitsa Geminidens, Permian, 260 Ma, Kotelnich, Russia",149.99,2025-09-01,,,WorthPoint
sikhote-alin-meteorite,"Awesome SAFFORDITE (Arizonaite), Arizona, USA, 5.5 Grams",5.6,2025-08-31,5.5,1.02,WorthPoint
sikhote-alin-meteorite,"NEW! Tsarev Meteorite L5, Russia, Lot Of 3 Excellent Cuts, 32.7 Grams",27.01,2025-08-31,32.7,0.83,WorthPoint
sikhote-alin-meteorite,"NEW! Meteorite Pallasovka Pallasite Small Slice, 4.3 Grams, Not Transparent",15.5,2025-08-31,4.3,3.6,WorthPoint
sikhote-alin-meteorite,"NEWEST!!! PICA Impact Glass, Chile, Excellent Piece, 70.7 Grams",6.49,2025-08-31,70.7,0.09,WorthPoint
sikhote-alin-meteorite,290 Gm. Campo Del Cielo Meteorite ; B Grade!! .63 Pounds; Cheap!! Cheap!!,269.1,2025-08-31,290,0.93,WorthPoint
sikhote-alin-meteorite,"SIKHOTE ALIN Meteorite Display Label, Aluminum",6.5,2025-08-31,,,WorthPoint
sikhote-alin-meteorite,4.23 Grams 21mm SIKHOTE ALIN Russian Shrapnel Meteorite With A COA And Info Card,12.5,2025-08-30,4.23,2.96,WorthPoint
sikhote-alin-meteorite,"Sikhote-Alin Iron IIAB Maritime Terr., Russia Fell Feb. 1947 76.7 G Whole Stone",115,2025-08-30,76.7,1.5,WorthPoint
sikhote-alin-meteorite,Meteorite Sikhote-Alin Strike Iron Nickel Russian 15mm 3.8 Grams Jr20,7.99,2025-08-30,3.8,2.1,WorthPoint
sikhote-alin-meteorite,54.19 Gram - Sikhote Alin Sharpnel Meteorite Individual - 1947 Fall In Russia,220,2025-08-29,54.19,4.06,WorthPoint
sikhote-alin-meteorite,1000 GRS LOT OF CAMPO DEL CIELO METEORITE CRYSTALS FROM 20-30 Gm IN SIZE,498.75,2025-08-29,1000,0.5,WorthPoint
sikhote-alin-meteorite,10.92g Sikhote-Alin Witnessed Fall 1947 I Sculptured Iron Meteorite I TOP,203,2025-08-28,10.92,18.59,WorthPoint
sikhote-alin-meteorite,"Impact Rock From Karla Impact Crater, Russia, Slice 174 Grams",89.99,2025-08-28,174,0.52,WorthPoint
sikhote-alin-meteorite,"NEWEST! Impact Rock ZUEVITE From POPIGAI Impact Crater, Russia, Slice 162 Grams",109.99,2025-08-28,162,0.68,WorthPoint
sikhote-alin-meteorite,Meteorite Sikhote-Alin Strike Iron Nickel Russian 20mm 3.3 Grams Jr4,7.99,2025-08-27,3.3,2.42,WorthPoint
sikhote-alin-meteorite,Dealer Lot! Highest Quality Ever! New Campo Meteorite Shattered Crystals 1 Kilo,450,2025-08-26,,,WorthPoint
sikhote-alin-meteorite,"NEW!! RARE! NWA 14243 Martian Meteorite, Shergottite, Slice 14.7 Grams",1764.99,2025-08-25,14.7,120.07,WorthPoint
sikhote-alin-meteorite,"NEW! NWA 14243 MARTIAN, Shergottite (aphyric, Diabasic) Part Slice, 0.64 Grams",99.99,2025-08-25,0.64,156.23,WorthPoint
sikhote-alin-meteorite,"NEW!! RARE!! Qiquanhu Eucrite, Witnessed Fall, China, 2.63 Grams Fragment",262.99,2025-08-25,2.63,100,WorthPoint
sikhote-alin-meteorite,#8 Natural 20.70ct 100% Rock From Space Russian Sikhote Meteorite 4.10g 16.00mm,17.95,2025-08-24,4.1,4.38,WorthPoint
sikhote-alin-meteorite,"NEW! Meteorite Pallasovka Pallasite Small Slice, 2.9 Grams, Not Transparent",27,2025-08-24,2.9,9.31,WorthPoint
sikhote-alin-meteorite,3.36 Grams~SIKHOTE ALIN Iron METEORITE In Glass Gift Jar~Cosmic Keepsake!,14.99,2025-08-23,3.36,4.46,WorthPoint
sikhote-alin-meteorite,200 Gm. Campo Del Cielo Meteorite A Grade! .44 Pound Cleaned Baby Campo Cheap,206.1,2025-08-22,200,1.03,WorthPoint
sikhote-alin-meteorite,"NEW! Aletai Iron Meteorite, China, Wonderful Etched Sphere, 67.5 Grams, 25.5 Mm",293.99,2025-08-21,67.5,4.36,WorthPoint
sikhote-alin-meteorite,4.17 Grams SIKHOTE ALIN Iron METEORITE Shrapnel HISTORIC Fall Of 1947 Russia!,12.99,2025-08-21,4.17,3.12,WorthPoint
sikhote-alin-meteorite,"Awesome SAFFORDITE (Arizonaite), Arizona, USA, 5.8 Grams",14.49,2025-08-20,5.8,2.5,WorthPoint
sikhote-alin-meteorite,"Sikhote-Alin,Primorye,Russia Iron Nickel Meteorite Shrapnel 4.86 Grams",29.75,2025-08-20,4.86,6.12,WorthPoint
sikhote-alin-meteorite,"Impact Rock From Zhamanshin Impact Crater, Zhamanshinite, Kazakhstan, 860 Grams",214.99,2025-08-19,860,0.25,WorthPoint
sikhote-alin-meteorite,Lg 1006 Gm Campo Del Cielo Meteorite Museum Collectors Grade 2.2 Lbs,1165.5,2025-08-18,1006,1.16,WorthPoint
sikhote-alin-meteorite,"NEW! Meteorite Pallasovka Pallasite 3 Small Slices, 3.4 Grams, Not Transparent",20.5,2025-08-17,3.4,6.03,WorthPoint
sikhote-alin-meteorite,"NEW! Tsarev Meteorite L5, Russia, Excellent Tumbled Piece, 66 Grams",20.5,2025-08-17,66,0.31,WorthPoint
sikhote-alin-meteorite,"Sikhote Alin Iron IIAB Fell Feb. 12, 1947 Whole Stone 5.7 Grams",17,2025-08-17,5.7,2.98,WorthPoint
sikhote-alin-meteorite,Genuine Sikhote-Alin Meteorite In Glass Dome D,138,2025-08-17,,,WorthPoint
sikhote-alin-meteorite,Sikhote Alin METEORITE 54.76 Grams,65,2025-08-15,54.76,1.19,WorthPoint
sikhote-alin-meteorite,6.69 Grams~Iron METEORITE VARIETY~ Whole Pieces In Gift Jar~Cosmic Keepsake!,14.99,2025-08-15,6.69,2.24,WorthPoint
sikhote-alin-meteorite,"Natural History Auction Catalogue Featuring Meteorites, Dinosaurs, Fine Minerals",16,2025-08-15,,,WorthPoint
sikhote-alin-meteorite,Meteorite Pendant With 8 Superb Specimens!!,29,2025-08-14,,,WorthPoint
sikhote-alin-meteorite,290 Gm. Campo Del Cielo Meteorite Aaa Grade!! Beautiful Baby Meteorite; .63#,314.1,2025-08-14,290,1.08,WorthPoint
sikhote-alin-meteorite,ORIENTED 3.54 Gram - Sikhote Alin Meteorite Individual - 1947 Fall In Russia,35,2025-08-13,3.54,9.89,WorthPoint
sikhote-alin-meteorite,"NEW! Meteorite IMILAC, Pallasite, Excellent Endcut Piece. 79.5 Grams",2299.99,2025-08-13,79.5,28.93,WorthPoint
sikhote-alin-meteorite,250 GRS LOT OF CAMPO DEL CIELO METEORITE CRYSTALS FROM 50-100 Gm IN SIZE,128.25,2025-08-12,250,0.51,WorthPoint
sikhote-alin-meteorite,1586 Gm. Campo Del Cielo Meteorite Museum Grade 3.5lbs. Stand Jal Ablation Cav,1799.1,2025-08-11,1586,1.13,WorthPoint
sikhote-alin-meteorite,Sikhote Alin Irom Meteorite Collection 38 Pieces!,17.99,2025-08-11,,,WorthPoint
sikhote-alin-meteorite,7.8 Kilogram CAMPO DEL CIELO Like METEORITE Replica AAA GRADE LARGE CRATER 17 Lb,121.5,2025-08-11,,,WorthPoint
sikhote-alin-meteorite,"NEWEST!!! PICA Impact Glass, Chile, Excellent Piece, 22.9 Grams",5.56,2025-08-10,22.9,0.24,WorthPoint
sikhote-alin-meteorite,"Sikhote-Alin, Iron, IIAB Meteorite Found In Russia 1947, 37.2 Grams",130,2025-08-10,37.2,3.49,WorthPoint
sikhote-alin-meteorite,660 GM. CAMPO DEL CIELO METEORITE ; MED GRADE! METEORITE! 1.4 LBS. Cheap!!,359.96,2025-08-07,660,0.55,WorthPoint
sikhote-alin-meteorite,790 Gm CAMPO DEL CIELO METEORITE BEAUTIFUL BABY AAA GD METEORITE 1.74 LBS JAL,854.95,2025-08-05,790,1.08,WorthPoint
sikhote-alin-meteorite,"NEW! Meteorite Pallasovka Pallasite Lot Of Small Thin Slices, 3.8 Grams",14.94,2025-08-03,3.8,3.93,WorthPoint
sikhote-alin-meteorite,"NEWEST!!! PICA Impact Glass, Chile, Excellent Piece, 85.0 Grams",9.5,2025-08-03,85,0.11,WorthPoint
sikhote-alin-meteorite,"NEWEST! Kapustin Yar, Meteorite L/LL6 Russia, Lot Of 3 Fragments Of 26.2 Grams",15.6,2025-08-03,26.2,0.6,WorthPoint
sikhote-alin-meteorite,"SIKHOTE ALIN Iron Meteorite, WORLD CLASS 21.2 Gm. Deep Thumbprints Burn Channel",299,2025-08-01,21.2,14.1,WorthPoint
sikhote-alin-meteorite,"NEW! Excellent Dino Claw, Late Cretaceous, Turonian, 90 Ma, Uzbekistan #3",249.99,2025-08-01,,,WorthPoint
sikhote-alin-meteorite,Sikhote Alin METEORITE 99.3 Grams,110,2025-07-31,99.3,1.11,WorthPoint
sikhote-alin-meteorite,3.66 Grams 16mm Long SIKHOTE ALIN Russia Meteorite Observed Fall In 1947,11,2025-07-31,3.66,3.01,WorthPoint
sikhote-alin-meteorite,Sikhote Alin METEORITE 63.65 Grams,72,2025-07-31,63.65,1.13,WorthPoint
sikhote-alin-meteorite,Esthetic Oriented 367.8 Gram Sikhote-Alin Iron-Nickel Meteorite With Regmaglypts,1250,2025-07-31,367.8,3.4,WorthPoint
sikhote-alin-meteorite,Beautiful 1120 Gm. Campo Del Cielo Meteorite 2.5 # Quarter Cut;,539.1,2025-07-31,1120,0.48,WorthPoint
sikhote-alin-meteorite,556 Gm CAMPO DEL CIELO METEORITE BEAUTIFUL AAA GRADE METEORITE 1.2 POUNDS JAL,692.1,2025-07-29,556,1.24,WorthPoint
sikhote-alin-meteorite,Sikhote Alin METEORITE 22.39 Grams,44.99,2025-07-29,22.39,2.01,WorthPoint
sikhote-alin-meteorite,500 GRS LOT OF CAMPO DEL CIELO METEORITE CRYSTALS FROM 5-10 Gm IN SIZE,251.75,2025-07-28,500,0.5,WorthPoint
sikhote-alin-meteorite,"Meteorite Seymchan Etched Cut Cube 34.8 Grams, 17 Mm, Very Nice Structure",199.99,2025-07-26,34.8,5.75,WorthPoint
sikhote-alin-meteorite,"Meteorite Quijingue, Pallasite, Fine Polished Part Slice 15.7 Grams",389.99,2025-07-26,15.7,24.84,WorthPoint
sikhote-alin-meteorite,Meteorite Sikhote-Alin Strike Iron Nickel Russian 28x14mm 5.9 Grams T87,9.89,2025-07-25,5.9,1.68,WorthPoint
sikhote-alin-meteorite,Meteorite Sikhote-Alin Strike Iron Nickel Russian 23x18mm 6.8 Grams T58,9.23,2025-07-25,6.8,1.36,WorthPoint
sikhote-alin-meteorite,"Sikhote-Alin Iron IIAB Fell Feb. 12, 1947 Russia 5.13 G Whole Stone",25,2025-07-24,5.13,4.87,WorthPoint
sikhote-alin-meteorite,Meteorite Sikhote-Alin Strike Iron Nickel Russian 7.1 Grams K77,11.87,2025-07-22,7.1,1.67,WorthPoint
sikhote-alin-meteorite,Beautiful 634 Gm Campo Del Cielo Meteorite Quarter Cut 2 Sides,404.1,2025-07-21,634,0.64,WorthPoint
sikhote-alin-meteorite,Sikhote Alin Meteorite 42 Gram Fragment Specimen Iron 1947 Fall,99,2025-07-21,42,2.36,WorthPoint
sikhote-alin-meteorite,"NEW! Meteorite Pallasovka Pallasite Small Thin Slice 3.0 Grams, Not Transparent",18.5,2025-07-20,3,6.17,WorthPoint
sikhote-alin-meteorite,"Nice Tektite, Libyan Desert Glass, Egypt, Lot Of Two Small Pieces. 170 Grams",16,2025-07-20,170,0.09,WorthPoint
sikhote-alin-meteorite,"NEWEST!!! PICA Impact Glass, Chile, Excellent Piece, 96.0 Grams",6.5,2025-07-20,96,0.07,WorthPoint
sikhote-alin-meteorite,"Nice Tektite, Libyan Desert Glass, Egypt, Lot Of 18 Pieces. 183 Grams",14.5,2025-07-20,183,0.08,WorthPoint
sikhote-alin-meteorite,SIKHOTE ALIN Iron Meteorite POLISHED SLICE Specimen Witnessed Fall RUSSIA,79.99,2025-07-20,,,WorthPoint
sikhote-alin-meteorite,6.94 Grams 22mm SIKHOTE ALIN Russian Shrapnel Meteorite With A COA And Info Card,21,2025-07-19,6.94,3.03,WorthPoint
sikhote-alin-meteorite,6.26 Grams SIKHOTE ALIN Russian Meteorite With A COA And Info Card,21.5,2025-07-19,6.26,3.43,WorthPoint
sikhote-alin-meteorite,Meteorite Sikhote-Alin Strike Iron Nickel Russian 3.2 Grams L18,8.99,2025-07-18,3.2,2.81,WorthPoint
sikhote-alin-meteorite,"NEW! Aletai Iron Meteorite, China, Special Black Etched Slice, 23.8 Grams",118.99,2025-07-17,23.8,5,WorthPoint
sikhote-alin-meteorite,1000 GRS LOT OF CAMPO DEL CIELO METEORITE CRYSTALS FROM 5-10 Gm IN SIZE,498.75,2025-07-17,1000,0.5,WorthPoint
sikhote-alin-meteorite,"Meteorite Seymchan Complete Piece That Contain Olivines, 630 Grams",1574.99,2025-07-16,630,2.5,WorthPoint
sikhote-alin-meteorite,596 Gm. Campo Del Cielo Meteorite ; Museum Grade!! Beautiful Baby Campo 1.3 Lb,539.1,2025-07-16,596,0.9,WorthPoint
sikhote-alin-meteorite,SIKHOTE-ALIN METEORITE PENDANT $69 Sterling Silver Jewelry STARBORN SA69-P10,69,2025-07-15,,,WorthPoint
sikhote-alin-meteorite,SIKHOTE-ALIN METEORITE PENDANT $89 Sterling Silver Jewelry STARBORN SA89-P10,89,2025-07-15,,,WorthPoint
sikhote-alin-meteorite,Mitterling Meteorites March 2001 Meteorite Catalog Allende Sikhote-Alin Zag,6,2025-07-15,,,WorthPoint
sikhote-alin-meteorite,"Meteorite**Sikhote-Alin, Russia**2.564 Grams, Gorgeous Unique Bullet Shape!!",40,2025-07-14,2.564,15.6,WorthPoint
sikhote-alin-meteorite,Meteorite: Sikhote-Alin Weight: 27.953 Grams,450,2025-07-14,27.953,16.1,WorthPoint
sikhote-alin-meteorite,48 Gm Campo Del Cielo Meteorite A Grade!! Cheap. Stand,53.95,2025-07-14,48,1.12,WorthPoint
sikhote-alin-meteorite,"New Not Classified Iron Meteorite, Kenya, Slice 9.7 Grams",39.99,2025-07-14,9.7,4.12,WorthPoint
sikhote-alin-meteorite,"RARE! Meteorite Mesosiderite, Vaca Muerta, Excellent Endcut 2.1 Grams",31.49,2025-07-14,2.1,15,WorthPoint
sikhote-alin-meteorite,SIKHOTE-ALIN METEORITE PENDANT $129 Sterling Silver Jewelry STARBORN SA129-P1,129,2025-07-12,,,WorthPoint
sikhote-alin-meteorite,1148 Gm. Campo Del Cielo Meteorite B Grade 2.5 Lbs Cheap Stand Cleaned,629.96,2025-07-11,1148,0.55,WorthPoint
sikhote-alin-meteorite,Sikhote-Alin Russia 1947 IIAB Iron Nickel Meteorite 66.5 Grams With Regmaglypts,650,2025-07-11,66.5,9.77,WorthPoint
sikhote-alin-meteorite,151 Gm Campo Del Cielo Meteorite B Grade Low Low Price,120,2025-07-09,151,0.79,WorthPoint
sikhote-alin-meteorite,Meteorite Sikhote-Alin Strike Iron Nickle Russian 1.7 Grams Ed15,8.99,2025-07-09,1.7,5.29,WorthPoint
sikhote-alin-meteorite,Beautiful 474 Gm. Etched Campo Del Cielo Meteorite Triple Cut,314.1,2025-07-09,474,0.66,WorthPoint
sikhote-alin-meteorite,996 Gm CAMPO DEL CIELO METEORITE BEAUTIFUL AAA GRADE METEORITE 2.2 POUNDS,1075.5,2025-07-08,996,1.08,WorthPoint
sikhote-alin-meteorite,Natural Sikhote-Alin Meteorite From Russia: 53.5 Grams,60,2025-07-07,53.5,1.12,WorthPoint
sikhote-alin-meteorite,Meteorite**Sikhote-Alin** Iron IIAB Observed Fall 50.34gm,74.99,2025-07-07,50.34,1.49,WorthPoint
sikhote-alin-meteorite,1000 Gm LOT OF CAMPO DEL CIELO METEORITE CRYSTALS 3-5 GMS IN SIZE LOWEST PRICE,525,2025-07-06,1000,0.53,WorthPoint
sikhote-alin-meteorite,125 Gm LOT OF CAMPO DEL CIELO METEORITE CRYSTALS 3-5 GMS IN SIZE LOWEST PRICE,65,2025-07-06,125,0.52,WorthPoint
sikhote-alin-meteorite,Huge 1690 Gm Campo Del Cielo Meteorite Aaa Museum Collectors Grade 3.7 Lbs Jal,2245.5,2025-07-04,1690,1.33,WorthPoint
sikhote-alin-meteorite,9158 Gm Campo Del Cielo Meteorite Aaa Grade. 20.2 Lbs Sculptured; Jal,7495.5,2025-07-03,9158,0.82,WorthPoint
sikhote-alin-meteorite,944 Gm. Campo Del Cielo Meteorite ; Aa Grade!! 2.1+ Lbs. Strand Cleaned,656.96,2025-07-03,944,0.7,WorthPoint
sikhote-alin-meteorite,944 Gm. Campo Del Cielo Meteorite ; A Grade!! Beautiful 2.1 Pounds; Cleaned,539.1,2025-07-03,944,0.57,WorthPoint
sikhote-alin-meteorite,"Sikhote-Alin Iron IIAB Meteorite, Fell In Russia 1947. 61.16 Grams",195,2025-07-01,61.16,3.19,WorthPoint
sikhote-alin-meteorite,"NEW RARE! NWA 15352 LUNAR, Feldspathic Breccia, Complete Piece, 2.44 Grams",121.99,2025-07-01,2.44,50,WorthPoint
sikhote-alin-meteorite,1522 Gm. New Campo Del Cielo Meteorite A Grade!! Silicate 3.34 Pounds Stand,700,2025-07-01,1522,0.46,WorthPoint
sikhote-alin-meteorite,"NEW! Tsarev Meteorite L5, Russia, 5 Small Excellent Fragments Of 40.5 Grams",5.99,2025-06-29,40.5,0.15,WorthPoint
sikhote-alin-meteorite,"NEWEST! Kapustin Yar, Meteorite L/LL6 Russia, Lot Of Two Fragments Of 24.2 Grams",8.26,2025-06-29,24.2,0.34,WorthPoint
sikhote-alin-meteorite,Sikhote Alin Kamacite Meteorite Shrapnel Paseka Primorsky Krai Russia 8.4g,15,2025-06-29,8.4,1.79,WorthPoint
sikhote-alin-meteorite,"NEW RARE!! Dhofar 132, Achondrite, Ureilite Meteorite, Slice, 4.5 Grams",79.99,2025-06-29,4.5,17.78,WorthPoint
sikhote-alin-meteorite,984 Gm CAMPO DEL CIELO METEORITE AAA GRADE METEORITE 2.2 POUNDS,1079.1,2025-06-29,984,1.1,WorthPoint
sikhote-alin-meteorite,GORGEOUS 25.7g ORIENTED SIKHOTE ALIN METEORITE WITH ROLL OVER LIPS!,189.99,2025-06-28,25.7,7.39,WorthPoint
sikhote-alin-meteorite,5.47 Grams 18mm SIKHOTE ALIN Russian Shrapnel Meteorite With A COA And Info Card,14.99,2025-06-27,5.47,2.74,WorthPoint
sikhote-alin-meteorite,Sikhote-Alin Iron Meteorite Modestly Oriented Individual: 8.8g,40,2025-06-27,8.8,4.55,WorthPoint
sikhote-alin-meteorite,Sikhote-Alin Oriented Iron Meteorite Individual: 9.8g,45,2025-06-27,9.8,4.59,WorthPoint
sikhote-alin-meteorite,6.52 Grams SIKHOTE ALIN Russian Meteorite With A COA And Info Card,51,2025-06-27,6.52,7.82,WorthPoint
sikhote-alin-meteorite,Natural Sikhote-Alin Meteorite From Russia: 29 Grams,50,2025-06-26,29,1.72,WorthPoint
sikhote-alin-meteorite,Monstrous 334 Gm Campo Del Cielo Meteorite Crystal W/ Stand .73 Lb,350.55,2025-06-26,334,1.05,WorthPoint
sikhote-alin-meteorite,"Meteorite Seymchan Pallasite FACETED OLIVINE GEM, 2 Pieces 2.6 Mm Each, 0.156 Ct",99.99,2025-06-26,0.031,3225.48,WorthPoint
sikhote-alin-meteorite,125 Gm LOT OF CAMPO DEL CIELO METEORITE CRYSTALS 1-3 GMS IN SIZE LOWEST PRICE,66.5,2025-06-25,125,0.53,WorthPoint
sikhote-alin-meteorite,Meteorite Sikhote-Alin Strike Iron Nickel Russian 2.3 Grams K59,8.99,2025-06-24,2.3,3.91,WorthPoint
sikhote-alin-meteorite,"NEW! Tsarev Meteorite L5, Russia, Excellent Tumbled Piece, 79 Grams",5.5,2025-06-22,79,0.07,WorthPoint
sikhote-alin-meteorite,"Nice Tektite, Libyan Desert Glass, Egypt, Lot Of 17 Pieces. 166 Grams",25.99,2025-06-22,166,0.16,WorthPoint
sikhote-alin-meteorite,314 Gm. Campo Del Cielo Meteorite ; Aaa Grade!! Beautiful Museum Gd .7 Lbs,296.96,2025-06-21,314,0.95,WorthPoint
sikhote-alin-meteorite,Top Quality! Lots Of Thumbprints! Super Sculpted Sikhote-alin Meteorite 33.7 Gm,89.25,2025-06-21,33.7,2.65,WorthPoint
sikhote-alin-meteorite,3.23 Grams~SIKHOTE ALIN~Iron METEORITE~Whole Individual~HISTORIC Fall Of 1947!,11.99,2025-06-20,3.23,3.71,WorthPoint
sikhote-alin-meteorite,570 Gm.campo Del Cielo Meteorite ; Aaa Grade!! 1.3 Lbs.;,539.1,2025-06-20,570,0.95,WorthPoint
sikhote-alin-meteorite,SIKHOTE ALIN Iron Nickel Meteorite - 738 Grams! With Amazing Regmaglypts - RARE,3950,2025-06-20,738,5.35,WorthPoint
sikhote-alin-meteorite,125 GRS LOT OF CAMPO DEL CIELO METEORITE CRYSTALS FROM 5-10 Gm IN SIZE,61.75,2025-06-20,125,0.49,WorthPoint
sikhote-alin-meteorite,"Meteorite Pallasite Seymchan Etched Cut Block 146.3 Grams, Very Nice Structure",234.99,2025-06-20,146.3,1.61,WorthPoint
sikhote-alin-meteorite,"Meteorite Seymchan Etched Thick Slice 126.2 Grams, Very Nice Structure",189.99,2025-06-20,126.2,1.51,WorthPoint
sikhote-alin-meteorite,"Meteorite Pallasite Seymchan Etched Cut Block 217.2 Grams, Very Nice Structure",399.99,2025-06-20,217.2,1.84,WorthPoint
sikhote-alin-meteorite,864 Gm CAMPO DEL CIELO METEORITE BEAUTIFUL LG MUSEUM GD METEORITE 1.9 LBS JAL,1165.5,2025-06-20,864,1.35,WorthPoint
sikhote-alin-meteorite,6.29g SIKHOTE ALIN Witnessed Fall 1947 I Sculptured Iron Meteorite I TOP,117,2025-06-19,6.29,18.6,WorthPoint
sikhote-alin-meteorite,"Meteorite Seymchan Etched Cut Block 261 Grams, Very Nice Structure",399.99,2025-06-19,261,1.53,WorthPoint
sikhote-alin-meteorite,186 Gm Campo Del Cielo Meteorite A Grade .41 Lbs. Stand Cleaned,179.1,2025-06-18,186,0.96,WorthPoint
sikhote-alin-meteorite,400 Gm. Campo Del Cielo Meteorite ; A Aa Grade! Gorgeous Baby Campo Meteorite,449.96,2025-06-18,400,1.12,WorthPoint
sikhote-alin-meteorite,2210 Gm CAMPO DEL CIELO METEORITE ; AAA GRADE 4.86+ Lbs.; Beautiful Lg.meteorite,1795.5,2025-06-17,2210,0.81,WorthPoint
sikhote-alin-meteorite,"NEW! Tsarev Meteorite L5, Russia, One Small Excellent Fragment Of 57.7 Grams",5.6,2025-06-15,57.7,0.1,WorthPoint
sikhote-alin-meteorite,"NEWEST! Kapustin Yar, Meteorite L/LL6 Russia, Nice Fragment Of 29.7 Grams",34.19,2025-06-15,29.7,1.15,WorthPoint
sikhote-alin-meteorite,Beautiful 402 Gm. Etched Campo Del Cielo Meteorite Sculptural Multi Cut .9 Lbs,314.1,2025-06-13,402,0.78,WorthPoint
sikhote-alin-meteorite,500 GM LOT OF CAMPO DEL CIELO METEORITE CRYSTALS FROM 15-20 Gm IN SIZE,251.75,2025-06-12,500,0.5,WorthPoint
sikhote-alin-meteorite,METEORITE PIECE TEKTITE FRAGMENT METEOR STONE SPACE ROCK COMET ASTEROID SHARD 6g,5.95,2025-06-11,6,0.99,WorthPoint
sikhote-alin-meteorite,2.64 Grams 19mm SIKHOTE ALIN Russian Shrapnel Meteorite With A COA And Info Card,7.99,2025-06-10,2.64,3.03,WorthPoint
sikhote-alin-meteorite,1.84 Grams 15mm SIKHOTE ALIN Russian Shrapnel Meteorite With A COA And Info Card,6.5,2025-06-10,1.84,3.53,WorthPoint
sikhote-alin-meteorite,5 Grams 17mm SIKHOTE ALIN Russian Meteorite With A COA And Info Card,16.99,2025-06-10,5,3.4,WorthPoint
sikhote-alin-meteorite,Meteorite - Sikhote Alin Russia - 1‚Äù Long - 11.3 Grams,30,2025-06-09,11.3,2.65,WorthPoint
sikhote-alin-meteorite,Beautiful 390 Gm. Campo Del Cielo Meteorite .85 Lb Sculptural Cut 6 Sides,251.95,2025-06-09,390,0.65,WorthPoint
sikhote-alin-meteorite,129 Gm. Campo Del Cielo Meteorite Aaa Grade .28+ Lbs. Std Cleaned Polished Jal,152.95,2025-06-09,129,1.19,WorthPoint
sikhote-alin-meteorite,"Nice Tektite, Libyan Desert Glass, Egypt, Lot Of 16 Pieces. 156 Grams",10.5,2025-06-08,156,0.07,WorthPoint
sikhote-alin-meteorite,2.38 Grams 14mm SIKHOTE ALIN Russian Shrapnel Meteorite With A COA And Info Card,20.5,2025-06-07,2.38,8.61,WorthPoint
sikhote-alin-meteorite,#11 Natural 14.25ct 100% Rock From Space Russian Sikhote Meteorite 2.85g 23.00mm,14.95,2025-06-06,2.85,5.25,WorthPoint
sikhote-alin-meteorite,55.59 Gram - SIKHOTE ALIN IRON METEORITE - Thumbprinted Specimen - 1947 Fall,273,2025-06-06,55.59,4.91,WorthPoint
sikhote-alin-meteorite,3.32 Grams SIKHOTE ALIN Russian Meteorite With A COA And Info Card,13.99,2025-06-05,3.32,4.21,WorthPoint
sikhote-alin-meteorite,Sikhote-Alin Meteorite Shrapnel,219,2025-06-05,,,WorthPoint
sikhote-alin-meteorite,9.68g Sikhote-Alin Iron Meteorite Witnessed Fall 1947 Double Rollover Lip TOP,300,2025-06-02,9.68,30.99,WorthPoint
sikhote-alin-meteorite,Sikhote-Alin - 73 Gm - With Regmaglypts Iron IIAB Meteorite Fall 1947,120,2025-06-02,73,1.64,WorthPoint
sikhote-alin-meteorite,AGOUDAL Iron Meteorite IMILCHIL Individual Specimen Natural Patina MOROCCO,6.99,2025-06-02,,,WorthPoint
sikhote-alin-meteorite,Sikhote Alin METEORITE 77.56 Grams,85,2025-06-02,77.56,1.1,WorthPoint
sikhote-alin-meteorite,"Nice Tektite, Libyan Desert Glass, Egypt, Lot Of Many Small Pieces. 138 Grams",13.39,2025-06-01,138,0.1,WorthPoint
sikhote-alin-meteorite,1240 GM. CAMPO DEL CIELO METEORITE B GRADE LARGE METEORITE 2.73 Lbs. CLEANED,647.19,2025-05-31,1240,0.52,WorthPoint
sikhote-alin-meteorite,"3 Meteorite Set /Display Box- Stony Iron, Iron, Iron Nickel Meteorite Fragments",35,2025-05-31,,,WorthPoint
sikhote-alin-meteorite,"Museum Grade 45 Gm Sikhote-alin Meteorite From Russia, Collectors Grade",320,2025-05-30,45,7.11,WorthPoint
sikhote-alin-meteorite,542 Gm. Campo Del Cielo Meteorite ; Med Grade! 1.1 Pounds; Stand; Cheap!!,554.9,2025-05-29,542,1.02,WorthPoint
sikhote-alin-meteorite,Sikhote-Alin - 307 Gm - With Regmaglypts Iron IIAB Meteorite Fall 1947,220,2025-05-29,307,0.72,WorthPoint
sikhote-alin-meteorite,"NEW!!! RARE NWA 11179 CM2 Chondrite, 5.25 Gram Endcut",236.99,2025-05-29,5.25,45.14,WorthPoint
sikhote-alin-meteorite,Sikhote‚ÄëAlin Meteorite Fragment ‚Äì63.3g Raw Iron Specimen From February 1947 Fall,275,2025-05-27,63.3,4.34,WorthPoint
sikhote-alin-meteorite,Lg 190 Gm Campo Del Cielo Meteorite Aaa Grade 4.1 Lbs Stand,224.1,2025-05-27,190,1.18,WorthPoint
sikhote-alin-meteorite,2.71 Grams SIKHOTE ALIN Iron METEORITE Shrapnel HISTORIC Fall Of 1947 Russia!,7.99,2025-05-27,2.71,2.95,WorthPoint
sikhote-alin-meteorite,Sikhote-Alin Iron Meteorite Individual 28.7 Grams Ex. Piper Hollier,200,2025-05-26,28.7,6.97,WorthPoint
sikhote-alin-meteorite,Set Of 2 Iron Meteorites 10.7g Gebel Kamil And 10.2g Aletai,15.5,2025-05-25,10.7,1.45,WorthPoint
sikhote-alin-meteorite,"Nice Tektite, Libyan Desert Glass, Egypt, Lot Of 14 Small Pieces. 162 Grams",15.5,2025-05-25,162,0.1,WorthPoint
sikhote-alin-meteorite,184 Gm Campo Del Cielo Meteorite A Grade!! Beautiful Cleaned. Stand,179.95,2025-05-25,184,0.98,WorthPoint
sikhote-alin-meteorite,"SIKHOTE ALIN IRON METEORITE Fusion Crust - Deep Thumbprints, WORLD CLASS 20 Gram",180,2025-05-25,20,9,WorthPoint
sikhote-alin-meteorite,Sikhote-Alin - 341 Gm - Iron IIAB Meteorite Witnessed Fall 1947,120,2025-05-22,341,0.35,WorthPoint
sikhote-alin-meteorite,682 Gm . CAMPO DEL CIELO METEORITE 1.5+ Pounds LOW LOW PRICE AAA GRADE CLEANED,566.19,2025-05-22,682,0.83,WorthPoint
sikhote-alin-meteorite,"Meteorite Seymchan Nice Thin Slice 50.0 Grams, Not Transparent",149.99,2025-05-22,50,3,WorthPoint
sikhote-alin-meteorite,50 Gm. SIKHOTE-ALIN SLICED METEORITE,74.25,2025-05-21,50,1.49,WorthPoint
sikhote-alin-meteorite,28 Gm Campo Del Cielo Meteorite A Grade Beautiful Tiny Meteorite Stand,42.71,2025-05-21,28,1.53,WorthPoint
sikhote-alin-meteorite,218 Gm CAMPO DEL CIELO METEORITE ; AA GRADE . 47 LBS CLEANED STAND,206.28,2025-05-21,218,0.95,WorthPoint
sikhote-alin-meteorite,MUSEUM GRADE 289 GRAM SIKHOTE-ALIN METEORITE FROM RUSSIA W/ 100s OF REGMAGLYPTS,825,2025-05-20,289,2.85,WorthPoint
sikhote-alin-meteorite,Sikhote Alin Meteorite Flight Oriented,260,2025-05-19,,,WorthPoint
sikhote-alin-meteorite,2.04 Grams SIKHOTE ALIN Iron METEORITE Shrapnel HISTORIC Fall Of 1947 Russia!,5.99,2025-05-19,2.04,2.94,WorthPoint
sikhote-alin-meteorite,Sikhote Alin METEORITE 106 Grams,120,2025-05-19,106,1.13,WorthPoint
sikhote-alin-meteorite,SUPER ORIENTED - 27.42 Gram SIKHOTE ALIN IRON METEORITE - FLOW LINES/THUMBPRINTS,179,2025-05-19,27.42,6.53,WorthPoint
sikhote-alin-meteorite,"Meteorite Sikhote-Alin, Russia 51 Grams, Nice Regmaglypts- Unique Piece",200,2025-05-19,51,3.92,WorthPoint
sikhote-alin-meteorite,"Nice Tektite, Libyan Desert Glass, Egypt, Lot Of 18 Small Pieces. 146 Grams",15.51,2025-05-18,146,0.11,WorthPoint
sikhote-alin-meteorite,Meteorite Fragments From Sikhote-Alin Russia (I),16.2,2025-05-17,,,WorthPoint
sikhote-alin-meteorite,BEAUTIFUL 70g ORIENTED SIKHOTE ALIN METEORITE WITH FLOW LINES & ROLL OVER LIPS!,584.84,2025-05-17,70,8.35,WorthPoint
sikhote-alin-meteorite,"Sikhote-Alin, Primorye, Russia Iron Nickel Meteorite Shrapnel 4.56 Grams",18.75,2025-05-16,4.56,4.11,WorthPoint
sikhote-alin-meteorite,"NEW! Aletai Iron Meteorite, China, Excellent Etched Slice, 16.9 Grams",59.99,2025-05-16,16.9,3.55,WorthPoint
sikhote-alin-meteorite,Beautiful 586 Gm. Etched Campo Del Cielo Meteorite Quarter Cut,359.1,2025-05-15,586,0.61,WorthPoint
sikhote-alin-meteorite,"Meteorite**Sikhote-Alin, Russia**4.382 Grams, Gorgeous Unique Bullet Shape!!",189.99,2025-05-14,4.382,43.36,WorthPoint
sikhote-alin-meteorite,125 Gm LOT OF CAMPO DEL CIELO METEORITE CRYSTALS 0-1 GMS IN SIZE LOWEST PRICE,65,2025-05-14,125,0.52,WorthPoint
sikhote-alin-meteorite,"RARE! NEW! Meteorite Carbonaceous Chondrite (CR2), NWA 15175, Slice 1.91 Grams",39.99,2025-05-12,1.91,20.94,WorthPoint
sikhote-alin-meteorite,#7 Natural 14.10ct 100% Rock From Space Russian Sikhote Meteorite 2.80g 32.00mm,17.95,2025-05-12,2.8,6.41,WorthPoint
sikhote-alin-meteorite,#6 Natural 13.80ct 100% Rock From Space Russian Sikhote Meteorite 2.80g 26.00mm,17.95,2025-05-12,2.8,6.41,WorthPoint
sikhote-alin-meteorite,Meteorite Lot #3 Plus Moon And Mars,66,2025-05-12,,,WorthPoint
sikhote-alin-meteorite,"Meteorite**NWA Unc.; Flight Shaped Individual**49.967 Grams,High Quality!!!",179.99,2025-05-11,49.967,3.6,WorthPoint
sikhote-alin-meteorite,"Nice Tektite, Libyan Desert Glass, Egypt, Excellent Small Piece. 261 Grams",8.51,2025-05-11,261,0.03,WorthPoint
sikhote-alin-meteorite,"Nice Tektite, Libyan Desert Glass, Egypt, Lot Of 10 Small Pieces. 177 Grams",18.5,2025-05-11,177,0.1,WorthPoint
sikhote-alin-meteorite,Meteorite Lot #1,41,2025-05-11,,,WorthPoint
sikhote-alin-meteorite,"Allende Meteorite Carbonaceous Chondrite CV3, Famous Fall, Crusted Fragm, 20.9gr",599.99,2025-05-09,20.9,28.71,WorthPoint
sikhote-alin-meteorite,494 Gm .CAMPO DEL CIELO METEORITE ; AAA QUALITY; 1.1 LB BEAUTIFUL;,664.05,2025-05-09,494,1.34,WorthPoint
sikhote-alin-meteorite,9.77 Grams SIKHOTE ALIN Russian Meteorite With A COA And Info Card,24.99,2025-05-07,9.77,2.56,WorthPoint
sikhote-alin-meteorite,7.72 Grams Oriented SIKHOTE ALIN Russian Meteorite With COA And Info Card,68,2025-05-07,7.72,8.81,WorthPoint
sikhote-alin-meteorite,Meteorite Fragments From Sikhote-Alin Russia (H),16.2,2025-05-07,,,WorthPoint
sikhote-alin-meteorite,8.16 Grams Oriented SIKHOTE ALIN Russian Meteorite With COA And Info Card,17.99,2025-05-07,8.16,2.2,WorthPoint
sikhote-alin-meteorite,"Meteorite**Sikhote-Alin, Russia**9.092 Grams, ‚òÑÔ∏è Perfect Oriented Individual!!!!",420,2025-05-04,9.092,46.19,WorthPoint
sikhote-alin-meteorite,"NEWEST! Kapustin Yar, Meteorite L/LL6 Russia, Fragment Of 28.8 Grams",8.79,2025-05-04,28.8,0.31,WorthPoint
sikhote-alin-meteorite,"Nice Tektite, Libyan Desert Glass, Egypt, Lot Of 15 Small Pieces. 152 Grams",16.39,2025-05-04,152,0.11,WorthPoint
sikhote-alin-meteorite,"NEW! Tsarev Meteorite L5, Russia, Excellent Sphere 33 Mm, 66.8 Grams",469.99,2025-05-03,66.8,7.04,WorthPoint
sikhote-alin-meteorite,3.91 Grams SIKHOTE ALIN Russian Meteorite With A COA And Info Card,9.5,2025-05-02,3.91,2.43,WorthPoint
sikhote-alin-meteorite,GORGEOUS 23.06g ORIENTED SIKHOTE ALIN METEORITE CRAZY SHAPE,179.99,2025-05-02,23.06,7.81,WorthPoint
sikhote-alin-meteorite,836 Gm CAMPO DEL CIELO METEORITE ;AAA GRADE METEORITE; 1.8 LB STAND,785,2025-04-29,836,0.94,WorthPoint
sikhote-alin-meteorite,1076 Gm. Campo Del Cielo Meteorite B Grade ; 2.34 Lbs. Cheap! Cleaned Silicate,584.1,2025-04-29,1076,0.54,WorthPoint
sikhote-alin-meteorite,194 Gm Campo Del Cielo Meteorite A Grade Beautiful .42 Lbs Cleaned Stand,179.95,2025-04-29,194,0.93,WorthPoint
sikhote-alin-meteorite,268 Gm Campo Del Cielo Meteorite. B Grade Beautiful Cleaned Meteorite .58 Lbs,249,2025-04-29,268,0.93,WorthPoint
sikhote-alin-meteorite,842 GM. CAMPO DEL CIELO METEORITE B+ GRADE 1.85+ Pound CLEANED STAND,539.96,2025-04-29,842,0.64,WorthPoint
sikhote-alin-meteorite,4 Meteorites Each In Display Jar! 2 Sikhote-Alin & 2 Campo Del Cielo! No Reserve,9.99,2025-04-28,,,WorthPoint
sikhote-alin-meteorite,"Nice Tektite, Libyan Desert Glass, Egypt, Lot Of 12 Small Pieces. 159 Grams",11.39,2025-04-27,159,0.07,WorthPoint
sikhote-alin-meteorite,Beautiful 858 Gm. Etched Campo Del Cielo Meteorite Quarter Cut,629.1,2025-04-26,858,0.73,WorthPoint
sikhote-alin-meteorite,Beautiful 340 Gm. Etched Campo Del Cielo Meteorite Quarter Cut .75 Lbs,236.55,2025-04-26,340,0.7,WorthPoint
sikhote-alin-meteorite,Chelyabinsk Meteorite - 33.6 Grams,575,2025-04-23,33.6,17.11,WorthPoint
sikhote-alin-meteorite,"Sikhote-Alin Meteorite ""Shrapnel"" - 1,056.6 Grams",1625,2025-04-23,56.6,28.71,WorthPoint
sikhote-alin-meteorite,Sikhote-Alin Meteorite Slice - 515.7 Grams,2500,2025-04-23,515.7,4.85,WorthPoint
sikhote-alin-meteorite,2.48 Grams SIKHOTE ALIN Iron METEORITE Shrapnel HISTORIC Fall Of 1947 Russia!,5.99,2025-04-23,2.48,2.42,WorthPoint
sikhote-alin-meteorite,858 Gm. Campo Del Cielo Meteorite ; A Grade!! Beautiful 1.8 Pounds; Cheap!,499,2025-04-23,858,0.58,WorthPoint
sikhote-alin-meteorite,734 GM. CAMPO DEL CIELO METEORITE ; AAA GRADE METEORITE 1.6+lbs.,675.97,2025-04-22,734,0.92,WorthPoint
sikhote-alin-meteorite,"Meteorite**Sikhote-Alin, Russia**16.414 Grams, Gorgeous Regmaglypted Individual!",87,2025-04-21,16.414,5.3,WorthPoint
sikhote-alin-meteorite,"Allende Meteorite Carbonaceous Chondrite CV3, Famous Fall, Mexico, Fragm, 1.7 Gr",42.49,2025-04-20,1.7,24.99,WorthPoint
sikhote-alin-meteorite,"NEWEST! Kapustin Yar, Meteorite L/LL6 Russia, Fragment Of 26.1 Grams",12.26,2025-04-20,26.1,0.47,WorthPoint
sikhote-alin-meteorite,500 GRS LOT OF CAMPO DEL CIELO METEORITE CRYSTALS FROM. 20-30 Gm IN SIZE,251.75,2025-04-19,500,0.5,WorthPoint
sikhote-alin-meteorite,"Meteorite**Sikhote-Alin, Russia**17.403 Grams, Gorgeous Regmaglypted Individual!",250,2025-04-18,17.403,14.37,WorthPoint
sikhote-alin-meteorite,SIKHOTE - ALIN Meteorite 60 Year Anniversary Medal GEM BU With METEOR Piece,43.59,2025-04-18,,,WorthPoint
sikhote-alin-meteorite,2.87 Grams SIKHOTE ALIN Russian Meteorite With COA And Info Card,9.99,2025-04-17,2.87,3.48,WorthPoint
sikhote-alin-meteorite,9.51 Grams SIKHOTE ALIN Russian Meteorite With COA And Info Card,25.99,2025-04-17,9.51,2.73,WorthPoint
sikhote-alin-meteorite,13.9 Grams Oriented SIKHOTE ALIN Russian Meteorite With COA And Info Card,49.99,2025-04-17,13.9,3.6,WorthPoint
sikhote-alin-meteorite,12.9 Grams SIKHOTE ALIN Russian Shrapnel Meteorite With A COA And Info Card,21.5,2025-04-17,12.9,1.67,WorthPoint
sikhote-alin-meteorite,5.95 Grams SIKHOTE ALIN Russian Shrapnel Meteorite With A COA And Info Card,18.26,2025-04-17,5.95,3.07,WorthPoint
sikhote-alin-meteorite,2.10 Grams SIKHOTE ALIN Russian Shrapnel Meteorite With A COA And Info Card,8.26,2025-04-17,2.1,3.93,WorthPoint
sikhote-alin-meteorite,"Awesome Sikhote Alin Iron Meteorite, 827 Grams, Shrapnel Form",390.56,2025-04-16,827,0.47,WorthPoint
sikhote-alin-meteorite,Meteorite Sikhote-Alin Strike Iron Nickel Russian 28x19mm 6.5 Grams T69,9.23,2025-04-16,6.5,1.42,WorthPoint
sikhote-alin-meteorite,Sikhote Alin Iron Meteorite Shrapnel Fragment From Siberia 35 Grams,41,2025-04-16,35,1.17,WorthPoint
sikhote-alin-meteorite,9.75 Grams SIKHOTE ALIN Russian Shrapnel Meteorite With A COA And Info Card,17.99,2025-04-14,9.75,1.85,WorthPoint
sikhote-alin-meteorite,8.09 Grams SIKHOTE ALIN Russian Shrapnel Meteorite With A COA And Info Card,14.99,2025-04-14,8.09,1.85,WorthPoint
sikhote-alin-meteorite,4.27 Grams SIKHOTE ALIN Russian Shrapnel Meteorite With A COA And Info Card,8.5,2025-04-14,4.27,1.99,WorthPoint
sikhote-alin-meteorite,3.04 Grams SIKHOTE ALIN Russian Meteorite With COA And Info Card,9.99,2025-04-14,3.04,3.29,WorthPoint
sikhote-alin-meteorite,ü™ê Sikhote-Alin Iron Meteorite Fragment 12.13g + Magnetic Display Stand,34,2025-04-14,12.13,2.8,WorthPoint
sikhote-alin-meteorite,Meteorite Sikhote-Alin Strike Iron Nickel Russian 10.1 Grams K79,16.49,2025-04-13,10.1,1.63,WorthPoint
sikhote-alin-meteorite,"Impact Rocks From Zhamanshin Impact Crater, Zhamanshinite, Kazakhstan, 162 Grams",21.71,2025-04-13,162,0.13,WorthPoint
sikhote-alin-meteorite,"NEW! Tsarev Meteorite L5, Russia, Lot Of 10 Small Excellent Fragments 33.1 Grams",11.61,2025-04-13,33.1,0.35,WorthPoint
sikhote-alin-meteorite,"NEWEST! Kapustin Yar, Meteorite L/LL6 Russia, Two Fragments Of 29.8 Grams",20.89,2025-04-13,29.8,0.7,WorthPoint
sikhote-alin-meteorite,"NEWEST!!! PICA Impact Glass, Chile, Excellent Piece, 122.7 Grams",18.26,2025-04-13,122.7,0.15,WorthPoint
sikhote-alin-meteorite,"Nice Tektite, Libyan Desert Glass, Egypt, Lot Of 16 Small Pieces. 152 Grams",21.6,2025-04-13,152,0.14,WorthPoint
sikhote-alin-meteorite,Sikhote Alin METEORITE 54.63 Grams,67,2025-04-13,54.63,1.23,WorthPoint
sikhote-alin-meteorite,Huge 45 Kgms Campo Del Cielo Meteorite Aaa Collectors Museum Grade 99 Lbs. Jal,40608.44,2025-04-13,45000,0.9,WorthPoint
sikhote-alin-meteorite,1090 Gm. Campo Del Cielo Meteorite ; A Grade Meteorite; Beautiful 2.4 Lbs.,631.7,2025-04-13,1090,0.58,WorthPoint
sikhote-alin-meteorite,6.78 Grams SIKHOTE ALIN Russian Shrapnel Meteorite With A COA And Info Card,18.5,2025-04-12,6.78,2.73,WorthPoint
sikhote-alin-meteorite,4.22 Grams SIKHOTE ALIN Russian Shrapnel Meteorite With A COA And Info Card,8.5,2025-04-12,4.22,2.01,WorthPoint
sikhote-alin-meteorite,Sikhote Alin METEORITE 99.6 Grams,110,2025-04-12,99.6,1.1,WorthPoint
sikhote-alin-meteorite,13.7 Grams SIKHOTE ALIN Russian Shrapnel Meteorite With A COA And Info Card,24.99,2025-04-11,13.7,1.82,WorthPoint
sikhote-alin-meteorite,"Meteorite Sikhote Alin, Russia 33.3 Grams, Gorgeous Regmaglypted Individual!",169.99,2025-04-11,33.3,5.1,WorthPoint
sikhote-alin-meteorite,"RARE! Meteorite Mesosiderite, Vaca Muerta, Excellent Slice 20.1 Grams",319.99,2025-04-10,20.1,15.92,WorthPoint
sikhote-alin-meteorite,Beautiful 778 Gm. Etched Campo Del Cielo Meteorite Quarter Cut,521.55,2025-04-10,778,0.67,WorthPoint
sikhote-alin-meteorite,9.36 Grams SIKHOTE ALIN Russian Shrapnel Meteorite With A COA And Info Card,20.99,2025-04-10,9.36,2.24,WorthPoint
sikhote-alin-meteorite,Meteorite Fragments From Sikhote-Alin Russia (P),18,2025-04-10,,,WorthPoint
sikhote-alin-meteorite,Meteorite Fragments From Sikhote-Alin Russia (D),18,2025-04-10,,,WorthPoint
sikhote-alin-meteorite,Sikhote-Alin Meteorite Specimen - 21.48g - Historic 1947 Fall,330.4,2025-04-10,21.48,15.38,WorthPoint
sikhote-alin-meteorite,630 Gm Campo Del Cielo Meteorite Aaa Grade Meteorite Silicated 1.4# Std Cleaned,630.22,2025-04-09,630,1,WorthPoint
sikhote-alin-meteorite,3688 Gm Campo Del Cielo Meteorite Aaa Grade 8.1 Lbs Lowest Price Jal,3651.07,2025-04-08,3688,0.99,WorthPoint
sikhote-alin-meteorite,Sikhote Alin Iron Meteorite Shrapnel Fragment From Siberia 51.5 Grams,60,2025-04-08,51.5,1.17,WorthPoint
sikhote-alin-meteorite,Sikhote Alin Iron Meteorite Collection In A Bottle! 25.2g,27.99,2025-04-07,25.2,1.11,WorthPoint
sikhote-alin-meteorite,"NEW! Awesome Lapilli Of Obsidian, Turkey, 101 Grams",6.26,2025-04-06,101,0.06,WorthPoint
sikhote-alin-meteorite,"NEWEST!!! PICA Impact Glass, Chile, Excellent Piece, 82.0 Grams",22.5,2025-04-06,82,0.27,WorthPoint
sikhote-alin-meteorite,78 Gm Baby Campo Del Cielo Meteorite A Grade Stand Included,89.35,2025-04-03,78,1.15,WorthPoint
sikhote-alin-meteorite,Meteorite Seymchan Complete Siderite Piece 460 Grams,699.99,2025-04-03,460,1.52,WorthPoint
sikhote-alin-meteorite,6.1 Gram 22+/-pcs Sikhote Alin Russia Meteorite Fragment Parcel 93% Fe C.2/12/47,44.99,2025-04-03,6.1,7.38,WorthPoint
sikhote-alin-meteorite,"A Large Ammonite Specimen Together With Two Smaller Polished Examples,",49.71,2025-04-02,,,WorthPoint
sikhote-alin-meteorite,368 Gm CAMPO DEL CIELO METEORITE BEAUTIFUL VERY FINE METEORITE .81 POUNDS,102.5,2025-04-02,368,0.28,WorthPoint
sikhote-alin-meteorite,"Sikhote-Alin Iron, IIAB Meteorite, Found In Russia 1947, 119.85 Grams",480,2025-03-31,119.85,4.01,WorthPoint
sikhote-alin-meteorite,108 Gm . CAMPO DEL CIELO METEORITE PART A GRADE ; .71 LBS.,105.97,2025-03-31,108,0.98,WorthPoint
sikhote-alin-meteorite,Meteorite: Sikhote-Alin Weight: 7.169 Grams,45,2025-03-31,7.169,6.28,WorthPoint
sikhote-alin-meteorite,24 Grams SIKHOTE ALIN Russian Meteorite With COA And Info Card,77.77,2025-03-30,24,3.24,WorthPoint
sikhote-alin-meteorite,"NEW!! RARE!! NWA 8743 Eucrite, Melt Breccia, 4.95 Grams Polished Part Slice",8.5,2025-03-30,4.95,1.72,WorthPoint
sikhote-alin-meteorite,"NEWEST! Kapustin Yar, Meteorite L/LL6 Russia, Lot Of 3 Pieces 32.3 Grams",26.11,2025-03-30,32.3,0.81,WorthPoint
sikhote-alin-meteorite,"NEWEST!!! PICA Impact Glass, Chile, Excellent Piece, 51.7 Grams",17.89,2025-03-30,51.7,0.35,WorthPoint
sikhote-alin-meteorite,480 Gm. Campo Del Cielo Meteorite ; Aaa Grade!! Beautiful 1.1 Pound;,487.31,2025-03-30,480,1.02,WorthPoint
sikhote-alin-meteorite,Sikhote Alin Iron Meteorite Shrapnel Fragment From Siberia 40 Grams,45,2025-03-30,40,1.13,WorthPoint
sikhote-alin-meteorite,103 Gm. Campo Del Cielo Meteorite Museum Grade!!. Stand The Very Best,189.95,2025-03-29,103,1.84,WorthPoint
sikhote-alin-meteorite,39.38 Gram - SIKHOTE ALIN IRON METEORITE Shrapnel Specimen - 1947 Witnessed Fall,105,2025-03-29,39.38,2.67,WorthPoint
sikhote-alin-meteorite,6.38 Gram - SIKHOTE ALIN IRON METEORITE - Thumb Printed Specimen- 1947 Fall,35,2025-03-29,6.38,5.49,WorthPoint
sikhote-alin-meteorite,5.08 Gram - SIKHOTE ALIN IRON METEORITE - Thumb Printed Specimen- 1947 Fall,35,2025-03-29,5.08,6.89,WorthPoint
sikhote-alin-meteorite,8.90 Gram - SIKHOTE ALIN IRON METEORITE - Thumb Printed Specimen- 1947 Fall,48.3,2025-03-29,8.9,5.43,WorthPoint
sikhote-alin-meteorite,Sikhote-Alin Iron Meteorite Specimen,28,2025-03-29,,,WorthPoint
sikhote-alin-meteorite,"192 Gm. Campo Del Cielo Individual Meteorite A Grade, .42 Lbs. Stand Cleaned",218.5,2025-03-26,192,1.14,WorthPoint
sikhote-alin-meteorite,Sikhote-Alin Meteorite Ring // Adjustable // Ver. 2,635.95,2025-03-26,,,WorthPoint
sikhote-alin-meteorite,Sikhote-alin Meteorite Medal,45,2025-03-26,,,WorthPoint
sikhote-alin-meteorite,17.00 Gram - SIKHOTE ALIN IRON METEORITE - Thumb Printed Specimen- 1947 Fall,47.6,2025-03-25,17,2.8,WorthPoint
sikhote-alin-meteorite,(x215) 30 G Sikhote Alin Russia Meteorite Feb 1947 Shrapnel Fragment Specimen,62.99,2025-03-25,30,2.1,WorthPoint
sikhote-alin-meteorite,‚òÑÔ∏è Iron Meteorite Sikhote-alin Russia 23.24gr,17,2025-03-24,23.24,0.73,WorthPoint
sikhote-alin-meteorite,Sikhote-Alin Shrapnel 12.313g Tear Striations/Melt & Roll Over Lips,64.99,2025-03-24,12.313,5.28,WorthPoint
sikhote-alin-meteorite,Uniquely Shaped Sikhote Alin METEORITE 26.03 Grams,65,2025-03-24,26.03,2.5,WorthPoint
sikhote-alin-meteorite,Meteorite Sikhote-Alin Coarse Octahedrite Fell 1947 Siberia.,33,2025-03-24,,,WorthPoint
sikhote-alin-meteorite,"NEW! Tsarev Meteorite L5, Russia, Lot Of 3 Small Excellent Fragments 36.8 Grams",12.63,2025-03-23,36.8,0.34,WorthPoint
sikhote-alin-meteorite,"NEWEST! Kapustin Yar, Meteorite L/LL6 Russia, Lot Of 2 Pieces 26.0 Grams",21.71,2025-03-23,26,0.84,WorthPoint
sikhote-alin-meteorite,"NEWEST!!! PICA Impact Glass, Chile, Excellent Piece, 32.7 Grams",18,2025-03-23,32.7,0.55,WorthPoint
sikhote-alin-meteorite,"Thin Section Of METEORITE JAH 055, Ordinary Chondrite L4-5, Oman #-2",69.99,2025-03-23,,,WorthPoint
sikhote-alin-meteorite,Sikhote Alin Iron Meteorite 6.1 Gram Shrapnel Individual,38.97,2025-03-21,6.1,6.39,WorthPoint
sikhote-alin-meteorite,Monstrous 308 Gm Campo Del Cielo Meteorite Crystal W/ Stand,296.1,2025-03-19,308,0.96,WorthPoint
sikhote-alin-meteorite,Sikhote Alin METEORITE 7.17 Grams IRON Meteor,14.99,2025-03-19,7.17,2.09,WorthPoint
sikhote-alin-meteorite,Meteorite Sikhote-Alin Strike Iron Nickel Russian 7.5 Grams L25,11.87,2025-03-18,7.5,1.58,WorthPoint
sikhote-alin-meteorite,"Meteorite Sikhote-Alin Strike Iron Nickle Russian 3,1 Grams Ec19",8.99,2025-03-18,1,8.99,WorthPoint
sikhote-alin-meteorite,Meteorite Sikhote-Alin Strike Iron Nickel Russian 21x19mm 7.4 Grams T76,9.89,2025-03-18,7.4,1.34,WorthPoint
sikhote-alin-meteorite,256 Gm . CAMPO DEL CIELO METEORITE .56 Pounds LOW LOW PRICE B GRADE,189.05,2025-03-17,256,0.74,WorthPoint
sikhote-alin-meteorite,"Meteorite Seymchan, Two Small Pieces 2.2 Grams, Endcut And Slice",7.26,2025-03-16,2.2,3.3,WorthPoint
sikhote-alin-meteorite,"NEW! Tsarev Meteorite L5, Russia, Lot Of 2 Small Excellent Fragments 38.2 Grams",16.5,2025-03-16,38.2,0.43,WorthPoint
sikhote-alin-meteorite,"NEW! Awesome Lapilli Of Obsidian, Turkey, 102 Grams",5.76,2025-03-16,102,0.06,WorthPoint
sikhote-alin-meteorite,"NEWEST!!! PICA Impact Glass, Chile, Excellent Piece, 62.5 Gr, With Natural Hole",16.5,2025-03-16,62.5,0.26,WorthPoint
sikhote-alin-meteorite,Sikhote Alin Meteorite Fragment - 69 Grams With Info Card,99,2025-03-16,69,1.43,WorthPoint
sikhote-alin-meteorite,Sikhote-Alin Meteorite 18.13g Fragment,50,2025-03-16,18.13,2.76,WorthPoint
sikhote-alin-meteorite,‚òÑÔ∏è Iron Meteorite Sikhote-alin Russia 1947,48,2025-03-16,,,WorthPoint
sikhote-alin-meteorite,Meteorite 1947 Nickel-Iron Thumbnail Mineral Specimen - Sikhote Alin Mtns Russia,29.99,2025-03-16,,,WorthPoint
sikhote-alin-meteorite,Sikhote-Alin Iron Meteorite Shrapnel Fragment: 40.1g,70,2025-03-16,40.1,1.75,WorthPoint
sikhote-alin-meteorite,Meteorite Sikhote-Alin Strike Iron Nickel Russian 10.2 Grams K25,16.49,2025-03-15,10.2,1.62,WorthPoint
sikhote-alin-meteorite,183.74 Gram - SIKHOTE ALIN IRON METEORITE - Thumb Printed Specimen- 1947 Fall,910,2025-03-15,183.74,4.95,WorthPoint
sikhote-alin-meteorite,3.15 Grams SIKHOTE ALIN Russian Meteorite With COA And Info Card,9.99,2025-03-14,3.15,3.17,WorthPoint
sikhote-alin-meteorite,250 GRS LOT OF CAMPO DEL CIELO METEORITE CRYSTALS FROM 30-50 Gm IN SIZE,128.25,2025-03-14,250,0.51,WorthPoint
sikhote-alin-meteorite,133.21 Gram - SIKHOTE ALIN IRON METEORITE - Thumb Printed Specimen- 1947 Fall,930,2025-03-13,133.21,6.98,WorthPoint
sikhote-alin-meteorite,4.10 Grams SIKHOTE ALIN Russian Shrapnel Meteorite With A COA And Info Card,8.5,2025-03-13,4.1,2.07,WorthPoint
sikhote-alin-meteorite,2 Kg. Campo Del Cielo Meteorite Crystals 0-1 Gms & 2 Kg Larger Size Of Choice,1900,2025-03-13,1,1900,WorthPoint
sikhote-alin-meteorite,3.53 Grams Oriented SIKHOTE ALIN Russian Meteorite With COA And Info Card,14.99,2025-03-12,3.53,4.25,WorthPoint
sikhote-alin-meteorite,138 Gm . CAMPO DEL CIELO METEORITE B GRADE ; .3 LBS.,122.55,2025-03-11,138,0.89,WorthPoint
sikhote-alin-meteorite,1000 GRS LOT OF CAMPO DEL CIELO METEORITE CRYSTALS FROM 100 PLUS Gms. IN SIZE,525,2025-03-11,1000,0.53,WorthPoint
sikhote-alin-meteorite,120 Gm . CAMPO DEL CIELO METEORITE B GRADE ; .26 LBS.,132.05,2025-03-10,120,1.1,WorthPoint
sikhote-alin-meteorite,Russia Astronomy Sikhote-Alin Iron Meteorite Stamp 1957,24.99,2025-03-10,,,WorthPoint
sikhote-alin-meteorite,2.67 Grams SIKHOTE ALIN Russian PENDANT Meteorite With A COA And Info Card,9.99,2025-03-10,2.67,3.74,WorthPoint
sikhote-alin-meteorite,"NEW!! RARE!! NWA 8743 Eucrite, Melt Breccia, 3.80 Grams Polished Part Slice",14.5,2025-03-09,3.8,3.82,WorthPoint
sikhote-alin-meteorite,"NEWEST!!! PICA Impact Glass, Chile, Excellent Piece, 30.9 Grams",11.88,2025-03-09,30.9,0.38,WorthPoint
sikhote-alin-meteorite,"Nice Tektite, Libyan Desert Glass, Egypt, Lot Of Small Pieces. 156 Grams",17.5,2025-03-09,156,0.11,WorthPoint
sikhote-alin-meteorite,"NEWEST! Native Iron From Putorana Plateau, Russia, Slice 58 Grams",10.5,2025-03-09,58,0.18,WorthPoint
sikhote-alin-meteorite,"NEWEST! Kapustin Yar, Meteorite Ordinary Chondrite L/LL6 Russia, 38.9 Grams",77.99,2025-03-09,38.9,2,WorthPoint
sikhote-alin-meteorite,412 Gm CAMPO DEL CIELO METEORITE BEAUTIFUL AAA GRADE METEORITE .9 POUNDS,422.1,2025-03-09,412,1.02,WorthPoint
sikhote-alin-meteorite,Beautiful 480 Gm. Etched Campo Del Cielo Meteorite Quad Cut,314.1,2025-03-09,480,0.65,WorthPoint
sikhote-alin-meteorite,1954 Gm CAMPO DEL CIELO METEORITE BEAUTIFUL LG MUSEUM GRADE METEORITE 4.3 LBS,2695.5,2025-03-08,1954,1.38,WorthPoint
sikhote-alin-meteorite,2.19 Grams SIKHOTE ALIN Russian Shrapnel Meteorite With A COA And Info Card,5.5,2025-03-08,2.19,2.51,WorthPoint
sikhote-alin-meteorite,374 Gm CAMPO DEL CIELO METEORITE BEAUTIFUL AAA GRADE METEORITE .83 POUNDS,375,2025-03-08,374,1,WorthPoint
sikhote-alin-meteorite,1874 Gm .CAMPO DEL CIELO METEORITE ;B GRADE; 4.1+ LBS BEAUTIFUL; CHEAP,895.5,2025-03-08,1874,0.48,WorthPoint
sikhote-alin-meteorite,1792 GM. CAMPO DEL CIELO METEORITE ;AA GRADE LARGE METEORITE 3.94 Lbs. CHEAP!,989.1,2025-03-06,1792,0.55,WorthPoint
sikhote-alin-meteorite,"Sikhote-Alin Iron, IIAB Meteorite, Found In Russia 1947, 229.56 Grams",900,2025-03-06,229.56,3.92,WorthPoint
sikhote-alin-meteorite,Large 2550 Gm Campo Del Cielo Meteorite Aa Grade 5.6 Lbs Low Low Price,1169.1,2025-03-06,2550,0.46,WorthPoint
sikhote-alin-meteorite,3.03 Grams Oriented SIKHOTE ALIN Russian Meteorite With COA And Info Card,11.99,2025-03-05,3.03,3.96,WorthPoint
sikhote-alin-meteorite,47.33 Gram - SIKHOTE ALIN IRON METEORITE - Thumb Printed Specimen- 1947 Fall,330,2025-03-04,47.33,6.97,WorthPoint
sikhote-alin-meteorite,Beautiful 820 Gm. Etched Campo Del Cielo Meteorite Pair 1.8 Lbs Stands,674.1,2025-03-04,820,0.82,WorthPoint
sikhote-alin-meteorite,234 Gm . CAMPO DEL CIELO METEORITE; AA GRADE ; .51 LBS.,255.65,2025-03-04,234,1.09,WorthPoint
sikhote-alin-meteorite,Beautiful 1098 Gm. Etched Campo Del Cielo Meteorite Pair 2.4 Lbs Stands,809.1,2025-03-04,1098,0.74,WorthPoint
sikhote-alin-meteorite,"NEWEST!!! PICA Impact Glass, Chile, Excellent Piece, 152.4 Grams",51,2025-03-02,152.4,0.33,WorthPoint
sikhote-alin-meteorite,Sikhote-Alin Meteorite 6.85 Grams,9.99,2025-03-02,6.85,1.46,WorthPoint
sikhote-alin-meteorite,Sikhote-Alin 34.7g Meteorite - Nicely Shaped Individual With Regmaglypts,179.95,2025-03-01,34.7,5.19,WorthPoint
sikhote-alin-meteorite,NEWEST !!! Meteorite Seymchan Lot Of 6 Etched Inserts For Jewelry. 10.6 Grams,158.99,2025-02-28,10.6,15,WorthPoint
sikhote-alin-meteorite,Iron-Nickel And Stony Meteorite Pendant,137.5,2025-02-27,,,WorthPoint
sikhote-alin-meteorite,16 Grams SIKHOTE ALIN Russian Meteorite With COA And Info Card,38.99,2025-02-27,16,2.44,WorthPoint
sikhote-alin-meteorite,Sikhote Alin Iron Meteorite 11.8 Gram Shrapnel Individual,67.87,2025-02-27,11.8,5.75,WorthPoint
sikhote-alin-meteorite,688 Gm. Campo Del Cielo Meteorite ;1.5 Lbs Museum Gd. Beautiful Lg. Meteorite,805.5,2025-02-25,688,1.17,WorthPoint
sikhote-alin-meteorite,"Meteorite**Sikhote-Alin, Russia**7.687 Grams, Gorgeous Regmaglypted Individual!",36,2025-02-24,7.687,4.68,WorthPoint
sikhote-alin-meteorite,"NEWEST!!! PICA Impact Glass, Chile, Two Excellent Pieces, 29.6 Grams",12.29,2025-02-23,29.6,0.42,WorthPoint
sikhote-alin-meteorite,"NEW!! RARE!! NWA 8743 Eucrite, Melt Breccia, 2.32 Grams Polished Part Slice",11.61,2025-02-23,2.32,5,WorthPoint
sikhote-alin-meteorite,Sikhote Alin 14.14g Flight Marked Iron Meteorite,59,2025-02-22,14.14,4.17,WorthPoint
sikhote-alin-meteorite,194 Gm . CAMPO DEL CIELO METEORITE; AA GRADE ; .43 LBS. STAND,204.35,2025-02-21,194,1.05,WorthPoint
sikhote-alin-meteorite,Beautiful 325 Gm. Etched Campo Del Cielo Meteorite Pair .72 Lbs Stands,314.1,2025-02-20,325,0.97,WorthPoint
sikhote-alin-meteorite,5.54 Gram - SIKHOTE ALIN IRON METEORITE - Thumb Printed Specimen- 1947 Fall,35,2025-02-20,5.54,6.32,WorthPoint
sikhote-alin-meteorite,133 Gm . CAMPO DEL CIELO METEORITE; AAA COLLECTORS GRADE ; .29 LBS.,179.1,2025-02-19,133,1.35,WorthPoint
sikhote-alin-meteorite,Dealer Lot! Newest Morrocan Iron! Best Agoudal (imilchil) Meteorite 1000 Gms,1050,2025-02-19,1000,1.05,WorthPoint
sikhote-alin-meteorite,164 Gm. New Campo Del Cielo Meteorite ; B Grade Meteorite; .36 Lb;,152.96,2025-02-18,164,0.93,WorthPoint
sikhote-alin-meteorite,"NEW!! RARE!! NWA 8743 Eucrite, Melt Breccia, 1.76 Grams Polished Part Slice",8,2025-02-16,1.76,4.55,WorthPoint
sikhote-alin-meteorite,"Nice Tektite, Libyan Desert Glass, Egypt, Lot Of Five Small Pieces. 194.3 Grams",15.5,2025-02-16,194.3,0.08,WorthPoint
sikhote-alin-meteorite,"NEWEST!!! PICA Impact Glass, Chile, Excellent Piece, 31.1 Grams",5.5,2025-02-16,31.1,0.18,WorthPoint
sikhote-alin-meteorite,"NEW! Tsarev Meteorite L5, Russia, Excellent Fragment 69.2 Grams",26.88,2025-02-16,69.2,0.39,WorthPoint
sikhote-alin-meteorite,602 Gm. Las Palmas Campo Meteorite 1.3 Lbs Museum Gd. Terrific Sculpturing,1075.5,2025-02-16,602,1.79,WorthPoint
sikhote-alin-meteorite,"Sikhote-Alin Iron, IIAB Meteorite Found In Russia 1947, 41.2 Grams",110,2025-02-16,41.2,2.67,WorthPoint
sikhote-alin-meteorite,SIKHOTE-ALIN Meteorite Pendant - Sterling Silver - TOP METEORITE Jewelry,120,2025-02-16,,,WorthPoint
sikhote-alin-meteorite,Sikhote-Alin & Gibeon Meteorites 5 Grams And .5 Grams Meteorite,14.99,2025-02-14,5,3,WorthPoint
sikhote-alin-meteorite,Sikhote-Alin Iron Meteorite 89.3 Grams,57,2025-02-14,89.3,0.64,WorthPoint
sikhote-alin-meteorite,428 Gm CAMPO DEL CIELO METEORITE BEAUTIFUL AAA GRADE METEORITE .94 POUNDS,476.1,2025-02-13,428,1.11,WorthPoint
sikhote-alin-meteorite,"RARE! Meteorite Mesosiderite, Vaca Muerta, Excellent Slice 5.2 Grams",103.99,2025-02-13,5.2,20,WorthPoint
sikhote-alin-meteorite,"NEW! Excellent 2 Dino Teeth, Late Cretaceous, Turonian, 90 Ma, Uzbekistan AF",139.99,2025-02-13,,,WorthPoint
sikhote-alin-meteorite,166 Gm . CAMPO DEL CIELO METEORITE; AA GRADE ; .36 LBS.,170.15,2025-02-12,166,1.03,WorthPoint
sikhote-alin-meteorite,"NEWEST! Native Iron From Putorana Plateau, Russia, Slice 149.5 Grams",149.99,2025-02-10,149.5,1,WorthPoint
sikhote-alin-meteorite,"NEWEST! Meteorite Pallasite Borzya, Nice Thin Slice 26.4 Grams, Good Transparent",659.99,2025-02-10,26.4,25,WorthPoint
sikhote-alin-meteorite,"Meteorite Dronino, Ataxite, Russia, Nice Complete Piece, 19.8 Grams",23,2025-02-09,19.8,1.16,WorthPoint
sikhote-alin-meteorite,"NEWEST!!! PICA Impact Glass, Chile, Excellent Piece, 30 Grams",13,2025-02-09,30,0.43,WorthPoint
sikhote-alin-meteorite,"NEW! Tsarev Meteorite L5, Russia, Tumbled Piece 64.3 Grams",18.5,2025-02-09,64.3,0.29,WorthPoint
sikhote-alin-meteorite,"NEWEST! Kapustin Yar, Meteorite L/LL6 Russia, Lot Of 5 Pieces 30.7 Grams",31,2025-02-09,30.7,1.01,WorthPoint
sikhote-alin-meteorite,16.4 Grams SIKHOTE ALIN Russian Meteorite With COA And Info Card,54.99,2025-02-09,16.4,3.35,WorthPoint
sikhote-alin-meteorite,6.24 Grams SIKHOTE ALIN Russian Shrapnel Meteorite With A COA And Info Card,12.99,2025-02-09,6.24,2.08,WorthPoint
sikhote-alin-meteorite,8.44 Grams SIKHOTE ALIN Russian Shrapnel Meteorite With A COA And Info Card,18.99,2025-02-09,8.44,2.25,WorthPoint
sikhote-alin-meteorite,1034 Gm. Campo Del Cielo Meteorite ; Med. Grade!! Beautiful; 2.2 Lbs.; Cheap!,539.1,2025-02-08,1034,0.52,WorthPoint
sikhote-alin-meteorite,1000 GRS LOT OF CAMPO DEL CIELO METEORITE CRYSTALS FROM 50-100 Gm IN SIZE,473.81,2025-02-06,1000,0.47,WorthPoint
sikhote-alin-meteorite,1000 GM LOT OF CAMPO DEL CIELO METEORITE CRYSTALS FROM 10-15 Gm IN SIZE,473.81,2025-02-06,1000,0.47,WorthPoint
sikhote-alin-meteorite,Beautiful 802 Gm. Etched Campo Del Cielo Meteorite Triple Cut,539.1,2025-02-06,802,0.67,WorthPoint
sikhote-alin-meteorite,"NEWEST! Meteorite Pallasite Borzya, Nice Thin Slice 22.4 Grams, Good Transparent",559.99,2025-02-05,22.4,25,WorthPoint
sikhote-alin-meteorite,"Meteorite Sericho, Pallasite, Kenya, Lot Of 7 Complete Pieces, 100 Grams #2",79.99,2025-02-05,100,0.8,WorthPoint
sikhote-alin-meteorite,508 Gm. Campo Del Cielo Meteorite ; Meteorite; 1.1 Lbs. Aaa Grade,674.95,2025-02-05,508,1.33,WorthPoint
sikhote-alin-meteorite,Beautiful 780 Gm. Etched Campo Del Cielo Meteorite Tripple Cut,719.1,2025-02-03,780,0.92,WorthPoint
sikhote-alin-meteorite,ORIENTED SIKHOTE ALIN Iron Meteorite Specimen FLOW LINES ROLLOVER LIPS RUSSIA,75.99,2025-02-03,,,WorthPoint
sikhote-alin-meteorite,"Nice Tektite, Libyan Desert Glass, Egypt, Lot Of 3 Nice Pieces. 173 Grams",24,2025-02-02,173,0.14,WorthPoint
sikhote-alin-meteorite,690 Gm CAMPO DEL CIELO METEORITE AAA GRADE METEORITE 1.5 POUNDS SCULPTURED,899.1,2025-02-02,690,1.3,WorthPoint
sikhote-alin-meteorite,125 Gm . CAMPO DEL CIELO METEORITE; A GRADE ; .28 LBS.,107.1,2025-02-02,125,0.86,WorthPoint
sikhote-alin-meteorite,488 Gm CAMPO DEL CIELO METEORITE BEAUTIFUL AAA GRADE METEORITE 1.1 POUNDS,539.1,2025-02-02,488,1.1,WorthPoint
sikhote-alin-meteorite,Sikhote Alin 12.57g Flight Marked Iron Meteorite,64,2025-02-01,12.57,5.09,WorthPoint
sikhote-alin-meteorite,Meteorite Sericho Pallasite Kenya Lot Of 7 Complete Pieces 100 Grams,29.22,2025-01-31,100,0.29,WorthPoint
sikhote-alin-meteorite,226 GM. CAMPO DEL CIELO METEORITE ; B GRADE LARGE METEORITE .5 Lbs. CHEAP!,197.1,2025-01-30,226,0.87,WorthPoint
sikhote-alin-meteorite,"Sikhote-Alin, Iron IIAB Found In Russia 1947, 14.8 Gram Individual",89,2025-01-30,14.8,6.01,WorthPoint
sikhote-alin-meteorite,"Museum Grade 48 Gm Sikhote-alin Meteorite From Russia, Collectors Grade",404.1,2025-01-29,48,8.42,WorthPoint
sikhote-alin-meteorite,"Sikhote-Alin, IIAB Iron Meteorite Found In Russia 1947, 26.2 Gram Individual",130,2025-01-28,26.2,4.96,WorthPoint
sikhote-alin-meteorite,"Nice Tektite, Libyan Desert Glass, Egypt, Lot Of 2 Nice Pieces. 179 Grams",19.5,2025-01-26,179,0.11,WorthPoint
sikhote-alin-meteorite,"NEWEST!!! PICA Impact Glass, Chile, Excellent Piece, 44.6 Grams",5.5,2025-01-26,44.6,0.12,WorthPoint
sikhote-alin-meteorite,"Nice Tektite, Libyan Desert Glass, Egypt, Lot Of 12 Nice Pieces. 139 Grams",19.5,2025-01-26,139,0.14,WorthPoint
sikhote-alin-meteorite,Sikhote Alin 21.8 GR Regmaglypted Russian 1947 Fall Meteorite Individual NOTW,34.85,2025-01-26,21.8,1.6,WorthPoint
sikhote-alin-meteorite,1947 Russia Iron Meteorite Sikhote-Alin 10.429 Grams Unique Meteorite,50,2025-01-25,10.429,4.79,WorthPoint
sikhote-alin-meteorite,500 GRS LOT OF CAMPO DEL CIELO METEORITE CRYSTALS FROM 100 Plus Gm IN SIZE,251.75,2025-01-24,500,0.5,WorthPoint
sikhote-alin-meteorite,"SIKHOTE-ALIN, 199 Gram Meteorite, Iron Shrapnel, Russia",248,2025-01-24,199,1.25,WorthPoint
sikhote-alin-meteorite,"Sikhote'-Alin 5.654g Meteorite, Iron Shrapnel, Witnessed Fall, IMCA Sellers",33,2025-01-22,5.654,5.84,WorthPoint
sikhote-alin-meteorite,10.2 Grams SIKHOTE ALIN Russian Shrapnel Meteorite With A COA And Info Card,22.99,2025-01-18,10.2,2.25,WorthPoint
sikhote-alin-meteorite,4.67 Grams SIKHOTE ALIN Russian Shrapnel Meteorite With A COA And Info Card,8.99,2025-01-17,4.67,1.93,WorthPoint
sikhote-alin-meteorite,Sikhote Alin 15.30g Flight Marked Iron Meteorite,77,2025-01-17,15.3,5.03,WorthPoint
sikhote-alin-meteorite,"Meteorite Sikhote-Alin Pendant, Polished, Shrapnel, Meteorite Pendant, 37.31g",135,2025-01-17,37.31,3.62,WorthPoint
sikhote-alin-meteorite,Sikhote Alin Iron Meteorite 13.3 Gram Shrapnel Individual,15.5,2025-01-17,13.3,1.17,WorthPoint
sikhote-alin-meteorite,Sikhote-Alin Meteorite 58.1g 0923,87,2025-01-16,58.1,1.5,WorthPoint
sikhote-alin-meteorite,3.81 Grams SIKHOTE ALIN Russian Shrapnel Meteorite With A COA And Info Card,7.99,2025-01-13,3.81,2.1,WorthPoint
sikhote-alin-meteorite,"NEWEST!!! PICA Impact Glass, Chile, Excellent Piece, 152.3 Grams",7.5,2025-01-12,152.3,0.05,WorthPoint
sikhote-alin-meteorite,"Meteorite Seymchan Nice Thin Slice 32.0 Grams, Not Transparent",95.99,2025-01-12,32,3,WorthPoint
sikhote-alin-meteorite,1712 GM. CAMPO DEL CIELO METEORITE ;AAA GRADE LARGE METEORITE 3.7 Lbs.,1050,2025-01-07,1712,0.61,WorthPoint
sikhote-alin-meteorite,Genuine Sikhote-Alin Meteorite On Acrylic Stand (87.7 Grams),870,2025-01-06,87.7,9.92,WorthPoint
sikhote-alin-meteorite,Beautiful 244 Gm. Polished Campo Del Cielo Meteorite Sculptured Cut 6 Sides,179.1,2025-01-06,244,0.73,WorthPoint
sikhote-alin-meteorite,"Nice Tektite, Libyan Desert Glass, Egypt, Lot Of 4 Nice Pieces. 147 Grams",17.5,2025-01-05,147,0.12,WorthPoint
sikhote-alin-meteorite,"NEWEST!!! PICA Impact Glass, Chile, Lot Of Small Pieces, 38.5 Grams",7.39,2025-01-05,38.5,0.19,WorthPoint
sikhote-alin-meteorite,FANTASTIC 24.56 Gram - SIKHOTE ALIN IRON METEORITE - 1947 RUSSIAN Fall,99.5,2025-01-05,24.56,4.05,WorthPoint
sikhote-alin-meteorite,310 Gm CAMPO DEL CIELO METEORITE BEAUTIFUL BABY AAA GRADE METEORITE .68LBS,355.5,2025-01-04,310,1.15,WorthPoint
sikhote-alin-meteorite,"Meteorite, Northeast Africa (NEA) Xxxxx, Ordinary Chondrite. Individual. 494 Gr",147.99,2025-01-04,494,0.3,WorthPoint
sikhote-alin-meteorite,45 Gm. Las Palmas Campo Meteorite ; Museum Gd. Burn Hole,449.99,2025-01-02,45,10,WorthPoint
sikhote-alin-meteorite,"Sikhote'-Alin 8.5g Meteorite, Iron Shrapnel, Witnessed Fall, IMCA Sellers",32,2025-01-02,8.5,3.76,WorthPoint
sikhote-alin-meteorite,194 Gm New Campo Del Cielo Meteorite B Grade Beautiful Meteorite,179.96,2025-01-01,194,0.93,WorthPoint
sikhote-alin-meteorite,"Nice Tektite, Libyan Desert Glass, Egypt, One Nice Piece. 165 Grams",21.5,2024-12-29,165,0.13,WorthPoint
sikhote-alin-meteorite,"NEWEST!!! PICA Impact Glass, Chile, Excellent Piece, 149.1 Grams",37,2024-12-29,149.1,0.25,WorthPoint
sikhote-alin-meteorite,"NEW! Tsarev Meteorite L5, Russia, Excellent Endcut 90 Grams",21.71,2024-12-29,90,0.24,WorthPoint
sikhote-alin-meteorite,"Nice Tektite, Libyan Desert Glass, Egypt, Lot Of 11 Small Pieces. 164 Grams",17,2024-12-29,164,0.1,WorthPoint
sikhote-alin-meteorite,"NEW! Aletai Iron Meteorite, China, VERY Thin As Blade Slice, 30.8 Grams",16.39,2024-12-29,30.8,0.53,WorthPoint
sikhote-alin-meteorite,464 Gm. Campo Del Cielo Meteorite ; Aaa Grade!! Beautiful Baby Campo 1 Lbs,431.1,2024-12-29,464,0.93,WorthPoint
sikhote-alin-meteorite,"Museum Grade 75 Gm Sikhote-alin Meteorite From Russia, Collectors Grade",674.1,2024-12-26,75,8.99,WorthPoint
sikhote-alin-meteorite,486 Gm. Campo Del Cielo Meteorite ; Aaa Grade; Great Price,359.96,2024-12-24,486,0.74,WorthPoint
sikhote-alin-meteorite,FANTASTIC 30.45 Gram - SIKHOTE ALIN IRON METEORITE - W/Fusion Crust- 1947 Fall,120,2024-12-24,30.45,3.94,WorthPoint
sikhote-alin-meteorite,"NEWEST!!! PICA Impact Glass, Chile, Lot Of 2 Excellent Pieces, 40.4 Grams",7.39,2024-12-22,40.4,0.18,WorthPoint
sikhote-alin-meteorite,5.17 Grams SIKHOTE ALIN Russian Shrapnel Meteorite With A COA And Info Card,11.99,2024-12-22,5.17,2.32,WorthPoint
sikhote-alin-meteorite,140 Gm Campo Del Cielo Meteorite A Grade Baby Meteorite Beautiful,134.96,2024-12-20,140,0.96,WorthPoint
sikhote-alin-meteorite,634 Gm. Campo Del Cielo Meteorite ; Aaa Grade!!1.4 Lbs,584.1,2024-12-20,634,0.92,WorthPoint
sikhote-alin-meteorite,250 Gm LOT OF CAMPO DEL CIELO METEORITE CRYSTALS 3-5 GMS IN SIZE LOWEST PRICE,128.25,2024-12-20,250,0.51,WorthPoint
sikhote-alin-meteorite,Sikhote Alin METEORITE 67.2 Grams,78,2024-12-19,67.2,1.16,WorthPoint
sikhote-alin-meteorite,142 Gm. Baby Campo Del Cielo Meteorite ; Med Grade! .31 Pounds; Stand; Cheap!!,127.4,2024-12-19,142,0.9,WorthPoint
sikhote-alin-meteorite,"Odessa, Gibeon, Seymchan, Sikhote-alin - Iron Meteorite Box Display Set",24,2024-12-19,,,WorthPoint
sikhote-alin-meteorite,"Meteorite Seymchan Etched Cut Cube 700 Grams, 44 Mm, Very Nice Structure",2099.99,2024-12-19,700,3,WorthPoint
sikhote-alin-meteorite,"43.9 Gram Sikhote-Alin Individual Meteorite - Iron, IIAB - Fell 1947 In Russia",274.99,2024-12-16,43.9,6.26,WorthPoint
sikhote-alin-meteorite,184 GRAM SIKHOTE ALIN IRON IIAB METERORITE (reviewed And Authenticated WITH COA),385,2024-12-16,184,2.09,WorthPoint
sikhote-alin-meteorite,Sikhote-alin Iron Meteorite From Russia 3.3 Grams,6.99,2024-12-16,3.3,2.12,WorthPoint
sikhote-alin-meteorite,"Sikhote'-Alin 12.0g Meteorite, Iron Shrapnel, Witnessed Fall, IMCA Sellers",42,2024-12-16,12,3.5,WorthPoint
sikhote-alin-meteorite,"Meteorite**NWA Unc.**303.80 Grams; Gorgeous Regmaglypted Piece, MUSEUM QUALITY!!",475,2024-12-16,303.8,1.56,WorthPoint
sikhote-alin-meteorite,890 Gm CAMPO DEL CIELO METEORITE BEAUTIFUL MUSEUM GRADE METEORITE 1.95 POUNDS,989.1,2024-12-15,890,1.11,WorthPoint
sikhote-alin-meteorite,"NEWEST!!! PICA Impact Glass, Chile, Excellent Piece, 141.7 Grams",20.5,2024-12-15,141.7,0.14,WorthPoint
sikhote-alin-meteorite,"NEW! Tsarev Meteorite L5, Russia, Excellent Endcut 62 Grams",31,2024-12-15,62,0.5,WorthPoint
sikhote-alin-meteorite,11.9 Grams SIKHOTE ALIN Russian Meteorite With COA And Info Card,37.99,2024-12-12,11.9,3.19,WorthPoint
sikhote-alin-meteorite,380 Gm. Campo Del Cielo Meteorite A Grade!! Beautiful Meteorite; .83#,369.95,2024-12-12,380,0.97,WorthPoint
sikhote-alin-meteorite,4.08 Grams SIKHOTE ALIN Russian Shrapnel Meteorite With A COA And Info Card,8.99,2024-12-12,4.08,2.2,WorthPoint
sikhote-alin-meteorite,2.79 Grams SIKHOTE ALIN Russian Shrapnel Meteorite With A COA And Info Card,6.99,2024-12-11,2.79,2.51,WorthPoint
sikhote-alin-meteorite,4.19 Grams SIKHOTE ALIN Russian Shrapnel Meteorite With A COA And Info Card,8.49,2024-12-09,4.19,2.03,WorthPoint
sikhote-alin-meteorite,"NEWEST!!! PICA Impact Glass, Chile, Excellent Piece, 50.9 Grams",13.26,2024-12-08,50.9,0.26,WorthPoint
sikhote-alin-meteorite,"NEW! Aletai Iron Meteorite, China, Very Nice Etched Cut Piece, 27.8 Grams",20.26,2024-12-08,27.8,0.73,WorthPoint
sikhote-alin-meteorite,878 GM. CAMPO DEL CIELO METEORITE ;A GRADE LARGE METEORITE 1.9 Lbs. CHEAP!,539.1,2024-12-06,878,0.61,WorthPoint
sikhote-alin-meteorite,Meteorite Sikhote-Alin Strike Iron Nickel Russian 1.7 Grams K68,8.99,2024-12-06,1.7,5.29,WorthPoint
sikhote-alin-meteorite,Nice Lot! Best Quality! Super New Campo Meteorite Shattered Crystals 250 Gms,150,2024-12-06,250,0.6,WorthPoint
sikhote-alin-meteorite,"NEW!! Rare! Giant Nummulites, Eocene, Armenia, 38-37 M.a., Lots Of 5 Ps #15-#18",14.99,2024-12-05,,,WorthPoint
sikhote-alin-meteorite,SIKHOTE ALIN SHRAPNEL Iron Meteorite Specimen WITNESSED FALL RUSSIA IMCA Seller,59.99,2024-12-03,,,WorthPoint
sikhote-alin-meteorite,AGOUDAL ORIENTED Iron Meteorite IMILCHIL Specimen Natural Patina MOROCCO,34.39,2024-12-03,,,WorthPoint
sikhote-alin-meteorite,"Sikhote'-Alin 26.5g Meteorite, Iron Shrapnel, Witnessed Fall, IMCA Sellers",84,2024-12-03,26.5,3.17,WorthPoint
sikhote-alin-meteorite,Meteorite: Sikhote-Alin Weight: 10.250 Grams- Beautiful Pyramid Shape üõï,105,2024-12-03,10.25,10.24,WorthPoint
sikhote-alin-meteorite,150 Gm. Campo Del Cielo Meteorite ; B Grade; .33 Lbs,135,2024-12-02,150,0.9,WorthPoint
sikhote-alin-meteorite,Sikhote-Alin Meteorite 15.1g 2079,15.5,2024-12-02,15.1,1.03,WorthPoint
sikhote-alin-meteorite,"Nice Tektite, Libyan Desert Glass, Egypt, One Nice Piece. 131 Grams",5.5,2024-12-01,131,0.04,WorthPoint
sikhote-alin-meteorite,"NEWEST!!! PICA Impact Glass, Chile, Excellent Piece, 39.7 Grams",10,2024-12-01,39.7,0.25,WorthPoint
sikhote-alin-meteorite,"Nice Tektite, Libyan Desert Glass, Egypt, Lot Of 6 Small Pieces. 160 Grams",14.39,2024-12-01,160,0.09,WorthPoint
sikhote-alin-meteorite,Low Price! Good Quality! Nice Sculpted Sikhote-alin Meteorite 41.3 Gms,123.75,2024-12-01,41.3,3,WorthPoint
sikhote-alin-meteorite,3.44 Gram - SIKHOTE ALIN IRON METEORITE - Cool Shaped Specimen- 1947 Fall Russia,17.5,2024-11-30,3.44,5.09,WorthPoint
sikhote-alin-meteorite,7.47 Gram - SIKHOTE ALIN IRON METEORITE - Thumb Printed Specimen- 1947 Fall,20,2024-11-30,7.47,2.68,WorthPoint
sikhote-alin-meteorite,17.60 Gram - SIKHOTE ALIN IRON METEORITE - Thumb Printed Specimen- 1947 Fall,87.5,2024-11-30,17.6,4.97,WorthPoint
sikhote-alin-meteorite,55.5 Gram - SIKHOTE ALIN IRON METEORITE - Thumb-Printed Specimen- 1947 Fall,149.5,2024-11-29,55.5,2.69,WorthPoint
sikhote-alin-meteorite,"Sikhote'-Alin 27.5g Meteorite, Iron Shrapnel, Witnessed Fall, IMCA Sellers",87,2024-11-28,27.5,3.16,WorthPoint
sikhote-alin-meteorite,"Meteorite**NWA Unc.; Flight Oriented Individual**231.00 Grams,High Quality!!!",193.55,2024-11-28,231,0.84,WorthPoint
sikhote-alin-meteorite,39.46 Gram - SIKHOTE ALIN IRON METEORITE Shrapnel Specimen - 1947 Witnessed Fall,60,2024-11-28,39.46,1.52,WorthPoint
sikhote-alin-meteorite,40.0 Gram - SIKHOTE ALIN IRON METEORITE Shrapnel Specimen - 1947 Witnessed Fall,60,2024-11-28,40,1.5,WorthPoint
sikhote-alin-meteorite,ORIENTED - 16.58 Gram SIKHOTE ALIN IRON METEORITE - FLOW LINES/THUMBPRINTS,62.5,2024-11-28,16.58,3.77,WorthPoint
sikhote-alin-meteorite,147 Gm. Campo Del Cielo Meteorite B Grade!! Beautiful Baby Meteorite;,134.1,2024-11-28,147,0.91,WorthPoint
sikhote-alin-meteorite,Beautiful 862 Gm. Etched Campo Del Cielo Meteorite Triple Cut,719.1,2024-11-27,862,0.83,WorthPoint
sikhote-alin-meteorite,Meteorite Sikhote-Alin Strike Iron Nickel Russian 4.3 Grams K22,8.99,2024-11-27,4.3,2.09,WorthPoint
sikhote-alin-meteorite,"Beautiful Sikhote-Alin Meteorite Specimen, 15.07g, Astronomy Gift, Sikhote Alin",120,2024-11-26,15.07,7.96,WorthPoint
sikhote-alin-meteorite,"Meteorite Seymchan Pallasite FACETED OLIVINE GEM, FIVE Excellent Pieces 1.1 Mm",24.99,2024-11-25,,,WorthPoint
sikhote-alin-meteorite,"NEWEST!!! PICA Impact Glass, Chile, 418 Grams",529.99,2024-11-25,418,1.27,WorthPoint
sikhote-alin-meteorite,"Impact Rock From Karla Impact Crater, Russia, Endcut 174 Grams",89.99,2024-11-24,174,0.52,WorthPoint
sikhote-alin-meteorite,11.29 Gram - SIKHOTE ALIN IRON METEORITE - Thumb-Printed Specimen- 1947 Fall,32.5,2024-11-24,11.29,2.88,WorthPoint
sikhote-alin-meteorite,"NEW! Lot Of 6 Excellent Shark Teeth, Carcharodon, Miocene, Chile #9",109.99,2024-11-23,,,WorthPoint
sikhote-alin-meteorite,Sikhote Alin 11.76g Russian Fireball Iron Meteorite,23.5,2024-11-23,11.76,2,WorthPoint
sikhote-alin-meteorite,244 Gm. New Campo Del Cielo Meteorite ; Aaa Grade!! Beautiful Meteorite; .6 Lbs,233.96,2024-11-22,244,0.96,WorthPoint
sikhote-alin-meteorite,278 Gm CAMPO DEL CIELO METEORITE BEAUTIFUL AA GRADE METEORITE .6 POUNDS,296.1,2024-11-22,278,1.07,WorthPoint
sikhote-alin-meteorite,"Meteorite Seymchan Small Olivined Cut Block 99 Grams, Very Nice Structure",494.99,2024-11-21,99,5,WorthPoint
sikhote-alin-meteorite,Meteorite Sikhote-Alin Strike Iron Nickel Russian 2.7 Grams L37,8.99,2024-11-21,2.7,3.33,WorthPoint
sikhote-alin-meteorite,"Sikhote-Alin Meteorite ""The Pagoda""",6250,2024-11-20,,,WorthPoint
sikhote-alin-meteorite,"Meteorite Seymchan Etched Slice, 106.1 Grams, Very Nice Structure",317.99,2024-11-20,106.1,3,WorthPoint
sikhote-alin-meteorite,356 Gm CAMPO DEL CIELO METEORITE ; BEAUTIFUL AAA GRADE METEORITE; .8 POUNDS,359.96,2024-11-20,356,1.01,WorthPoint
sikhote-alin-meteorite,700 GM. CAMPO DEL CIELO METEORITE ; AAA GRADE LARGE METEORITE 1.5+lbs.,809.1,2024-11-20,700,1.16,WorthPoint
sikhote-alin-meteorite,"""Reprint Of Painting """"FALLING OF SIKHOTE ALIN METEORITE""""""",29.99,2024-11-19,,,WorthPoint
sikhote-alin-meteorite,Sikhote-alin Meteorite 535 Gr.,3499,2024-11-19,535,6.54,WorthPoint
sikhote-alin-meteorite,364 Gm CAMPO DEL CIELO METEORITE BEAUTIFUL AAA GRADE METEORITE .8 POUNDS,404.1,2024-11-19,364,1.11,WorthPoint
sikhote-alin-meteorite,250 GM LOT OF CAMPO DEL CIELO METEORITE CRYSTALS FROM 3-5 Gm IN SIZE,118.75,2024-11-18,250,0.48,WorthPoint
sikhote-alin-meteorite,125 Gm LOT OF CAMPO DEL CIELO METEORITE CRYSTALS 5-10 GMS IN SIZE LOWEST PRICE,61.75,2024-11-18,125,0.49,WorthPoint
sikhote-alin-meteorite,Sikhote-Alin Meteorite 44.8g 0919,67,2024-11-18,44.8,1.5,WorthPoint
sikhote-alin-meteorite,"Nice Tektite, Libyan Desert Glass, Egypt, One Nice Piece. 174 Grams",17.5,2024-11-17,174,0.1,WorthPoint
sikhote-alin-meteorite,"NEWEST!!! PICA Impact Glass, Chile, Excellent Piece, 82.8 Grams",22.26,2024-11-17,82.8,0.27,WorthPoint
sikhote-alin-meteorite,"NEW! Tsarev Meteorite L5, Russia, Tumbled Piece 83.0 Grams",10.5,2024-11-17,83,0.13,WorthPoint
sikhote-alin-meteorite,Large 12232 Gm Campo Del Cielo Meteorite Museum Collectors Grade 26.5 Lbs,12595.5,2024-11-16,12232,1.03,WorthPoint
sikhote-alin-meteorite,"49.1 Gram SIKHOTE ALIN IRON METEORITE - Start 1.00, Bonus Tektite No Reserve",21.5,2024-11-13,49.1,0.44,WorthPoint
sikhote-alin-meteorite,1856 GM. CAMPO DEL CIELO METEORITE ; AA GRADE LARGE METEORITE 4+lbs.,989.1,2024-11-12,1856,0.53,WorthPoint
sikhote-alin-meteorite,3.30 Grams SIKHOTE ALIN Russian Shrapnel Meteorite With A COA And Info Card,7.99,2024-11-12,3.3,2.42,WorthPoint
sikhote-alin-meteorite,"NEWEST!!! PICA Impact Glass, Chile, Excellent Piece, 121.9 Grams",7,2024-11-10,121.9,0.06,WorthPoint
sikhote-alin-meteorite,"NEW! Tsarev Meteorite L5, Russia, Tumbled Piece 85.5 Grams",17.5,2024-11-10,85.5,0.2,WorthPoint
sikhote-alin-meteorite,"NEW Tsarev Meteorite L5, Russia, Excellent Individual 4.7 Kilograms, Not Cleaned",4699.99,2024-11-09,,,WorthPoint
sikhote-alin-meteorite,196 Gm CAMPO DEL CIELO METEORITE BEAUTIFUL A GRADE METEORITE .43 POUNDS,215.1,2024-11-08,196,1.1,WorthPoint
sikhote-alin-meteorite,FANTASTIC 34.97 Gram - SIKHOTE ALIN IRON METEORITE - W/Fusion Crust- 1947 Fall,154,2024-11-08,34.97,4.4,WorthPoint
sikhote-alin-meteorite,4.56 Grams SIKHOTE ALIN Russian Meteorite With COA And Info Card,13.99,2024-11-07,4.56,3.07,WorthPoint
sikhote-alin-meteorite,4.72 Grams SIKHOTE ALIN Russian Meteorite With COA And Info Card,12.99,2024-11-07,4.72,2.75,WorthPoint
sikhote-alin-meteorite,2.98 Grams SIKHOTE ALIN Russian Shrapnel Meteorite With A COA And Info Card,6.99,2024-11-07,2.98,2.35,WorthPoint
sikhote-alin-meteorite,5.36 Grams SIKHOTE ALIN Russian Shrapnel Meteorite With A COA And Info Card,11.99,2024-11-07,5.36,2.24,WorthPoint
sikhote-alin-meteorite,13.00 Gram - SIKHOTE ALIN IRON METEORITE - Thumb Printed Specimen- 1947 Fall,54.45,2024-11-07,13,4.19,WorthPoint
sikhote-alin-meteorite,Large 1000 Gm Campo Del Cielo Meteorite Aaa Grade 2.2 Lbs.,1079.1,2024-11-07,1000,1.08,WorthPoint
sikhote-alin-meteorite,250 GM LOT OF CAMPO DEL CIELO METEORITE CRYSTALS FROM 5-10 Gm IN SIZE,125,2024-11-07,250,0.5,WorthPoint
sikhote-alin-meteorite,Meteorite Fragments From Sikhote-Alin Russia (M),13.5,2024-11-05,,,WorthPoint
sikhote-alin-meteorite,Meteorite Fragments From Sikhote-Alin Russia (E),13.5,2024-11-05,,,WorthPoint
sikhote-alin-meteorite,Meteorite Fragments From Sikhote-Alin Russia (B),18,2024-11-05,,,WorthPoint
sikhote-alin-meteorite,"Nice Tektite, Libyan Desert Glass, Egypt, One Nice Piece. 252 Grams",45.44,2024-11-03,252,0.18,WorthPoint
sikhote-alin-meteorite,"NEW! NWA 12676 And Tass√©det 004 H5-melt Breccia Meteorite, 6.60 Gram Full Slice",8.5,2024-11-03,6.6,1.29,WorthPoint
sikhote-alin-meteorite,442 Gm CAMPO DEL CIELO METEORITE MUSEUM GRADE 1 POUND,485.1,2024-11-03,442,1.1,WorthPoint
sikhote-alin-meteorite,34.0 Gram - SIKHOTE ALIN IRON METEORITE Shrapnel Specimen - 1947 Witnessed Fall,61.2,2024-10-31,34,1.8,WorthPoint
sikhote-alin-meteorite,Sikhote Alin Meteorite Shrapnel Specimen 142 Grams,370,2024-10-30,142,2.61,WorthPoint
sikhote-alin-meteorite,"Sikhote-Alin, Iron, IIAB Meteorite, Russia 1947, 59.44 Grams",235,2024-10-30,59.44,3.95,WorthPoint
sikhote-alin-meteorite,FANTASTIC 24.1 Gram - SIKHOTE ALIN IRON METEORITE - W/Fusion Crust- 1947 Fall,115.2,2024-10-29,24.1,4.78,WorthPoint
sikhote-alin-meteorite,5.45 Grams SIKHOTE ALIN Russian Meteorite With COA And Info Card,15.99,2024-10-28,5.45,2.93,WorthPoint
sikhote-alin-meteorite,"NEWEST!!! PICA Impact Glass, Chile, Excellent Piece, 93.6 Grams",22.07,2024-10-27,93.6,0.24,WorthPoint
sikhote-alin-meteorite,"NEW! Tsarev Meteorite L5, Russia, Tumbled Piece 62.4 Grams",6.5,2024-10-27,62.4,0.1,WorthPoint
sikhote-alin-meteorite,Low Price! Hinged Specimen! Campo Del Cielo Meteorite Shattered Crystal 208.5 Gm,199,2024-10-27,208.5,0.95,WorthPoint
sikhote-alin-meteorite,3.11 Grams SIKHOTE ALIN Russian Meteorite With COA And Info Card,8.99,2024-10-27,3.11,2.89,WorthPoint
sikhote-alin-meteorite,4.96 Grams SIKHOTE ALIN Russian Meteorite With COA And Info Card,16.99,2024-10-26,4.96,3.43,WorthPoint
sikhote-alin-meteorite,2.54 Grams SIKHOTE ALIN Russian Meteorite With COA And Info Card,8.99,2024-10-25,2.54,3.54,WorthPoint
sikhote-alin-meteorite,6.61 Grams SIKHOTE ALIN Russian Shrapnel Meteorite With A COA And Info Card,11.99,2024-10-25,6.61,1.81,WorthPoint
sikhote-alin-meteorite,SIKHOTE ALIN Iron Meteorite Specimen FLOW LINES ROLLOVER LIPS RUSSIA,229.99,2024-10-22,,,WorthPoint
sikhote-alin-meteorite,SIKHOTE-ALIN IRON METEORITE PENDANT $89 Sterling Silver Jewelry STARBORN SA89-P4,89,2024-10-22,,,WorthPoint
sikhote-alin-meteorite,Sikhote-Alin Iron Meteorite Fragment (Siberia) W/ Wooden Desktop Plaque & Stamp,89.99,2024-10-21,,,WorthPoint
sikhote-alin-meteorite,"NEW!! Rare! Giant Nummulites Lyelli, Eocene, Egypt, 38-37 Ma, Lots Of 10 Pieces",24.99,2024-10-21,,,WorthPoint
sikhote-alin-meteorite,"Sikhote-Alin Iron Meteorite Fragment (Siberia) W/ Wooden Plaque, Stamp & Holder",89.99,2024-10-21,,,WorthPoint
sikhote-alin-meteorite,"""9.72 Grams """"Thumbprints"""" SIKHOTE ALIN Russian Meteorite With COA And Info Card""",39.99,2024-10-21,9.72,4.11,WorthPoint
sikhote-alin-meteorite,10.9 Grams SIKHOTE ALIN Russian Meteorite With COA And Info Card,28.99,2024-10-21,10.9,2.66,WorthPoint
sikhote-alin-meteorite,"Nice Tektite, Libyan Desert Glass, Egypt, One Nice Piece. 269 Grams",22.5,2024-10-20,269,0.08,WorthPoint
sikhote-alin-meteorite,"NEW! Tsarev Meteorite L5, Russia, Tumbled Piece 59.2 Grams",12.62,2024-10-20,59.2,0.21,WorthPoint
sikhote-alin-meteorite,"RARE! Meteorite Mesosiderite, Vaca Muerta, 2 Excellent Slices, 1.4 Grams",6.5,2024-10-20,1.4,4.64,WorthPoint
sikhote-alin-meteorite,Meteorite Sikhote-Alin Strike Iron Nickel Russian 1.6 Grams K3,8.99,2024-10-20,1.6,5.62,WorthPoint
sikhote-alin-meteorite,238 Gm. New Campo Del Cielo Meteorite ; B Grade Meteorite; .52 Lb;,179.96,2024-10-19,238,0.76,WorthPoint
sikhote-alin-meteorite,9.03 Grams SIKHOTE ALIN Russian Shrapnel Meteorite With A COA And Info Card,19.99,2024-10-18,9.03,2.21,WorthPoint
sikhote-alin-meteorite,4.47 Grams SIKHOTE ALIN Russian Shrapnel Meteorite With A COA And Info Card,7.99,2024-10-18,4.47,1.79,WorthPoint
sikhote-alin-meteorite,5.44 Grams SIKHOTE ALIN Russian Shrapnel Meteorite With A COA And Info Card,7.99,2024-10-18,5.44,1.47,WorthPoint
sikhote-alin-meteorite,3.98 Grams SIKHOTE ALIN Russian Shrapnel Meteorite With A COA And Info Card,5.99,2024-10-16,3.98,1.51,WorthPoint
sikhote-alin-meteorite,Meteorite Sikhote-Alin Strike Iron Nickel Russian 6.6 Grams K89,11.87,2024-10-15,6.6,1.8,WorthPoint
sikhote-alin-meteorite,Meteorite Sikhote-Alin Strike Iron Nickel Russian 8.5 Grams K9,14.51,2024-10-15,8.5,1.71,WorthPoint
sikhote-alin-meteorite,"Nice Tektite, Libyan Desert Glass, Egypt, Lot Of Three Nice Pieces. 171 Grams",12.62,2024-10-13,171,0.07,WorthPoint
sikhote-alin-meteorite,"NEWEST!!! PICA Impact Glass, Chile, Excellent Piece, 80.9 Grams",7.19,2024-10-13,80.9,0.09,WorthPoint
sikhote-alin-meteorite,100 Gram Sikhote Alin Iron/Nickel Meteorite 11AB Octahedrite Feb. 12th 1947,260,2024-10-13,100,2.6,WorthPoint
sikhote-alin-meteorite,190 Gm. New Campo Del Cielo Meteorite ; B Grade Meteorite; .41 Lb;,143.96,2024-10-13,190,0.76,WorthPoint
sikhote-alin-meteorite,Meteorite Fragments From Sikhote-Alin Russia (L),18,2024-10-13,,,WorthPoint
sikhote-alin-meteorite,"Meteorite Seymchan Small Olivined Cut Block 112.4 Grams, Very Nice Structure",669.99,2024-10-12,112.4,5.96,WorthPoint
sikhote-alin-meteorite,Beautiful 676 Gm. Etched Campo Del Cielo Meteorite Triple Cut,431.1,2024-10-10,676,0.64,WorthPoint
sikhote-alin-meteorite,"Meteorite**Sikhote-Alin, Russia**156.50 Gram, Gorgeous Museum Quality Individual",3500,2024-10-10,156.5,22.36,WorthPoint
sikhote-alin-meteorite,Sikhote-Alin Meteorite 37.2g 2081,56,2024-10-08,37.2,1.51,WorthPoint
sikhote-alin-meteorite,"Nice Tektite, Libyan Desert Glass, Egypt, Lot Of Two Nice Pieces. 140 Grams",15.5,2024-10-06,140,0.11,WorthPoint
sikhote-alin-meteorite,"NEWEST!!! PICA Impact Glass, Chile, Excellent Piece, 49.7 Grams",22.22,2024-10-06,49.7,0.45,WorthPoint
sikhote-alin-meteorite,"NEW! Tsarev Meteorite L5, Russia, Nice Small Fragment Of 53.3 Grams",11.61,2024-10-06,53.3,0.22,WorthPoint
sikhote-alin-meteorite,"Famous Iron Meteorite, Gibeon, Nice Individual, Namibia, 134 Gr",599.99,2024-10-05,134,4.48,WorthPoint
sikhote-alin-meteorite,52 Gm Campo Del Cielo Meteorite A Grade,43.16,2024-10-04,52,0.83,WorthPoint
sikhote-alin-meteorite,1250 GM. NEW CAMPO DEL CIELO METEORITE ; A GRADE!! 2.8+ Pound,809.96,2024-10-03,1250,0.65,WorthPoint
sikhote-alin-meteorite,SIKHOTE-ALIN IRON METEORITE PENDANT $45 Sterling Silver Jewelry STARBORN SA45-P8,45,2024-10-02,,,WorthPoint
sikhote-alin-meteorite,464 Gm. Campo Del Cielo Meteorite ; Aaa Grade!! Beautiful 1 Pound;,494.96,2024-10-02,464,1.07,WorthPoint
sikhote-alin-meteorite,Sikhote Alin 300g Oriented Christmas Tree Iron Meteorite,2250,2024-10-01,300,7.5,WorthPoint
sikhote-alin-meteorite,1288 Gm. New Campo Del Cielo Meteorite ; Aa Grade!! Beautiful;. 2.8 Lb.;,989.1,2024-10-01,1288,0.77,WorthPoint
sikhote-alin-meteorite,2015 Saint George Sikhote Alin Meteorite Ounce Of Space 1 Oz Silver Coin,139.99,2024-09-30,28.35,4.94,WorthPoint
sikhote-alin-meteorite,"Sikhote-Alin 21.51g Iron Meteorite, Covered In Regmaglypts, Has Weird Inclusion",130,2024-09-30,21.51,6.04,WorthPoint
sikhote-alin-meteorite,Sikhote Alin Meteorite; 5.57 Grams; Nickel-iron Meteorite,28,2024-09-30,5.57,5.03,WorthPoint
sikhote-alin-meteorite,Sikhote Alin METEORITE 12.77 Grams,29,2024-09-30,12.77,2.27,WorthPoint
sikhote-alin-meteorite,7.36 Grams SIKHOTE ALIN Russian Meteorite With COA And Info Card,19.99,2024-09-30,7.36,2.72,WorthPoint
sikhote-alin-meteorite,8.24 Grams SIKHOTE ALIN Russian Meteorite With COA And Info Card,24.99,2024-09-30,8.24,3.03,WorthPoint
sikhote-alin-meteorite,11.4 Grams SIKHOTE ALIN Russian Shrapnel Meteorite With A COA And Info Card,22.99,2024-09-30,11.4,2.02,WorthPoint
sikhote-alin-meteorite,World Class 37 Gram Campo Del Cielo Or Sikhote Alin Meteorite Loaded Thumbprints,39.99,2024-09-30,37,1.08,WorthPoint
sikhote-alin-meteorite,"NEWEST!!! PICA Impact Glass, Chile, Excellent Piece, 93.8 Grams",54,2024-09-29,93.8,0.58,WorthPoint
sikhote-alin-meteorite,"NEW! Aletai Iron Meteorite, China, Good Etched Cut Piece, 31.2 Grams",15.5,2024-09-29,31.2,0.5,WorthPoint
sikhote-alin-meteorite,9.19 Gram - SIKHOTE ALIN IRON METEORITE - Thumb Printed Specimen- 1947 Fall,42,2024-09-29,9.19,4.57,WorthPoint
sikhote-alin-meteorite,Sikhote-Alin Iron Meteorite Oriented Individual: 10.9g,42.5,2024-09-29,10.9,3.9,WorthPoint
sikhote-alin-meteorite,9.58 Gram - SIKHOTE ALIN IRON METEORITE - Thumb Printed Specimen- 1947 Fall,49,2024-09-28,9.58,5.11,WorthPoint
sikhote-alin-meteorite,8.0 Gram - SIKHOTE ALIN IRON METEORITE - Thumb Printed Specimen- 1947 Fall,42,2024-09-28,8,5.25,WorthPoint
sikhote-alin-meteorite,12.3 Gram - SIKHOTE ALIN IRON METEORITE - Thumb Printed Specimen- 1947 Fall,52.5,2024-09-28,12.3,4.27,WorthPoint
sikhote-alin-meteorite,5.50 Gram - SIKHOTE ALIN IRON METEORITE - Thumb Printed Specimen- 1947 Fall,28,2024-09-28,5.5,5.09,WorthPoint
sikhote-alin-meteorite,22.94 Gram - SIKHOTE ALIN IRON METEORITE - Thumb-Printed Specimen- 1947 Fall,130,2024-09-28,22.94,5.67,WorthPoint
sikhote-alin-meteorite,World Class Full Slice! Exquisite Etch! Amazing Agoudal Meteorite 431.5 Gms!,1124.25,2024-09-25,431.5,2.61,WorthPoint
sikhote-alin-meteorite,Beautiful 318 Gm. Polished Campo Del Cielo Meteorite 5 Cut,224.1,2024-09-24,318,0.7,WorthPoint
sikhote-alin-meteorite,720 Gm. Campo Del Cielo Meteorite ; Med Grade!! 1.6 Lbs. Baby Campo; Cheap!!,404.96,2024-09-24,720,0.56,WorthPoint
sikhote-alin-meteorite,Beautiful 344 Gm. Polished Campo Del Cielo Meteorite Quarter Cut,224.1,2024-09-20,344,0.65,WorthPoint
sikhote-alin-meteorite,"NEW!! RARE! NWA 14243 Martian Meteorite, Shergottite, Full Slice, 19.39 Grams",2326.99,2024-09-19,19.39,120.01,WorthPoint
sikhote-alin-meteorite,"NEW!! Lahmada 020 LUNAR, Feldspathic Regolith Melt Breccia, Piece, 16.9 Grams",844.99,2024-09-19,16.9,50,WorthPoint
sikhote-alin-meteorite,NICKEL- IRON METEORITE FROM SIKHOTE-ALIN RUSSIAN IMPACT EVENT 1947 - 20g,50,2024-09-18,20,2.5,WorthPoint
sikhote-alin-meteorite,"Sikhote-Alin Meteorite Iron Shrapnel 1.4"" 14 Grams 1947 Siberia Russia COA 5959",99.95,2024-09-18,14,7.14,WorthPoint
sikhote-alin-meteorite,Sikhote Alin METEORITE 36.1 Grams RUNNING BOAR,85,2024-09-18,36.1,2.35,WorthPoint
sikhote-alin-meteorite,1236 Gm CAMPO DEL CIELO METEORITE BEAUTIFUL MUSEUM GRADE METEORITE 2.72 POUNDS,1345.5,2024-09-17,1236,1.09,WorthPoint
sikhote-alin-meteorite,"Meteorite Seymchan ""ARTWORK"" Rectangle 335.5 Grams, Excellent Quality",2499.99,2024-09-16,335.5,7.45,WorthPoint
sikhote-alin-meteorite,"Meteorite Seymchan ""ARTWORK"" Rectangle 355.5 Grams, Excellent Quality",2499.99,2024-09-16,355.5,7.03,WorthPoint
sikhote-alin-meteorite,"Meteorite Sericho, Pallasite, Kenya, Lot Of Rusty Pieces 300 Gr",82,2024-09-15,300,0.27,WorthPoint
sikhote-alin-meteorite,"NEW! Tsarev Meteorite L5, Russia, Nice Small Fragment Of 50 Grams",16.06,2024-09-15,50,0.32,WorthPoint
sikhote-alin-meteorite,"NEWEST!!! PICA Impact Glass, Chile, 35 Grams. Piece With Natural Hole!",17.67,2024-09-15,35,0.5,WorthPoint
sikhote-alin-meteorite,Sikhote'-Alin Howling Wolf Meteorite & Magnet Combo: 25.88g Iron Shrapnel,185,2024-09-13,25.88,7.15,WorthPoint
sikhote-alin-meteorite,Sikhote-Alin 98.3g Meteorite - Outstanding Shrapnel Individual With Fine Shape,389.95,2024-09-13,98.3,3.97,WorthPoint
sikhote-alin-meteorite,204 Gm CAMPO DEL CIELO METEORITE BEAUTIFUL AAA GRADE METEORITE .45 POUNDS,269.96,2024-09-12,204,1.32,WorthPoint
sikhote-alin-meteorite,154 Gm. Campo Del Cielo Meteorite ; B Grade! Inexpensive Meteorite;,136.76,2024-09-12,154,0.89,WorthPoint
sikhote-alin-meteorite,12.1 Grams SIKHOTE ALIN Russian Shrapnel Meteorite With A COA And Info Card,24.99,2024-09-12,12.1,2.07,WorthPoint
sikhote-alin-meteorite,174 Gm. Campo Del Cielo Meteorite ; B Grade!! Beautiful .4 Lb. Baby Campo,116.1,2024-09-11,174,0.67,WorthPoint
sikhote-alin-meteorite,Beautiful 558 Gm. Etched Campo Del Cielo Meteorite Quad Cut 1.22 Lbs,404.1,2024-09-10,558,0.72,WorthPoint
sikhote-alin-meteorite,Sikhote-Alin Meteorite 310g 0377,625,2024-09-10,310,2.02,WorthPoint
sikhote-alin-meteorite,"RARE! Meteorite Mesosiderite, Vaca Muerta,Chile, Lot Of Rusty Fragments 100 Gr",21.71,2024-09-08,100,0.22,WorthPoint
sikhote-alin-meteorite,"Chondrite L6 METEORITE JAH 073, Excellent Individual, Oman, 186 Grams",5.51,2024-09-08,186,0.03,WorthPoint
sikhote-alin-meteorite,"NEW Meteorite From Chile, Chug Chug 001, Chondrite L5, Individual 428 Gr",1279.99,2024-09-07,428,2.99,WorthPoint
sikhote-alin-meteorite,60.6 Gram - SIKHOTE ALIN IRON METEORITE - Oriented W/Flowlines- 1947 Fall,388,2024-09-05,60.6,6.4,WorthPoint
sikhote-alin-meteorite,"NEW! Tsarev Meteorite L5, Russia, Tumbled Piece 64.2 Grams",22.5,2024-09-01,64.2,0.35,WorthPoint
sikhote-alin-meteorite,46.29 Gram - SIKHOTE ALIN IRON METEORITE - Thumb-Printed Specimen- 1947 Fall,159.2,2024-09-01,46.29,3.44,WorthPoint
sikhote-alin-meteorite,194 Gm. Campo Del Cielo Meteorite ; B Grade!!; Stand,75,2024-09-01,194,0.39,WorthPoint
sikhote-alin-meteorite,3.96 Grams SIKHOTE ALIN Russian Shrapnel Meteorite With A COA And Info Card,7.99,2024-09-01,3.96,2.02,WorthPoint
sikhote-alin-meteorite,130 Gm. Campo Del Cielo Meteorite ; Baby Meteorite; Aa Gradel Full Individual,135,2024-08-30,130,1.04,WorthPoint
sikhote-alin-meteorite,Beautiful 350 Gm. Polished Campo Del Cielo Meteorite Quarter Cut,224.1,2024-08-28,350,0.64,WorthPoint
sikhote-alin-meteorite,Meteorite Sikhote-Alin Strike Iron Nickel Russian 4.8 Grams K90,8.99,2024-08-27,4.8,1.87,WorthPoint
sikhote-alin-meteorite,"NEW! Tsarev Meteorite L5, Russia, Tumbled Piece 57.9 Grams",11.6,2024-08-25,57.9,0.2,WorthPoint
sikhote-alin-meteorite,"NEWEST!!! PICA Impact Glass, Chile, 155 Grams",23.86,2024-08-25,155,0.15,WorthPoint
sikhote-alin-meteorite,"NEW!! RARE!! NWA 8743 Eucrite, Melt Breccia, 5.88 Grams Part Slice",6.39,2024-08-25,5.88,1.09,WorthPoint
sikhote-alin-meteorite,"NEW! Aletai Iron Meteorite, China, Wonderful Etched Cut Piece, 94 Grams",36,2024-08-25,94,0.38,WorthPoint
sikhote-alin-meteorite,680 Gm. New Campo Del Cielo Meteorite ; Aa Grade Meteorite 1.5 Lbs.,427.46,2024-08-25,680,0.63,WorthPoint
sikhote-alin-meteorite,"Beautiful Sikhote-Alin Meteorite Specimen, 30.49g, Sikhote Alin, COA, Space Gift",114,2024-08-22,30.49,3.74,WorthPoint
sikhote-alin-meteorite,"NEW! Tsarev Meteorite L5, Russia, Tumbled Piece 55.4 Grams",8.5,2024-08-18,55.4,0.15,WorthPoint
sikhote-alin-meteorite,"NEWEST!!! PICA Impact Glass, Chile, 95 Grams",22.72,2024-08-18,95,0.24,WorthPoint
sikhote-alin-meteorite,"Chondrite L4/5 METEORITE SAU 001, Excellent Individual, Oman, 14.2gr From Finder",6.05,2024-08-18,14.2,0.43,WorthPoint
sikhote-alin-meteorite,Meteorite Sikhote-Alin Strike Iron Nickel Russian 2 Grams L23,8.99,2024-08-16,2,4.5,WorthPoint
sikhote-alin-meteorite,"Sikhote'-Alin 16.3g Meteorite, Iron Shrapnel, Witnessed Fall, IMCA Sellers",55,2024-08-16,16.3,3.37,WorthPoint
sikhote-alin-meteorite,"METEORITE BEADS ""GIBEON (2)"", SERICHO"", ""SIKHOTE-ALIN (2)"" On A Vinyl String",33,2024-08-14,,,WorthPoint
sikhote-alin-meteorite,3.19 Grams SIKHOTE ALIN Russian Meteorite With COA And Info Card,12.99,2024-08-14,3.19,4.07,WorthPoint
sikhote-alin-meteorite,"Guinea-Bissau - 2023 Meteorites, Sikhote-Alin, Hoba - 3 Stamp Sheet - GB230221a",13,2024-08-13,,,WorthPoint
sikhote-alin-meteorite,Sierra Leone - 2019 Meteorites & Dinosaurs - 4 Stamp Sheet - SRL190706a,11.9,2024-08-13,,,WorthPoint
sikhote-alin-meteorite,Guinea-Bissau - 2023 Sikhote-Alin Meteorite - Stamp Souvenir Sheet - GB230221b2,11.9,2024-08-13,,,WorthPoint
sikhote-alin-meteorite,Sikhote Alin METEORITE 1225 Gram.,500,2024-08-13,1225,0.41,WorthPoint
sikhote-alin-meteorite,"NEW! Tsarev Meteorite L5, Russia, Excellent Individual 141.5 Grams",26,2024-08-11,141.5,0.18,WorthPoint
sikhote-alin-meteorite,"Nice Tektite, Libyan Desert Glass, Egypt, Lot Of Many Smallest Pieces. 50 Grams",17.1,2024-08-11,50,0.34,WorthPoint
sikhote-alin-meteorite,"NEW!! RARE!! NWA 8743 Eucrite, Melt Breccia, 3.28 Grams Part Slice",8.27,2024-08-11,3.28,2.52,WorthPoint
sikhote-alin-meteorite,5.13 Grams SIKHOTE ALIN Russian Meteorite With COA And Info Card,13.99,2024-08-11,5.13,2.73,WorthPoint
sikhote-alin-meteorite,790 Gm CAMPO DEL CIELO METEORITE ; AAA GRADE 1.7+ Lbs.; Beautiful Lg.meteorite,850.73,2024-08-11,790,1.08,WorthPoint
sikhote-alin-meteorite,2.90 Grams SIKHOTE ALIN Russian Meteorite With COA And Info Card,12.99,2024-08-09,2.9,4.48,WorthPoint
sikhote-alin-meteorite,"Museum Grade 94 Gm Sikhote-alin Meteorite From Russia, Collection Piece!!",799.1,2024-08-09,94,8.5,WorthPoint
sikhote-alin-meteorite,SUPER ORIENTED BULLET - 22.23 Grams - SIKHOTE ALIN IRON METEORITE Individual,199.43,2024-08-08,22.23,8.97,WorthPoint
sikhote-alin-meteorite,4.63 Grams Oriented SIKHOTE ALIN Russian Meteorite With COA And Info Card,17.99,2024-08-06,4.63,3.89,WorthPoint
sikhote-alin-meteorite,"Sikhote'-Alin 15.3g Meteorite, Iron Shrapnel, Witnessed Fall, IMCA Sellers",52,2024-07-30,15.3,3.4,WorthPoint
sikhote-alin-meteorite,"NEW! Tsarev Meteorite L5, Russia, Tumbled Piece 70.3 Grams",20.5,2024-07-28,70.3,0.29,WorthPoint
sikhote-alin-meteorite,"NEW! Meteorite Los Vientos 262, Chondrite L6 Chile. Nice Individual, 67.0 Gr",11.61,2024-07-28,67,0.17,WorthPoint
sikhote-alin-meteorite,"NEWEST!!! PICA Impact Glass, Chile, 97.0 Grams",30,2024-07-28,97,0.31,WorthPoint
sikhote-alin-meteorite,"NEW! NWA 12676 And Tass√©det 004 H5-melt Breccia Meteorite, 3.56 Gram Full Slice",12.06,2024-07-28,3.56,3.39,WorthPoint
sikhote-alin-meteorite,Unique Sikhote-Alin 299g Meteorite - Iron Shrapnel Individual,316,2024-07-28,299,1.06,WorthPoint
sikhote-alin-meteorite,"NEW!! RARE!! Qiquanhu Eucrite, Witnessed Fall, China, 2.68 Grams Fragment",267.99,2024-07-28,2.68,100,WorthPoint
sikhote-alin-meteorite,"NEW! NWA 12676 And Tass√©det 004 H5-melt Breccia Meteorite, 4.70 Gram Full Slice",23.49,2024-07-26,4.7,5,WorthPoint
sikhote-alin-meteorite,Impressive Vintage Meteorite Keychain Sterling Silver,125,2024-07-25,,,WorthPoint
sikhote-alin-meteorite,"14 Grams "" Thumbprints "" SIKHOTE ALIN Russian Meteorite With COA And Info Card",54.99,2024-07-25,14,3.93,WorthPoint
sikhote-alin-meteorite,3.24 Grams SIKHOTE ALIN Russian Shrapnel Meteorite With A COA And Info Card,7.49,2024-07-24,3.24,2.31,WorthPoint
sikhote-alin-meteorite,Sikhote Alin Meteorite Large 1168 Grams,9999,2024-07-23,1168,8.56,WorthPoint
sikhote-alin-meteorite,2485 Gm Campo Del Cielo Meteorite Museum Grade 5.5 Lbs,2432.69,2024-07-21,2485,0.98,WorthPoint
sikhote-alin-meteorite,"Nice Tektite, Libyan Desert Glass, Egypt, One Nice Piece. 181 Gram",7.19,2024-07-21,181,0.04,WorthPoint
sikhote-alin-meteorite,"RARE! Meteorite Mesosiderite, Vaca Muerta, Chile, Lot Of Rusty Fragments 25 Gr",14.5,2024-07-21,25,0.58,WorthPoint
sikhote-alin-meteorite,"NEW! Tsarev Meteorite L5, Russia, Excellent Individual 107 Grams",18.5,2024-07-21,107,0.17,WorthPoint
sikhote-alin-meteorite,MUSEUM QUALITY 62g SCULPTURAL THUMBPRINTED SIKHOTE ALIN IRON METEORITE W/ HOLE!,639,2024-07-21,62,10.31,WorthPoint
sikhote-alin-meteorite,"Meteorite IMILAC, Pallasite, Perfect Complete Transparent Slice 42.6 Grams.",1788.99,2024-07-21,42.6,42,WorthPoint
sikhote-alin-meteorite,Sikhote-Alin Iron Meteorite Shrapnel Fragment Cleaned 25 Grams,24,2024-07-20,25,0.96,WorthPoint
sikhote-alin-meteorite,3.60 Grams - SIKHOTE ALIN IRON METEORITE Individual - Nice Small Specimen,28,2024-07-20,3.6,7.78,WorthPoint
sikhote-alin-meteorite,Large 1170 Gm Campo Del Cielo Meteorite ; Aaa Museum Grade!! 2.6 Lbs.,1217.57,2024-07-20,1170,1.04,WorthPoint
sikhote-alin-meteorite,Large 8910 Gm Campo Del Cielo Meteorite Museum Collectors Grade 20 Lbs,8118.44,2024-07-19,8910,0.91,WorthPoint
sikhote-alin-meteorite,Large 10355 Gm Campo Del Cielo Meteorite Museum Collectors Grade 23 Lbs,11448.9,2024-07-17,10355,1.11,WorthPoint
sikhote-alin-meteorite,Meteorite Sikhote-Alin Strike Iron Nickel Russian 23x20mm 7.4 Grams Ed36,9.23,2024-07-16,7.4,1.25,WorthPoint
sikhote-alin-meteorite,486 GM. CAMPO DEL CIELO METEORITE ; AA GRADE METEORITE 1.1 +lbs. BEAUTIFUL,405.52,2024-07-16,486,0.83,WorthPoint
sikhote-alin-meteorite,132 Gm Campo Del Cielo Meteorite Aa Grade Baby Meteorite Beautiful,121.8,2024-07-16,132,0.92,WorthPoint
sikhote-alin-meteorite,Large 1100 Gm Campo Del Cielo Meteorite Aaa Grade 2.4 Lbs.,1055.12,2024-07-16,1100,0.96,WorthPoint
sikhote-alin-meteorite,Beautiful 650 Gm. Etched Campo Del Cielo Meteorite Quad Cut,413.1,2024-07-15,650,0.64,WorthPoint
sikhote-alin-meteorite,"Chondrite L6 METEORITE JAH 073, Individual, Oman, 121.8 Grams",27.56,2024-07-14,121.8,0.23,WorthPoint
sikhote-alin-meteorite,"NEW!! RARE!! NWA 8743 Eucrite, Melt Breccia, 2.94 Grams Part Slice",5,2024-07-14,2.94,1.7,WorthPoint
sikhote-alin-meteorite,(x206) 19 G Sikhote Alin Russia Meteorite Feb 1947 Shrapnel Fragment Specimen,53.99,2024-07-14,19,2.84,WorthPoint
sikhote-alin-meteorite,"Meteorite Seymchan Etched Slice, 56.4 Grams, Very Nice Structure",168.99,2024-07-13,56.4,3,WorthPoint
sikhote-alin-meteorite,Meteorite Collection Lot Twenty-Five Different Types Labeled With Display Box,250,2024-07-13,,,WorthPoint
sikhote-alin-meteorite,SUPER ORIENTED BULLET - 19.76 Grams - SIKHOTE ALIN IRON METEORITE Individual,190,2024-07-11,19.76,9.62,WorthPoint
sikhote-alin-meteorite,"Meteorite Sericho, Pallasite, Kenya, Lot Of 4 Complete Good Pieces, 54.6 Grams",79.99,2024-07-08,54.6,1.47,WorthPoint
sikhote-alin-meteorite,"Sikhote-Alin Meteorite, Iron, Ogg IIAB, 2/12/1947 68.7 Grams - Priced To Move",250,2024-07-08,68.7,3.64,WorthPoint
sikhote-alin-meteorite,"NEW! NWA 12676 And Tass√©det 004 H5-melt Breccia Meteorite, 5.20 Gram Full Slice",12.5,2024-07-07,5.2,2.4,WorthPoint
sikhote-alin-meteorite,9.73 Gram - SIKHOTE ALIN IRON METEORITE - Shrapnel Specimen- 1947 Fall,24,2024-07-07,9.73,2.47,WorthPoint
sikhote-alin-meteorite,6.55 Grams Oriented SIKHOTE ALIN Russian Meteorite With COA And Info Card,19.99,2024-07-06,6.55,3.05,WorthPoint
sikhote-alin-meteorite,"Reprint Of Painting ""FALLING OF SIKHOTE ALIN METEORITE""",29.99,2024-07-05,,,WorthPoint
sikhote-alin-meteorite,Meteorite Sikhote-Alin Strike Iron Nickel Russian 22x15mm 3.8 Grams Jn33,8.99,2024-07-04,3.8,2.37,WorthPoint
sikhote-alin-meteorite,4.16 Grams SIKHOTE ALIN Russian Shrapnel Meteorite With A COA And Info Card,8.29,2024-06-29,4.16,1.99,WorthPoint
sikhote-alin-meteorite,3.39 Grams SIKHOTE ALIN Russian Meteorite With COA And Info Card,12.99,2024-06-29,3.39,3.83,WorthPoint
sikhote-alin-meteorite,SIKHOTE-ALIN IRON METEORITE PENDANT $79 Sterling Silver Jewelry STARBORN SA79-P6,79,2024-06-28,,,WorthPoint
sikhote-alin-meteorite,Sikhote-Alin 207.6g Meteorite - Nicely Sculpted Individual With Regmaglypts,795,2024-06-28,207.6,3.83,WorthPoint
sikhote-alin-meteorite,Sikhote Alin METEORITE 50.6 Grams,64,2024-06-18,50.6,1.26,WorthPoint
sikhote-alin-meteorite,Sikhote Alin METEORITE 898 Gram.,550,2024-06-17,898,0.61,WorthPoint
sikhote-alin-meteorite,"NEW! Tsarev Meteorite L5, Russia, Nice Small Fragment Of 33.3 Grams",14.5,2024-06-16,33.3,0.44,WorthPoint
sikhote-alin-meteorite,"NEWEST!!! PICA Impact Glass, Chile, Excellent Piece, 12 Grams",8.19,2024-06-16,12,0.68,WorthPoint
sikhote-alin-meteorite,"Chondrite L6 METEORITE JAH 073, Individual, Oman, 107.9 Grams",25,2024-06-16,107.9,0.23,WorthPoint
sikhote-alin-meteorite,Meteorite Sikhote-Alin Strike Iron Nickel Russian 7.6 Grams K91,11.87,2024-06-15,7.6,1.56,WorthPoint
sikhote-alin-meteorite,"Meteorite**Sikhote-Alin, Russia**20.855 Grams, Gorgeous Individual W/Rollovers!!",299.99,2024-06-14,20.855,14.38,WorthPoint
sikhote-alin-meteorite,1918 GM. CAMPO DEL CIELO METEORITE ;A GRADE LARGE METEORITE 4.2 Lbs.INEXPENSIVE,1234.05,2024-06-14,1918,0.64,WorthPoint
sikhote-alin-meteorite,19.48 Gram - SIKHOTE ALIN IRON METEORITE - Thumb-Printed Specimen- 1947 Fall,88,2024-06-13,19.48,4.52,WorthPoint
sikhote-alin-meteorite,"Meteorite Seymchan Small Olivined Thick Slice 44.9 Grams, Very Nice Structure",314.99,2024-06-13,44.9,7.02,WorthPoint
sikhote-alin-meteorite,"Awesome SAFFORDITE (Arizonaite), Arizona, USA, 9.8 Grams",24.99,2024-06-12,9.8,2.55,WorthPoint
sikhote-alin-meteorite,"Awesome SAFFORDITE (Arizonaite), Arizona, USA, 16.7 Grams",41.99,2024-06-12,16.7,2.51,WorthPoint
sikhote-alin-meteorite,"Museum Grade 159 Gm Sikhote-alin Meteorite From Russia, Collection Piece!!",1349.1,2024-06-12,159,8.48,WorthPoint
sikhote-alin-meteorite,"Half Of Deshayesites Sp. Ammonite, Saratov, Russia 286 Gr",39.99,2024-06-11,286,0.14,WorthPoint
sikhote-alin-meteorite,"28.6 Gram Sikhote-Alin Individual Meteorite - Iron, IIAB - Fell 1947 In Russia",174.99,2024-06-10,28.6,6.12,WorthPoint
sikhote-alin-meteorite,"GNARLY !! 3 Assorted Shrapnel Meteorites: Sikhote - Alin, USSR 1947- 23.5 Grams",39,2024-06-10,23.5,1.66,WorthPoint
sikhote-alin-meteorite,"NEW! Tsarev Meteorite L5, Russia, Nice Small Fragment Of 74.5 Grams",18.68,2024-06-09,74.5,0.25,WorthPoint
sikhote-alin-meteorite,"NEWEST!!! PICA Impact Glass, Chile, Excellent Piece, 54.5 Grams",18.68,2024-06-09,54.5,0.34,WorthPoint
sikhote-alin-meteorite,"Chondrite L6 METEORITE JAH 073, Individual, Oman, 83.5 Grams",18.28,2024-06-09,83.5,0.22,WorthPoint
sikhote-alin-meteorite,"NEW! Tsarev Meteorite L5, Russia, Lot Of 3 Cuts, 15 Grams",9.19,2024-06-09,15,0.61,WorthPoint
sikhote-alin-meteorite,Meteorite Sikhote-Alin Strike Iron Nickel Russian 1.5 Grams K61,8.99,2024-06-08,1.5,5.99,WorthPoint
sikhote-alin-meteorite,Meteorite Sikhote-Alin Strike Iron Nickle Russian 1.1 Grams Ec65,8.99,2024-06-08,1.1,8.17,WorthPoint
sikhote-alin-meteorite,"Meteorite Seymchan Pallasite LARGE FACETED OLIVINE GEM, 1 Piece 7.53 Mm, 1.57 Ct",249.99,2024-06-04,0.314,796.15,WorthPoint
sikhote-alin-meteorite,30.40 Gram - SIKHOTE ALIN IRON METEORITE Shrapnel Specimen - 1947 Witnessed Fall,65,2024-06-04,30.4,2.14,WorthPoint
sikhote-alin-meteorite,"Museum Grade 120 Gm Sikhote-alin Meteorite From Russia, Collection Piece!!",1169.1,2024-06-03,120,9.74,WorthPoint
sikhote-alin-meteorite,"NEW! Tsarev Meteorite L5, Russia, Nice Small Fragment Of 97.0 Grams",33.33,2024-06-02,97,0.34,WorthPoint
sikhote-alin-meteorite,"NEWEST!!! PICA Impact Glass, Chile, Excellent Piece, 53.5 Grams",21.71,2024-06-02,53.5,0.41,WorthPoint
sikhote-alin-meteorite,"Chondrite L6 METEORITE JAH 073, Individual, Oman, 66.0 Grams",15,2024-06-02,66,0.23,WorthPoint
sikhote-alin-meteorite,"Meteorite**NWA Unc.; Flight Oriented Individual**346.40 Grams, W/Metal Blob",799.99,2024-06-02,346.4,2.31,WorthPoint
sikhote-alin-meteorite,Meteorite Sikhote-Alin Strike Iron Nickel Russian 19x12mm 3.8 Grams Ed45,8.99,2024-05-31,3.8,2.37,WorthPoint
sikhote-alin-meteorite,Meteorite Sikhote-Alin Strike Iron Nickel Russian 2.4 Grams K2,8.99,2024-05-31,2.4,3.75,WorthPoint
sikhote-alin-meteorite,57.55 Grams SIKHOTE ALIN Meteorite Fragment Shrapnel Custom Framed Display,119.95,2024-05-30,57.55,2.08,WorthPoint
sikhote-alin-meteorite,Sikhote Alin METEORITE 57.2 Grams,65,2024-05-29,57.2,1.14,WorthPoint
sikhote-alin-meteorite,Sikhote Alin METEORITE 67.5 Grams,75,2024-05-29,67.5,1.11,WorthPoint
sikhote-alin-meteorite,SUPER ORIENTED BULLET - 9.93 Grams - SIKHOTE ALIN IRON METEORITE Individual,159,2024-05-29,9.93,16.01,WorthPoint
sikhote-alin-meteorite,"Lot Of Five Excellent Pyritized Ammonites, Mikhailov, Russia.",19.99,2024-05-28,,,WorthPoint
sikhote-alin-meteorite,Sikhote Alin METEORITE PENDANT 3.76 Grams,20.58,2024-05-28,3.76,5.47,WorthPoint
sikhote-alin-meteorite,"NEWEST!!! RARE!! NWA 15289 Eucrite, Very Fresh! Lot Of Three Slices 5.45 Grams",44.99,2024-05-27,5.45,8.26,WorthPoint
sikhote-alin-meteorite,Sikhote Alin METEORITE 59.2 Grams,67,2024-05-26,59.2,1.13,WorthPoint
sikhote-alin-meteorite,Sikhote Alin METEORITE 66.4 Grams,75,2024-05-26,66.4,1.13,WorthPoint
sikhote-alin-meteorite,"NEW! Tsarev Meteorite L5, Russia, Nice Small Fragment Of 64.4 Grams",8,2024-05-26,64.4,0.12,WorthPoint
sikhote-alin-meteorite,"NEWEST!!! PICA Impact Glass, Chile, Excellent Piece, 28.9 Grams",12.29,2024-05-26,28.9,0.43,WorthPoint
sikhote-alin-meteorite,"Chondrite L6 METEORITE JAH 073, Individual, Oman, 59.0 Grams",8.5,2024-05-26,59,0.14,WorthPoint
sikhote-alin-meteorite,Meteorite Seymchan Nice Thin Slice 15.0 Grams,31,2024-05-26,15,2.07,WorthPoint
sikhote-alin-meteorite,FANTASTIC 8.64 Gram - SIKHOTE ALIN IRON METEORITE - 1947 RUSSIAN Fall,72.25,2024-05-26,8.64,8.36,WorthPoint
sikhote-alin-meteorite,2102 Gm. Campo Del Cielo Meteorite ; A Grade! Meteorite! 4.6 Lbs. Inexpensive!!,1975.5,2024-05-26,2102,0.94,WorthPoint
sikhote-alin-meteorite,"Beautiful Sikhote-Alin Meteorite, 28.3 Grams. Thumbprints, Naturally Stands",120,2024-05-25,28.3,4.24,WorthPoint
sikhote-alin-meteorite,"Museum Grade 150 Gm Sikhote-alin Meteorite From Russia, Collection Piece!!",1169.1,2024-05-25,150,7.79,WorthPoint
sikhote-alin-meteorite,Meteorite Sikhote-Alin Strike Iron Nickel Russian 2.5 Grams K64,8.99,2024-05-25,2.5,3.6,WorthPoint
sikhote-alin-meteorite,ORIENTED 107.39 Gram - Fresh SIKHOTE ALIN IRON METEORITE Individual - Flowlines!,1100,2024-05-23,107.39,10.24,WorthPoint
sikhote-alin-meteorite,ORIENTED - 64.6 Grams - SIKHOTE ALIN IRON METEORITE Individual - Flowlines!,700,2024-05-23,64.6,10.84,WorthPoint
sikhote-alin-meteorite,SUPER ORIENTED BULLET - 25.33 Grams - SIKHOTE ALIN IRON METEORITE Individual,299,2024-05-23,25.33,11.8,WorthPoint
sikhote-alin-meteorite,Aluminum Labels ~ Stand Alone ~ For Displaying And Identifying Two Meteorites,5,2024-05-16,,,WorthPoint
sikhote-alin-meteorite,Meteorite Collection Lot 2 Medium Sikhote Alin Iron Specimens Rik Marston,281,2024-05-15,,,WorthPoint
sikhote-alin-meteorite,"5.7 Gram Sikhote-Alin Meteorite - Iron, IIAB - Observed Fall 1947 In Russi",39.99,2024-05-15,5.7,7.02,WorthPoint
sikhote-alin-meteorite,Sikhote-Alin Iron Nickel Meteorite With Regmaglypts,531.25,2024-05-14,,,WorthPoint
sikhote-alin-meteorite,Two Sikhote-Alin Meteorites,200,2024-05-14,,,WorthPoint
sikhote-alin-meteorite,Sculpture-like Sikhote-Alin Iron Nickel Meteorite,120,2024-05-14,,,WorthPoint
sikhote-alin-meteorite,Pristine 295 Gram Sikhote-Alin Shrapnel Type Iron Nickel Meteorite,625,2024-05-14,295,2.12,WorthPoint
sikhote-alin-meteorite,All 4.75 Grams SIKHOTE ALIN Russian Shrapnel Meteorites With COA And Info Card,11.99,2024-05-14,4.75,2.52,WorthPoint
sikhote-alin-meteorite,Meteorite Sikhote-Alin Strike Iron Nickel Russian 2 Grams K41,8.99,2024-05-14,2,4.5,WorthPoint
sikhote-alin-meteorite,ORIENTED SIKHOTE ALIN Iron Meteorite Specimen FLOWLINES ROLLOVER LIPS RUSSIA,82.99,2024-05-12,,,WorthPoint
sikhote-alin-meteorite,"Nice Tektite, Libyan Desert Glass, Egypt, One Good Piece. 235 Grams",55,2024-05-12,235,0.23,WorthPoint
sikhote-alin-meteorite,"NEWEST!!! PICA Impact Glass, Chile, Lot Of 6 Excellent Pieces, 32.1 Grams",7.5,2024-05-12,32.1,0.23,WorthPoint
sikhote-alin-meteorite,"Chondrite L6 METEORITE JAH 073, Individual, Oman, 70.0 Grams",18.27,2024-05-12,70,0.26,WorthPoint
sikhote-alin-meteorite,The Best Oriented - 64.13 G SIKHOTE ALIN IRON METEORITE - FLOW LINES/THUMBPRINTS,639.2,2024-05-12,64.13,9.97,WorthPoint
sikhote-alin-meteorite,24.0 Gram - SIKHOTE ALIN IRON METEORITE - Thumb-Printed Specimen- 1947 Fall,105.6,2024-05-12,24,4.4,WorthPoint
sikhote-alin-meteorite,FANTASTIC 65.0 Gram - SIKHOTE ALIN IRON METEORITE - W/Fusion Crust- 1947 Fall,416,2024-05-12,65,6.4,WorthPoint
sikhote-alin-meteorite,121.0 Gram - SIKHOTE ALIN IRON METEORITE - Oriented W/Flowlines - 1947 Fall,508,2024-05-12,121,4.2,WorthPoint
sikhote-alin-meteorite,FANTASTIC 10.87 Gram - SIKHOTE ALIN IRON METEORITE - 1947 RUSSIAN Fall,80,2024-05-11,10.87,7.36,WorthPoint
sikhote-alin-meteorite,1482 Gm. Campo Del Cielo Meteorite ; Med Grade! 3.3 Pounds; Cheap!!,715.5,2024-05-10,1482,0.48,WorthPoint
sikhote-alin-meteorite,1220 Gm. New Campo Del Cielo Meteorite ; A Grade!! Beautiful Meteorite; 2.7 Lbs.,809.95,2024-05-06,1220,0.66,WorthPoint
sikhote-alin-meteorite,Large 574 Gm Campo Del Cielo Meteorite Aaa Grade 1.3 Lbs.,629.1,2024-05-06,574,1.1,WorthPoint
sikhote-alin-meteorite,724 Gm. Campo Del Cielo Meteorite ; Aaa Grade Baby Meteorite; Beautiful 1.6#,539.1,2024-05-05,724,0.74,WorthPoint
sikhote-alin-meteorite,"Nice Tektite, Libyan Desert Glass, Egypt, One Good Piece. 198 Grams",47,2024-05-05,198,0.24,WorthPoint
sikhote-alin-meteorite,"NEW! Tsarev Meteorite L5, Russia, Nice Small Fragment Of 45.9 Grams",7,2024-05-05,45.9,0.15,WorthPoint
sikhote-alin-meteorite,"NEWEST!!! PICA Impact Glass, Chile, Lot Of 7 Excellent Pieces, 34.9 Grams",10.5,2024-05-05,34.9,0.3,WorthPoint
sikhote-alin-meteorite,"Chondrite L6 METEORITE JAH 073, Individual, Oman, 105.2 Grams",15.5,2024-05-05,105.2,0.15,WorthPoint
sikhote-alin-meteorite,Large 608 Gm Campo Del Cielo Meteorite ; Aaa Museum Grade!! 1.4 Lbs.,674.1,2024-05-04,608,1.11,WorthPoint
sikhote-alin-meteorite,"METEORITES AROUND THE WORLD Display Nantan, Campo, Sikhote-Alin #10174 4o",39.99,2024-05-03,,,WorthPoint
sikhote-alin-meteorite,1194 GM. CAMPO DEL CIELO METEORITE ;A GRADE LARGE METEORITE 2.6 Lbs.INEXPENSIVE,629.1,2024-04-30,1194,0.53,WorthPoint
sikhote-alin-meteorite,Meteorite Sikhote-Alin Strike Iron Nickel Russian 1.8 Grams K70,11.48,2024-04-29,1.8,6.38,WorthPoint
sikhote-alin-meteorite,"Nice Tektite, Libyan Desert Glass, Egypt, One Good Piece. 164 Grams",51,2024-04-28,164,0.31,WorthPoint
sikhote-alin-meteorite,"NEW! Tsarev Meteorite L5, Russia, Nice Small Fragment Of 51.6 Grams",7,2024-04-28,51.6,0.14,WorthPoint
sikhote-alin-meteorite,"NEWEST!!! PICA Impact Glass, Chile, Excellent Piece, 67.6 Grams",15.5,2024-04-28,67.6,0.23,WorthPoint
sikhote-alin-meteorite,"Chondrite L6 METEORITE JAH 073, Individual, Oman, 118.3 Grams",22.5,2024-04-28,118.3,0.19,WorthPoint
sikhote-alin-meteorite,The Best Oriented -346.97 G SIKHOTE ALIN IRON METEORITE - FLOW LINES/THUMBPRINTS,1991.17,2024-04-27,346.97,5.74,WorthPoint
sikhote-alin-meteorite,The Best Oriented - 12.8 G SIKHOTE ALIN IRON METEORITE - Fresh Crust -Flow Lines,144.5,2024-04-24,12.8,11.29,WorthPoint
sikhote-alin-meteorite,1412 Gm. Campo Del Cielo Meteorite ; Aaa Grade!! 3.1 Lbs;,800,2024-04-22,1412,0.57,WorthPoint
sikhote-alin-meteorite,"NEW! Tsarev Meteorite L5, Russia, Lot Of Many Nice Small Fragments, 29.1 Grams",6.5,2024-04-21,29.1,0.22,WorthPoint
sikhote-alin-meteorite,"Chondrite L6 METEORITE JAH 073, Individual, Oman, 116.5 Grams",21.5,2024-04-21,116.5,0.18,WorthPoint
sikhote-alin-meteorite,"Meteorite Sikhote-Alin Pendant 14.10 Grams, Russian Meteorite, Meteorite Pendant",84,2024-04-20,14.1,5.96,WorthPoint
sikhote-alin-meteorite,Beautiful 744 Gm. 1 Lb 10 Oz Etched Campo Meteorite Damascus Billet Knives,629.1,2024-04-20,744,0.85,WorthPoint
sikhote-alin-meteorite,NEW! Meteorite Seymchan Lot Of Metal Skeletons From A Pallasite Piece. 10.3 Gr,39.99,2024-04-11,10.3,3.88,WorthPoint
sikhote-alin-meteorite,"Beautiful Sikhote-Alin Meteorite Specimen, 39.49g, Sikhote Alin Shrapnel, COA",128,2024-04-11,39.49,3.24,WorthPoint
sikhote-alin-meteorite,Sikhote-alin Iron Meteorite From Russia 1947 ~ 139 Grams,300,2024-04-10,139,2.16,WorthPoint
sikhote-alin-meteorite,"Nice Tektite, Libyan Desert Glass, Egypt, Good Pieces. One With Hole! 162.2 Gr",37,2024-04-07,162.2,0.23,WorthPoint
sikhote-alin-meteorite,"NEW! Tsarev Meteorite L5, Russia, Nice Small Fragment Of 41.0 Grams",6,2024-04-07,41,0.15,WorthPoint
sikhote-alin-meteorite,"NEWEST!!! PICA Impact Glass, Chile, Excellent Piece, 40.0 Grams",11.21,2024-04-07,40,0.28,WorthPoint
sikhote-alin-meteorite,"Lot Of IRGIZITES And More From Zhamanshin Impact Crater, Kazakhstan, 20 Grams",11.19,2024-04-07,20,0.56,WorthPoint
sikhote-alin-meteorite,"Chondrite L6 METEORITE JAH 073, Individual, Oman, 89.2 Grams",7.5,2024-04-07,89.2,0.08,WorthPoint
sikhote-alin-meteorite,"NEW! Meteorite Los Vientos 262, Chondrite L6 Chile. 3 Small Individuals, 43.2 Gr",7.53,2024-04-07,43.2,0.17,WorthPoint
sikhote-alin-meteorite,31.48 Gram - SIKHOTE ALIN IRON METEORITE Shrapnel Specimen - 1947 Witnessed Fall,60.3,2024-04-07,31.48,1.92,WorthPoint
sikhote-alin-meteorite,1066 GM. CAMPO DEL CIELO METEORITE ; AAA GRADE! BABY METEORITE; 2.3 Lbs,899.28,2024-04-07,1066,0.84,WorthPoint
sikhote-alin-meteorite,Sikhote Alin METEORITE 82.7 Grams,95,2024-04-05,82.7,1.15,WorthPoint
sikhote-alin-meteorite,422 Gm. Campo Del Cielo Meteorite ;aaa Grade Meteorite. .97 Pounds!,359.33,2024-04-04,422,0.85,WorthPoint
sikhote-alin-meteorite,"Meteorite Seymchan Complete Piece 239.5 Grams, As It Was Found",479.99,2024-04-04,239.5,2,WorthPoint
sikhote-alin-meteorite,518 Gm. New Campo Del Cielo Meteorite ;1.2 Lbs Museum Grade Very Few Left,476.96,2024-04-04,518,0.92,WorthPoint
sikhote-alin-meteorite,3 Sikhote-Alin Meteorites! Space Rock Hit Russia In The 1940's Thumbnail Display,19.99,2024-04-04,,,WorthPoint
sikhote-alin-meteorite,Large 702 Gm Campo Del Cielo Meteorite Aaa Museum Collectors Grade 1.5 Lbs.,899.1,2024-04-03,702,1.28,WorthPoint
sikhote-alin-meteorite,"Beautiful Sikhote-Alin Meteorite Specimen, 39.05g, Sikhote Alin, COA, Space Gift",156,2024-04-03,39.05,3.99,WorthPoint
sikhote-alin-meteorite,Beautiful 646 Gm. Etched Campo Del Cielo Meteorite Quarter Cut,386.1,2024-04-03,646,0.6,WorthPoint
sikhote-alin-meteorite,824 GM. CAMPO DEL CIELO METEORITE ;B GRADE! CAMPO METEORITE; CHEAP! 1.8 Pounds,449.96,2024-04-02,824,0.55,WorthPoint
sikhote-alin-meteorite,204 Gm. Campo Del Cielo Meteorite ; A Grade; .45 Lb Very Rare For This Size,224.95,2024-04-02,204,1.1,WorthPoint
sikhote-alin-meteorite,"Nice Tektite, Libyan Desert Glass, Egypt, Lot Of Three Good Pieces. 179 Grams",38,2024-03-31,179,0.21,WorthPoint
sikhote-alin-meteorite,"NEWEST!!! PICA Impact Glass, Chile, Excellent Piece, 71.7 Grams",12.68,2024-03-31,71.7,0.18,WorthPoint
sikhote-alin-meteorite,"Chondrite L6 METEORITE JAH 073, Part Individual, Oman, 45.6 Grams",5.76,2024-03-31,45.6,0.13,WorthPoint
sikhote-alin-meteorite,"NEW! Meteorite Los Vientos 262, Chondrite L6 Chile. 2 Broken Individuals 39.1 Gr",12.34,2024-03-31,39.1,0.32,WorthPoint
sikhote-alin-meteorite,Sikhote Alin 10.98g Beautiful Iron Meteorite Hammerhead,29,2024-03-30,10.98,2.64,WorthPoint
sikhote-alin-meteorite,654 Gm. Campo Del Cielo Iron Meteorite ; 1.5 Lbs. A Grade Nice Baby Meteorite,494.1,2024-03-29,654,0.76,WorthPoint
sikhote-alin-meteorite,Large 870 Gm Campo Del Cielo Meteorite Aaa Grade 1.9 Lbs. Oriented,944.1,2024-03-29,870,1.09,WorthPoint
sikhote-alin-meteorite,404 GM. NEW CAMPO DEL CIELO METEORITE ; AA GRADE!! Beautiful; .9 LBS.,332.96,2024-03-28,404,0.82,WorthPoint
sikhote-alin-meteorite,Beautiful 456 Gm. Etched Campo Del Cielo Meteorite Triple Cut,269.1,2024-03-28,456,0.59,WorthPoint
sikhote-alin-meteorite,PERFECT VALENTINE'S DAY GIFT Sikhote Alin Meteorite Pieces Spell Out I LOVE YOU,248,2024-03-27,,,WorthPoint
sikhote-alin-meteorite,"Nice Tektite, Libyan Desert Glass, Egypt, Good Piece. 225 Grams",68,2024-03-24,225,0.3,WorthPoint
sikhote-alin-meteorite,"NEW! Tsarev Meteorite L5, Russia, Three Small Fragments Of 76.0 Grams Total",23.5,2024-03-24,76,0.31,WorthPoint
sikhote-alin-meteorite,"NEWEST!!! PICA Impact Glass, Chile, Excellent Piece, 68.6 Grams",22.72,2024-03-24,68.6,0.33,WorthPoint
sikhote-alin-meteorite,"Chondrite L6 METEORITE JAH 073, Part Individual, Oman, 80.3 Grams",22.22,2024-03-24,80.3,0.28,WorthPoint
sikhote-alin-meteorite,"SIKHOTE -ALIN Classified Iron Meteorite. Fell To Earth On February 12, 1947",400,2024-03-24,,,WorthPoint
sikhote-alin-meteorite,3.73 Grams 16mm SIKHOTE ALIN Russian Meteorite Individual With COA,10.99,2024-03-24,3.73,2.95,WorthPoint
sikhote-alin-meteorite,4418 Gm Campo Del Cielo Meteorite Museum Grade 10 Lbs Huge Burn Hole,6295.5,2024-03-21,4418,1.42,WorthPoint
sikhote-alin-meteorite,38.0 Gram - SIKHOTE ALIN IRON METEORITE Shrapnel Specimen - 1947 Witnessed Fall,96.9,2024-03-21,38,2.55,WorthPoint
sikhote-alin-meteorite,Real Meteorite With Gem Case 1.2 Gram Sikhote-Alin Russian Meteorite,21.99,2024-03-21,1.2,18.33,WorthPoint
sikhote-alin-meteorite,2228 Gm Campo Del Cielo Meteorite Museum Grade 5 Lbs Huge Dual Burn Holes,8095.5,2024-03-20,2228,3.63,WorthPoint
sikhote-alin-meteorite,SUPER ORIENTED - 23.84 Gram SIKHOTE ALIN IRON METEORITE - FLOW LINES/THUMBPRINTS,195.5,2024-03-19,23.84,8.2,WorthPoint
sikhote-alin-meteorite,1316 GM. CAMPO DEL CIELO METEORITE ;AA GRADE LARGE METEORITE 3.0 Lbs. CHEAP!,719.1,2024-03-18,1316,0.55,WorthPoint
sikhote-alin-meteorite,1154 Gm. Campo Del Cielo Meteorite ; B Grade!! ; 2.5 Lbs. Cheap!,629.1,2024-03-18,1154,0.55,WorthPoint
sikhote-alin-meteorite,"NEW! Tsarev Meteorite L5, Russia, Two Small Fragments Of 51.9 Grams Total",17.67,2024-03-17,51.9,0.34,WorthPoint
sikhote-alin-meteorite,"NEWEST!!! PICA Impact Glass, Chile, Excellent Piece, 64.2 Grams",18.68,2024-03-17,64.2,0.29,WorthPoint
sikhote-alin-meteorite,"Chondrite L6 METEORITE JAH 073, Part Individual, Oman, 59.0 Grams",26,2024-03-17,59,0.44,WorthPoint
sikhote-alin-meteorite,"NEW! Meteorite Los Vientos 262, Chondrite L6, Chile. Individual. 36.4 Grams",12.5,2024-03-17,36.4,0.34,WorthPoint
sikhote-alin-meteorite,"3 Different Meteorites! Campo Del Cielo, Sikhote-alin & NWA! Thumbnail Display",12.99,2024-03-15,,,WorthPoint
sikhote-alin-meteorite,"Sikhote-Alin Meteorite ""Sharpnel""",325,2024-03-14,,,WorthPoint
sikhote-alin-meteorite,Meteorite Fragments From Sikhote-Alin Russia (G),18,2024-03-14,,,WorthPoint
sikhote-alin-meteorite,SUPER ORIENTED - 9.79 Gram SIKHOTE ALIN IRON METEORITE - FLOW LINES/THUMBPRINTS,99,2024-03-14,9.79,10.11,WorthPoint
sikhote-alin-meteorite,FANTASTIC 20.14 Gram - SIKHOTE ALIN IRON METEORITE - W/Fusion Crust- 1947 Fall,179.1,2024-03-14,20.14,8.89,WorthPoint
sikhote-alin-meteorite,SUPER ORIENTED - 86.30 Gram SIKHOTE ALIN IRON METEORITE - FLOW LINES/THUMBPRINTS,1050,2024-03-13,86.3,12.17,WorthPoint
sikhote-alin-meteorite,Sikhote-Alin Iron Meteorite Shrapnel Fragment: 43.9g,75,2024-03-11,43.9,1.71,WorthPoint
sikhote-alin-meteorite,"Nice Tektite, Libyan Desert Glass, Egypt, One Good Piece. 172.5 Gr",48,2024-03-10,172.5,0.28,WorthPoint
sikhote-alin-meteorite,"NEW! Tsarev Meteorite L5, Russia, Small Fragment Of 54.2 Grams",40,2024-03-10,54.2,0.74,WorthPoint
sikhote-alin-meteorite,"Chondrite L6 METEORITE JAH 073, Part Individual, Oman, 72.6 Grams",26,2024-03-10,72.6,0.36,WorthPoint
sikhote-alin-meteorite,SIKHOTE ALIN IRON METEORITE Shrapnel + Free Bonus - 1947 Fall! #206-sikhiote-3,16.95,2024-03-09,,,WorthPoint
sikhote-alin-meteorite,FANTASTIC 24.87 Gram - SIKHOTE ALIN IRON METEORITE - W/Fusion Crust- 1947 Fall,250,2024-03-08,24.87,10.05,WorthPoint
sikhote-alin-meteorite,FANTASTIC 21.20 Gram - SIKHOTE ALIN IRON METEORITE - W/Fusion Crust- 1947 Fall,212,2024-03-08,21.2,10,WorthPoint
sikhote-alin-meteorite,Beautiful 668 Gm. Etched Campo Del Cielo Meteorite Quarter Cut,359.1,2024-03-06,668,0.54,WorthPoint
sikhote-alin-meteorite,Sikhote Alin METEORITE 65.3 Grams,77,2024-03-05,65.3,1.18,WorthPoint
sikhote-alin-meteorite,6.72 Gram - SIKHOTE ALIN IRON METEORITE - Thumb Printed Specimen- 1947 Fall,50,2024-03-04,6.72,7.44,WorthPoint
sikhote-alin-meteorite,1952 GM. CAMPO DEL CIELO METEORITE ;B GRADE LARGE METEORITE 4.3 Lbs.INEXPENSIVE,750,2024-03-04,1952,0.38,WorthPoint
sikhote-alin-meteorite,"Nice Tektite, Libyan Desert Glass, Egypt, One Good Piece WITH A HOLE! 142.0 Gr",39,2024-03-03,142,0.27,WorthPoint
sikhote-alin-meteorite,"NEW! Tsarev Meteorite L5, Russia, Small Fragment Of 70.4 Grams",57,2024-03-03,70.4,0.81,WorthPoint
sikhote-alin-meteorite,"NEWEST!!! PICA Impact Glass, Chile, Excellent Piece, 71.0 Grams",43.58,2024-03-03,71,0.61,WorthPoint
sikhote-alin-meteorite,34.21 Gram - SIKHOTE ALIN IRON METEORITE Shrapnel Specimen - 1947 Witnessed Fall,91.8,2024-03-03,34.21,2.68,WorthPoint
sikhote-alin-meteorite,Sikhote-Alin Iron Meteorite Shrapnel Fragment: 12.9g,22,2024-03-03,12.9,1.71,WorthPoint
sikhote-alin-meteorite,2230 Gm Campo Del Cielo Meteorite Museum Grade Meteorite Beautiful 5 Lbs,2249.95,2024-03-02,2230,1.01,WorthPoint
sikhote-alin-meteorite,Meteorite Fragments From Sikhote-Alin Russia (N),18,2024-03-01,,,WorthPoint
sikhote-alin-meteorite,5.9 Gram Sikhote Alin Meteorite Excellent Oriented Shield W/Flowlines-Iron IIAB,266.66,2024-03-01,5.9,45.2,WorthPoint
sikhote-alin-meteorite,NICE Sikhote-Alin Shrapnel Sculpted Iron Meteorite Specimen RUSSIA,34.99,2024-02-29,,,WorthPoint
sikhote-alin-meteorite,Sikhote-alin Meteorite 161 Gr,1200,2024-02-29,161,7.45,WorthPoint
sikhote-alin-meteorite,"2 Different Meteorites! Campo Del Cielo, Sikhote-alin! Awesome Thumbnail Display",12.99,2024-02-28,,,WorthPoint
sikhote-alin-meteorite,"Nice Tektite, Libyan Desert Glass, Egypt, 143 Grams And Irgizites 25 Grams",149.99,2024-02-26,143,1.05,WorthPoint
sikhote-alin-meteorite,Beautiful 260 Gm. Etched Campo Del Cielo Meteorite End Piece .57 Lbs,179.1,2024-02-26,260,0.69,WorthPoint
sikhote-alin-meteorite,Large 1866 Gm Campo Del Cielo Meteorite ; Aaa Museum Grade!! 4.1 Lbs.,2024.1,2024-02-26,1866,1.08,WorthPoint
sikhote-alin-meteorite,1110 Gm. Campo Del Cielo Meteorite Museum Collectors Grade 2.4 Lbs,1345.5,2024-02-25,1110,1.21,WorthPoint
sikhote-alin-meteorite,"NEW! Tsarev Meteorite L5, Russia, Small Endcut Of 40.1 Grams",22.22,2024-02-25,40.1,0.55,WorthPoint
sikhote-alin-meteorite,"NEWEST!!! PICA Impact Glass, Chile, Excellent Piece, 59.8 Grams",36,2024-02-25,59.8,0.6,WorthPoint
sikhote-alin-meteorite,16.35 Gram - SIKHOTE ALIN IRON METEORITE - Thumb Printed Specimen- 1947 Fall,89.1,2024-02-24,16.35,5.45,WorthPoint
sikhote-alin-meteorite,740 Gm Campo Del Cielo Meteorite Museum Grade Meteorite Beautiful 1.6 Lbs,700,2024-02-24,740,0.95,WorthPoint
sikhote-alin-meteorite,‚òÑÔ∏èiron Meteorite Sikhote-alin Russia 88 Grams (k),175,2024-02-24,88,1.99,WorthPoint
sikhote-alin-meteorite,Sikhote Alin Iron Meteorite 1820 Grams,7950,2024-02-23,1820,4.37,WorthPoint
sikhote-alin-meteorite,21.37 Gram - SIKHOTE ALIN IRON METEORITE - Thumb-Printed Specimen- 1947 Fall,108,2024-02-23,21.37,5.05,WorthPoint
sikhote-alin-meteorite,386 Gm BABY CAMPO DEL CIELO METEORITE ; AAA GRADE METEORITE; .85 LB ! STAND,359.28,2024-02-22,386,0.93,WorthPoint
sikhote-alin-meteorite,Sikhote-Alin Meteorite Pendant,154,2024-02-22,,,WorthPoint
sikhote-alin-meteorite,19.78 Gram - SIKHOTE ALIN IRON METEORITE - Nice Specimen- 1947 Fall Siberia,19.99,2024-02-22,19.78,1.01,WorthPoint
sikhote-alin-meteorite,"NEW! Tsarev Meteorite L5, Russia, Lot Of Small Pieces And Cuts 24.3 Grams",22.5,2024-02-18,24.3,0.93,WorthPoint
sikhote-alin-meteorite,752 GM. CAMPO DEL CIELO METEORITE ; A GRADE LARGE METEORITE 1.6 Lbs. CHEAP!,404.1,2024-02-15,752,0.54,WorthPoint
sikhote-alin-meteorite,Sikhote-Alin Iron Meteorite Oriented Individual: 6.0g,35,2024-02-15,6,5.83,WorthPoint
sikhote-alin-meteorite,Sikhote-Alin Iron Meteorite Individual: 4.1g,20,2024-02-15,4.1,4.88,WorthPoint
sikhote-alin-meteorite,3.69 Grams 16mm Long SIKHOTE ALIN Russia Meteorite Observed Fall In 1947,11,2024-02-15,3.69,2.98,WorthPoint
sikhote-alin-meteorite,Sikhote-Alin Iron Meteorite Modestly Oriented Individual: 7.5g,37,2024-02-14,7.5,4.93,WorthPoint
sikhote-alin-meteorite,"Beautiful Sikhote-Alin Meteorite Specimen, 31.89g, Astronomy Gift, Sikhote Alin",156.1,2024-02-13,31.89,4.89,WorthPoint
sikhote-alin-meteorite,554 Gm. Campo Del Cielo Meteorite ; Aa Grade Meteorite. 1.2 Pounds!,449.33,2024-02-13,554,0.81,WorthPoint
sikhote-alin-meteorite,2.77 Grams 16mm Long SIKHOTE ALIN Russia Meteorite Observed Fall In 1947,8.35,2024-02-13,2.77,3.01,WorthPoint
sikhote-alin-meteorite,"NEW!! Agoudal Meteorite Crater, Morocco, Lot Of Three Shattercones, 30 Grams",14.99,2024-02-12,30,0.5,WorthPoint
sikhote-alin-meteorite,"Meteorite Seymchan Small Olivined Cut Block 21.4 Grams, Very Nice Structure",99.99,2024-02-12,21.4,4.67,WorthPoint
sikhote-alin-meteorite,Authentic Sikhote Alin Meteorite Shrapnel On Magnetic Display Stand 1947 Russia,150,2024-02-12,,,WorthPoint
sikhote-alin-meteorite,270 Gm. New Campo Del Cielo Meteorite ;aa Grade!! Gorgeous Meteorite,269.96,2024-02-11,270,1,WorthPoint
sikhote-alin-meteorite,"NEW! Tsarev Meteorite L5, Russia, Tumbled Piece 60.2 Grams",17.67,2024-02-11,60.2,0.29,WorthPoint
sikhote-alin-meteorite,"NEWEST!!! PICA Impact Glass, Chile, Excellent Piece, 46.3 Grams",34,2024-02-11,46.3,0.73,WorthPoint
sikhote-alin-meteorite,"Meteorite Seymchan Lot Of 3 Small Slices, One Transparent, 2.1 Grams",7.5,2024-02-11,2.1,3.57,WorthPoint
sikhote-alin-meteorite,PERFECT VALENTINE'S DAY GIFT Sikhote Alin Meteorite Piece Shaped Like A HEART !!,38,2024-02-11,,,WorthPoint
sikhote-alin-meteorite,Beautiful 332 Gm. Etched Campo Del Cielo Meteorite Quad Cut .73 Lbs,269.1,2024-02-11,332,0.81,WorthPoint
sikhote-alin-meteorite,338 Gm. Campo Del Cielo Meteorite ; Aaa Grade Meteorite ! .74 Pound,359.1,2024-02-10,338,1.06,WorthPoint
sikhote-alin-meteorite,Sikhote-Alin Meteorite 26.5g 0915,40,2024-02-09,26.5,1.51,WorthPoint
sikhote-alin-meteorite,Sikhote-Alin Meteorite 115.7g 0922,234,2024-02-09,115.7,2.02,WorthPoint
sikhote-alin-meteorite,FANTASTIC - 25.20 Gram - SIKHOTE ALIN IRON METEORITE - W/Crust - 1947 Fall,205,2024-02-08,25.2,8.13,WorthPoint
sikhote-alin-meteorite,Meteorite Sikhote-Alin Strike Iron Nickel Russian 3.1 Grams K98,11.48,2024-02-07,3.1,3.7,WorthPoint
sikhote-alin-meteorite,5.52 Gram - SIKHOTE ALIN IRON METEORITE - Oriented W/Flowlines- 1947 Fall,99,2024-02-07,5.52,17.93,WorthPoint
sikhote-alin-meteorite,75.38 Gram - SIKHOTE ALIN IRON METEORITE - Oriented W/Flowlines- 1947 Fall,599,2024-02-07,75.38,7.95,WorthPoint
sikhote-alin-meteorite,Sikhote-Alin Iron Meteorite Shrapnel Fragment: 5.2g,8,2024-02-07,5.2,1.54,WorthPoint
sikhote-alin-meteorite,216 GM. CAMPO DEL CIELO METEORITE ; AAA GRADE!! .5 Pound; BEAUTIFUL; W/STAND,233.95,2024-02-07,216,1.08,WorthPoint
sikhote-alin-meteorite,Beautiful 246 Gm. Etched Campo Del Cielo Meteorite Quarter Cut,215.1,2024-02-06,246,0.87,WorthPoint
sikhote-alin-meteorite,Sikhote-alin Iron Meteorite From Russia 2.7 Grams,5.99,2024-02-06,2.7,2.22,WorthPoint
sikhote-alin-meteorite,"Sikhote-Alin Iron IIAB Meteorite, Fall Russia 1947, Free Bonus #1017-sikhote-pd",22.95,2024-02-05,,,WorthPoint
sikhote-alin-meteorite,182 Gm. Campo Del Cielo Meteorite ; A Grade!! .4 Pounds,179.33,2024-02-05,182,0.99,WorthPoint
sikhote-alin-meteorite,"NEW! Tsarev Meteorite L5, Russia, Excellent Fragment 35.4 Grams",21.5,2024-02-04,35.4,0.61,WorthPoint
sikhote-alin-meteorite,"NEWEST!!! PICA Impact Glass, Chile, Excellent Piece, 35.4 Grams",5.5,2024-02-04,35.4,0.16,WorthPoint
sikhote-alin-meteorite,87.90 Gram - SIKHOTE ALIN IRON METEORITE - Crust W/Flowlines - 1947 Fall,351,2024-02-02,87.9,3.99,WorthPoint
sikhote-alin-meteorite,Meteorite And Tektite Collection,325,2024-02-02,,,WorthPoint
sikhote-alin-meteorite,426 Gm. Campo Del Cielo Meteorite Aa Grade!! .93+ Lbs.,314.96,2024-02-02,426,0.74,WorthPoint
sikhote-alin-meteorite,394 GM. CAMPO DEL CIELO METEORITE ; AAA GRADE! BABY METEORITE; .87 Lbs;,422.28,2024-02-01,394,1.07,WorthPoint
sikhote-alin-meteorite,Large 916 Gm Campo Del Cielo Meteorite ; Museum Grade!! 2 Lbs.,985.5,2024-01-31,916,1.08,WorthPoint
sikhote-alin-meteorite,Meteorite Sikhote-Alin Absolute Stunning Appeal!,500,2024-01-30,,,WorthPoint
sikhote-alin-meteorite,Sikhote Alin Meteorites 2 Pieces + BONUS! #1120-sikh-1,12.95,2024-01-30,,,WorthPoint
sikhote-alin-meteorite,"Meteorite, Iron-Nickle, Russia - Mineral Specimen For Sale",23.8,2024-01-30,,,WorthPoint
sikhote-alin-meteorite,"Nice Tektite, Libyan Desert Glass, Egypt, One Good Piece. 94.4 Grams",49,2024-01-28,94.4,0.52,WorthPoint
sikhote-alin-meteorite,"NEW! Tsarev Meteorite L5, Russia, Excellent Fragment 33.6 Grams",12.62,2024-01-28,33.6,0.38,WorthPoint
sikhote-alin-meteorite,"NEWEST!!! PICA Impact Glass, Chile, Excellent Piece, 66.4 Grams",18.5,2024-01-28,66.4,0.28,WorthPoint
sikhote-alin-meteorite,3.79 Grams 23mm SIKHOTE ALIN Russian Meteorite Individual With COA,12.99,2024-01-28,3.79,3.43,WorthPoint
sikhote-alin-meteorite,Russia Astronomy Sikhote Alin Iron Meteorite Explosion Stamp 1957 MNH A-11,26.99,2024-01-28,,,WorthPoint
sikhote-alin-meteorite,Fantastic 50 Gram SIKHOTE ALIN IRON METEORITE - FALL IN RUSSIA IN 1947,23,2024-01-27,50,0.46,WorthPoint
sikhote-alin-meteorite,Best! Oriented With Rollover Lipping! Sculpted Sikhote-alin Meteorite 17.7 Gms,71.25,2024-01-27,17.7,4.03,WorthPoint
sikhote-alin-meteorite,6.74 Grams 23mm SIKHOTE ALIN Russian Meteorite Individual With COA,14.99,2024-01-27,6.74,2.22,WorthPoint
sikhote-alin-meteorite,1398 Gm. New Campo Del Cielo Meteorite ; A Grade!! Beautiful Meteorite; 3 Lbs.,809.95,2024-01-25,1398,0.58,WorthPoint
sikhote-alin-meteorite,‚òÑÔ∏èIRON METEORITE SIKHOTE-ALIN RUSSIA 65.8 GRAMS Nice Speciman,100,2024-01-24,65.8,1.52,WorthPoint
sikhote-alin-meteorite,21.80 Gram - SIKHOTE ALIN IRON METEORITE - Thumb Printed Specimen- 1947 Fall,130,2024-01-23,21.8,5.96,WorthPoint
sikhote-alin-meteorite,2.37 Grams 14mm SIKHOTE ALIN Russian Meteorite Individual With COA,7.99,2024-01-23,2.37,3.37,WorthPoint
sikhote-alin-meteorite,111 GM. CAMPO DEL CIELO METEORITE ; B GRADE!! Beautiful CHEAP!!,89.96,2024-01-23,111,0.81,WorthPoint
sikhote-alin-meteorite,394 Gm. Campo Del Cielo Meteorite ; Baby Meteorite; Aa Grade,314.99,2024-01-22,394,0.8,WorthPoint
sikhote-alin-meteorite,"Nice Tektite, Libyan Desert Glass, Egypt, Two Good Pieces. 185 Grams",52.51,2024-01-21,185,0.28,WorthPoint
sikhote-alin-meteorite,"NEW! Tsarev Meteorite L5, Russia, Tumbled Piece 68.8 Grams",52,2024-01-21,68.8,0.76,WorthPoint
sikhote-alin-meteorite,"Nice Tektite, Libyan Desert Glass, Egypt, Lot Of Twelve Small Pieces. 145 Grams",92,2024-01-21,145,0.63,WorthPoint
sikhote-alin-meteorite,Beautiful 1166 Gm. Polished Campo Del Cielo Meteorite Quarter Cut; 2.6 Pounds,400,2024-01-21,1166,0.34,WorthPoint
sikhote-alin-meteorite,"Meteorite Starter Collection - Campo, Gibeon, Shisr, Sikhote, Diablo, Moldavite",39.99,2024-01-21,,,WorthPoint
sikhote-alin-meteorite,"Awesome IRGIZITE From Zhamanshin Impact Crater, Kazakhstan, 0.08 Grams",24.99,2024-01-20,0.08,312.38,WorthPoint
sikhote-alin-meteorite,"Sikhote-Alin Iron Meteorite Individual ""The Sorting Hat"": 11.9g",50,2024-01-19,11.9,4.2,WorthPoint
sikhote-alin-meteorite,Sikhote-Alin Iron Meteorite Shrapnel Fragment: 7.3g,8,2024-01-18,7.3,1.1,WorthPoint
sikhote-alin-meteorite,4.48 Grams 16mm SIKHOTE ALIN Russian Meteorite Individual With COA,11.99,2024-01-17,4.48,2.68,WorthPoint
sikhote-alin-meteorite,372 Gm. New Campo Del Cielo Meteorite ;aaa Grade!! Beautiful; .8 Pounds,341.96,2024-01-16,372,0.92,WorthPoint
sikhote-alin-meteorite,SIKHOTE-ALIN IRON METEORITE PENDANT $69 Sterling Silver Jewelry STARBORN SA69-P8,69,2024-01-16,,,WorthPoint
sikhote-alin-meteorite,29.62 Gram - SIKHOTE ALIN IRON METEORITE - ORIENTED W/Flowlines - 1947 Fall,132.75,2024-01-15,29.62,4.48,WorthPoint
sikhote-alin-meteorite,8.13 Gram - SIKHOTE ALIN IRON METEORITE - Thumb-Printed Specimen- 1947 Fall,37.5,2024-01-15,8.13,4.61,WorthPoint
sikhote-alin-meteorite,"Nice Tektite, Libyan Desert Glass, Egypt, Lot Of Eleven Small Pieces. 143 Grams",30,2024-01-14,143,0.21,WorthPoint
sikhote-alin-meteorite,"NEWEST!!! PICA Impact Glass, Chile, Excellent Piece, 59 Grams",58,2024-01-14,59,0.98,WorthPoint
sikhote-alin-meteorite,"Meteorite Set Of 3 Specimens One From Russia, Morocco & Argentina Asteroid H1233",10,2024-01-14,,,WorthPoint
sikhote-alin-meteorite,2.73 Grams 13mm SIKHOTE ALIN Russian Meteorite Individual With COA,7.99,2024-01-14,2.73,2.93,WorthPoint
sikhote-alin-meteorite,506 Gm. Campo Del Cielo Meteorite ; Aa Grade Meteorite. 1.1 Pounds!,359.33,2024-01-10,506,0.71,WorthPoint
sikhote-alin-meteorite,Fantastic Gram 32.7 SIKHOTE ALIN IRON METEORITE - FALL IN RUSSIA IN 1947,126.8,2024-01-10,,,WorthPoint
sikhote-alin-meteorite,"Sikhote-Alin Meteorite 10.31 Gram ""cratered"" Individual, Witnessed Fall 1947",233,2024-01-10,10.31,22.6,WorthPoint
sikhote-alin-meteorite,"Sikhote-Alin Meteorite 7.05 Gram Oriented Individual, Witnessed Fall 1947",94,2024-01-10,7.05,13.33,WorthPoint
sikhote-alin-meteorite,1158 GM. CAMPO DEL CIELO METEORITE ;A GRADE LARGE METEORITE 2.54 Lbs. CHEAP!,629.1,2024-01-09,1158,0.54,WorthPoint
sikhote-alin-meteorite,314 Gm. New Campo Del Cielo Meteorite ; Aaa Grade!! Beautiful Meteorite; .7 Lbs,314.96,2024-01-08,314,1,WorthPoint
sikhote-alin-meteorite,"NEW! Tsarev Meteorite L5, Russia, Excellent Small Individual 100 Grams",70,2024-01-07,100,0.7,WorthPoint
sikhote-alin-meteorite,180 Gm. New Campo Del Cielo Meteorite ; B Grade Meteorite; .4 Lb;,161.95,2024-01-07,180,0.9,WorthPoint
sikhote-alin-meteorite,Sikhote-Alin Iron Meteorite Shrapnel Fragment: 4.0g,7,2024-01-04,4,1.75,WorthPoint
sikhote-alin-meteorite,2880 Gm. Campo Del Cielo Meteorite ; Aaa Grade Meteorite. 6.3 Lbs. Burn Hole,3149.95,2024-01-04,2880,1.09,WorthPoint
sikhote-alin-meteorite,282 Gm. New Campo Del Cielo Meteorite ; B Grade Meteorite; .62 Lb;,251.95,2024-01-02,282,0.89,WorthPoint
sikhote-alin-meteorite,"Lot Of Six Excellent Pyritized Ammonites, Mikhailov, Russia.",24.99,2024-01-02,,,WorthPoint
sikhote-alin-meteorite,"Lot Of Ten Excellent Pyritized Ammonites, Mikhailov, Russia.",34.99,2024-01-02,,,WorthPoint
sikhote-alin-meteorite,"NEW! Tsarev Meteorite L5, Russia, Tumbled Piece 45.2 Grams",17.17,2023-12-31,45.2,0.38,WorthPoint
sikhote-alin-meteorite,760 Gm. New Campo Del Cielo Meteorite ;aa Grade!! Beautiful Baby Campo,539.96,2023-12-31,760,0.71,WorthPoint
sikhote-alin-meteorite,Sikhote Alin METEORITE 83.1 Grams,95,2023-12-30,83.1,1.14,WorthPoint
sikhote-alin-meteorite,"Meteorite Sikhote-Alin Pendant 22.80 Grams, Russian Meteorite, Meteorite Pendant",62,2023-12-30,22.8,2.72,WorthPoint
sikhote-alin-meteorite,374 Gm New Campo Del Cielo Meteorite Aaa Grade Beautiful Small Meteorite,404.28,2023-12-28,374,1.08,WorthPoint
sikhote-alin-meteorite,"Sikhote-Alin Iron, IIAB Meteorite, Fell In Russia 1947, 17.89 Grams",60,2023-12-27,17.89,3.35,WorthPoint
sikhote-alin-meteorite,"* 1,279 Grams Famous Sikhote-Alin Meteorite From Russia | Museum Quality Piece",2700,2023-12-27,279,9.68,WorthPoint
sikhote-alin-meteorite,"Nice Tektite, Libyan Desert Glass, Egypt, Three Good Pieces. 149 Grams",27,2023-12-24,149,0.18,WorthPoint
sikhote-alin-meteorite,"NEWEST!!! PICA Impact Glass, Chile, Excellent Piece, 61.7 Grams",24.72,2023-12-24,61.7,0.4,WorthPoint
sikhote-alin-meteorite,Sikhote-Alin Iron Meteorite Shrapnel Fragment: 32.2g,33,2023-12-24,32.2,1.02,WorthPoint
sikhote-alin-meteorite,"Meteorite Sikhote-Alin Pendant 14.19 Grams, Russian Meteorite, Meteorite Pendant",59,2023-12-23,14.19,4.16,WorthPoint
sikhote-alin-meteorite,738 Gm Campo Del Cielo Meteorite ; Aa Grade Meteorite ; 1.6 Lbs,539.1,2023-12-23,738,0.73,WorthPoint
sikhote-alin-meteorite,Beautiful 655 Gm. Etched Campo Del Cielo Meteorite Quad Cut 1.4 Lbs,539.1,2023-12-23,655,0.82,WorthPoint
sikhote-alin-meteorite,Museum Quality! Rare Oriented Specimen! New Campo Del Cielo Meteorite 1000 Gms,1795.5,2023-12-21,1000,1.8,WorthPoint
sikhote-alin-meteorite,1724 GM. CAMPO DEL CIELO METEORITE ;AAA GRADE LARGE METEORITE 3.7 Lbs.,1349.1,2023-12-20,1724,0.78,WorthPoint
sikhote-alin-meteorite,"NEW! Tsarev Meteorite Chondrite L5, Russia, Nice Small Fragment Of 20.1 Grams",7.19,2023-12-17,20.1,0.36,WorthPoint
sikhote-alin-meteorite,430 Gm .NEW CAMPO DEL CIELO METEORITE; MUSEUM GRADE ; .95 LBS.,400,2023-12-15,430,0.93,WorthPoint
sikhote-alin-meteorite,Beautiful 466 Gm. Campo Del Cielo Meteorite 1 Lb Sculptural Cut 5 Sides,314.1,2023-12-15,466,0.67,WorthPoint
sikhote-alin-meteorite,‚òÑÔ∏èsikhote-alin Meteorite Russia 16 Grams,42,2023-12-14,16,2.63,WorthPoint
sikhote-alin-meteorite,‚òÑÔ∏èsikhote-alin Meteorite 21.2 Grams (a) Russia,53,2023-12-14,21.2,2.5,WorthPoint
sikhote-alin-meteorite,474 Gm CAMPO DEL CIELO METEORITE MUSEUM GRADE 1+ POUND,480,2023-12-14,474,1.01,WorthPoint
sikhote-alin-meteorite,"Meteorite Sikhote-Alin Pendant 13.16 Grams, Russian Meteorite, Meteorite Pendant",62,2023-12-14,13.16,4.71,WorthPoint
sikhote-alin-meteorite,"6.6 Grams Meteorite Sikhote-Alin, Fell Siberia February 12, 1947 Meteor",8.99,2023-12-13,6.6,1.36,WorthPoint
sikhote-alin-meteorite,"2016 Brenham Meteorite, 5oz Silver, 5000 Francs, Rebublic Of Chad- Meteorite Art",469,2023-12-13,141.75,3.31,WorthPoint
sikhote-alin-meteorite,#12 Natural 23.20ct 100% Rock From Space Russian Sikhote Meteorite 4.60g 18.00mm,18.95,2023-12-13,4.6,4.12,WorthPoint
sikhote-alin-meteorite,Sikhote-Alin 433.2 Gram Shrapnel Type Iron Nickel Meteorite.,682.5,2023-12-13,433.2,1.58,WorthPoint
sikhote-alin-meteorite,Sikhote-Alin Meteorite. Iron IIAB 180 Grams. Shrapnel Piece. Nice! Discount!,200,2023-12-12,180,1.11,WorthPoint
sikhote-alin-meteorite,588 Gm BABY CAMPO DEL CIELO METEORITE ;AAA GRADE METEORITE; 1.3 LB STAND,539.1,2023-12-12,588,0.92,WorthPoint
sikhote-alin-meteorite,354 Gm. New Campo Del Cielo Meteorite ; .8 Lbs Museum Grade Very Few Left,323.96,2023-12-11,354,0.92,WorthPoint
sikhote-alin-meteorite,"SIKHOTE-ALIN Meteorite 22 Gm Sculpted THUMBPRINTS, REAL Individual Shooting Star",179,2023-12-10,22,8.14,WorthPoint
sikhote-alin-meteorite,"NEWEST!!! PICA Impact Glass, Chile, Excellent Piece, 56.2 Grams",26,2023-12-10,56.2,0.46,WorthPoint
sikhote-alin-meteorite,Sikhote-Alin Meteorite 22.1g 2077,39,2023-12-10,22.1,1.76,WorthPoint
sikhote-alin-meteorite,Fantastic 68.0 Gram SIKHOTE ALIN IRON METEORITE - FALL IN RUSSIA IN 1947,119.4,2023-12-10,68,1.76,WorthPoint
sikhote-alin-meteorite,Fantastic 20.34 Gram SIKHOTE ALIN IRON METEORITE - WITNESSED FALL / RUSSIA 1947,60,2023-12-10,20.34,2.95,WorthPoint
sikhote-alin-meteorite,Real Meteorite In Gem Case Genuine 1.2 Gram Sikhote-Alin Russian Space Rock,21.99,2023-12-10,1.2,18.33,WorthPoint
sikhote-alin-meteorite,432 GM. CAMPO DEL CIELO METEORITE ; AA GRADE!1+ Pounds;,359.1,2023-12-09,432,0.83,WorthPoint
sikhote-alin-meteorite,274 Gm CAMPO DEL CIELO METEORITE ; BEAUTIFUL MUSEUM GRADE METEORITE; .6 Lbs,296.96,2023-12-09,274,1.08,WorthPoint
sikhote-alin-meteorite,Fantastic 16.13 Gram SIKHOTE ALIN IRON METEORITE - WITNESSED FALL / RUSSIA 1947,48,2023-12-07,16.13,2.98,WorthPoint
sikhote-alin-meteorite,Sikhote-Alin Meteorite With Gem Case 1.2 Gram Genuine Russian Space Rock!,24.99,2023-12-07,1.2,20.83,WorthPoint
sikhote-alin-meteorite,360 GM. CAMPO DEL CIELO METEORITE ; B GRADE!! Beautiful .8 LBS. CHEAP!!,224.96,2023-12-05,360,0.62,WorthPoint
sikhote-alin-meteorite,312 GM. CAMPO DEL CIELO METEORITE ; A GRADE! .7 LB CHEAP!!!,269.95,2023-12-05,312,0.87,WorthPoint
sikhote-alin-meteorite,418 Gm. Campo Del Cielo Meteorite ; Baby Meteorite; .9 Lbs. Med Grade,224.95,2023-12-05,418,0.54,WorthPoint
sikhote-alin-meteorite,388 GM. CAMPO DEL CIELO METEORITE ; B GRADE!! Beautiful .85 LBS. CHEAP!!,224.96,2023-12-05,388,0.58,WorthPoint
sikhote-alin-meteorite,462 GM. CAMPO DEL CIELO METEORITE ; B GRADE!! Beautiful 1 LB. CHEAP!!,251.95,2023-12-05,462,0.55,WorthPoint
sikhote-alin-meteorite,‚òÑÔ∏èsikhote-alin Meteorite 22 Grams (c) Russia,55,2023-12-05,22,2.5,WorthPoint
sikhote-alin-meteorite,442 Gm . CAMPO DEL CIELO METEORITE; MUSEUM GRADE ; .97 LBS.,404.1,2023-12-04,442,0.91,WorthPoint
sikhote-alin-meteorite,Museum Quality! Sensational Specimen! New Campo Del Cielo Meteorite 3039 Gms,3000,2023-12-04,3039,0.99,WorthPoint
sikhote-alin-meteorite,"SIKHOTE ALIN - WITNESSED FALL - HISTORIC METEORITE - Iron, IIAB - Russia 1947",16,2023-12-03,,,WorthPoint
sikhote-alin-meteorite,"Nice Tektite, Libyan Desert Glass, Egypt, One Good Piece. 145 Grams",31,2023-12-03,145,0.21,WorthPoint
sikhote-alin-meteorite,"NEW! Tsarev Meteorite L5, Russia, Tumbled Piece 45.1 Grams",5.5,2023-12-03,45.1,0.12,WorthPoint
sikhote-alin-meteorite,"Nice Tektite, Libyan Desert Glass, Egypt, Lot Of Seven Small Pieces. 134 Grams",20.5,2023-12-03,134,0.15,WorthPoint
sikhote-alin-meteorite,‚òÑÔ∏èsikhote-alin Meteorite Russia 18.6 Grams (d),46.5,2023-12-03,18.6,2.5,WorthPoint
sikhote-alin-meteorite,‚òÑÔ∏èsikhote-alin Meteorite Russia 33.2 Grams (b),82.5,2023-12-03,33.2,2.48,WorthPoint
sikhote-alin-meteorite,‚òÑÔ∏èsikhote-alin Meteorite Russia 46.5 Grams (e),116,2023-12-02,46.5,2.49,WorthPoint
sikhote-alin-meteorite,‚òÑÔ∏èsikhote-alin Meteorite Russia 29 Grams,72,2023-12-01,29,2.48,WorthPoint
sikhote-alin-meteorite,476 Gm. Campo Del Cielo Meteorite ; B Grade!! 1 Lbs Cheap!!!,269.96,2023-12-01,476,0.57,WorthPoint
sikhote-alin-meteorite,"Maslyanino, Silicated Iron Meteorite, Small Excellent Part Slice, 120.2 Grams",1201.99,2023-11-30,120.2,10,WorthPoint
sikhote-alin-meteorite,"Museum Grade 103 Gm Sikhote-alin Meteorite From Russia, Collection Piece!!",1169.1,2023-11-30,103,11.35,WorthPoint
sikhote-alin-meteorite,Low Price! Great Deal! Silicated-graphite Campo Del Cielo Meteorite! 29.6 Gms,29.25,2023-11-29,29.6,0.99,WorthPoint
sikhote-alin-meteorite,116 Gm Baby Campo Del Cielo Meteorite A Grade Stand,134.1,2023-11-28,116,1.16,WorthPoint
sikhote-alin-meteorite,"Sikhote-Alin Iron, IIAB Meteorite, Fell In Russia 1947, 5.8 Grams",10.5,2023-11-27,5.8,1.81,WorthPoint
sikhote-alin-meteorite,"NEW! Tsarev Meteorite Chondrite L5, Russia, Lot Of 3 Nice Small Fragments, 38 Gr",35,2023-11-26,38,0.92,WorthPoint
sikhote-alin-meteorite,"Nice Tektite, Libyan Desert Glass, Egypt, One Good Piece. 139 Grams",31.69,2023-11-26,139,0.23,WorthPoint
sikhote-alin-meteorite,"Sikhote-Alin Iron, IIAB Meteorite, Russia 1947, 8.76 Grams",35,2023-11-26,8.76,4,WorthPoint
sikhote-alin-meteorite,470 GM. CAMPO DEL CIELO METEORITE ; B GRADE GRADE; 1 Lb. CHEAP!! AND NICE,200,2023-11-26,470,0.43,WorthPoint
sikhote-alin-meteorite,31 Gm. Campo Del Cielo Meteorite ; A Grade! Beautiful Meteorite;,44.95,2023-11-25,31,1.45,WorthPoint
sikhote-alin-meteorite,4.03 Grams 16mm Long SIKHOTE ALIN Russia Meteorite Observed Fall In 1947,12.15,2023-11-25,4.03,3.01,WorthPoint
sikhote-alin-meteorite,‚òÑÔ∏è30 Grams Sikhote Alin Russian Meteorite W/ Id Card,90,2023-11-24,30,3,WorthPoint
sikhote-alin-meteorite,710 Gm. Campo Del Cielo Meteorite ; Aaa Grade!! Beautiful 1.45 Pounds;,719.1,2023-11-23,710,1.01,WorthPoint
sikhote-alin-meteorite,"NEW RAREST!! Erg Chech 002, Ungropped Achondrite, Part Slice, 4.33 Grams",324.99,2023-11-23,4.33,75.06,WorthPoint
sikhote-alin-meteorite,574 Gm Campo Del Cielo Meteorite Museum Grade 1.3 Lbs,629.1,2023-11-22,574,1.1,WorthPoint
sikhote-alin-meteorite,Beautiful 1660 Gm. Campo Del Cielo Meteorite 3.6 # Quarter Cut,899.1,2023-11-22,1660,0.54,WorthPoint
sikhote-alin-meteorite,"Sikhote-Alin Iron, IIAB Meteorite, Fell In Russia 1947, 33.34 Gram Individual",110,2023-11-21,33.34,3.3,WorthPoint
sikhote-alin-meteorite,Fantastic 25.93 Gram SIKHOTE ALIN IRON METEORITE - WITNESSED FALL / RUSSIA 1947,66,2023-11-20,25.93,2.55,WorthPoint
sikhote-alin-meteorite,"Meteorite**NWA Unc.**95.8 Grams, Perfect Flight Oriented, W/Contraction Cracks!!",2899.99,2023-11-20,95.8,30.27,WorthPoint
sikhote-alin-meteorite,"NEW! Tsarev Meteorite L5, Russia, Tumbled Piece 42.4 Grams",31,2023-11-19,42.4,0.73,WorthPoint
sikhote-alin-meteorite,Fantastic 21.24 Gram SIKHOTE ALIN IRON METEORITE - WITNESSED FALL / RUSSIA 1947,60,2023-11-19,21.24,2.82,WorthPoint
sikhote-alin-meteorite,"Sikhote-Alin Iron, IIAB Meteorite, Russia 1947, 15.86 Grams, Ex. Aerolite",65,2023-11-19,15.86,4.1,WorthPoint
sikhote-alin-meteorite,"Sikhote-Alin Iron, IIAB Meteorite, Fell In Russia 1947, 1012 Gram Individual",500,2023-11-19,1012,0.49,WorthPoint
sikhote-alin-meteorite,"Meteorite Sericho, Pallasite, Kenya, Lot Of Rusty Pieces 1 Kilo #1",299.99,2023-11-18,,,WorthPoint
sikhote-alin-meteorite,Sikhote Alin METEORITE PENDANT 6.2 Grams,22,2023-11-18,6.2,3.55,WorthPoint
sikhote-alin-meteorite,"Sikhote-Alin Iron, IIAB Meteorite, Fell In Russia 1947, 29.98 Gram Individual",100,2023-11-17,29.98,3.34,WorthPoint
sikhote-alin-meteorite,"Meteorite Sikhote-Alin Pendant 9.44 Grams, Russian Meteorite, Meteorite Pendant",57,2023-11-17,9.44,6.04,WorthPoint
sikhote-alin-meteorite,Sikhote Alin METEORITE PENDANT 8.5 Grams,23,2023-11-17,8.5,2.71,WorthPoint
sikhote-alin-meteorite,"Meteorite Seymchan Etched Thin Slice 85.7 Grams, Very Good Transparent!",849.99,2023-11-16,85.7,9.92,WorthPoint
sikhote-alin-meteorite,2.13 Grams 20mm SIKHOTE ALIN Russian Meteorite Individual With COA,7.99,2023-11-14,2.13,3.75,WorthPoint
sikhote-alin-meteorite,"Meteorite**Sikhote-Alin, Russia**21.284 Gram, Beautiful Regmaglypts & Rollover!!",33.5,2023-11-13,21.284,1.57,WorthPoint
sikhote-alin-meteorite,"Nice Tektite, Libyan Desert Glass, Egypt, Lot Of 8 Small Pieces. 155 Grams",35,2023-11-12,155,0.23,WorthPoint
sikhote-alin-meteorite,1466 Gm. New Campo Del Cielo Meteorite ; A Grade!! Beautiful Meteorite; 3.2lbs.,809.96,2023-11-11,1466,0.55,WorthPoint
sikhote-alin-meteorite,Sikhote-Alin Meteorite With Commemorative Stamp Set,2500,2023-11-10,,,WorthPoint
sikhote-alin-meteorite,Sikhote-Alin Meteorite With Commemorative Stamp,2250,2023-11-10,,,WorthPoint
sikhote-alin-meteorite,Sikhote-Alin Meteorite. Iron IIAB 41 Grams. Flow Lined Individual.,125,2023-11-10,41,3.05,WorthPoint
sikhote-alin-meteorite,Sikhote Alin Iron Meteorite 20 Gram Individual With Shrapnel Characteristics,26.6,2023-11-10,20,1.33,WorthPoint
sikhote-alin-meteorite,"Meteorite**NWA Unc.; Flight Oriented Individual**167.58 Grams, High Quality!!!",699.99,2023-11-09,167.58,4.18,WorthPoint
sikhote-alin-meteorite,"Meteorite:Sikhote-Alin:Weight 11.595g.Iron Meteorite, Beautiful Shrapnel Pieces.",60,2023-11-09,11.595,5.17,WorthPoint
sikhote-alin-meteorite,BONHAMS Natural History -- Martian Meteorite,21.95,2023-11-09,,,WorthPoint
sikhote-alin-meteorite,Beautiful 464 Gm. Etched Campo Del Cielo Meteorite Sculptural Multi Cut,199.5,2023-11-09,464,0.43,WorthPoint
sikhote-alin-meteorite,Beautiful 262 Gm. Etched Campo Del Cielo Meteorite Sculptural Multi Cut,58,2023-11-09,262,0.22,WorthPoint
sikhote-alin-meteorite,Sikhote Alin Iron Meteorite - Oddly Shaped - 962 Grams,510,2023-11-08,962,0.53,WorthPoint
sikhote-alin-meteorite,652 Gm. Campo Del Cielo Meteorite ; Museum Grade!! Beautiful Baby Campo 1.4 Lb,647.19,2023-11-08,652,0.99,WorthPoint
sikhote-alin-meteorite,"Meteorite Sericho, Pallasite, Kenya, Lot Of Rusty Pieces 350 Grams",99.99,2023-11-08,350,0.29,WorthPoint
sikhote-alin-meteorite,Sikhote Alin Meteorite Fragment 145g. Russia 1947,799,2023-11-08,145,5.51,WorthPoint
sikhote-alin-meteorite,Beautiful 1136 Gm. Campo Del Cielo Meteorite 2.5# Quarter Cut,182.5,2023-11-08,1136,0.16,WorthPoint
sikhote-alin-meteorite,Sikhote Alin METEORITE 71.4 Grams,85,2023-11-07,71.4,1.19,WorthPoint
sikhote-alin-meteorite,Beautiful 334 Gm. Campo Del Cielo Meteorite .73 Quarter Cut,50,2023-11-07,334,0.15,WorthPoint
sikhote-alin-meteorite,350 Gm . CAMPO DEL CIELO METEORITE ; A GRADE!!! .8 POUNDS,242.79,2023-11-07,350,0.69,WorthPoint
sikhote-alin-meteorite,"Sikhote-Alin Iron, IIAB Meteorite, Fell In Russia 1947, 30.57 Grams",100,2023-11-06,30.57,3.27,WorthPoint
sikhote-alin-meteorite,Newest Morrocan Iron! Super Sculpted! Amazing Agoudal Meteorite 24.7 Gms,48.75,2023-11-06,24.7,1.97,WorthPoint
sikhote-alin-meteorite,"Meteorite**NWA Unc.**41.264 Grams; Gorgeous Individual, MUSEUM QUALITY! NEW FIND",22,2023-11-06,41.264,0.53,WorthPoint
sikhote-alin-meteorite,"Nice Tektite, Libyan Desert Glass, Egypt, Lot Of Two Good Pieces. 190 Grams",26,2023-11-05,190,0.14,WorthPoint
sikhote-alin-meteorite,"NEWEST!!! PICA Impact Glass, Chile, Excellent Piece, 22.4 Grams",16.5,2023-11-05,22.4,0.74,WorthPoint
sikhote-alin-meteorite,"Sikhote-Alin Iron, IIAB Meteorite, Fell In Russia 1974, 35.06 Grams",115,2023-11-04,35.06,3.28,WorthPoint
sikhote-alin-meteorite,4.16 Grams 19mm SIKHOTE ALIN Russian Meteorite Individual With COA,20.5,2023-11-01,4.16,4.93,WorthPoint
sikhote-alin-meteorite,19.1 Grams 33x30x9mm SIKHOTE ALIN Russian Meteorite Individual With COA,79.99,2023-11-01,19.1,4.19,WorthPoint
sikhote-alin-meteorite,"Sikhote-Alin Iron, IIAB Meteorite, Fell In Russia 1947, 61.16 Gram Individual",195,2023-11-01,61.16,3.19,WorthPoint
sikhote-alin-meteorite,"Meteorite Sikhote-Alin Pendant 4.87 Grams, Russian Meteorite, Meteorite Pendant",52,2023-10-31,4.87,10.68,WorthPoint
sikhote-alin-meteorite,"Meteorite**NWA Unc.; Flight Oriented Individual**342.70 Grams,Highest Quality!",599.99,2023-10-31,342.7,1.75,WorthPoint
sikhote-alin-meteorite,618 GM. CAMPO DEL CIELO METEORITE ; B GRADE!! Beautiful; 1.4 LBS. CHEAP!!,283.46,2023-10-31,618,0.46,WorthPoint
sikhote-alin-meteorite,"Sikhote-Alin Iron, IIAB Meteorite, Fell In Russia 1947, 41.10 Gram Individual",133,2023-10-31,41.1,3.24,WorthPoint
sikhote-alin-meteorite,"Sikhote-Alin, Iron, IIAB Meteorite From Russia, Fell 1947, 52.2 Gram Individual",160,2023-10-30,52.2,3.07,WorthPoint
sikhote-alin-meteorite,"Sikhote-Alin, Iron, IIAB Meteorite, Fell In Russia 1947, 36.65 Gram Individual",120,2023-10-30,36.65,3.27,WorthPoint
sikhote-alin-meteorite,"Meteorite**Sikhote-Alin, Russia**36.444 Gram, Beautiful Flight Shaped Individual",399.99,2023-10-30,36.444,10.98,WorthPoint
sikhote-alin-meteorite,"NEWEST!!! PICA Impact Glass, Chile, Excellent Piece, 16.8 Grams",5.5,2023-10-29,16.8,0.33,WorthPoint
sikhote-alin-meteorite,426 Gm. Campo Del Cielo Meteorite ;museum Grade Meteorite. .93 Pounds!,404.4,2023-10-29,426,0.95,WorthPoint
sikhote-alin-meteorite,"Sikhote-Alin Iron, IIAB Meteorite, Fell In Russia 1947, 22.13 Grams",70,2023-10-28,22.13,3.16,WorthPoint
sikhote-alin-meteorite,1330 Gm. Campo Del Cielo Meteorite; A Grade! 2.9 Pounds,809.19,2023-10-26,1330,0.61,WorthPoint
sikhote-alin-meteorite,"Sikhote-alin, Iron, IIAB Meteorite, Found In Russia 1947, Weighs 14.84 Grams",45,2023-10-26,14.84,3.03,WorthPoint
sikhote-alin-meteorite,11 Gm. Campo Del Cielo Meteorite ; A Grade! Beautiful Meteorite; Case,17.78,2023-10-26,11,1.62,WorthPoint
sikhote-alin-meteorite,SIKHOTE-ALIN METEORITE PENDANT $139 Sterling Silver Jewelry STARBORN SA139-P2,139,2023-10-26,,,WorthPoint
sikhote-alin-meteorite,"Sikhote-Alin Iron, IIAB Meteorite, Fell In Russia 1947, 39.85 Grams",130,2023-10-25,39.85,3.26,WorthPoint
sikhote-alin-meteorite,54 Grams 33x30x16mm SIKHOTE ALIN Russian Meteorite Individual W/ Greg Hupe Card,326.2,2023-10-25,54,6.04,WorthPoint
sikhote-alin-meteorite,"Meteorite Seymchan Thin Slice 61.6 Grams, Very Nice Structure",199.99,2023-10-25,61.6,3.25,WorthPoint
sikhote-alin-meteorite,1034 Gm. Campo Del Cielo Meteorite ; Museum Grade Meteorite; Beautiful 2.3#,890.96,2023-10-25,1034,0.86,WorthPoint
sikhote-alin-meteorite,Sikhote-Alin Meteorite 154.5g,672,2023-10-25,154.5,4.35,WorthPoint
sikhote-alin-meteorite,3.46 Grams 22mm SIKHOTE ALIN Russian Shrapnel Meteorite With COA And Info Card,6.49,2023-10-24,3.46,1.88,WorthPoint
sikhote-alin-meteorite,Beautiful 1134 Gm. Campo Del Cielo Meteorite 2.5 # Quarter Cut; Silicate,400,2023-10-23,1134,0.35,WorthPoint
sikhote-alin-meteorite,"NEWEST!!! PICA Impact Glass, Chile, Excellent Piece, 34.6 Grams",15.5,2023-10-22,34.6,0.45,WorthPoint
sikhote-alin-meteorite,"Meteorite Sikhote-Alin Pendant 14.78 Grams, Russian Meteorite, Meteorite Pendant",108,2023-10-22,14.78,7.31,WorthPoint
sikhote-alin-meteorite,Beautiful 386 Gm Polished Campo Del Cielo Meteorite Quarter Cut Piece .85#,269.95,2023-10-21,386,0.7,WorthPoint
sikhote-alin-meteorite,ORIENTED 16.2 Gram SIKHOTE ALIN METEORITE - WITNESSED FALL / RUSSIA 1947,117,2023-10-20,16.2,7.22,WorthPoint
sikhote-alin-meteorite,"Beautiful Sikhote-Alin Meteorite Specimen, 2.69g, Astronomy Gift, Sikhote Alin",33,2023-10-20,2.69,12.27,WorthPoint
sikhote-alin-meteorite,Sikhote-Alin Meteorite 4g 2082,14,2023-10-20,4,3.5,WorthPoint
sikhote-alin-meteorite,11.810 Kgm. Campo Del Cielo Meteorite A Grade!! Beautiful 26 Pounds; Cheap!,4045.5,2023-10-20,11810,0.34,WorthPoint
sikhote-alin-meteorite,"A Large, Oriented Sikhote-Alin Meteorite 722 Grams",6790,2023-10-20,722,9.4,WorthPoint
sikhote-alin-meteorite,"Thin Section Of METEORITE Toconau 001, Ordinary Chondrite LL3 #O-2",89.99,2023-10-20,,,WorthPoint
sikhote-alin-meteorite,Sikhote Alin METEORITE PENDANT 8.1 Grams,22,2023-10-20,8.1,2.72,WorthPoint
sikhote-alin-meteorite,"620 Gm. Campo Del Cielo Meteorite ; Aa Grade, 1.4 Lbs. Std;",359.1,2023-10-18,620,0.58,WorthPoint
sikhote-alin-meteorite,9.9 Gram Oriented Sikhote Alin Meteorite-Heat Shield Full Rollover Lip-Flowlines,112.5,2023-10-16,9.9,11.36,WorthPoint
sikhote-alin-meteorite,"NEWEST!!! PICA Impact Glass, Chile, Excellent Piece, 42 Grams",28,2023-10-15,42,0.67,WorthPoint
sikhote-alin-meteorite,"RARE! Meteorite Mesosiderite, Vaca Muerta, Lot Of 4 Endcuts 9.6 Grams",47.99,2023-10-15,9.6,5,WorthPoint
sikhote-alin-meteorite,456 Gm. New Campo Del Cielo Meteorite ; Aaa Grade!! Beautiful; 1 Pound,359.1,2023-10-15,456,0.79,WorthPoint
sikhote-alin-meteorite,"Meteorite Sericho, Pallasite, Kenya, Lot Of 2 Complete Good Pieces, 142 Grams",169.99,2023-10-15,142,1.2,WorthPoint
sikhote-alin-meteorite,"Meteorite Sericho, Pallasite, Kenya, Complete Good Piece, 154 Grams",169.99,2023-10-15,154,1.1,WorthPoint
sikhote-alin-meteorite,Sikhote Alin Iron Meteorite Lot 48 Grams 24 Pieces,50,2023-10-13,48,1.04,WorthPoint
sikhote-alin-meteorite,3.69 Grams 17mm SIKHOTE ALIN Russian Meteorite Individual With COA,12.99,2023-10-13,3.69,3.52,WorthPoint
sikhote-alin-meteorite,Nice Sikhote Alin METEORITES And Free Bonus Gift !! #201sikhote-4,29.95,2023-10-11,,,WorthPoint
sikhote-alin-meteorite,Sikhote Alin METEORITE 6.2 Grams Pendant,20,2023-10-11,6.2,3.23,WorthPoint
sikhote-alin-meteorite,21.5 Gram Sikhote-Alin Meteorite-Rollover Lip- Flowlines-Regmaglypted-Individual,112.5,2023-10-11,21.5,5.23,WorthPoint
sikhote-alin-meteorite,452 Gm. Campo Del Cielo Meteorite ;museum Collectors Grade Meteorite. 1 Lb.,805.5,2023-10-11,452,1.78,WorthPoint
sikhote-alin-meteorite,428 GM. CAMPO DEL CIELO METEORITE ; MUSEUM GRADE ; .9 Lb,494.1,2023-10-11,428,1.15,WorthPoint
sikhote-alin-meteorite,Sikhote Alin 21.8GR Regmaglypted Russian 1947 IRON OCTAHEDRITE Chunky METEORITE,48.75,2023-10-10,21.8,2.24,WorthPoint
sikhote-alin-meteorite,"Awesome Tektite ATACAMAITE From Chile, 1.20 Grams",24.99,2023-10-10,1.2,20.83,WorthPoint
sikhote-alin-meteorite,Sikhote-Alin 34.6g Meteorite With Excellent Shape And Regmaglypts,129.95,2023-10-10,34.6,3.76,WorthPoint
sikhote-alin-meteorite,"Beautiful Sikhote-Alin Meteorite Specimen, 4.46g, Astronomy Gift, Sikhote Alin",49,2023-10-09,4.46,10.99,WorthPoint
sikhote-alin-meteorite,Meteorite Sikhote-Alin- SKA-138 - 9.01g - GORGEOUS!!!,13.49,2023-10-09,9.01,1.5,WorthPoint
sikhote-alin-meteorite,33 Grams 36mm SIKHOTE ALIN Russian Meteorite Individual With COA,112.5,2023-10-09,33,3.41,WorthPoint
sikhote-alin-meteorite,"Meteorite**NWA Unc.; Flight Oriented Individual**318.40 Grams, W/Flow Lines!!!",212.5,2023-10-09,318.4,0.67,WorthPoint
sikhote-alin-meteorite,396 Gm CAMPO DEL CIELO METEORITE ; AAA MUSEUM GRADE .9+ Lbs.;,449.1,2023-10-08,396,1.13,WorthPoint
sikhote-alin-meteorite,"Sikhote-Alin Iron, IIAB Meteorite, Found In Russia 1947, 11.05 Grams",36,2023-10-07,11.05,3.26,WorthPoint
sikhote-alin-meteorite,"Sikhote-Alin, Iron IIAB Meteorite, Found In Russia 1947, 12.4 Grams",40,2023-10-07,12.4,3.23,WorthPoint
sikhote-alin-meteorite,"Meteorite Seymchan Small Olivined Cut Block 78 Grams, Very Nice Structure",389.99,2023-10-07,78,5,WorthPoint
sikhote-alin-meteorite,PHILLIPS Natural History -- Minerals Gems Fossils Meteorites Solnhofen,19.95,2023-10-06,,,WorthPoint
sikhote-alin-meteorite,Beautiful 1172 Gm. Etched Campo Del Cielo Meteorite Quarter Cut,500,2023-10-05,1172,0.43,WorthPoint
sikhote-alin-meteorite,Newest Morrocan Iron! Super Sculpted! Best Agoudal (imilchil) Meteorite 78.7 Gms,97.3,2023-10-04,78.7,1.24,WorthPoint
sikhote-alin-meteorite,6.5 Gram Oriented Sikhote Alin Meteorite-Rollover Lip Regmaglypts-Flowlines,31,2023-10-04,6.5,4.77,WorthPoint
sikhote-alin-meteorite,4.66 Grams 23mm SIKHOTE ALIN Russian Shrapnel Meteorite With COA And Info Card,6.99,2023-10-04,4.66,1.5,WorthPoint
sikhote-alin-meteorite,7.57 Grams 23mm SIKHOTE ALIN Russian Shrapnel Meteorite With COA And Info Card,9.99,2023-10-04,7.57,1.32,WorthPoint
sikhote-alin-meteorite,6.41 Grams 22mm SIKHOTE ALIN Russian Shrapnel Meteorite With COA And Info Card,9.99,2023-10-04,6.41,1.56,WorthPoint
sikhote-alin-meteorite,Meteorite**NWA Unc.; Flight Oriented Individual And NWA 13917 Winonaite! Siak_80,209.5,2023-10-02,,,WorthPoint
sikhote-alin-meteorite,"Meteorite**Sikhote-Alin, Russia**15.676 Gram, Beautiful Fireball Shape!!!",52.53,2023-10-02,15.676,3.35,WorthPoint
sikhote-alin-meteorite,"Meteorite**NWA Unc.; Flight Oriented Individual**54.524 Grams,Highest Quality!!!",91,2023-10-02,54.524,1.67,WorthPoint
sikhote-alin-meteorite,"NEWEST!!! PICA Impact Glass, Chile, Lot Of Many Small Pieces, 25.0 Grams",12.62,2023-10-01,25,0.5,WorthPoint
sikhote-alin-meteorite,"MAGNET With Sikhote Alin Iron Meteorite, Real Picture From The Place Of Fall #2",8.5,2023-10-01,,,WorthPoint
sikhote-alin-meteorite,"NEW RARE!! Calama 082 Achondrite Polymict Diogenite Meteorite, Slice, 2.70 Grams",80.99,2023-10-01,2.7,30,WorthPoint
sikhote-alin-meteorite,"2 Sikhote Alin Meteorites 1947 Fall, Plus FREE Bonus !! #422/525sikhote-3",32.95,2023-10-01,,,WorthPoint
sikhote-alin-meteorite,Thumbprinted Super Fresh - 33.24 Gram SIKHOTE ALIN METEORITE - RUSSIA 1947 Fall,214.5,2023-09-30,33.24,6.45,WorthPoint
sikhote-alin-meteorite,"Sikhote-Alin Meteorite, Iron IIAB, Russia 1947, 77.3 Grams",147,2023-09-29,77.3,1.9,WorthPoint
sikhote-alin-meteorite,2.94 Gr. Oriented Sikhote Alin Meteorite-Full Rollover Lip Regmaglypts-Flowlines,32,2023-09-29,2.94,10.88,WorthPoint
sikhote-alin-meteorite,490 Gm .CAMPO DEL CIELO METEORITE ; MUSEUM GRADE;1.1 POUNDS;,539.1,2023-09-27,490,1.1,WorthPoint
sikhote-alin-meteorite,Beautiful 468 Gm Etched Campo Del Cielo Meteorite Quarter Cut,250,2023-09-27,468,0.53,WorthPoint
sikhote-alin-meteorite,5.2 Gram Oriented Sikhote Alin Meteorite-Full Rollover Lip Regmaglypts-Flowlines,36,2023-09-25,5.2,6.92,WorthPoint
sikhote-alin-meteorite,"Nice Tektite, Libyan Desert Glass, Egypt, Lot Of Four Good Pieces. 197 Grams",6.5,2023-09-24,197,0.03,WorthPoint
sikhote-alin-meteorite,32 GM. CAMPO DEL CIELO METEORITE ; A GRADE! BEAUTIFUL METEORITE; Stand,35.95,2023-09-24,32,1.12,WorthPoint
sikhote-alin-meteorite,"Ureilite METEORITE JaH 054, Excellent Full Slice, Oman, 29.6 Gr From Finder",449.99,2023-09-24,29.6,15.2,WorthPoint
sikhote-alin-meteorite,31.8 Gram Oriented Sikhote Alin Meteorite-Rollover Lip-Flowlines-Regmaglypts,102.51,2023-09-24,31.8,3.22,WorthPoint
sikhote-alin-meteorite,94 Gm. Campo Del Cielo Meteorite ; A Grade;,107.1,2023-09-24,94,1.14,WorthPoint
sikhote-alin-meteorite,2416 Gm Campo Del Cielo Meteorite Museum Grade 5.3 Lbs,3325.5,2023-09-24,2416,1.38,WorthPoint
sikhote-alin-meteorite,15.5 Gram Oriented Sikhote Alin Meteorite Full Rollover Lip-Flowlines-Bullet!!,310,2023-09-23,15.5,20,WorthPoint
sikhote-alin-meteorite,1792 Gm CAMPO DEL CIELO METEORITE ; AA GRADE 4+ Lbs.; Beautiful Lg.meteorite,1079.1,2023-09-23,1792,0.6,WorthPoint
sikhote-alin-meteorite,Huge Lot Of Meteorites Lunar Martian Ataxite Iron Crusted Windowed Over 130!,2075,2023-09-22,,,WorthPoint
sikhote-alin-meteorite,8.5 Gram Oriented Sikhote Alin Meteorite-Heat Shield Full Rollover Lip-Flowlines,155.5,2023-09-22,8.5,18.29,WorthPoint
sikhote-alin-meteorite,504 Gm. Campo Del Cielo Meteorite ; 1.1 Lbs Beautiful Aaa Grade Meteorite,476.96,2023-09-21,504,0.95,WorthPoint
sikhote-alin-meteorite,7.7 Gram Oriented Sikhote Alin Meteorite-Full Rollover Lip Regmaglypts-Flowlines,51.2,2023-09-21,7.7,6.65,WorthPoint
sikhote-alin-meteorite,Awesome 22.2 Gram Oriented Sikhote Alin Meteorite Lipping Regmaglypts-Flowlines,87,2023-09-20,22.2,3.92,WorthPoint
sikhote-alin-meteorite,Beautiful 242 Gm Campo Del Cielo Meteorite Quarter Cut 2 Sides,179.1,2023-09-20,242,0.74,WorthPoint
sikhote-alin-meteorite,5.04 Grams 20mm SIKHOTE ALIN Russian Shrapnel Meteorite With COA And Info Card,8.99,2023-09-20,5.04,1.78,WorthPoint
sikhote-alin-meteorite,Beautiful 556 Gm Etched Campo Del Cielo Meteorite Triple Cut,422.1,2023-09-19,556,0.76,WorthPoint
sikhote-alin-meteorite,1106 GM. NEW CAMPO DEL CIELO METEORITE ; A GRADE!! Beautiful; 2.4 LBS. CHEAP!,629.1,2023-09-19,1106,0.57,WorthPoint
sikhote-alin-meteorite,Awesome 145.3 Gram Oriented Sikhote Alin Meteorite-Large Regmaglypts & Flowlines,400,2023-09-19,145.3,2.75,WorthPoint
sikhote-alin-meteorite,Russia 2015 - Ounce Of Space - St George & Dragon - 1 Oz .999 Silver Coin,93.5,2023-09-18,28.35,3.3,WorthPoint
sikhote-alin-meteorite,1590 Gm Campo Del Cielo Meteorite Museum Collectors Grade 3.5 Lbs,2245.5,2023-09-18,1590,1.41,WorthPoint
sikhote-alin-meteorite,344 Gm. Campo Del Cielo Meteorite ; A Grade!! Saw Damage Low Priced Meteorite,224.96,2023-09-17,344,0.65,WorthPoint
sikhote-alin-meteorite,160 Gm. Campo Del Cielo Meteorite ; Aaa Grade; .35lb,179.1,2023-09-17,160,1.12,WorthPoint
sikhote-alin-meteorite,"NEWEST! OZERKI Meteorite L6, Fall June 21, 2018, Russia, Individual 27.7 Grams",499.99,2023-09-16,27.7,18.05,WorthPoint
sikhote-alin-meteorite,"Meteorite Sikhote-Alin Pendant 25.82 Grams, Russian Meteorite, Meteorite Pendant",128,2023-09-16,25.82,4.96,WorthPoint
sikhote-alin-meteorite,1088 GM. NEW CAMPO DEL CIELO METEORITE ; B GRADE!! 2.4+ Pound,674.96,2023-09-15,1088,0.62,WorthPoint
sikhote-alin-meteorite,"Meteorite Seymchan Etched Cut Cube 35.2 Grams, 17 Mm, Very Nice Structure",199.99,2023-09-15,35.2,5.68,WorthPoint
sikhote-alin-meteorite,"Meteorite Seymchan Etched Cut Cube 34.7 Grams, 17 Mm, Very Nice Structure",199.99,2023-09-15,34.7,5.76,WorthPoint
sikhote-alin-meteorite,2.11 Grams 16mm SIKHOTE ALIN Russian Meteorite Individual With COA,7.99,2023-09-14,2.11,3.79,WorthPoint
sikhote-alin-meteorite,Esthetic Large 235 Gram Sikhote-Alin Meteorite With Regmaglypts.,656.25,2023-09-14,235,2.79,WorthPoint
sikhote-alin-meteorite,Sculpture-like Sikhote-Alin Iron Nickel Meteorite.,175,2023-09-14,,,WorthPoint
sikhote-alin-meteorite,Thumbprinted Super Fresh - 43.1 Gram SIKHOTE ALIN METEORITE - RUSSIA 1947 Fall,150.5,2023-09-12,43.1,3.49,WorthPoint
sikhote-alin-meteorite,ORIENTED Super Fresh - 40.00 Gram SIKHOTE ALIN METEORITE - With FLOWLINES,224,2023-09-12,40,5.6,WorthPoint
sikhote-alin-meteorite,Fantastic 27.62 Gram SIKHOTE ALIN IRON METEORITE - WITNESSED FALL / RUSSIA 1947,98,2023-09-12,27.62,3.55,WorthPoint
sikhote-alin-meteorite,Fantastic 21.20 Gram SIKHOTE ALIN IRON METEORITE - WITNESSED FALL / RUSSIA 1947,70,2023-09-12,21.2,3.3,WorthPoint
sikhote-alin-meteorite,"Awesome Tektite ATACAMAITE From Chile, 0.68 Grams",39.99,2023-09-12,0.68,58.81,WorthPoint
sikhote-alin-meteorite,"Awesome Tektite ATACAMAITE From Chile, 1.03 Grams",34.99,2023-09-12,1.03,33.97,WorthPoint
sikhote-alin-meteorite,"NEW! Tsarev Meteorite L5, Russia, Excellent Endcut 34 Grams",119.99,2023-09-11,34,3.53,WorthPoint
sikhote-alin-meteorite,"Meteorite**Sikhote-Alin, Russia**11.070 Grams Gorgeous Shrapnel Lot!",20,2023-09-11,11.07,1.81,WorthPoint
sikhote-alin-meteorite,"NEWEST!!! PICA Impact Glass, Chile, Lot Of Four Small Pieces, 21.6 Grams",18.19,2023-09-10,21.6,0.84,WorthPoint
sikhote-alin-meteorite,428 Gm. Campo Del Cielo Meteorite ; Museum Grade Meteorite. .95 Pounds!,422.33,2023-09-10,428,0.99,WorthPoint
sikhote-alin-meteorite,"Sikhote-Alin Meteorite, Iron IIAB, Russia 1947, 3.8 Grams",15.5,2023-09-08,3.8,4.08,WorthPoint
sikhote-alin-meteorite,"MAGNET With Tsarev Stony Meteorite, Real Picture From The Place Of Fall",14.99,2023-09-08,,,WorthPoint
sikhote-alin-meteorite,Sikhote-Alin Meteorite! Space Rock Hit Russia In The 1940's! Thumbnail Display!,5.99,2023-09-07,,,WorthPoint
sikhote-alin-meteorite,Top Quality! Oriented W/ Rollover Lipping! Super Sikhote-alin Meteorite 11.6 Gms,111.75,2023-09-06,11.6,9.63,WorthPoint
sikhote-alin-meteorite,Beautiful 3078 Gm. Campo Del Cielo Meteorite 6.8 # Tripple Cut,700,2023-09-05,3078,0.23,WorthPoint
sikhote-alin-meteorite,Fantastic 24.2 Gram SIKHOTE ALIN IRON METEORITE - WITNESSED FALL / RUSSIA 1947,85.4,2023-09-05,24.2,3.53,WorthPoint
sikhote-alin-meteorite,"580 Gm. Campo Del Cielo Meteorite Museum Grade, 1.3 Lbs.!!just Beautiful!",656.1,2023-09-05,580,1.13,WorthPoint
sikhote-alin-meteorite,"NEW! Meteorite, North East Africa Xxxxx, Ordinary Chondrite. Individual. 234 Gr",20.5,2023-09-03,234,0.09,WorthPoint
sikhote-alin-meteorite,"Nice Tektite, Libyan Desert Glass, Egypt, One Good Piece. 156 Grams",7.19,2023-09-03,156,0.05,WorthPoint
sikhote-alin-meteorite,"Nice Tektite, Libyan Desert Glass, Egypt, Lot Of Six Small Pieces. 137 Grams",11.5,2023-09-03,137,0.08,WorthPoint
sikhote-alin-meteorite,424 Gm. Campo Del Cielo Meteorite ; Aaa Grade; .93 Lb Very Rare For This Size,404.96,2023-09-03,424,0.96,WorthPoint
sikhote-alin-meteorite,458 Gm. Campo Del Cielo Meteorite ; Aaa Grade!! 1 Pound,404.1,2023-09-03,458,0.88,WorthPoint
sikhote-alin-meteorite,446 Gm New Campo Del Cielo Meteorite ; Museum Grade!! Beautiful Small Meteorite,449.28,2023-09-03,446,1.01,WorthPoint
sikhote-alin-meteorite,Fantastic 28.96 Gram SIKHOTE ALIN IRON METEORITE - WITNESSED FALL / RUSSIA 1947,84,2023-09-03,28.96,2.9,WorthPoint
sikhote-alin-meteorite,1306 Gm. Campo Del Cielo Meteorite ; B Grade!! 2.9 Pounds; Cheap!! Cheap!!,719.1,2023-09-02,1306,0.55,WorthPoint
sikhote-alin-meteorite,Beautiful 268 Gm Campo Del Cielo Meteorite Quarter Cut 2 Sides,179.1,2023-09-02,268,0.67,WorthPoint
sikhote-alin-meteorite,THUMBPRINTED Super Fresh - 18.94 Gram SIKHOTE ALIN METEORITE - RUSSIA 1947 FALL,132.3,2023-08-31,18.94,6.99,WorthPoint
sikhote-alin-meteorite,Meteorite Seymchan Complete Siderite Piece 420 Grams,629.99,2023-08-30,420,1.5,WorthPoint
sikhote-alin-meteorite,786 Gm. New Campo Del Cielo Meteorite ; A Grade!! Beautiful Meteorite; 1.7 Lbs,449.96,2023-08-29,786,0.57,WorthPoint
sikhote-alin-meteorite,Beautiful 302 Gm. Campo Del Cielo Meteorite Triple Cut; With Stand,179.1,2023-08-29,302,0.59,WorthPoint
sikhote-alin-meteorite,Fantastic 25.40 Gram SIKHOTE ALIN IRON METEORITE - WITNESSED FALL / RUSSIA 1947,77,2023-08-29,25.4,3.03,WorthPoint
sikhote-alin-meteorite,Top Quality! Very Unique Shape! Super Sculpted Sikhote-alin Meteorite 2.4 Gms,29.25,2023-08-28,2.4,12.19,WorthPoint
sikhote-alin-meteorite,"Meteorite Sericho, Pallasite, Kenya, Lot Of 9 Complete Pieces, 100 Grams #3",79.99,2023-08-28,100,0.8,WorthPoint
sikhote-alin-meteorite,Beautiful 634 Gm. Polished Campo Del Cielo Meteorite Sculptural Piece; 1.24#,359.96,2023-08-28,634,0.57,WorthPoint
sikhote-alin-meteorite,40 Gm Campo Del Cielo Meteorite A Grade Beautiful Meteorite Stand,44.95,2023-08-28,40,1.12,WorthPoint
sikhote-alin-meteorite,"Campo Del Cielo, Sikhote-Alin & NWA Meteorites! 3 Space Rocks That Hit Earth",7.5,2023-08-28,,,WorthPoint
sikhote-alin-meteorite,3 Grams Meteorite Genuine Sikhote-Alin 7 Pieces In Glass Vial With Cork,14.99,2023-08-28,3,5,WorthPoint
sikhote-alin-meteorite,"Nice Tektite, Libyan Desert Glass, Egypt, Lot Of Fifteen Small Pieces. 136 Grams",26,2023-08-27,136,0.19,WorthPoint
sikhote-alin-meteorite,854 GM. CAMPO DEL CIELO METEORITE ; B GRADE LARGE METEORITE 1.8 Lbs. CHEAP!,449.1,2023-08-27,854,0.53,WorthPoint
sikhote-alin-meteorite,494 Gm. New Campo Del Cielo Meteorite ;museum Grade Meteorite; 1.1 Lb,539.96,2023-08-26,494,1.09,WorthPoint
sikhote-alin-meteorite,"Thin Section Of METEORITE Sierra Gorda 071, Carbonaseous Chondrite CO3#2",99.99,2023-08-26,,,WorthPoint
sikhote-alin-meteorite,24 Gm . SILICATED CAMPO DEL CIELO METEORITE; MUSEUM GRADE ; FULL SILICATE,71.95,2023-08-26,24,3,WorthPoint
sikhote-alin-meteorite,"Meteorite Seymchan Nice Thin Slice 33.8 Grams, Partly Transparent",199.99,2023-08-25,33.8,5.92,WorthPoint
sikhote-alin-meteorite,"NEW! Chelyabinsk Meteorite LL5, Recent Fall, Russia, Excellent Individual 28.7 G",599.99,2023-08-25,28.7,20.91,WorthPoint
sikhote-alin-meteorite,"RARE!!! Meteorite Sericho, Pallasite, Kenya, Lot Of 6 Complete Pieces, 103 Grams",102.99,2023-08-24,103,1,WorthPoint
sikhote-alin-meteorite,ORIENTED AGOUDAL BULLET Iron Meteorite IMILCHIL Specimen Natural Patina MOROCCO,49.45,2023-08-23,,,WorthPoint
sikhote-alin-meteorite,"Nice Tektite, Libyan Desert Glass, Egypt, Lot Of 3 Good Pieces. 159 Grams",26,2023-08-20,3,8.67,WorthPoint
sikhote-alin-meteorite,"Thin Section Of METEORITE NWA 869, Ordinary Chondrite L3-6, #-3",59.99,2023-08-19,,,WorthPoint
sikhote-alin-meteorite,94 Gm Baby Campo Del Cielo Meteorite A Grade Stand,98.1,2023-08-17,94,1.04,WorthPoint
sikhote-alin-meteorite,292 Gm. Campo Del Cielo Meteorite B Grade!! Beautiful Baby Meteorite; .6#,170.1,2023-08-17,292,0.58,WorthPoint
sikhote-alin-meteorite,SUPER ORIENTED 17.0 Gram SIKHOTE ALIN METEORITE - WITNESSED FALL / RUSSIA 1947,162.5,2023-08-17,17,9.56,WorthPoint
sikhote-alin-meteorite,384 Gm . CAMPO DEL CIELO METEORITE; MED GRADE ; .84 LBS. CHEAP!! CHEAP!!,206.1,2023-08-16,384,0.54,WorthPoint
sikhote-alin-meteorite,Sikhote Alin METEORITE 45.5 Grams,57,2023-08-16,45.5,1.25,WorthPoint
sikhote-alin-meteorite,Sikhote Alin METEORITE 7 Grams Pendant,19,2023-08-16,7,2.71,WorthPoint
sikhote-alin-meteorite,ORIENTED Super Fresh - 36.84 Gram SIKHOTE ALIN METEORITE - RUSSIA 1947 Fall,205.8,2023-08-15,36.84,5.59,WorthPoint
sikhote-alin-meteorite,Sikhote Alin METEORITE 9.1 Grams Pendant,19,2023-08-15,9.1,2.09,WorthPoint
sikhote-alin-meteorite,"Sikhote-Alin Iron IIAB Meteorite 5 Individuals Witnessed Fall, February 12, 1947",48,2023-08-15,,,WorthPoint
sikhote-alin-meteorite,Sikhote Alin Meteorite Specimen Riker Display Russia Meteorites 9.5 Grams,32.99,2023-08-13,9.5,3.47,WorthPoint
sikhote-alin-meteorite,"Nice Tektite, Libyan Desert Glass, Egypt, Lot Of 4 Good Pieces. 197 Grams",60,2023-08-13,4,15,WorthPoint
sikhote-alin-meteorite,"NEWEST!!! PICA Impact Glass, Chile, One Small Piece, 17.1 Grams",5.5,2023-08-13,17.1,0.32,WorthPoint
sikhote-alin-meteorite,"Nice Tektite, Libyan Desert Glass, Egypt, Lot Of Ten Small Pieces. 154 Grams",32,2023-08-13,154,0.21,WorthPoint
sikhote-alin-meteorite,10.845 Kgm. Campo Del Cielo Meteorite A Grade!! Beautiful 24 Pounds; Cheap!,4495.5,2023-08-13,10845,0.41,WorthPoint
sikhote-alin-meteorite,Super Fresh Crust And Flowlines - 403.5 Gram SIKHOTE ALIN METEORITE - 1947 Fall,1365,2023-08-13,403.5,3.38,WorthPoint
sikhote-alin-meteorite,ORIENTED Super Fresh - 77.19 Gram SIKHOTE ALIN METEORITE - RUSSIA 1947 Fall,279.3,2023-08-13,77.19,3.62,WorthPoint
sikhote-alin-meteorite,Sikhote Alin METEORITE 9.8 Grams Pendant,19,2023-08-12,9.8,1.94,WorthPoint
sikhote-alin-meteorite,Meteorite Seymchan Complete Pallasite Sandblasted Piece 651 Grams,1099.99,2023-08-12,651,1.69,WorthPoint
sikhote-alin-meteorite,Fantastic 17.75 Gram SIKHOTE ALIN IRON METEORITE - WITNESSED FALL / RUSSIA 1947,71.5,2023-08-11,17.75,4.03,WorthPoint
sikhote-alin-meteorite,3 Sikhote-Alin Russian Meteorites! Nice Shrapnel Display! Authentic Space Rocks,14.99,2023-08-10,,,WorthPoint
sikhote-alin-meteorite,Best Quality! Lots Of Thumbprints! Super Sculpted Sikhote-alin Meteorite 29.9 Gm,224.25,2023-08-10,29.9,7.5,WorthPoint
sikhote-alin-meteorite,Fantastic 25.75 Gram SIKHOTE ALIN IRON METEORITE - WITNESSED FALL / RUSSIA 1947,120,2023-08-08,25.75,4.66,WorthPoint
sikhote-alin-meteorite,Rare Shocked Specimen! Exquisite End Cut! New Campo Del Cielo Meteorite 520 Gms,374.25,2023-08-08,520,0.72,WorthPoint
sikhote-alin-meteorite,1032 Gm. Campo Del Cielo Meteorite ; B Grade! 2.3 Lbs; Inexpensive,539.1,2023-08-08,1032,0.52,WorthPoint
sikhote-alin-meteorite,Cheap Price! Exquisite Double Cut! New Campo Del Cielo Meteorite 163 Gms,111.75,2023-08-07,163,0.69,WorthPoint
sikhote-alin-meteorite,81 Gm Baby Campo Del Cielo Meteorite Med Grade! Stand Cheap,89.1,2023-08-06,81,1.1,WorthPoint
sikhote-alin-meteorite,Sikhote-Alin Meteorite 10.1 Grams,10,2023-08-06,10.1,0.99,WorthPoint
sikhote-alin-meteorite,Sikhote-Alin Russian Iron Meteorite: 4.9 Grams,5.5,2023-08-05,4.9,1.12,WorthPoint
sikhote-alin-meteorite,"Meteorite Sericho, Pallasite, Kenya, Lot Of 8 Complete Pieces, 100 Grams #1",79.99,2023-08-05,100,0.8,WorthPoint
sikhote-alin-meteorite,"Sikhote-alin Iron Meteorite, Found In Russia 1947, 8 Grams *nice*",12.5,2023-08-03,8,1.56,WorthPoint
sikhote-alin-meteorite,578 GM CAMPO DEL CIELO METEORITE AAA GRADE BEAUTIFUL SMALL METEORITE 1.3 Lbs,539.96,2023-08-03,578,0.93,WorthPoint
sikhote-alin-meteorite,137 Gm Baby Campo Del Cielo Meteorite Aaa Grade,179.1,2023-08-02,137,1.31,WorthPoint
sikhote-alin-meteorite,51 Gm. Baby Campo Del Cielo Meteorite ; A Grade!!,62.1,2023-08-01,51,1.22,WorthPoint
sikhote-alin-meteorite,"Sikhote-Alin Iron IIAB Meteorite 6 Individuals Witnessed Fall, February 12, 1947",25,2023-07-31,,,WorthPoint
sikhote-alin-meteorite,2900 Gm. Campo Del Cielo Meteorite ; A Grade! Meteorite! 6.4 Lbs,900,2023-07-30,2900,0.31,WorthPoint
sikhote-alin-meteorite,"NEWEST!!! PICA Impact Glass, Chile, One Small Piece, 34.6 Grams",17.85,2023-07-30,34.6,0.52,WorthPoint
sikhote-alin-meteorite,"NEW RARE!! NWA 10645 Nakhlite MARTIAN Meteorite, Fragment With Crust, 4.24 Grams",2999.99,2023-07-30,4.24,707.54,WorthPoint
sikhote-alin-meteorite,720 Gm. Campo Del Cielo Meteorite ; Aa Grade!! 1.6 Pounds,539.1,2023-07-30,720,0.75,WorthPoint
sikhote-alin-meteorite,Nice Sikhote Alin Meteorite In Display And Free Bonus !! #221sikhote,22.95,2023-07-29,,,WorthPoint
sikhote-alin-meteorite,"Sikhote Alin 14.81g Beautifully Thumbprint W/ Flowlines, Rollover Meteorite",37,2023-07-29,14.81,2.5,WorthPoint
sikhote-alin-meteorite,29 Gm Baby Campo Del Cielo Meteorite A Grade Stand,35.1,2023-07-29,29,1.21,WorthPoint
sikhote-alin-meteorite,1348 GM. CAMPO DEL CIELO METEORITE ;A GRADE!! BEAUTIFUL; 3 Lbs.,854.95,2023-07-28,1348,0.63,WorthPoint
sikhote-alin-meteorite,1414 Gm. Campo Del Cielo Meteorite ; Aa Grade Baby Meteorite; Beautiful 3.1#,450,2023-07-28,1414,0.32,WorthPoint
sikhote-alin-meteorite,"Campo Del Cielo Meteorite Nugget For Jewelry, Pendants, Collectors, Artwork. M7",5.25,2023-07-27,,,WorthPoint
sikhote-alin-meteorite,882 Gm. New Campo Del Cielo Meteorite ; Aaa Grade! Beautiful Meteorite; 2 Lbs,719.95,2023-07-26,882,0.82,WorthPoint
sikhote-alin-meteorite,Beautiful 220 Gm. Campo Del Cielo Meteorite Sculptural Cut 6 Sides,143.1,2023-07-25,220,0.65,WorthPoint
sikhote-alin-meteorite,456 Gm. Campo Del Cielo Meteorite ; Aa Grade!! 1+ Pounds ; Great Price,269.1,2023-07-25,456,0.59,WorthPoint
sikhote-alin-meteorite,7.08 Grams 16mm SIKHOTE ALIN Russian Shrapnel Meteorite With COA And Info Card,11.99,2023-07-24,7.08,1.69,WorthPoint
sikhote-alin-meteorite,"Meteorite Seymchan Small Olivined Cut Block 101 Grams, Very Nice Structure",504.99,2023-07-24,101,5,WorthPoint
sikhote-alin-meteorite,782 GM. NEW CAMPO DEL CIELO METEORITE ; B GRADE!! Beautiful; 1.7 LBS. CHEAP!,359.1,2023-07-24,782,0.46,WorthPoint
sikhote-alin-meteorite,90 Gm Baby Campo Del Cielo Meteorite A Grade,107.1,2023-07-24,90,1.19,WorthPoint
sikhote-alin-meteorite,1840 GM. CAMPO DEL CIELO METEORITE ;AA GRADE LARGE METEORITE 4 Lbs.,989.1,2023-07-24,1840,0.54,WorthPoint
sikhote-alin-meteorite,"NEW!! RARE!! Qiquanhu Eucrite, Witnessed Fall, China, 1.57 Grams Fragment",156.99,2023-07-23,1.57,99.99,WorthPoint
sikhote-alin-meteorite,"Guinea - 2022 Meteorites & Dinosaurs, Gargoyleosaurus - 4 Stamp Sheet -",14.5,2023-07-23,,,WorthPoint
sikhote-alin-meteorite,"Sikhote-Alin Meteorite ""The Pensive Man""",3000,2023-07-22,,,WorthPoint
sikhote-alin-meteorite,"Sikhote-Alin Meteorite ""The Shark""",1875,2023-07-22,,,WorthPoint
sikhote-alin-meteorite,"Sikhote-Alin Meteorite ""The Lion""",5000,2023-07-22,,,WorthPoint
sikhote-alin-meteorite,"Sikhote-Alin Meteorite ""The Terrier""",1875,2023-07-22,,,WorthPoint
sikhote-alin-meteorite,"Sikhote-Alin Meteorite ""Shrapnel"" ""The Monster""",1000,2023-07-22,,,WorthPoint
sikhote-alin-meteorite,Sikhote-Alin Meteorite & E.L. Krinov Coin,1500,2023-07-22,,,WorthPoint
sikhote-alin-meteorite,"Sikhote-Alin Meteorite ""Sleeping Dragon""",4750,2023-07-22,,,WorthPoint
sikhote-alin-meteorite,"Sikhote-Alin Meteorite ""The Owl""",2625,2023-07-22,,,WorthPoint
sikhote-alin-meteorite,Sikhote-Alin Meteorite In Lucite Pyramid,550,2023-07-22,,,WorthPoint
sikhote-alin-meteorite,Sikhote-Alin Meteorite End Cut,4375,2023-07-22,,,WorthPoint
sikhote-alin-meteorite,"Sikhote-Alin Meteorite ""The Rabbit""",1312.5,2023-07-22,,,WorthPoint
sikhote-alin-meteorite,"Sikhote-Alin Meteorite ""The Hitchhiker""",1312.5,2023-07-22,,,WorthPoint
sikhote-alin-meteorite,"Sikhote-Alin Meteorite ""The Dragon""",2500,2023-07-22,,,WorthPoint
sikhote-alin-meteorite,Sikhote-Alin Meteorite Shrapnel 17.5g,26,2023-07-22,17.5,1.49,WorthPoint
sikhote-alin-meteorite,324 Gm. Campo Del Cielo Meteorite ; A Grade Meteorite ! .7 Pounds !,224.1,2023-07-22,324,0.69,WorthPoint
sikhote-alin-meteorite,2.53 Grams 12mm SIKHOTE ALIN Russian Meteorite Some Lipping Individual With COA,9.99,2023-07-22,2.53,3.95,WorthPoint
sikhote-alin-meteorite,590 Gm. Campo Del Cielo Meteorite ; Aaa Grade!! Baby Campo 1.3 Lbs,566.19,2023-07-21,590,0.96,WorthPoint
sikhote-alin-meteorite,392 Gm. Baby Campo Del Cielo Meteorite ; Med Grade! .86 Pounds; Stand; Cheap!!,404.1,2023-07-21,392,1.03,WorthPoint
sikhote-alin-meteorite,Stunning - Meteorite Sikhote-Alin Russian 49.8 Grams! - Nice Formation -,127.5,2023-07-18,49.8,2.56,WorthPoint
sikhote-alin-meteorite,Fantastic 46.5 Gram SIKHOTE ALIN IRON METEORITE - FALL IN RUSSIA IN 1947,81.25,2023-07-17,46.5,1.75,WorthPoint
sikhote-alin-meteorite,1934 Gm. Campo Del Cielo Meteorite ; Med Grade! 4.3 Pounds; Stand; Cheap!!,805.95,2023-07-17,1934,0.42,WorthPoint
sikhote-alin-meteorite,"SIKHOTE-ALIN METEORITE 32.0 Gm W/ Wood Display Stand, Label, And COA #13679 14o",69.99,2023-07-16,32,2.19,WorthPoint
sikhote-alin-meteorite,"NEW! Tsarev Meteorite Chondrite L5, Russia, Nice Tumbled Fragment 69.7 Grams",40,2023-07-16,69.7,0.57,WorthPoint
sikhote-alin-meteorite,"NEWEST!!! PICA Impact Glass, Chile, One Small Piece, 37.1 Grams",12.5,2023-07-16,37.1,0.34,WorthPoint
sikhote-alin-meteorite,Beautiful 414 Gm Etched Campo Del Cielo Meteorite Quarter Cut,296.1,2023-07-15,414,0.72,WorthPoint
sikhote-alin-meteorite,"2 Sikhote-Alin Iron Meteorites And Free Bonus, Witnessed 1947 Fall #201sikhote2",45.95,2023-07-14,,,WorthPoint
sikhote-alin-meteorite,"Guinea - 2021 Meteorites, Canyon Diablo - 4 Stamp Sheet - GU210202a",11.8,2023-07-12,,,WorthPoint
sikhote-alin-meteorite,958 Gm. Campo Del Cielo Meteorite ; Med Grade! 2.1 Pounds; Stand; Cheap!!,481.95,2023-07-12,958,0.5,WorthPoint
sikhote-alin-meteorite,Beautiful 308 Gm Etched Campo Del Cielo Meteorite Triple Cut,224.1,2023-07-12,308,0.73,WorthPoint
sikhote-alin-meteorite,2.20 Grams 14mm SIKHOTE ALIN Russian Meteorite Individual With COA,5.99,2023-07-11,2.2,2.72,WorthPoint
sikhote-alin-meteorite,Sikhote-Alin Meteorite 582 Grams,2200,2023-07-10,582,3.78,WorthPoint
sikhote-alin-meteorite,566 Gm. Campo Del Cielo Meteorite ; Beautiful B Grade. Meteorite; 1.2 Lbs Cheap,282.69,2023-07-10,566,0.5,WorthPoint
sikhote-alin-meteorite,Sikhote Alin METEORITE 65 Grams,75,2023-07-09,65,1.15,WorthPoint
sikhote-alin-meteorite,Canyon Diablo / Holbrook / Sikhote-Alin Meteorite Coin Set - Number Matched #200,280,2023-07-09,,,WorthPoint
sikhote-alin-meteorite,46 Gm Campo Del Cielo Meteorite A Grade! Beautiful Meteorite,53.1,2023-07-08,46,1.15,WorthPoint
sikhote-alin-meteorite,3650 Gm. Campo Del Cielo Meteorite ; Med Grade! 8 Pounds; Stand; Cheap!!,1210.95,2023-07-08,3650,0.33,WorthPoint
sikhote-alin-meteorite,Sikhote Alin 51.83g Beautiful Iron Meteorite Shrapnel W/ Natural Patina,75,2023-07-08,51.83,1.45,WorthPoint
sikhote-alin-meteorite,Sikhote-Alin Russian Meteorite Cut Iron Fragment - June 1947,8.5,2023-07-07,,,WorthPoint
sikhote-alin-meteorite,768 GM. NEW CAMPO DEL CIELO METEORITE ; B GRADE!! Beautiful; 1.7 LBS. CHEAP!,323.19,2023-07-06,768,0.42,WorthPoint
sikhote-alin-meteorite,"Impact Rock From El'gygytgyn Impact Crater, Chukotka, Russia, 150 Grams",149.99,2023-07-06,150,1,WorthPoint
sikhote-alin-meteorite,"NEW!!! Stromatolite, Lower Proterosoan, 2000 Ma, Karelia, Russia, 196 Grams",59.99,2023-07-05,196,0.31,WorthPoint
sikhote-alin-meteorite,27 Gm. Campo Del Cielo Meteorite ; A Grade! Beautiful Meteorite;,33.2,2023-07-03,27,1.23,WorthPoint
sikhote-alin-meteorite,"Meteorite**Sikhote-Alin, Russia**3.860 Grams, Beautiful ""Nice Bullet Shape!!",18.2,2023-07-03,3.86,4.72,WorthPoint
sikhote-alin-meteorite,"Sikhote-Alin Meteorite, Approx. 21.6 Gr. Approx. Dimension: 20mm X 23mm X 13mm",84,2023-07-02,21.6,3.89,WorthPoint
sikhote-alin-meteorite,"Nice Tektite, Libyan Desert Glass, Egypt, Lot Of 2 Good Pieces. 146 Grams",32,2023-07-02,2,16,WorthPoint
sikhote-alin-meteorite,394 Gm .CAMPO DEL CIELO METEORITE ; MUSEUM GRADE; .9 POUNDS; LOWEST PRICE ANYWHE,363.69,2023-07-01,394,0.92,WorthPoint
sikhote-alin-meteorite,"Sikhote-Alin Iron Meteorite, Oriented, 78.5 Grams, With CoA By R. Drew Of Avatar",200,2023-07-01,78.5,2.55,WorthPoint
sikhote-alin-meteorite,466 Gm. Campo Del Cielo Meteorite ; Aaa Grade!! Beautiful 1 Pound;,363.69,2023-07-01,466,0.78,WorthPoint
sikhote-alin-meteorite,"Sikhote Alin 20.70g Beautifully Thumbprint W/ Flowlines, Rollover Meteorite",33,2023-07-01,20.7,1.59,WorthPoint
sikhote-alin-meteorite,Beautiful 774 Gm. Etched Campo Del Cielo Meteorite Quarter Cut,485.19,2023-07-01,774,0.63,WorthPoint
sikhote-alin-meteorite,468 Gm . CAMPO DEL CIELO METEORITE; BEAUTIFU AA GRADE METEORITE!! 1.1+ LBS,282.85,2023-07-01,468,0.6,WorthPoint
sikhote-alin-meteorite,Beautiful 268 Gm Etched Campo Del Cielo Meteorite Quarter Cut,179.1,2023-06-29,268,0.67,WorthPoint
sikhote-alin-meteorite,Genuine Sikhote Alin Meteorite Nugget Pendant With Sterling Silver Chain,79,2023-06-28,,,WorthPoint
sikhote-alin-meteorite,45 Gm. Baby Campo Del Cielo Meteorite ; A Grade!!,47.79,2023-06-28,45,1.06,WorthPoint
sikhote-alin-meteorite,4.85 Grams 17mm SIKHOTE ALIN Russian Shrapnel Meteorite With COA And Info Card,6.99,2023-06-28,4.85,1.44,WorthPoint
sikhote-alin-meteorite,SIKHOTE-ALIN METEORITE PENDANT $45 Sterling Silver 925 Jewelry STARBORN SA45-P22,45,2023-06-28,,,WorthPoint
sikhote-alin-meteorite,358 Gm. Campo Del Cielo Meteorite ; A Grade; Beautiful Meteorite; .8 Lb,218.66,2023-06-26,358,0.61,WorthPoint
sikhote-alin-meteorite,"Large Sikhote Alin Iron Meteorite. Oriented, 91.9g Witnessed 1947 Fall",312.02,2023-06-26,91.9,3.4,WorthPoint
sikhote-alin-meteorite,"Meteorite, Sikhote-Alin, Beautiful Sculpted 210.1g Individual",411,2023-06-25,210.1,1.96,WorthPoint
sikhote-alin-meteorite,"Sikhote Alin 19.44g Beautifully Thumbprint W/ Flowlines, Rollover Meteorite",32,2023-06-24,19.44,1.65,WorthPoint
sikhote-alin-meteorite,7.84 Grams 20mm SIKHOTE ALIN Russian Shrapnel Meteorite With COA And Info Card,10.99,2023-06-23,7.84,1.4,WorthPoint
sikhote-alin-meteorite,5.56 Grams 19mm SIKHOTE ALIN Russian Shrapnel Meteorite With COA And Info Card,7.99,2023-06-23,5.56,1.44,WorthPoint
sikhote-alin-meteorite,Authentic Sikhote-alin Meteorite - Fall 1947 - Russia,175,2023-06-23,,,WorthPoint
sikhote-alin-meteorite,Great Deal! Sensational Silicated Slice! New Campo Del Cielo Meteorite 29.3 Gms,56.25,2023-06-23,29.3,1.92,WorthPoint
sikhote-alin-meteorite,Sikhote-Alin Meteorite Shrapnel 52.3g 0374,59,2023-06-23,52.3,1.13,WorthPoint
sikhote-alin-meteorite,2824 Gm. New Campo Del Cielo Meteorite ; Aaa Grade!! Beautiful; 6.2 Pounds,1858.95,2023-06-22,2824,0.66,WorthPoint
sikhote-alin-meteorite,Fantastic Gram 39.3 SIKHOTE ALIN IRON METEORITE - FALL IN RUSSIA IN 1947,125.8,2023-06-20,,,WorthPoint
sikhote-alin-meteorite,94 Gm. Campo Del Cielo Meteorite ; Aaa Grade!! Beautiful,105.26,2023-06-20,94,1.12,WorthPoint
sikhote-alin-meteorite,"NEWEST!!! PICA Impact Glass, Chile, Excellent Piece, 52 Grams",83.99,2023-06-20,52,1.62,WorthPoint
sikhote-alin-meteorite,Oriented 13.5 Gram SIKHOTE ALIN IRON METEORITE - FALL IN RUSSIA IN 1947,51.35,2023-06-19,13.5,3.8,WorthPoint
sikhote-alin-meteorite,Meteorites Collection In Box - Starter Collection - Great Gift,29.99,2023-06-18,,,WorthPoint
sikhote-alin-meteorite,"NEWEST!!! PICA Impact Glass, Chile, Lot Of Small 4 Pieces, 14.1 Grams",7,2023-06-18,14.1,0.5,WorthPoint
sikhote-alin-meteorite,Sikhote-Alin Meteorite! 25g!,56,2023-06-18,25,2.24,WorthPoint
sikhote-alin-meteorite,"Sikhote Alin 10.01g Beautifully Thumbprint W/ Flowlines, Rollover Meteorite",21,2023-06-17,10.01,2.1,WorthPoint
sikhote-alin-meteorite,"SIKHOTE-ALIN METEORITE 43.4 Gm W/ Wood Display Stand, Label, And COA #13680 14o",79.99,2023-06-16,43.4,1.84,WorthPoint
sikhote-alin-meteorite,"Sikhote-Alin Iron IIAB Meteorite, Found Russia 1947, 9.1 Gram Individual",27,2023-06-16,9.1,2.97,WorthPoint
sikhote-alin-meteorite,Beautiful 538 Gm Etched Campo Del Cielo Meteorite Quarter Cut,404.1,2023-06-16,538,0.75,WorthPoint
sikhote-alin-meteorite,"Sikhote-Alin Iron IIAB Meteorite, Russia 1947, 16.4 Gram Individual",49,2023-06-16,16.4,2.99,WorthPoint
sikhote-alin-meteorite,43 Gm. Baby Campo Del Cielo Meteorite ; A Grade!!,44.1,2023-06-16,43,1.03,WorthPoint
sikhote-alin-meteorite,46 Gm. Baby Campo Del Cielo Meteorite ; A Grade!!,39.69,2023-06-15,46,0.86,WorthPoint
sikhote-alin-meteorite,538 Gm. Campo Del Cielo Meteorite ; Aaa Grade! Beautiful Small Meteorite; 1.2 #,445.46,2023-06-14,538,0.83,WorthPoint
sikhote-alin-meteorite,454 Gm. Campo Del Cielo Meteorite ; Aaa Grade!! Beautiful 1 Pound;,445.46,2023-06-14,454,0.98,WorthPoint
sikhote-alin-meteorite,114 Gm. Campo Del Cielo Meteorite ; A Grade! Beautiful Meteorite;,112.59,2023-06-13,114,0.99,WorthPoint
sikhote-alin-meteorite,Sikhote-Alin Meteorite 21.4g 2078,33,2023-06-12,21.4,1.54,WorthPoint
sikhote-alin-meteorite,Sikhote-Alin Meteorite 19.8g 0916,30,2023-06-12,19.8,1.52,WorthPoint
sikhote-alin-meteorite,Sikhote-Alin Meteorite 16.5g 2075,25,2023-06-12,16.5,1.52,WorthPoint
sikhote-alin-meteorite,123 Gm. Campo Del Cielo Meteorite ; Aaa Grade!! Beautiful; Stand,161.96,2023-06-12,123,1.32,WorthPoint
sikhote-alin-meteorite,206 GM. CAMPO DEL CIELO METEORITE ; AAA GRADE! BABY METEORITE; .45 Lbs;,201.85,2023-06-12,206,0.98,WorthPoint
sikhote-alin-meteorite,2.37 Grams 16mm Long SIKHOTE ALIN Russia Meteorite Observed Fall In 1947,7.25,2023-06-12,2.37,3.06,WorthPoint
sikhote-alin-meteorite,Sikhote Alin Iron Nickel Meteorite Piece Meteor Asteroid Space Rock Shard Nice,19.95,2023-06-12,,,WorthPoint
sikhote-alin-meteorite,8 Gm. Campo Del Cielo Meteorite ; A Grade! Beautiful Meteorite;,17.82,2023-06-12,8,2.23,WorthPoint
sikhote-alin-meteorite,"Meteorite**Sikhote-Alin, Russia**34.774 Gram, Beautiful Flight Shaped Individual",78,2023-06-12,34.774,2.24,WorthPoint
sikhote-alin-meteorite,"Meteorite**NWA Unc.; Flight Oriented Individual**125.70 Grams,High Quality!!!",399.99,2023-06-12,125.7,3.18,WorthPoint
sikhote-alin-meteorite,"Meteorite**NWA Unc.; Flight Oriented Individual**38.958 Grams, Highest Quality!!",120.5,2023-06-12,38.958,3.09,WorthPoint
sikhote-alin-meteorite,"NEWEST!!! PICA Impact Glass, Chile, Small Piece, 28 Grams",26,2023-06-11,28,0.93,WorthPoint
sikhote-alin-meteorite,"Nice Tektite, Libyan Desert Glass, Egypt, Lot Of Nine Small Pieces. 157 Grams",8.5,2023-06-11,157,0.05,WorthPoint
sikhote-alin-meteorite,"Set Of 3 Meteorites! Gibeon, Kamacite Gibeon & Sikhiote-Alin!",51,2023-06-11,,,WorthPoint
sikhote-alin-meteorite,356 Gm New Campo Del Cielo Meteorite ; Aaa Grade!! Beautiful Small Meteorite,307.15,2023-06-11,356,0.86,WorthPoint
sikhote-alin-meteorite,SIKHOTE ALIN SHRAPNEL Iron Meteorite Space Specimen Witnessed Fall RUSSIA,42.95,2023-06-10,,,WorthPoint
sikhote-alin-meteorite,Cheap Price! Lots Of Thumbprints! Super Sculpted Sikhote-alin Meteorite 62.2 Gms,134.25,2023-06-10,62.2,2.16,WorthPoint
sikhote-alin-meteorite,Sikhote-Alin Highly Oriented Shield Iron Meteorite,172.5,2023-06-10,,,WorthPoint
sikhote-alin-meteorite,BEAUTIFULLY SCULPTED 114.2 Gram SIKHOTE ALIN IRON METEORITE - RUSSIA 1947 FALL,371.15,2023-06-10,114.2,3.25,WorthPoint
sikhote-alin-meteorite,SCULPTED SHRAPNEL 482.2 Gram SIKHOTE ALIN IRON METEORITE - RUSSIA 1947 FALL,626.6,2023-06-10,482.2,1.3,WorthPoint
sikhote-alin-meteorite,"31 Gm. Campo Del Cielo Meteorite Aaa Grade, !just Beautiful!",44.1,2023-06-10,31,1.42,WorthPoint
sikhote-alin-meteorite,BEAUTIFULLY SCULPTED 416.4 Gram SIKHOTE ALIN IRON METEORITE - RUSSIA 1947 FALL,1082.25,2023-06-09,416.4,2.6,WorthPoint
sikhote-alin-meteorite,6 Gm. Campo Del Cielo Meteorite ; A Grade! Beautiful Meteorite; Case,17.95,2023-06-08,6,2.99,WorthPoint
sikhote-alin-meteorite,#14 Russia Natrual Rock From Space Russian Sikhote Meteorite 14.60ct Or 2.90g,14.95,2023-06-08,2.9,5.16,WorthPoint
sikhote-alin-meteorite,196 Gm. Campo Del Cielo Meteorite ; Aaa Grade!! Beautiful; Stand,249.95,2023-06-07,196,1.28,WorthPoint
sikhote-alin-meteorite,384 Gm. Campo Del Cielo Meteorite ; Aaa Grade!! Beautiful .84 Pounds;,359.96,2023-06-07,384,0.94,WorthPoint
sikhote-alin-meteorite,1.4 Grams SIKHOTE ALIN Russia Meteorite Observed Fall In 1947,8,2023-06-07,1.4,5.71,WorthPoint
sikhote-alin-meteorite,Amazing Sikhote Alin Iron Meteorite - RUSSIA 1947 FALL 34.9 Gm,80,2023-06-06,34.9,2.29,WorthPoint
sikhote-alin-meteorite,Central Africa - 2019 Meteorites On Stamps - Stamp Souvenir Sheet - CA190906b,11.9,2023-06-05,,,WorthPoint
sikhote-alin-meteorite,Guinea - 2019 Meteorites And Dinosaurs - 4 Stamp Sheet - GU190407a,11.65,2023-06-05,,,WorthPoint
sikhote-alin-meteorite,Central Africa - 2019 Meteorites On Stamps - 4 Stamp Sheet - CA190906a,11.9,2023-06-05,,,WorthPoint
sikhote-alin-meteorite,"Meteorite NWA Xxxxx, Ordinary Chondrite, Lot Of Two Nice Individuals, 33.7 Grams",8.5,2023-06-04,33.7,0.25,WorthPoint
sikhote-alin-meteorite,"Nice Tektite, Libyan Desert Glass, Egypt, Good Piece. 163.9 Grams",43,2023-06-04,163.9,0.26,WorthPoint
sikhote-alin-meteorite,7 Pieces (3.6 Grams) Of Genuine Sikhote-Alin Meteorite In Glass Vial W/Cork!,14.99,2023-06-03,3.6,4.16,WorthPoint
sikhote-alin-meteorite,"66 Gm. Campo Del Cielo Meteorite Aaa Grade, !just Beautiful!",89.1,2023-06-02,66,1.35,WorthPoint
sikhote-alin-meteorite,"NEWEST! Kharabali H5 Chondrite METEORITE, Russia, Fragment 37 Grams",149.99,2023-05-31,37,4.05,WorthPoint
sikhote-alin-meteorite,"Chondrite H4 METEORITE MARKOVKA, Excellent Individual, Russia, 189 Grams",283.99,2023-05-31,189,1.5,WorthPoint
sikhote-alin-meteorite,"147 Gm. Campo Del Cielo Meteorite Aaa Grade, .32 Lbs.!!just Beautiful!",161.1,2023-05-30,147,1.1,WorthPoint
sikhote-alin-meteorite,#9 30.90ct Natural Rock From Space Russian Sikhote Meteorite Rough 6.15g 18mm,17.95,2023-05-29,6.15,2.92,WorthPoint
sikhote-alin-meteorite,"Sikhote-Alin, Primorye, Russia Iron Nickel Genuine Meteorite Lot 30.15 Grams",87.07,2023-05-29,30.15,2.89,WorthPoint
sikhote-alin-meteorite,"Lot Of Five Excellent Brachiopoda Cystospirifer Rudkinense. Voronezh Reg, Russia",49.99,2023-05-29,,,WorthPoint
sikhote-alin-meteorite,Sikhote-Alin Meteorite! Shrapnel Display! Authentic Space Rock Shaped Like Flame,6.99,2023-05-28,,,WorthPoint
sikhote-alin-meteorite,Sikhote-Alin Iron Meteorite Shrapnel Fragment 105.5 Grams,49.99,2023-05-28,105.5,0.47,WorthPoint
sikhote-alin-meteorite,752 Gm. New Campo Del Cielo Meteorite ; A Grade!! Beautiful Meteorite; 1.6 Lbs,431.96,2023-05-28,752,0.57,WorthPoint
sikhote-alin-meteorite,"Beautiful Fusion Crust 10.444 Gr Sikhote-alin Iron Meteorite,complete Individual",75,2023-05-28,10.444,7.18,WorthPoint
sikhote-alin-meteorite,Fantastic 76.8 Gram SIKHOTE ALIN IRON METEORITE - FALL IN RUSSIA IN 1947,146.25,2023-05-27,76.8,1.9,WorthPoint
sikhote-alin-meteorite,2652 GM. CAMPO DEL CIELO METEORITE ; MED GRADE GRADE; 5.8 Lb CHEAP,899.1,2023-05-27,2652,0.34,WorthPoint
sikhote-alin-meteorite,"418 Gm. Campo Del Cielo Meteorite Museum Grade, .9 Lbs.!!just Beautiful!",499,2023-05-27,418,1.19,WorthPoint
sikhote-alin-meteorite,3030 Gm. Campo Del Cielo Meteorite ; 6.6 Lbs Museum Gd. Beautiful Lg. Meteorite,2965.5,2023-05-26,3030,0.98,WorthPoint
sikhote-alin-meteorite,"374 Gm. Campo Del Cielo Meteorite Museum Grade, .82 Lbs.!!just Beautiful!",449.1,2023-05-26,374,1.2,WorthPoint
sikhote-alin-meteorite,"Meteorite Nantan, Iron, IAB-MG, China, Complete Slice 71 Grams",139.99,2023-05-24,71,1.97,WorthPoint
sikhote-alin-meteorite,Genuine Meteorite Fragments / 3 Total + Bonus 6mm Round Moldavite Gem,24.7,2023-05-23,,,WorthPoint
sikhote-alin-meteorite,Meteorite Seymchan Complete Pallasite Sandblasted Piece 1559 Grams,2499.99,2023-05-23,1559,1.6,WorthPoint
sikhote-alin-meteorite,"Meteorite**NWA Unc.; Flight Oriented Individual**863.10 Grams, Highest Quality!",1299.99,2023-05-22,863.1,1.51,WorthPoint
sikhote-alin-meteorite,SIKHOTE-ALIN Meteorite 24gm Sculpted Loaded THUMBPRINTS + Magnetic Display Stand,199,2023-05-21,24,8.29,WorthPoint
sikhote-alin-meteorite,"NEW! Tsarev Meteorite Chondrite L5, Russia, Nice Fragment, 221.3 Grams",69,2023-05-21,221.3,0.31,WorthPoint
sikhote-alin-meteorite,"NEWEST!!! PICA Impact Glass, Chile, Lot Of Small 6 Pieces, 17 Grams",8,2023-05-21,17,0.47,WorthPoint
sikhote-alin-meteorite,Sikhote-Alin Iron Meteorite From Russia: 8.1 Grams,31,2023-05-20,8.1,3.83,WorthPoint
sikhote-alin-meteorite,97 Gm. Baby Campo Del Cielo Meteorite ; A Grade!!,107.1,2023-05-19,97,1.1,WorthPoint
sikhote-alin-meteorite,"Niger - 2022 Meteorites, Chelyabinsk, Canyon Diablo - 4 Stamp Sheet - NIG220103a",14.4,2023-05-17,,,WorthPoint
sikhote-alin-meteorite,Awesome Sikhote-Alin Meteorite 3.1 Grams! Iron Space Rock Great Character!!,5.5,2023-05-17,3.1,1.77,WorthPoint
sikhote-alin-meteorite,Sikhote-Alin Meteorite 22.6g 2076,39,2023-05-16,22.6,1.73,WorthPoint
sikhote-alin-meteorite,"Meteorite Seymchan Small Etched Cut Block 55.9 Grams, Very Nice Structure",111.99,2023-05-16,55.9,2,WorthPoint
sikhote-alin-meteorite,"Awesome Tektite Moldavite, Czech Republic, 0.23 Grams (1.15 Ct)",9.99,2023-05-16,0.23,43.43,WorthPoint
sikhote-alin-meteorite,7 Gm. Campo Del Cielo Meteorite ; A Grade! Beautiful Meteorite; Case,19.76,2023-05-16,7,2.82,WorthPoint
sikhote-alin-meteorite,Iron Nickel Meteorite! 50.3g!,71,2023-05-14,50.3,1.41,WorthPoint
sikhote-alin-meteorite,Sikhote-Alin-Iron Meteorite! 85g!,103.6,2023-05-14,85,1.22,WorthPoint
sikhote-alin-meteorite,"Nice Tektite, Libyan Desert Glass, Egypt, Lot Of Eight Small Pieces. 149 Grams",31,2023-05-14,149,0.21,WorthPoint
sikhote-alin-meteorite,"Meteorite**NWA Unc.; Flight Oriented Individual**304.60 Grams, High Quality!!!",499.99,2023-05-13,304.6,1.64,WorthPoint
sikhote-alin-meteorite,"NEWEST!!! PICA Impact Glass, Chile, Excellent Piece, 117.5 Grams",174.99,2023-05-12,117.5,1.49,WorthPoint
sikhote-alin-meteorite,"NEWEST! Impact Rock ZUVITE From J√§nisj√§rvi Impact Crater, Russia, Slice 193 Gr",59.99,2023-05-12,193,0.31,WorthPoint
sikhote-alin-meteorite,"Impact Rock From Puchezh-Katunki Impact Crater, Russia, Lot Of 2 Slices, 61 Gram",34.99,2023-05-12,61,0.57,WorthPoint
sikhote-alin-meteorite,"Impact Rock From Ilyinets Impact Crater, Ukriane, Slice 166 Grams",49.99,2023-05-12,166,0.3,WorthPoint
sikhote-alin-meteorite,"NEWEST! Impact Rock ZUEVITE From KARA Impact Crater, Russia, Endcut 24.9 Grams",36.99,2023-05-12,24.9,1.49,WorthPoint
sikhote-alin-meteorite,8.5 Gm. Campo Del Cielo Meteorite ; A Grade! Beautiful Meteorite;,17.1,2023-05-12,8.5,2.01,WorthPoint
sikhote-alin-meteorite,10 Gm. Campo Del Cielo Meteorite ; A Grade! Beautiful Meteorite; Case,20.66,2023-05-12,10,2.07,WorthPoint
sikhote-alin-meteorite,478 Gm. Campo Del Cielo Meteorite ; Aaa Grade; 1 Lb,404.1,2023-05-12,478,0.85,WorthPoint
sikhote-alin-meteorite,Silhote-Alin Iron Meteorite Russia Nice! 15.9grams,16.5,2023-05-12,15.9,1.04,WorthPoint
sikhote-alin-meteorite,414 Gm. Campo Del Cielo Meteorite ; Aaa Grade!! Beautiful .9 Pound,449.96,2023-05-12,414,1.09,WorthPoint
sikhote-alin-meteorite,"Natural History Auction Catalog, Dinosaur Fossils,Triceratops Skull, Meteorites",9.9,2023-05-10,,,WorthPoint
sikhote-alin-meteorite,4 Gm. Campo Del Cielo Meteorite ; A Grade! Beautiful Meteorite; 1 Inch,17.1,2023-05-10,4,4.28,WorthPoint
sikhote-alin-meteorite,Sikhote-Alin Iron Meteorite From Russia: 5.1 Grams,11.5,2023-05-10,5.1,2.25,WorthPoint
sikhote-alin-meteorite,"236 Gm. Campo Del Cielo Meteorite Museum Grade, .52 Lbs.!!just Beautiful!",269.1,2023-05-09,236,1.14,WorthPoint
sikhote-alin-meteorite,"RARE!!! Meteorite Sericho, Pallasite, Kenya, One Complete Piece, 652 Grams",651.99,2023-05-09,652,1,WorthPoint
sikhote-alin-meteorite,Beautiful 692 Gm. Etched Campo Del Cielo Meteorite Triple Cut,449.1,2023-05-08,692,0.65,WorthPoint
sikhote-alin-meteorite,3106 Gm. Campo Del Cielo Meteorite ; 6.8 Lbs Aa Grade,1345.5,2023-05-08,3106,0.43,WorthPoint
sikhote-alin-meteorite,386 Gm. Campo Del Cielo Meteorite ; Aa Grade; .9 Lbs,359.1,2023-05-07,386,0.93,WorthPoint
sikhote-alin-meteorite,"Meteorite Seymchan Etched Small Cut Block Of 52.2 Grams, Very Nice Structure",33,2023-05-07,52.2,0.63,WorthPoint
sikhote-alin-meteorite,"NEW! Tsarev Meteorite Chondrite L5, Russia, Nice Fragment, 180.5 Grams",34.33,2023-05-07,180.5,0.19,WorthPoint
sikhote-alin-meteorite,"NEWEST!!! PICA Impact Glass, Chile, Lot Of Small 2 Pieces, 15 Grams",14.5,2023-05-07,15,0.97,WorthPoint
sikhote-alin-meteorite,Ghana 2020 5 Cedis Sikhote-Alin Meteorite Fine Silver W/ Antique Finish & Meteorite Piece (Tax Exemp,107.58,2023-05-07,,,WorthPoint
sikhote-alin-meteorite,456 GM. CAMPO DEL CIELO METEORITE ; AAA GRADE!! 1 Pound; BEAUTIFUL; W/STAND,494.96,2023-05-05,456,1.09,WorthPoint
sikhote-alin-meteorite,10875 Gm. Campo Del Cielo Meteorite ; Aa Grade!! Beautiful 24 Pounds; Cheap!,4495.5,2023-05-04,10875,0.41,WorthPoint
sikhote-alin-meteorite,"Ikhote-Alin Meteorite ""Shrapnel""",129,2023-05-04,,,WorthPoint
sikhote-alin-meteorite,248 Gm. Campo Del Cielo Meteorite ; Aaa Grade Meteorite ! .55 Pound,269.1,2023-05-04,248,1.09,WorthPoint
sikhote-alin-meteorite,117 GM. Campo Del Cielo METEORITE; B GD. VERY INEXPENSIVE FOR TODAYS MARKET,89.1,2023-05-04,117,0.76,WorthPoint
sikhote-alin-meteorite,"Meteorite Seymchan Etched Endcut Of 91 Grams, Very Nice Structure",145.99,2023-05-04,91,1.6,WorthPoint
sikhote-alin-meteorite,"RARE! Meteorite Mesosiderite, Vaca Muerta, Endcut 12.8 Grams",63.99,2023-05-04,12.8,5,WorthPoint
sikhote-alin-meteorite,360 Gm . CAMPO DEL CIELO METEORITE .8 Pounds LOW LOW PRICE B GRADE,224.1,2023-05-04,360,0.62,WorthPoint
sikhote-alin-meteorite,234 Gm. Campo Del Cielo Meteorite ; B Grade!! Beautiful .5 Lb. Baby Campo,206.96,2023-05-04,234,0.88,WorthPoint
sikhote-alin-meteorite,420 Gm. Campo Del Cielo Meteorite ; Aaa Grade!! Beautiful 1 Lb. Baby Campo,359.96,2023-05-02,420,0.86,WorthPoint
sikhote-alin-meteorite,Nice Lot! Best Quality! New Campo Meteorite Shattered Crystal Pendants 128.1 Gms,134.25,2023-05-01,128.1,1.05,WorthPoint
sikhote-alin-meteorite,4.20 Grams 16mm Long SIKHOTE ALIN Russia Meteorite Observed Fall In 1947,12.65,2023-05-01,4.2,3.01,WorthPoint
sikhote-alin-meteorite,"RARE!!! Meteorite Sericho, Pallasite, Kenya, Lot Of 5 Complete Pieces, 113 Grams",112.99,2023-04-30,113,1,WorthPoint
sikhote-alin-meteorite,282 Gm. Campo Del Cielo Meteorite ; Aaa Grade!! Beautiful .62 Pounds;,269.95,2023-04-30,282,0.96,WorthPoint
sikhote-alin-meteorite,22 Gm. Campo Del Cielo Meteorite ; A Grade! Beautiful Meteorite; Case,29.66,2023-04-29,22,1.35,WorthPoint
sikhote-alin-meteorite,"Meteorite Nantan, Iron, IAB-MG, China, One Piece 546 Grams",190.99,2023-04-29,546,0.35,WorthPoint
sikhote-alin-meteorite,"Sikhote Alin 50.00g Beautifully Thumbprint W/ Flowlines, Rollover Meteorite",102.5,2023-04-29,50,2.05,WorthPoint
sikhote-alin-meteorite,Beautiful 70 Gm. Campo Del Cielo Meteorite Quarter Cut; With Stand,53.1,2023-04-29,70,0.76,WorthPoint
sikhote-alin-meteorite,5 Gm. Campo Del Cielo Meteorite ; A Grade! Beautiful Meteorite; Case,19.95,2023-04-28,5,3.99,WorthPoint
sikhote-alin-meteorite,Meteorite Seymchan Complete Pallasite Sandblasted Piece 708 Grams,1199.99,2023-04-28,708,1.69,WorthPoint
sikhote-alin-meteorite,"RARE!!! Meteorite Sericho, Pallasite, Kenya, Lot Of 4 Complete Pieces, 116 Grams",115.99,2023-04-27,116,1,WorthPoint
sikhote-alin-meteorite,Beautiful 380 Gm. Etched Campo Del Cielo Meteorite Half W/ Stand; Saw Damage,269.95,2023-04-27,380,0.71,WorthPoint
sikhote-alin-meteorite,"Meteorite**Sikhote-Alin, Russia**4.547 Grams, Beautiful ""Mop Top"" Bullet Shape!!",499.99,2023-04-26,4.547,109.96,WorthPoint
sikhote-alin-meteorite,Stunning - Meteorite Sikhote-Alin Russian 168.1 Grams! - Nice Formation -,870,2023-04-24,168.1,5.18,WorthPoint
sikhote-alin-meteorite,"Meteorite**NWA Unc.; Flight Oriented Individual**37.261 Grams, High Quality!!!",99,2023-04-24,37.261,2.66,WorthPoint
sikhote-alin-meteorite,"Awesome Tektite Moldavite, Czech Republic, 0.71 Grams (3.55 Ct)",29.99,2023-04-23,0.71,42.24,WorthPoint
sikhote-alin-meteorite,"Meteorite Seymchan Etched Small Cut Block Of 35.3 Grams, Very Nice Structure",20.5,2023-04-23,35.3,0.58,WorthPoint
sikhote-alin-meteorite,"NEWEST!!! PICA Impact Glass, Chile, Lot Of 4 Small Pieces, 10 Grams",10.5,2023-04-23,10,1.05,WorthPoint
sikhote-alin-meteorite,36 Gm. Baby Campo Del Cielo Meteorite ; A Grade!!,44.1,2023-04-23,36,1.23,WorthPoint
sikhote-alin-meteorite,312 Gm. Campo Del Cielo Meteorite ; Aaa Grade Meteorite ! .7 Pound,359.1,2023-04-22,312,1.15,WorthPoint
sikhote-alin-meteorite,"Sikhote Alin 26.07g Beautifully Thumbprint W/ Flowlines, Rollover Meteorite",51.01,2023-04-22,26.07,1.96,WorthPoint
sikhote-alin-meteorite,Sikhote Alin METEORITE 76.8 Grams,85,2023-04-21,76.8,1.11,WorthPoint
sikhote-alin-meteorite,"NEW! Tsarev Meteorite L5, Russia, Excellent Endcut 303 Grams",757.99,2023-04-21,303,2.5,WorthPoint
sikhote-alin-meteorite,1558 GM. CAMPO DEL CIELO METEORITE ;A GRADE LARGE METEORITE 3.5+lbs.,719.1,2023-04-21,1558,0.46,WorthPoint
sikhote-alin-meteorite,10+ Gm. Campo Del Cielo Meteorite ; A Grade! Beautiful Meteorite;,20.66,2023-04-19,,,WorthPoint
sikhote-alin-meteorite,133 Gm. Campo Del Cielo Meteorite ; A Grade! Beautiful Meteorite;,143.1,2023-04-18,133,1.08,WorthPoint
sikhote-alin-meteorite,"360 Gm. Campo Del Cielo Meteorite Aaa Grade, .8 Lbs.!!just Beautiful!",386.1,2023-04-17,360,1.07,WorthPoint
sikhote-alin-meteorite,550 GM. CAMPO DEL CIELO METEORITE ; A GRADE! BABY METEORITE; 1.2 Lbs; CHEAP!!,314.28,2023-04-17,550,0.57,WorthPoint
sikhote-alin-meteorite,"Meteorite Seymchan Etched Small Cut Block Of 32.3 Grams, Very Nice Structure",34.77,2023-04-16,32.3,1.08,WorthPoint
sikhote-alin-meteorite,"Meteorite Nantan, Iron, IAB-MG, China, One Piece 285 Grams",81,2023-04-16,285,0.28,WorthPoint
sikhote-alin-meteorite,"NEWEST!!! PICA Impact Glass, Chile, Excellent Piece, 29 Grams",22.5,2023-04-16,29,0.78,WorthPoint
sikhote-alin-meteorite,5 Splinters & Pieces Of Sikhote-Alin Meteorite!,60,2023-04-16,,,WorthPoint
sikhote-alin-meteorite,Sikhote Alin 10.06g Beautifully Flight Marked Iron Meteorite,32,2023-04-15,10.06,3.18,WorthPoint
sikhote-alin-meteorite,"Meteorite**Sikhote-Alin, Russia**319.50 Gram, Beautiful Individual W/Regs & Flow",2999,2023-04-15,319.5,9.39,WorthPoint
sikhote-alin-meteorite,Meteorite Sikhote-Alin Strike Iron Nickel Russian 19x17mm 8.1 Grams Ec69,15.49,2023-04-13,8.1,1.91,WorthPoint
sikhote-alin-meteorite,145 Gm. Campo Del Cielo Meteorite ; Baby Meteorite; Beautiful Full Individual,134.96,2023-04-11,145,0.93,WorthPoint
sikhote-alin-meteorite,4.07 Grams 27mm Long SIKHOTE ALIN Russia Meteorite As Found Individual With COA,18.5,2023-04-10,4.07,4.55,WorthPoint
sikhote-alin-meteorite,490 Gm CAMPO DEL CIELO METEORITE ; BEAUTIFUL AA GRADE METEORITE; 1.1 Lbs,359.96,2023-04-10,490,0.73,WorthPoint
sikhote-alin-meteorite,932 Gm. Campo Del Cielo Meteorite ; A Grade! Meteorite! 2 Lbs Inexpensive,503.1,2023-04-10,932,0.54,WorthPoint
sikhote-alin-meteorite,"Large Sikhote Alin Iron Meteorite. Highly Oriented, 201.8g Witnessed 1947 Fall",431,2023-04-10,201.8,2.14,WorthPoint
sikhote-alin-meteorite,"Meteorite Seymchan Etched Small Cut Block Of 30.8 Grams, Very Nice Structure",18,2023-04-09,30.8,0.58,WorthPoint
sikhote-alin-meteorite,"NEWEST!!! PICA Impact Glass, Chile, Excellent Piece, 23 Grams",6.39,2023-04-09,23,0.28,WorthPoint
sikhote-alin-meteorite,3600 Gm CAMPO DEL CIELO METEORITE ; AA GRADE 8+ Lbs.; Beautiful Lg.meteorite,1200,2023-04-09,3600,0.33,WorthPoint
sikhote-alin-meteorite,"Sikhote Alin Iron Meteorite, Small Awesome Slightly Oriented Individual, 13.1 G",52.49,2023-04-08,13.1,4.01,WorthPoint
sikhote-alin-meteorite,Sikhote Alin 7.58g Beautifully Flight Marked Iron Meteorite,21.5,2023-04-08,7.58,2.84,WorthPoint
sikhote-alin-meteorite,206 Gm. Las Palmas Campo Meteorite ; .45 Lbs Museum Gd. Terrific Sculpturing,719.1,2023-04-07,206,3.49,WorthPoint
sikhote-alin-meteorite,4.52 Grams 20mm Long SIKHOTE ALIN Russia Meteorite As Found Individual With COA,12.99,2023-04-07,4.52,2.87,WorthPoint
sikhote-alin-meteorite,1514 Gm. New Campo Del Cielo Meteorite ; A Grade!! Beautiful; 3.3 Pounds,899.1,2023-04-07,1514,0.59,WorthPoint
sikhote-alin-meteorite,Sikhote Alin Meteorite Solid Sterling Silver Handmade Pendant,75,2023-04-06,,,WorthPoint
sikhote-alin-meteorite,1306 Gm. Campo Del Cielo Meteorite ; B Grade! Meteorite! 2.9 Lbs,674.95,2023-04-06,1306,0.52,WorthPoint
sikhote-alin-meteorite,"Awesome Tektite Moldavite, Czech Republic, 0.62 Grams (3.1 Ct)",25.99,2023-04-05,0.62,41.92,WorthPoint
sikhote-alin-meteorite,Sikhote-Alin Meteorite Shrapnel - 2 Individual Pieces - 113 Grams Total Weight,185,2023-04-05,113,1.64,WorthPoint
sikhote-alin-meteorite,"Meteorite Seymchan Etched Small Cut Block Of 28.8 Grams, Very Nice Structure",17.5,2023-04-02,28.8,0.61,WorthPoint
sikhote-alin-meteorite,"NEWEST!!! PICA Impact Glass, Chile, Excellent Piece, 22 Grams",15.51,2023-04-02,22,0.71,WorthPoint
sikhote-alin-meteorite,Sikhote Alin 11.67g Flathead MopTop Oriented Iron Drop Meteorite,59,2023-04-01,11.67,5.06,WorthPoint
sikhote-alin-meteorite,9 Gm. Campo Del Cielo Meteorite ; A Grade! Beautiful Meteorite;,17.1,2023-03-31,9,1.9,WorthPoint
sikhote-alin-meteorite,Beautiful 570 Gm. Etched Campo Del Cielo Meteorite Quad Cut; Cube,359.1,2023-03-31,570,0.63,WorthPoint
sikhote-alin-meteorite,"NEW!! Agoudal Meteorite Crater, Morocco, Breccia With Meteorite Inside, 22.9 Gr",66.99,2023-03-30,22.9,2.93,WorthPoint
sikhote-alin-meteorite,2.24 Grams 18mm Long SIKHOTE ALIN Russia Meteorite As Found Individual With COA,7.99,2023-03-29,2.24,3.57,WorthPoint
sikhote-alin-meteorite,Sikhote-alin Iron Meteorite From Russia 2.6 Grams,5.99,2023-03-27,2.6,2.3,WorthPoint
sikhote-alin-meteorite,220 Gm. Campo Del Cielo Meteorite ; A Grade! Beautiful Meteorite;,206.1,2023-03-27,220,0.94,WorthPoint
sikhote-alin-meteorite,"Meteorite Seymchan Etched Small Cut Block Of 26.4 Grams, Very Nice Structure",15.5,2023-03-26,26.4,0.59,WorthPoint
sikhote-alin-meteorite,"NEWEST!!! PICA Impact Glass, Chile, Excellent Piece, 21 Grams",13.5,2023-03-26,21,0.64,WorthPoint
sikhote-alin-meteorite,1164 Gm. Campo Del Cielo Meteorite ; Aaa Grade Baby Meteorite; Beautiful 2.6#,899.95,2023-03-26,1164,0.77,WorthPoint
sikhote-alin-meteorite,4.13 Grams 18mm Long SIKHOTE ALIN Russia Meteorite As Found Individual With COA,18.5,2023-03-26,4.13,4.48,WorthPoint
sikhote-alin-meteorite,1604 GM. CAMPO DEL CIELO METEORITE ;B GRADE LARGE METEORITE 3.5 Lbs.INEXPENSIVE,719.1,2023-03-26,1604,0.45,WorthPoint
sikhote-alin-meteorite,Sikhote Alin 32.14g Beautifully Flight Marked Iron Meteorite,108.5,2023-03-25,32.14,3.38,WorthPoint
sikhote-alin-meteorite,"Meteorite**NWA Unc.; Flight Oriented Individual**1352.70 Grams,Highest Quality!",2400,2023-03-25,1352.7,1.77,WorthPoint
sikhote-alin-meteorite,9.9 Grams 20mm Long SIKHOTE ALIN Russia Meteorite Observed Fall In 1947,19.99,2023-03-23,9.9,2.02,WorthPoint
sikhote-alin-meteorite,984 Gm CAMPO DEL CIELO METEORITE ; AAA MUSEUM GRADE 2.2+ Lbs.;,1079.1,2023-03-21,984,1.1,WorthPoint
sikhote-alin-meteorite,"Sikhote Alin Iron Meteorite, 5 Awesome Individuals Not Cleaned, 37.5 Gr, Russia",149.99,2023-03-21,37.5,4,WorthPoint
sikhote-alin-meteorite,"Meteorite**Sikhote-Alin, Russia**7.9 Gram, Beautiful Bullet Shaped Individual",159.99,2023-03-21,7.9,20.25,WorthPoint
sikhote-alin-meteorite,1018 Gm. Campo Del Cielo Meteorite ; Med. Grade!! Beautiful; 2.2 Lbs.; Cheap!,584.1,2023-03-20,1018,0.57,WorthPoint
sikhote-alin-meteorite,"Oncolite Limestone, Early Cambrian (520 Ma), Orenburg, Russia, Slice, 518 Grams",79.99,2023-03-19,518,0.15,WorthPoint
sikhote-alin-meteorite,"NEWEST!!! PICA Impact Glass, Chile, Excellent Piece, 20 Grams",15.65,2023-03-19,20,0.78,WorthPoint
sikhote-alin-meteorite,Sikhote-alin Iron Meteorite From Russia 1.9 Grams,5.99,2023-03-16,1.9,3.15,WorthPoint
sikhote-alin-meteorite,Sikhote-alin Iron Meteorite From Russia 2.1 Grams,5.99,2023-03-16,2.1,2.85,WorthPoint
sikhote-alin-meteorite,SCULPTED SHRAPNEL 451.2 Gram SIKHOTE ALIN IRON METEORITE - RUSSIA 1947 FALL,675,2023-03-15,451.2,1.5,WorthPoint
sikhote-alin-meteorite,Large Sikhote Alin Shrapnel Iron Meteorite. 800g Witnessed 1947 Fall,682,2023-03-13,800,0.85,WorthPoint
sikhote-alin-meteorite,"Meteorite Seymchan Nice Thin Slice 26.3 Grams, Partly Transparent",155.99,2023-03-12,26.3,5.93,WorthPoint
sikhote-alin-meteorite,"Meteorite Nantan, Iron, IAB-MG, China, One Piece 274 Grams",109.99,2023-03-12,274,0.4,WorthPoint
sikhote-alin-meteorite,"Meteorite Seymchan Etched Endcut Of 22.1 Grams, Very Nice Structure",26,2023-03-12,22.1,1.18,WorthPoint
sikhote-alin-meteorite,"Lot Of IRGIZITES From Zhamanshin Impact Crater, Kazakhstan, 7.0 Grams",16.5,2023-03-12,7,2.36,WorthPoint
sikhote-alin-meteorite,"NEWEST!!! PICA Impact Glass, Chile, Excellent Piece, 19 Grams",12.22,2023-03-12,19,0.64,WorthPoint
sikhote-alin-meteorite,Russian Meteorite With Gem Case! 1.5 Gram Genuine Sikhote-Alin Meteorite!,12.99,2023-03-12,1.5,8.66,WorthPoint
sikhote-alin-meteorite,"Lot Of 20 Fish Teeth, Pycnodus Sp., Early Cretaceous, Russia #2",59.99,2023-03-12,,,WorthPoint
sikhote-alin-meteorite,"90.3grams Sikhote-Alin Iron Meteorite, Lots Of Character 55x35x25mm",89.95,2023-03-12,90.3,1,WorthPoint
sikhote-alin-meteorite,BEAUTIFULLY SCULPTED 434.2 Gram SIKHOTE ALIN IRON METEORITE - RUSSIA 1947 FALL,2180,2023-03-11,434.2,5.02,WorthPoint
sikhote-alin-meteorite,546 Gm. Campo Del Cielo Meteorite ; Aaa Grade! Beautiful Meteorite; 1.2 Lbs,593.1,2023-03-11,546,1.09,WorthPoint
sikhote-alin-meteorite,Fantastic 56.6 Gram SIKHOTE ALIN IRON METEORITE - FALL IN RUSSIA IN 1947,126.75,2023-03-09,56.6,2.24,WorthPoint
sikhote-alin-meteorite,(x214) 26 G Sikhote Alin Russia Meteorite Feb 1947 Shrapnel Fragment Specimen,76.99,2023-03-09,26,2.96,WorthPoint
sikhote-alin-meteorite,14 Gm. Baby Campo Del Cielo Meteorite ; A Grade!!,26.1,2023-03-08,14,1.86,WorthPoint
sikhote-alin-meteorite,436 Gm. Campo Del Cielo Meteorite ; B Grade Meteorite 1 Pounds; Beautiful,269.1,2023-03-06,436,0.62,WorthPoint
sikhote-alin-meteorite,"Nice Tektite, Libyan Desert Glass, Egypt, One Good Piece. 127.5 Grams",44.77,2023-03-05,127.5,0.35,WorthPoint
sikhote-alin-meteorite,"Sikhote Alin Iron Meteorite, Small Awesome Individual, 15.7 Grams",31,2023-03-05,15.7,1.97,WorthPoint
sikhote-alin-meteorite,"NEWEST!!! PICA Impact Glass, Chile, Excellent Piece, 14 Grams",14.44,2023-03-05,14,1.03,WorthPoint
sikhote-alin-meteorite,Sikhote-alin Iron Meteorite From Russia 2.0 Grams,5.99,2023-03-05,2,3,WorthPoint
sikhote-alin-meteorite,Sikhote-Alin Meteorite 15.6g 0921,23,2023-03-04,15.6,1.47,WorthPoint
sikhote-alin-meteorite,BEAUTIFULLY SCULPTED 305.7 Gram SIKHOTE ALIN IRON METEORITE - RUSSIA 1947 FALL,640.5,2023-03-04,305.7,2.1,WorthPoint
sikhote-alin-meteorite,Sikhote Alin 8.62g Beautifully Regmaglypted Iron Meteorite,20.5,2023-03-04,8.62,2.38,WorthPoint
sikhote-alin-meteorite,"Sikhote-Alin Iron (IIAB) Meteorite Magnet, Real Embedded Fragment",7.95,2023-03-04,,,WorthPoint
sikhote-alin-meteorite,1674 Gm. New Campo Del Cielo Meteorite ; B Grade!! Beautiful; 3.6 Pounds,899.1,2023-03-04,1674,0.54,WorthPoint
sikhote-alin-meteorite,BEAUTIFULLY SCULPTED 23.4 Gram SIKHOTE ALIN IRON METEORITE - RUSSIA 1947 FALL,117.6,2023-03-03,23.4,5.03,WorthPoint
sikhote-alin-meteorite,"Meteorite Seymchan Pallasite FACETED OLIVINE GEM, 1 Piece 2.6 Mm, 0.078 Ct",49.99,2023-03-03,0.016,3124.38,WorthPoint
sikhote-alin-meteorite,BEAUTIFULLY SCULPTED 15.6 Gram SIKHOTE ALIN IRON METEORITE - RUSSIA 1947 FALL,83.3,2023-03-03,15.6,5.34,WorthPoint
sikhote-alin-meteorite,Sikhote Alin METEORITE 57.9 Grams,67,2023-03-03,57.9,1.16,WorthPoint
sikhote-alin-meteorite,Meteorite Sikhote-Alin Strike Iron Nickel Russian 6.7 Grams K99,17.48,2023-03-02,6.7,2.61,WorthPoint
sikhote-alin-meteorite,"RARE! Meteorite Sericho, Pallasite, Kenya, Siderite Oriented Individual, 3.77 Gr",39.99,2023-03-02,3.77,10.61,WorthPoint
sikhote-alin-meteorite,Meteorite Choice Best Specimen Sikhote Alin Iron Nickel - Russia 62.3 Grams,450,2023-02-27,62.3,7.22,WorthPoint
sikhote-alin-meteorite,450 Gm. Campo Del Cielo Meteorite ;museum Grade Meteorite. 1 Pound!,449.33,2023-02-27,450,1,WorthPoint
sikhote-alin-meteorite,"Meteorite**Sikhote-Alin, Russia**22.5 Gram, Beautiful Bullet Shaped Individual",31,2023-02-27,22.5,1.38,WorthPoint
sikhote-alin-meteorite,306 Gm. Campo Del Cielo Meteorite ;museum Grade Meteorite. .67 Pounds!,314.33,2023-02-26,306,1.03,WorthPoint
sikhote-alin-meteorite,"NEW! Springwater Meteorite PALLASITE, Canada, Nice Small Slice 1.7 Gram",22.5,2023-02-26,1.7,13.24,WorthPoint
sikhote-alin-meteorite,"Lot Of 16 Fish Teeth, Pycnodus Sp., Early Cretaceous, Russia",49.99,2023-02-26,,,WorthPoint
sikhote-alin-meteorite,Sikhote Alin 56.74g Incredibly Torn And Tortured Iron Meteorite,349,2023-02-25,56.74,6.15,WorthPoint
sikhote-alin-meteorite,"Meteorite Seymchan Pallasite FACETED COLORED OLIVINE GEM 3.77 Mm, 0.216 Ct #42",85.99,2023-02-25,0.043,1999.77,WorthPoint
sikhote-alin-meteorite,332 Gm. Campo Del Cielo Meteorite ;museum Collectors Grade Meteorite. .73 Lbs.,449.6,2023-02-25,332,1.35,WorthPoint
sikhote-alin-meteorite,5582 Gm. Campo Del Cielo Meteorite ; A Grade! Meteorite!12.3 Lbs. Inexpensive!!,1975.5,2023-02-24,5582,0.35,WorthPoint
sikhote-alin-meteorite,Beautiful 1040 Gm. Campo Del Cielo Meteorite 2.3 # Tripple Cut;,476.1,2023-02-24,1040,0.46,WorthPoint
sikhote-alin-meteorite,2 Sikhote-Alin Iron Meteorites! Beautiful Shrapnel Display Specimens In Gem Jar!,14.99,2023-02-22,,,WorthPoint
sikhote-alin-meteorite,Beautiful 634 Gm. Etched Campo Del Cielo Meteorite Quad Cut,404.1,2023-02-22,634,0.64,WorthPoint
sikhote-alin-meteorite,1144 GM. CAMPO DEL CIELO METEORITE ;MED GRADE LARGE METEORITE 2.5 Lbs. CHEAP!,495,2023-02-21,1144,0.43,WorthPoint
sikhote-alin-meteorite,Sikhote Alin METEORITE 89.7 Grams,95,2023-02-20,89.7,1.06,WorthPoint
sikhote-alin-meteorite,Fantastic 32.9 Gram SIKHOTE ALIN IRON METEORITE - FALL IN RUSSIA IN 1947,99,2023-02-20,32.9,3.01,WorthPoint
sikhote-alin-meteorite,"Meteorite**Sikhote-Alin, Russia**23.90 Gram, Extremely Unique Individual!!!",130.49,2023-02-20,23.9,5.46,WorthPoint
sikhote-alin-meteorite,RARE Pseudomorph Of Hematite After Pyrite Or Markazite. Lot Of 3 Pieces. 55.6 Gr,49.99,2023-02-20,55.6,0.9,WorthPoint
sikhote-alin-meteorite,Beautiful 412 Gm. Campo Del Cielo Meteorite .9 Lb Sculptural Cut 6 Sides,269.1,2023-02-19,412,0.65,WorthPoint
sikhote-alin-meteorite,"Sikhote Alin Meteorite Specimen 11.27 Grams, Astronomy Gift, Iron Meteorite",89,2023-02-19,11.27,7.9,WorthPoint
sikhote-alin-meteorite,894 Gm. Campo Del Cielo Meteorite ; Aaa Grade Baby Meteorite; Beautiful 2#,629.95,2023-02-18,894,0.7,WorthPoint
sikhote-alin-meteorite,Sikhote Alin 14.91g Beautifully Regmaglypted Iron Meteorite,36,2023-02-18,14.91,2.41,WorthPoint
sikhote-alin-meteorite,"Meteorite**NWA Unc.**85.330 Grams; Gorgeous Regmaglypted Piece, MUSEUM QUALITY!!",899.99,2023-02-15,85.33,10.55,WorthPoint
sikhote-alin-meteorite,Beautiful 532 Gm. Polished Campo Del Cielo Meteorite Sculptural Piece; 1.2#,314.96,2023-02-15,532,0.59,WorthPoint
sikhote-alin-meteorite,ORIENTED SIKHOTE ALIN Nickel Iron Meteorite Specimen Witnessed Fall RUSSIA,69.95,2023-02-14,,,WorthPoint
sikhote-alin-meteorite,888 GM. CAMPO DEL CIELO METEORITE ; AAA GRADE BABY METEORITE; BEAUTIFUL 2 Lbs,989.95,2023-02-13,888,1.11,WorthPoint
sikhote-alin-meteorite,GORGEOUS 45g ORIENTED SIKHOTE ALIN METEORITE WITH FLOW LINES & ROLL OVER LIPS!,372,2023-02-13,45,8.27,WorthPoint
sikhote-alin-meteorite,AMAZING 57g ORIENTED SIKHOTE ALIN METEORITE WITH FLOW LINES & ROLL OVER LIPS!,556,2023-02-13,57,9.75,WorthPoint
sikhote-alin-meteorite,AMAZING 61g ORIENTED SIKHOTE ALIN METEORITE WITH FLOW LINES & ROLL OVER LIPS!,796,2023-02-13,61,13.05,WorthPoint
sikhote-alin-meteorite,41.1 Gram Sikhote Alin Iron Meteorite 1947 Russia Fall Regmaglypts Flow Lines,175,2023-02-13,41.1,4.26,WorthPoint
sikhote-alin-meteorite,SIKHOTE ALIN Iron Meteorite Specimen NICE REGMAGLYPTS Witnessed Fall RUSSIA,59.95,2023-02-13,,,WorthPoint
sikhote-alin-meteorite,SIKHOTE ALIN Iron Meteorite Specimen FLOWLINES ROLLOVER LIPS RUSSIA,89.99,2023-02-10,,,WorthPoint
sikhote-alin-meteorite,"Sikhote-Alin Meteorite, Approx. 30.9 Gr. Approx. Dimension: 27mm X 22mm X 20mm",119,2023-02-10,30.9,3.85,WorthPoint
sikhote-alin-meteorite,1430 Gm Campo Del Cielo Meteorite ; Med Grade!! Inexpensive Meteorite; 3.1 Lbs,629.96,2023-02-09,1430,0.44,WorthPoint
sikhote-alin-meteorite,398 Gm. Campo Del Cielo Meteorite ; Museum Grade!! Certified .8 Pounds; Window;,449.1,2023-02-09,398,1.13,WorthPoint
sikhote-alin-meteorite,Meteorite Sikhote-Alin Strike Iron Nickel Russian 21x15mm 3.9 Grams Eb98,13.48,2023-02-09,3.9,3.46,WorthPoint
sikhote-alin-meteorite,"Sikhote Alin Iron Meteorite, Lot Of 2 Small Oriented Individuals, 19.4 Grams",86.99,2023-02-08,19.4,4.48,WorthPoint
sikhote-alin-meteorite,404 Gm. Las Palmas Campo Meteorite ; .9 Lbs Museum Gd. Terrific Sculpturing,809.1,2023-02-08,404,2,WorthPoint
sikhote-alin-meteorite,320 Gm. Campo Del Cielo Meteorite ; Museum Collectors Grade Meteorite. .7 Lbs.,625.5,2023-02-08,320,1.95,WorthPoint
sikhote-alin-meteorite,204 Gm. Campo Del Cielo Meteorite ; Baby Meteorite; Beautiful Full Individual,179.95,2023-02-07,204,0.88,WorthPoint
sikhote-alin-meteorite,286 GM. CAMPO DEL CIELO METEORITE ; AAA GRADE!! .63 Pounds; BEAUTIFUL; W/STAND,269.96,2023-02-06,286,0.94,WorthPoint
sikhote-alin-meteorite,496 GM. CAMPO DEL CIELO METEORITE ; A GRADE!! BeautifuL 1.1 LBS. CHEAP!,269.1,2023-02-06,496,0.54,WorthPoint
sikhote-alin-meteorite,"Beautiful Fusion Crust 16.398 Gr Sikhote-alin Iron Meteorite,complete Individual",115,2023-02-06,16.398,7.01,WorthPoint
sikhote-alin-meteorite,378 Gm. Campo Del Cielo Meteorite ; Med Grade!! Baby Campo .8 Lbs Cheap!,224.1,2023-02-06,378,0.59,WorthPoint
sikhote-alin-meteorite,214 Gm. Campo Del Cielo Meteorite ; A Grade! Cheap Baby Campo Meteorite,197.96,2023-02-06,214,0.93,WorthPoint
sikhote-alin-meteorite,"Sikhote-Alin Meteorite INCREDIBLE Shape, 256g",799,2023-02-06,256,3.12,WorthPoint
sikhote-alin-meteorite,2 Sikhote-Alin Russian Meteorites! Nice Shrapnel Display! Authentic Space Rocks,9.99,2023-02-06,,,WorthPoint
sikhote-alin-meteorite,GORGEOUS 41g ORIENTED SIKHOTE ALIN METEORITE WITH FLOW LINES & ROLL OVER LIPS!,396,2023-02-06,41,9.66,WorthPoint
sikhote-alin-meteorite,Fantastic 28.02 Gram SIKHOTE ALIN IRON METEORITE - FALL IN RUSSIA IN 1947,110,2023-02-05,28.02,3.93,WorthPoint
sikhote-alin-meteorite,Sikhote Alin METEORITE 51 Grams,60,2023-02-05,51,1.18,WorthPoint
sikhote-alin-meteorite,"Museum Grade 15 Gm Sikhote-alin Meteorite From Russia, Collection Piece!!",134.1,2023-02-05,15,8.94,WorthPoint
sikhote-alin-meteorite,Meteorite,90,2023-02-04,,,WorthPoint
sikhote-alin-meteorite,Beautiful 230 Gm. Etched Campo Del Cielo Meteorite Sculptural Multi Cut; Calcite,179.1,2023-02-04,230,0.78,WorthPoint
sikhote-alin-meteorite,538 Gm. New Campo Del Cielo Meteorite ;aaa Grade Meteorite; 1.2 Lb;,449.1,2023-02-03,538,0.83,WorthPoint
sikhote-alin-meteorite,Meteorite Fragments From Sikhote-Alin Russia (K),20,2023-02-02,,,WorthPoint
sikhote-alin-meteorite,"Nice Tektite, Libyan Desert Glass, Egypt, RARE Piece With Inclusion. 31.4 Grams",199.99,2023-02-02,31.4,6.37,WorthPoint
sikhote-alin-meteorite,"NEWEST! Meteorite Toconao 001, Chondrite LL3, Chile. Slice. 5.30 Grams",26.49,2023-02-02,5.3,5,WorthPoint
sikhote-alin-meteorite,Sikhote Alin METEORITE 20.6 Grams,33,2023-02-02,20.6,1.6,WorthPoint
sikhote-alin-meteorite,Fantastic 43.5 Gram SIKHOTE ALIN IRON METEORITE - FALL IN RUSSIA IN 1947,104.3,2023-02-02,43.5,2.4,WorthPoint
sikhote-alin-meteorite,538 Gm. Campo Del Cielo Meteorite ; Aaa Grade! Beautiful Meteorite;,449.1,2023-01-31,538,0.83,WorthPoint
sikhote-alin-meteorite,"Meteorite Seymchan Small Olivined Cut Block 324.5 Grams, Very Nice Structure",1622.99,2023-01-30,324.5,5,WorthPoint
sikhote-alin-meteorite,"Sikhote-Alin Meteorite INCREDIBLE Shape, 122g",1326,2023-01-30,122,10.87,WorthPoint
sikhote-alin-meteorite,346 Gm. Campo Del Cielo Meteorite ; Museum Grade!! Beautiful Baby Campo .76 Lb,332.1,2023-01-29,346,0.96,WorthPoint
sikhote-alin-meteorite,"NEW! Iron Meteorite Pizhanka Nice Etched Thin Slice 68.1 Grams, Russia",272.99,2023-01-29,68.1,4.01,WorthPoint
sikhote-alin-meteorite,432 Gm .CAMPO DEL CIELO METEORITE ; AAA QUALITY; 1 LB BEAUTIFUL;,404.1,2023-01-29,432,0.94,WorthPoint
sikhote-alin-meteorite,5.4 Gram 17+/-pcs Sikhote Alin Russia Meteorite Fragment Parcel 93% Fe C.2/12/47,44.99,2023-01-29,5.4,8.33,WorthPoint
sikhote-alin-meteorite,2.58 Grams 17mm Long SIKHOTE ALIN Russia Meteorite As Found Individual +COA,8.99,2023-01-27,2.58,3.48,WorthPoint
sikhote-alin-meteorite,3.21 Grams 15mm SIKHOTE ALIN Russia Meteorite Nice Looking Shrapnel With A COA,6.99,2023-01-27,3.21,2.18,WorthPoint
sikhote-alin-meteorite,1208 Gm CAMPO DEL CIELO METEORITE ; AA GRADE 2.7+ Lbs.; Beautiful Lg.meteorite,629.1,2023-01-27,1208,0.52,WorthPoint
sikhote-alin-meteorite,Sikhote-Alin 30.1g Meteorite - Oriented End And Covered With Regmaglypts,179.95,2023-01-26,30.1,5.98,WorthPoint
sikhote-alin-meteorite,Fantastic 30.5 Gram SIKHOTE ALIN IRON METEORITE - FALL IN RUSSIA IN 1947,63,2023-01-26,30.5,2.07,WorthPoint
sikhote-alin-meteorite,882 Gm. Campo Del Cielo Meteorite ; Meteorite; 1.9 Lbs. A Grade,449.96,2023-01-26,882,0.51,WorthPoint
sikhote-alin-meteorite,1132 GM. CAMPO DEL CIELO METEORITE ; MUSEUM GRADE; 2.5 Lb,809.1,2023-01-25,1132,0.71,WorthPoint
sikhote-alin-meteorite,3088 Gm. Campo Del Cielo Meteorite ; A Grade!! 6.8 Lbs Cheap!!! Metal Stand,1799.96,2023-01-24,3088,0.58,WorthPoint
sikhote-alin-meteorite,Beautiful 430 Gm. Etched Campo Del Cielo Meteorite Cut Pair; Same Meteorite,449.1,2023-01-23,430,1.04,WorthPoint
sikhote-alin-meteorite,1280 Gm. Campo Del Cielo Meteorite ; A Grade!! Beautiful; 2.8 Lbs.; Cheap!,764.1,2023-01-23,1280,0.6,WorthPoint
sikhote-alin-meteorite,Beautiful 708 Gm. Campo Del Cielo Meteorite 1.6 # Triple Cut;,359.1,2023-01-23,708,0.51,WorthPoint
sikhote-alin-meteorite,3536 Gm. Campo Del Cielo Meteorite ; A Grade! Meteorite! 7.8 Lbs. Inexpensive!!,1345.5,2023-01-23,3536,0.38,WorthPoint
sikhote-alin-meteorite,NEW! Meteorite Seymchan Lot Of Small Cuts And Fragments. 30 Gr,10.59,2023-01-22,30,0.35,WorthPoint
sikhote-alin-meteorite,"Meteorite Nantan, Iron, IAB-MG, China, One Piece 215 Grams",45,2023-01-22,215,0.21,WorthPoint
sikhote-alin-meteorite,322 Gm. Campo Del Cielo Meteorite ; Museum Grade! Beautiful Meteorite; .7 Lbs,359.1,2023-01-22,322,1.12,WorthPoint
sikhote-alin-meteorite,210 Gm. Campo Del Cielo Meteorite ; Aaa Grade Meteorite. .5 Lbs. Hole,296.1,2023-01-21,210,1.41,WorthPoint
sikhote-alin-meteorite,538 Gm. Campo Del Cielo Meteorite Aaa Grade!! Beautiful Baby Campo 1.2 Lbs,494.96,2023-01-21,538,0.92,WorthPoint
sikhote-alin-meteorite,220 Gm. Las Palmas Campo Meteorite ; .48 Lbs Museum Gd. Terrific Sculpturing,539.1,2023-01-21,220,2.45,WorthPoint
sikhote-alin-meteorite,448 Gm . CAMPO DEL CIELO METEORITE; AAA GRADE ; 1 LB.,359.1,2023-01-21,448,0.8,WorthPoint
sikhote-alin-meteorite,610 Gm. Campo Del Cielo Meteorite ;museum Collectors Grade Meteorite. 1.34 Lbs.,1075.5,2023-01-21,610,1.76,WorthPoint
sikhote-alin-meteorite,"Thin Section Of METEORITE SAU 089, Ordinary Chondrite L/LL3.6/3.7, Oman #-3",79.99,2023-01-21,,,WorthPoint
sikhote-alin-meteorite,Meteorite Sikhote-Alin Strike Iron Nickel Russian 19X28mm 10Grams FQ05,20.99,2023-01-20,10,2.1,WorthPoint
sikhote-alin-meteorite,"Awesome Tektite ATACAMAITE From Chile, 0.65 Grams",19.99,2023-01-20,0.65,30.75,WorthPoint
sikhote-alin-meteorite,"Sikhote Alin Iron Meteorite, Lot Of Small Fragments, 100 Grams, Russia, #1",119.99,2023-01-20,100,1.2,WorthPoint
sikhote-alin-meteorite,"Sikhote Alin Iron Meteorite, Small Awesome Individual, 7.9 Grams",39.49,2023-01-20,7.9,5,WorthPoint
sikhote-alin-meteorite,866 Gm. Campo Del Cielo Meteorite ; Med Grade!! Beautiful;1.9 Lbs.; Cheap!,449.1,2023-01-19,866,0.52,WorthPoint
sikhote-alin-meteorite,Sikhote-Alin 25.6g Meteorite - Outstanding Shape And Covered With Regmaglypts,149.95,2023-01-18,25.6,5.86,WorthPoint
sikhote-alin-meteorite,SIKHOTE ALIN Authentic Iron Meteorite Specimen Witnessed Fall RUSSIA,39.95,2023-01-17,,,WorthPoint
sikhote-alin-meteorite,ORIENTED SIKHOTE ALIN Iron Meteorite Specimen FLOWLINES Witnessed Fall RUSSIA,119.95,2023-01-17,,,WorthPoint
sikhote-alin-meteorite,"Meteorite**Sikhote-Alin, Russia**6.348 Gram, Extremely Unique Individual!!!",25.37,2023-01-16,6.348,4,WorthPoint
sikhote-alin-meteorite,"NEW! Tsarev Meteorite Chondrite L5, Russia, Nice Fragment, 94.1 Grams",18.5,2023-01-15,94.1,0.2,WorthPoint
sikhote-alin-meteorite,"Meteorite Seymchan Pallasite FACETED OLIVINE GEM, 1 Piece 3.65 Mm, 0.196 Ct #25",97.99,2023-01-15,0.039,2512.56,WorthPoint
sikhote-alin-meteorite,Sikhote-Alin Iron Meteorite! Natural Display Specimen In Gem Jar! Great Shape,6,2023-01-13,,,WorthPoint
sikhote-alin-meteorite,Beautiful 652 Gm. Etched Campo Del Cielo Meteorite Triple Cut,449.1,2023-01-12,652,0.69,WorthPoint
sikhote-alin-meteorite,Meteorite Sikhote-Alin Strike Iron Nickel Russian 31x20mm 10 Grams Ec77,21.99,2023-01-11,10,2.2,WorthPoint
sikhote-alin-meteorite,Meteorite Sikhote-Alin Strike Iron Nickel Russian 21x13mm 5.2 Grams Ed20,13.99,2023-01-11,5.2,2.69,WorthPoint
sikhote-alin-meteorite,"Meteorite**Sikhote-Alin, Russia**3.519 Grams Gorgeous Shrapnel Individual!!!",12.5,2023-01-09,3.519,3.55,WorthPoint
sikhote-alin-meteorite,++sikhote-alin++ Meteorite Russia,58,2023-01-09,,,WorthPoint
sikhote-alin-meteorite,++sikhote-alin Meteorite++ Russia,75,2023-01-09,,,WorthPoint
sikhote-alin-meteorite,"Nice Tektite, Libyan Desert Glass, Egypt, One Good Piece. 181.7 Grams",54.77,2023-01-08,181.7,0.3,WorthPoint
sikhote-alin-meteorite,"NEWEST!!! PICA Impact Glass, Chile, Excellent Piece, 29.6 Grams",55.99,2023-01-08,29.6,1.89,WorthPoint
sikhote-alin-meteorite,"Meteorite Nantan, Iron, IAB-MG, China, One Piece 119 Grams",26,2023-01-08,119,0.22,WorthPoint
sikhote-alin-meteorite,Sikhote Alin METEORITE 85.6 Grams,95,2023-01-07,85.6,1.11,WorthPoint
sikhote-alin-meteorite,Fantastic 24.5 Gram SIKHOTE ALIN IRON METEORITE - FALL IN RUSSIA IN 1947,56,2023-01-07,24.5,2.29,WorthPoint
sikhote-alin-meteorite,1792 GM. CAMPO DEL CIELO METEORITE ;MED GRADE LARGE METEORITE 4 Lbs. CHEAP!,719.1,2023-01-06,1792,0.4,WorthPoint
sikhote-alin-meteorite,Sikhote-Alin Meteorite 2.0 Grams! Iron Space Rock Great Character!!,5.5,2023-01-05,2,2.75,WorthPoint
sikhote-alin-meteorite,"Chelyabinsk Meteorite LL5, Recent Fall, Russia, Individual Impact Melt, 8.9 Gr",99.99,2023-01-05,8.9,11.23,WorthPoint
sikhote-alin-meteorite,"NEWEST!!! PICA Impact Glass, Chile, Excellent Piece, 30.2 Grams",56.99,2023-01-04,30.2,1.89,WorthPoint
sikhote-alin-meteorite,"37.8gram, 1.6in By 1.3in By 0.3in Meteorite Sikhote-Alin, Russia, ThisFound 1947",49.95,2023-01-04,37.8,1.32,WorthPoint
sikhote-alin-meteorite,Fantastic 51.5 Gram SIKHOTE ALIN IRON METEORITE - FALL IN RUSSIA IN 1947,98,2023-01-02,51.5,1.9,WorthPoint
sikhote-alin-meteorite,"Meteorite**Sikhote-Alin, Russia**10.497 Grams, Oriented With Rollover Lip!!!",104.5,2023-01-02,10.497,9.96,WorthPoint
sikhote-alin-meteorite,825 Gram Sikhote-alin Shrapnel Meteorite Super Nice Piece,960,2023-01-01,825,1.16,WorthPoint
sikhote-alin-meteorite,644 Gm. Campo Del Cielo Meteorite ; Museum Grade!! Beautiful 1.45 Pounds;,629.1,2022-12-31,644,0.98,WorthPoint
sikhote-alin-meteorite,912 Gm. Campo Del Cielo Meteorite ; Beautiful Aa Grade Meteorite; 2 Lbs,539.33,2022-12-30,912,0.59,WorthPoint
sikhote-alin-meteorite,1546 Gm. Campo Del Cielo Meteorite ; 3.4 Lbs Aa Grade Beautiful Lg. Meteorite,895.5,2022-12-29,1546,0.58,WorthPoint
sikhote-alin-meteorite,Cheap Price! Great Deal! Super Shape! Best New Campo Del Cielo Meteorite 467 Gms,243.75,2022-12-28,467,0.52,WorthPoint
sikhote-alin-meteorite,Sikhote Alin Meteorite 4 Grams Museum Grade Oriented Bullet With Flow Lines,202.5,2022-12-28,4,50.63,WorthPoint
sikhote-alin-meteorite,"Meteorite**NWA Unc.; Flight Oriented Individual**184.78 Grams,Highest Quality!!!",999.99,2022-12-28,184.78,5.41,WorthPoint
sikhote-alin-meteorite,1406 Gm CAMPO DEL CIELO METEORITE ; A GRADE 3+ Lbs.; Beautiful Lg.meteorite,805.5,2022-12-27,1406,0.57,WorthPoint
sikhote-alin-meteorite,630 Gm. Campo Del Cielo Meteorite ; B Grade Baby Meteorite; Beautiful 1.4#,404.96,2022-12-27,630,0.64,WorthPoint
sikhote-alin-meteorite,1000 Gm. Campo Del Cielo Meteorite ; A Grade!! Beautiful Large Campo; 2.2 Lb,600,2022-12-27,1000,0.6,WorthPoint
sikhote-alin-meteorite,Awesome Sikhote-Alin Meteorite 6.25 Grams! Iron Space Rock Great Character!!,7.99,2022-12-26,6.25,1.28,WorthPoint
sikhote-alin-meteorite,"Meteorite Nantan, Iron, IAB-MG, China, One Piece 124 Grams",46,2022-12-25,124,0.37,WorthPoint
sikhote-alin-meteorite,224 Gm. Campo Del Cielo Meteorite B Grade!! .5+ Pounds ; Cheap!!!,152.1,2022-12-25,224,0.68,WorthPoint
sikhote-alin-meteorite,Sikhote-Alin Meteorite 1255 Grams,5000,2022-12-25,1255,3.98,WorthPoint
sikhote-alin-meteorite,380 Gm. New Campo Del Cielo Meteorite ;aa Grade Meteorite; .83 Lb;,242.96,2022-12-25,380,0.64,WorthPoint
sikhote-alin-meteorite,Fantastic 130.1 Gram SIKHOTE ALIN IRON METEORITE - FALL IN RUSSIA IN 1947,206.5,2022-12-24,130.1,1.59,WorthPoint
sikhote-alin-meteorite,1712 GM. CAMPO DEL CIELO METEORITE ; MED GRADE ; 3.8 Lb CHEAP,805.5,2022-12-23,1712,0.47,WorthPoint
sikhote-alin-meteorite,1924 Gm. Campo Del Cielo Meteorite ; Aaa Grade Baby Meteorite; Beautiful 4.2#,1349.95,2022-12-22,1924,0.7,WorthPoint
sikhote-alin-meteorite,1536 Gm. Campo Del Cielo Meteorite ; Medium Grade !! 3.4 Pounds; Cheap! Cheap!,629.1,2022-12-22,1536,0.41,WorthPoint
sikhote-alin-meteorite,1980 Gm. Campo Del Cielo Meteorite ; Med Grade!! Beautiful 4.3 Pounds;,719.1,2022-12-21,1980,0.36,WorthPoint
sikhote-alin-meteorite,Best Sikhote-Alin Iron Meteorite! Beautiful Display In Gem Jar! Stocking Stuffer,12.99,2022-12-19,,,WorthPoint
sikhote-alin-meteorite,"NEW! Tsarev Meteorite Chondrite L5, Russia, Nice Fragment, 75.6 Grams",23,2022-12-18,75.6,0.3,WorthPoint
sikhote-alin-meteorite,"10.122 Kgm. Campo Del Cielo Meteorite ; Museum Grade!! 22 Lb.,",7645.5,2022-12-17,10122,0.76,WorthPoint
sikhote-alin-meteorite,10.5 Kgm. Campo Del Cielo Meteorite A Grade!! Beautiful 23 Pounds; Cheap!,4495.5,2022-12-17,10500,0.43,WorthPoint
sikhote-alin-meteorite,Fantastic 24.2 Gram SIKHOTE ALIN IRON METEORITE - FALL IN RUSSIA IN 1947,52.5,2022-12-15,24.2,2.17,WorthPoint
sikhote-alin-meteorite,534 Gm. Campo Del Cielo Meteorite ;aaa Grade Meteorite ! 1.2 Pounds Beautiful,359.96,2022-12-15,534,0.67,WorthPoint
sikhote-alin-meteorite,4256 Gm. Campo Del Cielo Meteorite ; Aa Grade! Meteorite! 9.4 Lbs,1439.82,2022-12-15,4256,0.34,WorthPoint
sikhote-alin-meteorite,"RARE!! NWA 7831 Achondrite Diogenite Meteorite, Complete Piece, 66.9 Grams",449.99,2022-12-15,66.9,6.73,WorthPoint
sikhote-alin-meteorite,"Meteorite Nantan, Iron, IAB-MG, China, One Piece 1138 Grams",339.99,2022-12-14,1138,0.3,WorthPoint
sikhote-alin-meteorite,"Awesome SAFFORDITE (Arizonaite), Arizona, USA, 10.4 Grams",25.99,2022-12-14,10.4,2.5,WorthPoint
sikhote-alin-meteorite,594 GM. NEW CAMPO DEL CIELO METEORITE ; AA GRADE!! 1.3+ Pound,359.96,2022-12-13,594,0.61,WorthPoint
sikhote-alin-meteorite,2.21 Grams 16mm Long SIKHOTE ALIN Russia Meteorite Observed Fall In 1947,6.65,2022-12-12,2.21,3.01,WorthPoint
sikhote-alin-meteorite,Sikhote-Alin Iron Meteorite W/ Unique Shape! Perfect Stocking Stuffer In Gem Jar,10.83,2022-12-12,,,WorthPoint
sikhote-alin-meteorite,"NEWEST!!! PICA Impact Glass, Chile, Lot Of 3 Small Nice Pieces Of 8.65 Grams",8.5,2022-12-11,8.65,0.98,WorthPoint
sikhote-alin-meteorite,1406 Gm. Campo Del Cielo Meteorite ; Med Grade!! 3.1 Pounds; Cheap,764.1,2022-12-11,1406,0.54,WorthPoint
sikhote-alin-meteorite,2.70 Grams 22mm Long SIKHOTE ALIN Russia Meteorite As Found Individual +COA,10.99,2022-12-10,2.7,4.07,WorthPoint
sikhote-alin-meteorite,Sikhote-Alin Meteorite 3.71 Grams! Iron Space Rock Great Character!!,10.5,2022-12-10,3.71,2.83,WorthPoint
sikhote-alin-meteorite,Sikhote-Alin Meteorite 11.5g 0920,17,2022-12-09,11.5,1.48,WorthPoint
sikhote-alin-meteorite,Nice Sikhote Alin Meteorite Individual (iron) - 2.7 G,14,2022-12-08,2.7,5.19,WorthPoint
sikhote-alin-meteorite,3412 Gm.campo Del Cielo Meteorite ; Museum Grade!! 7.5 Lbs.; The Best Ever!!,3000,2022-12-07,3412,0.88,WorthPoint
sikhote-alin-meteorite,670 Gm. Campo Del Cielo Meteorite ;museum Collectors Grade Meteorite. 1.5 Lbs.,1100,2022-12-07,670,1.64,WorthPoint
sikhote-alin-meteorite,"NEW!!! Stromatolite Anabaria Sp, Mesoproterozoic, Krasnoyarsk Reg, Russia 253 Gr",159.99,2022-12-06,253,0.63,WorthPoint
sikhote-alin-meteorite,550 Gm. Campo Del Cielo Meteorite ; B Grade Grade; 1.2 Lb Cheap,269.1,2022-12-05,550,0.49,WorthPoint
sikhote-alin-meteorite,"Meteorite Seymchan Small Etched Cut Block 26.3 Grams, Very Nice Structure",52.99,2022-12-05,26.3,2.01,WorthPoint
sikhote-alin-meteorite,"Nice Tektite, Libyan Desert Glass, Egypt, One Good Piece. 256 Grams",55.55,2022-12-04,256,0.22,WorthPoint
sikhote-alin-meteorite,"NEW! Tsarev Meteorite Chondrite L5, Russia, Lot Of 2 Nice Fragments, 37.9 Grams",22.72,2022-12-04,37.9,0.6,WorthPoint
sikhote-alin-meteorite,"Meteorite Nantan, Iron, IAB-MG, China, One Piece 232 Grams",37.09,2022-12-04,232,0.16,WorthPoint
sikhote-alin-meteorite,Beautiful 700 Gm. Polished Campo Del Cielo Meteorite Quarter Cut; 1.54 Pound,359.28,2022-12-03,700,0.51,WorthPoint
sikhote-alin-meteorite,186 Gm.campo Del Cielo Meteorite ; B Grade!! .4 Lbs.; Cheap!!,134.1,2022-12-02,186,0.72,WorthPoint
sikhote-alin-meteorite,Beautiful 384 Gm. Etched Campo Del Cielo Meteorite Cut Pair; Same Meteorite,449.1,2022-12-02,384,1.17,WorthPoint
sikhote-alin-meteorite,Esthetic 235 Gram Sikhote-Alin Meteorite With Regmaglypts.,542.5,2022-12-02,235,2.31,WorthPoint
sikhote-alin-meteorite,Sikhote-Alin Iron Nickel Meteorite With Regmaglypts.,478.75,2022-12-02,,,WorthPoint
sikhote-alin-meteorite,"Meteorite Tanezrouft 091, Mesosiderite A3, Algeria, Complete Slice 313.5 Grams",2499.99,2022-12-01,313.5,7.97,WorthPoint
sikhote-alin-meteorite,"Sikhote Alin Iron Meteorite, Small Awesome Individual, 13.09 Grams",58.99,2022-11-29,13.09,4.51,WorthPoint
sikhote-alin-meteorite,"Sikhote Alin Meteorite Specimen 77.39 Grams, Astronomy Gift, Iron Meteorite",225,2022-11-28,77.39,2.91,WorthPoint
sikhote-alin-meteorite,476 Gm. Campo Del Cielo Meteorite ; Med Grade!! Beautiful 1.1 Pound; Cheap!,269.95,2022-11-28,476,0.57,WorthPoint
sikhote-alin-meteorite,Sikhote Alin METEORITE 34.5 Grams,42,2022-11-28,34.5,1.22,WorthPoint
sikhote-alin-meteorite,"Meteorite**Sikhote-Alin, Russia**21.169 Gram, Regmaglypted Individual!!!",30,2022-11-28,21.169,1.42,WorthPoint
sikhote-alin-meteorite,"Sikhote Alin, Iron Meteorite. 54.3g Witnessed 1947 Fall. Monster Rollover Lip!",202.51,2022-11-28,54.3,3.73,WorthPoint
sikhote-alin-meteorite,"NEWEST!!! PICA Impact Glass, Chile, Lot Of Four Small Nice Pieces, 9.0 Grams",10,2022-11-27,9,1.11,WorthPoint
sikhote-alin-meteorite,"Meteorite Nantan, Iron, IAB-MG, China, One Piece 103 Grams",42.99,2022-11-27,103,0.42,WorthPoint
sikhote-alin-meteorite,"Meteorite Seymchan Small Olivined Cut Block 96.3 Grams, Very Nice Structure",481.99,2022-11-26,96.3,5.01,WorthPoint
sikhote-alin-meteorite,Sikhote Alin 11.05g AAA Cherry Picked ‚Ä¢ Fab Flight Markings ‚Ä¢ Iron Meteorite,89,2022-11-26,11.05,8.05,WorthPoint
sikhote-alin-meteorite,1786 GM. CAMPO DEL CIELO METEORITE ;A GRADE LARGE METEORITE 4 Lbs.INEXPENSIVE,899.1,2022-11-25,1786,0.5,WorthPoint
sikhote-alin-meteorite,"RARE!! NWA 7831 Achondrite Diogenite Meteorite, Lot Of Three Pieces, 9.0 Grams",69.99,2022-11-25,9,7.78,WorthPoint
sikhote-alin-meteorite,398 GM. CAMPO DEL CIELO METEORITE ; B GRADE!! Beautiful; .8 LBS. CHEAP!!,224.96,2022-11-24,398,0.57,WorthPoint
sikhote-alin-meteorite,540 GM. CAMPO DEL CIELO METEORITE ; B GRADE!! Beautiful 1.2 LB. CHEAP!!,269.95,2022-11-24,540,0.5,WorthPoint
sikhote-alin-meteorite,8 Pieces (3 Grams) Of Genuine Sikhote-Alin Meteorite In Glass Vial W/Cork!,14.99,2022-11-24,3,5,WorthPoint
sikhote-alin-meteorite,1740 Gm. New Campo Del Cielo Meteorite ; Aaa Grade!! Beautiful; 3.8 Pounds,1345.5,2022-11-23,1740,0.77,WorthPoint
sikhote-alin-meteorite,1650 GM. CAMPO DEL CIELO METEORITE ; MUSEUM GRADE; BEAUTIFUL METEORITE; 3.63 Lb,1223.31,2022-11-22,1650,0.74,WorthPoint
sikhote-alin-meteorite,Awesome Sikhote-Alin Meteorite 6.60 Grams! Space Rock With Great Character!!,13.99,2022-11-22,6.6,2.12,WorthPoint
sikhote-alin-meteorite,"Meteorite**Sikhote-Alin, Russia**16.582 Grams Gorgeous Shrapnel Individual!!!",29,2022-11-21,16.582,1.75,WorthPoint
sikhote-alin-meteorite,"Meteorite**NWA Unc.; Flight Oriented Individual**98.00 Grams,Highest Quality!!!",86,2022-11-21,98,0.88,WorthPoint
sikhote-alin-meteorite,Sikhote-Alin Iron Meteorite Shaped Like USA! Natural Display Specimen In Gem Jar,11.49,2022-11-21,,,WorthPoint
sikhote-alin-meteorite,"NEW! Tsarev Meteorite Chondrite L5, Russia, Nice Fragment, 69.9 Grams",35,2022-11-20,69.9,0.5,WorthPoint
sikhote-alin-meteorite,"Meteorite Nantan, Iron, IAB-MG, China, One Piece 225 Grams",26,2022-11-20,225,0.12,WorthPoint
sikhote-alin-meteorite,1.75 Grams 13mm Long SIKHOTE ALIN Russia Meteorite As Found Individual +COA,6.99,2022-11-20,1.75,3.99,WorthPoint
sikhote-alin-meteorite,2.77 Grams 15mm SIKHOTE ALIN Russia Meteorite Nice Looking Shrapnel,5.99,2022-11-20,2.77,2.16,WorthPoint
sikhote-alin-meteorite,"Nickel-Iron Octahedrite IIAB 57g Meteorite Fragment - Sikhote-Alin, Russia",99.99,2022-11-19,57,1.75,WorthPoint
sikhote-alin-meteorite,"Nickel-Iron Octahedrite IIAB 13.3g Meteorite Fragment - Sikhote-Alin, Russia",49.99,2022-11-19,13.3,3.76,WorthPoint
sikhote-alin-meteorite,Meteorite Sikhote-Alin Strike Iron Nickel Russian 8.6 Grams K85,21.99,2022-11-18,8.6,2.56,WorthPoint
sikhote-alin-meteorite,Meteorite Sikhote-Alin Strike Iron Nickel Russian 10.8 Grams K67,25.99,2022-11-18,10.8,2.41,WorthPoint
sikhote-alin-meteorite,Meteorite Sikhote-Alin Strike Iron Nickel Russian 5.3 Grams K57,15.48,2022-11-18,5.3,2.92,WorthPoint
sikhote-alin-meteorite,Meteorite Sikhote-Alin Strike Iron Nickel Russian 11.7 Grams K36,26.99,2022-11-18,11.7,2.31,WorthPoint
sikhote-alin-meteorite,Meteorite Sikhote-Alin Strike Iron Nickel Russian 4.5 Grams L45,13.47,2022-11-18,4.5,2.99,WorthPoint
sikhote-alin-meteorite,"Nickel-Iron Octahedrite IIAB 162g Meteorite Fragment - Sikhote-Alin, Russia",199.99,2022-11-18,162,1.23,WorthPoint
sikhote-alin-meteorite,"Nickel-Iron Octahedrite IIAB 76g Meteorite Fragment - Sikhote-Alin, Russia",99.99,2022-11-18,76,1.32,WorthPoint
sikhote-alin-meteorite,"Nickel-Iron Octahedrite IIAB 88g Meteorite Fragment - Sikhote-Alin, Russia",99.99,2022-11-18,88,1.14,WorthPoint
sikhote-alin-meteorite,2.20 Grams 13mm SIKHOTE ALIN Russia Meteorite Nice Looking Shrapnel,5.99,2022-11-16,2.2,2.72,WorthPoint
sikhote-alin-meteorite,Oriented 3.97 Gram SIKHOTE ALIN IRON METEORITE - FALL IN RUSSIA IN 1947,39,2022-11-15,3.97,9.82,WorthPoint
sikhote-alin-meteorite,Museum Quality! Lots Of Thumbprints! Best New Campo/las Palmas Meteorite 578 Gms,449.25,2022-11-15,578,0.78,WorthPoint
sikhote-alin-meteorite,500 Gm. Campo Del Cielo Meteorite ; A Grade!! 1.1 Lbs Cheap!!!,269.96,2022-11-15,500,0.54,WorthPoint
sikhote-alin-meteorite,640 Gm. Campo Del Cielo Meteorite ; Aa Grade!! Beautiful 1.4 Pounds;,449.1,2022-11-15,640,0.7,WorthPoint
sikhote-alin-meteorite,1306 Gm. Campo Del Cielo Meteorite ; Aa Grade!! Beautiful 2.9 Pounds;,584.1,2022-11-15,1306,0.45,WorthPoint
sikhote-alin-meteorite,668 Gm. Campo Del Cielo Meteorite ; A Grade!! Beautiful Low Priced Meteorite,359.96,2022-11-15,668,0.54,WorthPoint
sikhote-alin-meteorite,310 Gm. Campo Del Cielo Meteorite ;museum Grade Meteorite. .68 Pounds!,278.32,2022-11-15,310,0.9,WorthPoint
sikhote-alin-meteorite,508 GM. CAMPO DEL CIELO METEORITE ; B GRADE; BEAUTIFUL METEORITE; 1.1 Lb CHEAP!,229.46,2022-11-14,508,0.45,WorthPoint
sikhote-alin-meteorite,Fantastic 26.7 Gram SIKHOTE ALIN IRON METEORITE - FALL IN RUSSIA IN 1947,71.2,2022-11-14,26.7,2.67,WorthPoint
sikhote-alin-meteorite,Sikhote-Alin Meteorite 23.4g 0918,35,2022-11-14,23.4,1.5,WorthPoint
sikhote-alin-meteorite,724 Gm. Campo Del Cielo Meteorite ; Aa Grade Baby Meteorite; Beautiful 1.6#,539.1,2022-11-13,724,0.74,WorthPoint
sikhote-alin-meteorite,GORGEOUS 125g THUMBPRINTED SIKHOTE ALIN METEORITE WITH LARGE NATURAL HOLE!!!,1635.9,2022-11-13,125,13.09,WorthPoint
sikhote-alin-meteorite,652 GM. CAMPO DEL CIELO METEORITE ; A GRADE!! 1.4+ Pound; Cheap!!,359.96,2022-11-11,652,0.55,WorthPoint
sikhote-alin-meteorite,1.37 Grams 17mm Long SIKHOTE ALIN Russia Meteorite As Found Individual +COA,7.99,2022-11-11,1.37,5.83,WorthPoint
sikhote-alin-meteorite,Beautiful 1514 Gm. Etched Campo Del Cielo Meteorite Quarter Cut,736.29,2022-11-11,1514,0.49,WorthPoint
sikhote-alin-meteorite,3744 Gm. Campo Del Cielo Meteorite ; A Grade! Meteorite! 8.2 Lbs Inexpensive,1345.5,2022-11-11,3744,0.36,WorthPoint
sikhote-alin-meteorite,380 Gm. New Campo Del Cielo Meteorite ; Aa Grade!! Beautiful Meteorite; .83 Lbs,314.96,2022-11-10,380,0.83,WorthPoint
sikhote-alin-meteorite,810 GM. CAMPO DEL CIELO METEORITE ; AAA GRADE METEORITE 1.8 +lbs. BEAUTIFUL,719.1,2022-11-10,810,0.89,WorthPoint
sikhote-alin-meteorite,558 Gm. Campo Del Cielo Meteorite ; Museum Grade; 1.3 Lbs.,494.96,2022-11-09,558,0.89,WorthPoint
sikhote-alin-meteorite,Sikote-Alin Russia Iron Octahedrite Meteorite 114 G 1947 Observed Fall,650,2022-11-09,114,5.7,WorthPoint
sikhote-alin-meteorite,Beautiful 232 Gm. Etched Campo Del Cielo Meteorite Sculptural Multi Cut; Calcite,161.19,2022-11-09,232,0.69,WorthPoint
sikhote-alin-meteorite,Beautiful 318 Gm. Etched Campo Del Cielo Meteorite Sculptural Multi Cut,185.49,2022-11-08,318,0.58,WorthPoint
sikhote-alin-meteorite,Beautiful 376 Gm. Etched Campo Del Cielo Meteorite Sculptural Multi Cut,201.69,2022-11-07,376,0.54,WorthPoint
sikhote-alin-meteorite,"NEWEST!!! PICA Impact Glass, Chile, One Small Nice Piece, 13.6 Grams",6.01,2022-11-06,13.6,0.44,WorthPoint
sikhote-alin-meteorite,"Meteorite Nantan, Iron, IAB-MG, China, One Piece 145 Grams",41.57,2022-11-06,145,0.29,WorthPoint
sikhote-alin-meteorite,Sikhote-Alin Meteorite With Gem Case! 1.5 Gram Genuine Russian Meteorite!!,14.99,2022-11-06,1.5,9.99,WorthPoint
sikhote-alin-meteorite,"NEW!!! Stromatolite Inzeria Sp, Neoproterozoic, Bashkortostan, Russia 187 Gr",39.99,2022-11-04,187,0.21,WorthPoint
sikhote-alin-meteorite,"NEW! Stromatolite Inzeria Tjomusi Kryl., Upper Riphean, Baskiria, Russia, 492 Gr",89.99,2022-11-04,492,0.18,WorthPoint
sikhote-alin-meteorite,"NEW!!! Stromatolite, Paleoproterozoic, 2000 Ma, Wyoming, Endcut 195 Grams",24.99,2022-11-04,195,0.13,WorthPoint
sikhote-alin-meteorite,"NEW!!! Stromatolite, Paleoproterozoic, 2000 Ma, Wyoming, Slice 119 Grams",24.99,2022-11-04,119,0.21,WorthPoint
sikhote-alin-meteorite,Sikhote-Alin Iron Meteorite Shaped Like An Elephant! Display Specimen In Gem Jar,10.5,2022-11-04,,,WorthPoint
sikhote-alin-meteorite,Awesome Sikhote-Alin Meteorite 3.59 Grams! Space Rock With Great Character!!,7.99,2022-11-04,3.59,2.23,WorthPoint
sikhote-alin-meteorite,"SIKHOTE ALIN METEORITE Raw Crystal - Astronomy Gifts, Home Decor, Stones, 41226",151.5,2022-11-03,,,WorthPoint
sikhote-alin-meteorite,Beautiful 280 Gm. Etched Campo Del Cielo Meteorite Sculptural Multi Cut,188.1,2022-11-02,280,0.67,WorthPoint
sikhote-alin-meteorite,996 GM. CAMPO DEL CIELO METEORITE ; B GRADE!! Beautiful; 2.2 LBS. CHEAP!,494.1,2022-11-02,996,0.5,WorthPoint
sikhote-alin-meteorite,534 Gm. Campo Del Cielo Meteorite ; Museum Grade!! Beautiful Baby Campo 1.2 Lb,449.1,2022-11-01,534,0.84,WorthPoint
sikhote-alin-meteorite,ORIENTED AGOUDAL Iron Meteorite IMILCHIL Specimen Natural Patina MOROCCO,29.95,2022-10-31,,,WorthPoint
sikhote-alin-meteorite,SIKHOTE ALIN METEORITE SLICE IRON WITH NICKEL 35g 57mm X 38mm POLISHED RUSSIA,199.99,2022-10-31,35,5.71,WorthPoint
sikhote-alin-meteorite,"Meteorite**NWA Unc.; Flight Oriented Individual**171.80 Grams, Flight Sheared!!!",130.5,2022-10-31,171.8,0.76,WorthPoint
sikhote-alin-meteorite,"Meteorite**Sikhote-Alin, Russia**2.586 Gram, Extremely Unique Individual!!!",6,2022-10-31,2.586,2.32,WorthPoint
sikhote-alin-meteorite,"NEWEST!!! PICA Impact Glass, Chile, One Small Nice Piece, 11.8 Grams",10.5,2022-10-30,11.8,0.89,WorthPoint
sikhote-alin-meteorite,Sikhote Alin 24.15g AA Oriented ‚Ä¢ Fab Flight Markings ‚Ä¢ Iron Meteorite,194,2022-10-29,24.15,8.03,WorthPoint
sikhote-alin-meteorite,Nice Sikhote Alin Meteorite Individual (iron) - 1.00 G,11,2022-10-28,1,11,WorthPoint
sikhote-alin-meteorite,NEW! Meteorite Seymchan Lot Of Small Not Prepared Cuts. 100 Gr #5,119.99,2022-10-28,100,1.2,WorthPoint
sikhote-alin-meteorite,Best Sikhote-Alin Iron Meteorite! Beautiful Shrapnel Display Specimen In Gem Jar,15.5,2022-10-28,,,WorthPoint
sikhote-alin-meteorite,"Sikhote-Alin Meteorite, Exceptionally Nice, 124.7grams, 1.7""x1.6""x1.0""",189.95,2022-10-28,124.7,1.52,WorthPoint
sikhote-alin-meteorite,344 Gm. Campo Del Cielo Meteorite ; A Grade! .75 Lb Cheap!!!,269.95,2022-10-28,344,0.78,WorthPoint
sikhote-alin-meteorite,432 GM. NEW CAMPO DEL CIELO METEORITE ; MUSEUM GRADE!! BEAUTIFUL 1 Lb,404.96,2022-10-27,432,0.94,WorthPoint
sikhote-alin-meteorite,1276 Gm. Campo Del Cielo Meteorite ; A Grade!! Beautiful Large Campo; 2.8 Lb,715.5,2022-10-27,1276,0.56,WorthPoint
sikhote-alin-meteorite,1280 GM. NEW CAMPO DEL CIELO METEORITE ; AA GRADE!! 2.8+ Pound,719.96,2022-10-27,1280,0.56,WorthPoint
sikhote-alin-meteorite,Fantastic 14.5 Gram SIKHOTE ALIN IRON METEORITE - FALL IN RUSSIA IN 1947,58,2022-10-26,14.5,4,WorthPoint
sikhote-alin-meteorite,"NEWEST!!! PICA Impact Glass, Chile, Excellent Piece, 32.3 Grams",57.99,2022-10-26,32.3,1.8,WorthPoint
sikhote-alin-meteorite,"Sikhote Alin Iron Meteorite, Lot Of Small Fragments, 27 Grams, Russia",39.99,2022-10-25,27,1.48,WorthPoint
sikhote-alin-meteorite,250 Gm. Campo Del Cielo Meteorite ; Med Grade!! .55 Pound. Cheap,125,2022-10-25,250,0.5,WorthPoint
sikhote-alin-meteorite,"Sikhote-Alin Meteorite, Approx. 30.6 Gr. Approx. Dimension: 30mm X 20mm X 16mm",116,2022-10-25,30.6,3.79,WorthPoint
sikhote-alin-meteorite,1300 GM. CAMPO DEL CIELO METEORITE ; A GRADE!! Beautiful; 2.8 LBS. CHEAP!,539.1,2022-10-25,1300,0.41,WorthPoint
sikhote-alin-meteorite,3.06 Grams 18mm SIKHOTE ALIN Russia Meteorite Nice Looking Shrapnel With A COA,6.49,2022-10-25,3.06,2.12,WorthPoint
sikhote-alin-meteorite,1516 Gm. Campo Del Cielo Meteorite ; A Gd!! ; 3.3 Lbs. Cheap! Ablation Cavity,500,2022-10-24,1516,0.33,WorthPoint
sikhote-alin-meteorite,Sikhote-Alin Meteorite 23.9g 0917,36,2022-10-24,23.9,1.51,WorthPoint
sikhote-alin-meteorite,Meteorite Sikhote-Alin Strike Iron Nickel Russian 13X20mm 4 Grams FQ08,13.48,2022-10-24,4,3.37,WorthPoint
sikhote-alin-meteorite,508 Gm. Campo Del Cielo Meteorite ; Med. Grade!! Beautiful;1.1 Lbs.; Cheap!,245,2022-10-24,508,0.48,WorthPoint
sikhote-alin-meteorite,1770 Gm. Campo Del Cielo Meteorite ; Aa Grade! 4 Lbs; Inexpensive,925,2022-10-24,1770,0.52,WorthPoint
sikhote-alin-meteorite,Sikhote-Alin Meteorite Specimen Shrapnel Iron Witnessed Fall RUSSIA W/ ID Card,9.98,2022-10-24,,,WorthPoint
sikhote-alin-meteorite,248 GM. CAMPO DEL CIELO METEORITE ; AAA GRADE; BEAUTIFUL ;.55+ Pounds,224.95,2022-10-24,248,0.91,WorthPoint
sikhote-alin-meteorite,"Meteorite Nantan, Iron, IAB-MG, China, One Piece 100 Grams",28,2022-10-23,100,0.28,WorthPoint
sikhote-alin-meteorite,"Meteorite Seymchan Complete Etched Thin Slice 82.1 Grams, Banded Structure",205.99,2022-10-23,82.1,2.51,WorthPoint
sikhote-alin-meteorite,1308 Gm. Campo Del Cielo Meteorite ; A Grade!! ; 2.9 Lbs. Cheap!,566.1,2022-10-22,1308,0.43,WorthPoint
sikhote-alin-meteorite,4.57 Grams 16mm Long SIKHOTE ALIN Russia Meteorite Observed Fall In 1947,13.25,2022-10-21,4.57,2.9,WorthPoint
sikhote-alin-meteorite,Large Sikhote-Alin Iron Meteorite 220 Grams.,440,2022-10-21,220,2,WorthPoint
sikhote-alin-meteorite,552 Gm. Campo Del Cielo Meteorite ; Museum Grade!! Beautiful Baby Campo 1.2 Lb,449.1,2022-10-21,552,0.81,WorthPoint
sikhote-alin-meteorite,146 Gm. Campo Del Cielo Meteorite ; Aaa Grade!! .32+ Pounds,152.1,2022-10-21,146,1.04,WorthPoint
sikhote-alin-meteorite,2.10 Grams 16mm Long SIKHOTE ALIN Russia Meteorite Observed Fall In 1947,6.3,2022-10-20,2.1,3,WorthPoint
sikhote-alin-meteorite,Fantastic 32.4 Gram SIKHOTE ALIN IRON METEORITE - FALL IN RUSSIA IN 1947,95.2,2022-10-19,32.4,2.94,WorthPoint
sikhote-alin-meteorite,368 Gm. Campo Del Cielo Meteorite ; Museum Grade!! Beautiful Baby Campo .8 Lbs,314.1,2022-10-18,368,0.85,WorthPoint
sikhote-alin-meteorite,Sikhote-Alin Iron Meteorite! Awesome Shrapnel! Display Specimen In Gem Jar!,5.5,2022-10-17,,,WorthPoint
sikhote-alin-meteorite,"NEWEST!!! PICA Impact Glass, Chile, Lot Of Two Small Nice Pieces, 13.6 Grams",8,2022-10-16,13.6,0.59,WorthPoint
sikhote-alin-meteorite,Autunit E Sikhote-Alin Meteorite Galena Hematite Monazite Fluorite Geode Agate,75.99,2022-10-16,,,WorthPoint
sikhote-alin-meteorite,2626 Gm. New Campo Del Cielo Meteorite ; A Grade!! Beautiful; 5.8 Pounds,1075.5,2022-10-16,2626,0.41,WorthPoint
sikhote-alin-meteorite,5634 GM. CAMPO DEL CIELO METEORITE ; AA GRADE LARGE METEORITE 12.4+lbs.,1799.1,2022-10-16,5634,0.32,WorthPoint
sikhote-alin-meteorite,"Sikhote-Alin Meteorite, Exceptionally Nice, 57.6grams, 1.5""x1.3""x0.8""",59.95,2022-10-16,57.6,1.04,WorthPoint
sikhote-alin-meteorite,Awesome Sikhote-Alin Meteorite 2.77 Grams! Space Rock With Great Character!!,9.99,2022-10-15,2.77,3.61,WorthPoint
sikhote-alin-meteorite,730 Gm. Campo Del Cielo Meteorite ; B Grade!! 1.6 Lbs Cheap!!!,359.96,2022-10-15,730,0.49,WorthPoint
sikhote-alin-meteorite,Jorge Adeler Sikhote-Alin Meteorite 14k Gold Ring With Diamonds,1074.44,2022-10-14,,,WorthPoint
sikhote-alin-meteorite,1090 GM. CAMPO DEL CIELO METEORITE ;A GRADE!! BEAUTIFUL; 2.4 Lbs.,584.95,2022-10-14,1090,0.54,WorthPoint
sikhote-alin-meteorite,Sikhote-Alin Iron Meteorite! Shaped Like Florida! Display Specimen In Gem Jar!,5.01,2022-10-14,,,WorthPoint
sikhote-alin-meteorite,552 Gm. New Campo Del Cielo Meteorite ;museum Grade Meteorite; 1.2 Lbs,539.1,2022-10-12,552,0.98,WorthPoint
sikhote-alin-meteorite,"NEW!! Agoudal Meteorite Crater, Morocco, Shattercone, 32.8 Grams",14.99,2022-10-10,32.8,0.46,WorthPoint
sikhote-alin-meteorite,3.17 Grams 14mm SIKHOTE ALIN Russia Meteorite Nice Looking Shrapnel With A COA,5.99,2022-10-10,3.17,1.89,WorthPoint
sikhote-alin-meteorite,"Meteorite**Sikhote-Alin, Russia**10.429 Gram, Oriented W/Rollover Lip!!!!",139.99,2022-10-10,10.429,13.42,WorthPoint
sikhote-alin-meteorite,Beautiful 526 Gm. Etched Campo Del Cielo Meteorite Quad Cut; 1.2 Lb Cube,359.1,2022-10-10,526,0.68,WorthPoint
sikhote-alin-meteorite,"Nice Tektite, Libyan Desert Glass, Egypt, Two Good Pieces. 227 Grams",71.01,2022-10-09,227,0.31,WorthPoint
sikhote-alin-meteorite,"NEWEST!!! PICA Impact Glass, Chile, Small Nice Piece, 13.6 Grams",24,2022-10-09,13.6,1.76,WorthPoint
sikhote-alin-meteorite,"NEW!! Agoudal Meteorite Crater, Morocco, Shattercone, 35.1 Grams",14.99,2022-10-09,35.1,0.43,WorthPoint
sikhote-alin-meteorite,6.12 Grams 16mm Long SIKHOTE ALIN Russia Meteorite Observed Fall In 1947,18.99,2022-10-09,6.12,3.1,WorthPoint
sikhote-alin-meteorite,"Meteorite**NWA Unc.; Flight Oriented Individual**52.40 Grams,Highest Quality!!!",499,2022-10-08,52.4,9.52,WorthPoint
sikhote-alin-meteorite,670 Gm. New Campo Del Cielo Meteorite ; A Grade!! Beautiful Meteorite; 1.5 Lbs,359.96,2022-10-07,670,0.54,WorthPoint
sikhote-alin-meteorite,522 Gm. New Campo Del Cielo Meteorite ; Aa Grade!! 1.1 Lb. Very Inexpensive,269.99,2022-10-06,522,0.52,WorthPoint
sikhote-alin-meteorite,Sikhote Alin Meteorite 223 Gram Individual With Dramatic Flight Patterns,479,2022-10-03,223,2.15,WorthPoint
sikhote-alin-meteorite,Sikhote-Alin Iron Meteorite! Beautiful Shrapnel Display Specimen In Gem Jar!,36,2022-10-03,,,WorthPoint
sikhote-alin-meteorite,296.2 Gram SIKHOTE ALIN IRON METEORITE - Oriented Sheild Specimen - 1947 Russia,280,2022-10-02,296.2,0.95,WorthPoint
sikhote-alin-meteorite,141 Gm. New Campo Del Cielo Meteorite ; Aaa Grade!! Beautiful;. 3 Lb.; Silicated,206.1,2022-10-02,141,1.46,WorthPoint
sikhote-alin-meteorite,Beautiful 658 Gm. Campo Del Cielo Meteorite 1.5+ # Quad Cut; Silicate,359.1,2022-10-02,658,0.55,WorthPoint
sikhote-alin-meteorite,"Half Of Deshayesites Sp. Ammonite, Saratov, Russia 318 Gr",39.99,2022-10-02,318,0.13,WorthPoint
sikhote-alin-meteorite,"Half Of Deshayesites Sp. Ammonite, Saratov, Russia 309 Gr",39.99,2022-10-02,309,0.13,WorthPoint
sikhote-alin-meteorite,Beautiful 352 Gm. Etched Campo Del Cielo Meteorite Sculptural Multi Cut,197.1,2022-10-01,352,0.56,WorthPoint
sikhote-alin-meteorite,1770 GM. CAMPO DEL CIELO METEORITE ;AAA GRADE LARGE METEORITE 3.9 Lbs.,1349.1,2022-09-30,1770,0.76,WorthPoint
sikhote-alin-meteorite,Fantastic 40.0 Gram SIKHOTE ALIN IRON METEORITE - FALL IN RUSSIA IN 1947,96,2022-09-29,40,2.4,WorthPoint
sikhote-alin-meteorite,Lots Of Thumbprints! Best Shape! Super Sculpted Sikhote-alin Meteorite 81.4 Gms,111.3,2022-09-29,81.4,1.37,WorthPoint
sikhote-alin-meteorite,406 Gm. Campo Del Cielo Meteorite ; B Grade! Beautiful Meteorite; .9 Lbs Cheap!,224.1,2022-09-28,406,0.55,WorthPoint
sikhote-alin-meteorite,330 GM. CAMPO DEL CIELO METEORITE ; A GRADE!! Beautiful .7 LBS. CHEAP!!,179.95,2022-09-28,330,0.55,WorthPoint
sikhote-alin-meteorite,2036 Gm. Campo Del Cielo Meteorite ;med Grade! 4.5 Lbs; Cheap!! Cheap!,719.28,2022-09-27,2036,0.35,WorthPoint
sikhote-alin-meteorite,Sikhote-Alin Meteorite Shrapnel 43.4g 0376,49,2022-09-27,43.4,1.13,WorthPoint
sikhote-alin-meteorite,"NEW! Tsarev Meteorite Chondrite L5, Russia, Nice Fragment 163.2 Grams",63.87,2022-09-25,163.2,0.39,WorthPoint
sikhote-alin-meteorite,"NEWEST!!! PICA Impact Glass, Chile, Lot Of Three Small Nice Pieces, 15.4 Grams",17.67,2022-09-25,15.4,1.15,WorthPoint
sikhote-alin-meteorite,Beautiful 498 Gm. Etched Campo Del Cielo Meteorite Quarter Cut,359.1,2022-09-25,498,0.72,WorthPoint
sikhote-alin-meteorite,590 GM. NEW CAMPO DEL CIELO METEORITE ;MUSEUM GRADE!! Beautiful; 1.3 LBS.,404.96,2022-09-24,590,0.69,WorthPoint
sikhote-alin-meteorite,"Campo Del Cielo, Sikhote-Alin & NWA Meteorites 3 Sets Space Rocks That Hit Earth",39.99,2022-09-24,,,WorthPoint
sikhote-alin-meteorite,"Rare Meteorite Collection! Pallasite, Diogenite, Lunar, Martian, Carbonaceous!",250,2022-09-23,,,WorthPoint
sikhote-alin-meteorite,"1947 Feb. 12, Sikhote Alin IIAB Ogg Meteorite, Russia, 10.0 Grams",32,2022-09-21,10,3.2,WorthPoint
sikhote-alin-meteorite,"NEW! Sari√ßi√ßek (BINGOL) Meteorite,recent Fall, Turkey, SUPERB Individual 13.3 Gr",799.99,2022-09-19,13.3,60.15,WorthPoint
sikhote-alin-meteorite,Awesome Sikhote-Alin Meteorite 4.30 Grams! Space Rock With Great Character!!,13.49,2022-09-19,4.3,3.14,WorthPoint
sikhote-alin-meteorite,"NEW! Tsarev Meteorite Chondrite L5, Russia, Nice Fragment 111.0 Grams",39,2022-09-18,111,0.35,WorthPoint
sikhote-alin-meteorite,"Petrified Wood, Late Cretaceous, Sakhalin Island, Russia, SPHERE 57mm, 204 Grams",99.99,2022-09-18,204,0.49,WorthPoint
sikhote-alin-meteorite,380 Gm. Campo Del Cielo Meteorite ; Museum Grade! Beautiful Meteorite; .8 Lbs,404.1,2022-09-17,380,1.06,WorthPoint
sikhote-alin-meteorite,610 Gm. New Campo Del Cielo Meteorite ; Aa Grade!! Beautiful Meteorite; 1.4 Lbs,431.96,2022-09-16,610,0.71,WorthPoint
sikhote-alin-meteorite,Awesome Sikhote-Alin Meteorite 5.63 Grams! Space Rock With Great Character!!,24.95,2022-09-15,5.63,4.43,WorthPoint
sikhote-alin-meteorite,1516 Gm.campo Del Cielo Meteorite ; Aaa Grade!! 3.3 Lbs.;,1349.1,2022-09-12,1516,0.89,WorthPoint
sikhote-alin-meteorite,Low Price! Super Shape! Best Campo Del Cielo Meteorite Shattered Crystal 51.6 Gm,41.25,2022-09-12,51.6,0.8,WorthPoint
sikhote-alin-meteorite,"Best Campo Del Cielo, Sikhote-Alin & NWA Meteorites 3 Space Rocks That Hit Earth",7.76,2022-09-12,,,WorthPoint
sikhote-alin-meteorite,"NEW! Tsarev Meteorite Chondrite L5, Russia, Nice Fragment 142.3 Grams",55.55,2022-09-11,142.3,0.39,WorthPoint
sikhote-alin-meteorite,1454 Gm. Campo Del Cielo Meteorite ; Museum Grade!! Beautiful 3.2 Pounds;,1255.5,2022-09-11,1454,0.86,WorthPoint
sikhote-alin-meteorite,844 Gm. Campo Del Cielo Meteorite ; A Grade! Inexpensive Meteorite; 1.9 Lb,449.96,2022-09-10,844,0.53,WorthPoint
sikhote-alin-meteorite,2.43 Grams 16mm Long SIKHOTE ALIN Russia Meteorite Observed Fall In 1947,7.3,2022-09-10,2.43,3,WorthPoint
sikhote-alin-meteorite,7866 Gm. Campo Del Cielo Meteorite ; Aaa Grade Meteorite! 17.2 Lbs,4999.95,2022-09-09,7866,0.64,WorthPoint
sikhote-alin-meteorite,608 Gm.campo Del Cielo Meteorite ; A Grade!! 1.3 Lbs.; Cheap!!,269.1,2022-09-06,608,0.44,WorthPoint
sikhote-alin-meteorite,"Meteorite Nantan, Iron, IAB-MG, China, One Piece 217 Grams",22.01,2022-09-04,217,0.1,WorthPoint
sikhote-alin-meteorite,Meteorite Sikhote-Alin Strike Iron Nickel Russian 28x25mm 17.3 Grams Ec94,29.99,2022-09-04,17.3,1.73,WorthPoint
sikhote-alin-meteorite,Meteorite Sikhote-Alin Strike Iron Nickel Russian 14.6 Grams K5,33.99,2022-09-04,14.6,2.33,WorthPoint
sikhote-alin-meteorite,A101 Rare 42 Gram Beautifully Sculpted Sikhote Alin Meteorite Unworked ****,275,2022-09-04,42,6.55,WorthPoint
sikhote-alin-meteorite,Sikhote-Alin Meteorite Shrapnel - 6 Individual Pieces - 90 Grams Total Weight,100,2022-09-04,90,1.11,WorthPoint
sikhote-alin-meteorite,Meteorite Sikhote Alin-109g Lot Of Individuals,220.5,2022-09-04,109,2.02,WorthPoint
sikhote-alin-meteorite,Sikhote-Alin Etched Iron Meteorite Slice - 31.55g - LOW START!!!,83,2022-09-02,31.55,2.63,WorthPoint
sikhote-alin-meteorite,Best Sikhote-Alin Iron Meteorite! Shrapnel Specimen In Gem Jar! Natural Fold!,14.99,2022-09-02,,,WorthPoint
sikhote-alin-meteorite,Sikhote-Alin Meteorite Shrapnel - 3 Individual Pieces - 153 Grams Total Weight,300,2022-08-31,153,1.96,WorthPoint
sikhote-alin-meteorite,Sikhote-Alin Meteorite Shrapnel - 205 Gram Individual Piece - Beautiful!,250,2022-08-31,205,1.22,WorthPoint
sikhote-alin-meteorite,Awesome Sikhote-Alin Meteorite 6.82 Grams! Space Rock With Great Character!!,12.61,2022-08-29,6.82,1.85,WorthPoint
sikhote-alin-meteorite,"Nice Tektite, Libyan Desert Glass, Egypt, One Good Dark Piece. 160 Grams",42.41,2022-08-28,160,0.27,WorthPoint
sikhote-alin-meteorite,"NEW! Tsarev Meteorite Chondrite L5, Russia, Nice Fragment 73.6 Grams",22.5,2022-08-28,73.6,0.31,WorthPoint
sikhote-alin-meteorite,"NEWEST!!! PICA Impact Glass, Chile, Lot Of Many Small Nice Pieces, 11.4 Grams",16.05,2022-08-28,11.4,1.41,WorthPoint
sikhote-alin-meteorite,1250 Gm . CAMPO DEL CIELO METEORITE ; 2.8+ Pounds A GRADE; LOW PRICE,625.5,2022-08-27,1250,0.5,WorthPoint
sikhote-alin-meteorite,Meteorite Sikhote -Alin 22.8 Grams Size 23mm X 20mm X 12mm,27.5,2022-08-26,22.8,1.21,WorthPoint
sikhote-alin-meteorite,"Meteorite**Sikhote-Alin, Russia**80.19 Grams, THE DRAGON, W/REGMAGLYPTS!!!",599.99,2022-08-25,80.19,7.48,WorthPoint
sikhote-alin-meteorite,1458 Gm. Campo Del Cielo Meteorite ; Aaa Grade Baby Meteorite; Beautiful 3.2#,1169.95,2022-08-25,1458,0.8,WorthPoint
sikhote-alin-meteorite,Fantastic 47.8 Gram SIKHOTE ALIN IRON METEORITE - FALL IN RUSSIA IN 1947,146,2022-08-24,47.8,3.05,WorthPoint
sikhote-alin-meteorite,Beautiful 484 Gm. Etched Campo Del Cielo Meteorite Quad Cut,359.1,2022-08-24,484,0.74,WorthPoint
sikhote-alin-meteorite,268 Gm. Campo Del Cielo Meteorite ;a Grade Meteorite ! .6 Pounds !,179.1,2022-08-23,268,0.67,WorthPoint
sikhote-alin-meteorite,524 Gm. Campo Del Cielo Meteorite ; B Grade Meteorite 1.15 Pounds; Beautiful,265.5,2022-08-23,524,0.51,WorthPoint
sikhote-alin-meteorite,642 Gm. Campo Del Cielo Meteorite ; Med. Grade!! Beautiful;1.4 Lbs.; Cheap!,359.1,2022-08-23,642,0.56,WorthPoint
sikhote-alin-meteorite,1932 GM. CAMPO DEL CIELO METEORITE ;B GRADE LARGE METEORITE 4.3 Lbs. CHEAP!,899.1,2022-08-23,1932,0.47,WorthPoint
sikhote-alin-meteorite,"25,450 Kgm. Campo Del Cielo Meteorite Museum Grade!! 56 Pounds;",13495.5,2022-08-23,,,WorthPoint
sikhote-alin-meteorite,"12.4 Gram, 9mm Iron Octahedrite Meteorite",12.5,2022-08-23,12.4,1.01,WorthPoint
sikhote-alin-meteorite,"Meteorite Nantan, Iron, IAB-MG, China, One Piece 715 Grams",249.99,2022-08-22,715,0.35,WorthPoint
sikhote-alin-meteorite,LARGE SIKHOTE-ALIN IRON METEORITE - RUSSIA - 40.3gm,119.99,2022-08-22,40.3,2.98,WorthPoint
sikhote-alin-meteorite,"NEW! Tsarev Meteorite Chondrite L5, Russia, Nice Fragment 105.6 Grams",40.87,2022-08-21,105.6,0.39,WorthPoint
sikhote-alin-meteorite,"NEWEST!!! PICA Impact Glass, Chile, Excellent Piece, 18.5 Grams",21.21,2022-08-21,18.5,1.15,WorthPoint
sikhote-alin-meteorite,"Meteorite Nantan, Iron, IAB-MG, China, One Piece 59 Grams",36,2022-08-21,59,0.61,WorthPoint
sikhote-alin-meteorite,558 Gm. Campo Del Cielo Meteorite ; Medium Grade Meteorite.1.22 Pounds! Cheap!~,269.32,2022-08-21,558,0.48,WorthPoint
sikhote-alin-meteorite,METEORITE SIKHOTE-ALIN SHRAPNEL FROM RUSSIA 79 Gram With Plexi Display US Seller,60,2022-08-21,79,0.76,WorthPoint
sikhote-alin-meteorite,212 Gm . CAMPO DEL CIELO METEORITE .5 Pounds LOW LOW PRICE B GRADE,134.1,2022-08-21,212,0.63,WorthPoint
sikhote-alin-meteorite,550 Gm. Campo Del Cielo Meteorite ; Aaa Grade!! Beautiful Museum Gd. 1.2 Lbs,494.96,2022-08-20,550,0.9,WorthPoint
sikhote-alin-meteorite,300 Gm. Campo Del Cielo Meteorite ;museum Grade Meteorite. .66 Pounds!,314.33,2022-08-20,300,1.05,WorthPoint
sikhote-alin-meteorite,185 Gm. Campo Del Cielo Meteorite ;a Grade Meteorite ! .4 Pounds !,179.1,2022-08-19,185,0.97,WorthPoint
sikhote-alin-meteorite,"15.96 Gram Sikhote-Alin Meteorite, In Case",34.99,2022-08-19,15.96,2.19,WorthPoint
sikhote-alin-meteorite,"Lot Of 25 Fish Teeth, Pycnodus Sp., Early Cretaceous, Russia",74.99,2022-08-18,,,WorthPoint
sikhote-alin-meteorite,262 Gm. Campo Del Cielo Meteorite Aa Grade!! .55+ Pounds,179.1,2022-08-18,262,0.68,WorthPoint
sikhote-alin-meteorite,4674 GM. CAMPO DEL CIELO METEORITE ;A GRADE LARGE METEORITE 10.3+lbs.,1259.1,2022-08-17,4674,0.27,WorthPoint
sikhote-alin-meteorite,Large SIKHOTE-ALIN Meteorite 25gm Sculpted Loaded THUMBPRINTS + Magnetic Display,229,2022-08-17,25,9.16,WorthPoint
sikhote-alin-meteorite,Sikhote Alin METEORITE 31.3 Grams,42,2022-08-17,31.3,1.34,WorthPoint
sikhote-alin-meteorite,Campo Del Cielo & Sikhote-Alin Meteorites! 2 Space Rocks That Hit Earth! Display,36,2022-08-17,,,WorthPoint
sikhote-alin-meteorite,Sikhote Alin METEORITE 30 Grams,40,2022-08-16,30,1.33,WorthPoint
sikhote-alin-meteorite,328 Gm . CAMPO DEL CIELO METEORITE ;.7+ Pounds LOW LOW PRICE A GRADE,224.1,2022-08-16,328,0.68,WorthPoint
sikhote-alin-meteorite,Beautiful 366 Gm. Etched Canyon Diablo Meteorite Cut Pair; Same Meteorite,449.1,2022-08-16,366,1.23,WorthPoint
sikhote-alin-meteorite,Fantastic 39.5 G ORIENTED SIKHOTE ALIN IRON METEORITE - FALL IN RUSSIA IN 1947,109.2,2022-08-16,39.5,2.76,WorthPoint
sikhote-alin-meteorite,3.24 Grams 16mm Long SIKHOTE ALIN Russia Meteorite Observed Fall In 1947,9.7,2022-08-16,3.24,2.99,WorthPoint
sikhote-alin-meteorite,SIKHOTE ALIN Iron Meteorite Authentic Specimen Witnessed Fall RUSSIA,56,2022-08-15,,,WorthPoint
sikhote-alin-meteorite,Campo Del Cielo Nickel & Sikhote-Alin Iron Meteorites ~ Space Rocks ~ 4.92 Grams,5.99,2022-08-15,4.92,1.22,WorthPoint
sikhote-alin-meteorite,"NEW! Tsarev Meteorite Chondrite L5, Russia, Nice Fragment 87.1 Grams",34.33,2022-08-14,87.1,0.39,WorthPoint
sikhote-alin-meteorite,"NEWEST!!! PICA Impact Glass, Chile, Excellent Piece, 20.2 Grams",23.73,2022-08-14,20.2,1.17,WorthPoint
sikhote-alin-meteorite,426 Gm . CAMPO DEL CIELO METEORITE ;1+ Pounds LOW LOW PRICE AAA GRADE,359.1,2022-08-14,426,0.84,WorthPoint
sikhote-alin-meteorite,"Awesome Tektite Moldavite, Czech Republic, 0.54 Grams (2.7 Ct)",22.49,2022-08-13,0.54,41.65,WorthPoint
sikhote-alin-meteorite,"Meteorite**NWA Unc.; Flight Oriented Individual**59.90 Grams,W/Frothy Crust!!!",499.99,2022-08-13,59.9,8.35,WorthPoint
sikhote-alin-meteorite,402 Gm. New Campo Del Cielo Meteorite ;museum Grade Meteorite; .9 Lb;,404.96,2022-08-13,402,1.01,WorthPoint
sikhote-alin-meteorite,"Museum Grade 50 Gm Sikhote-alin Meteorite From Russia, Collection Piece!!",269.1,2022-08-12,50,5.38,WorthPoint
sikhote-alin-meteorite,"Awesome Tektite Moldavite, Czech Republic, 0.53 Grams (2.65 Ct)",21.99,2022-08-11,0.53,41.49,WorthPoint
sikhote-alin-meteorite,432 Gm. Campo Del Cielo Meteorite Museum Grade!! .95+ Pounds,476.1,2022-08-10,432,1.1,WorthPoint
sikhote-alin-meteorite,1584 Gm. Campo Del Cielo Meteorite ; Aaa Grade Meteorite 3.5 Pounds; Beautiful,1345.5,2022-08-10,1584,0.85,WorthPoint
sikhote-alin-meteorite,3.45 Grams 18mm SIKHOTE ALIN Russia Meteorite Nice Looking Shrapnel With A COA,5.99,2022-08-09,3.45,1.74,WorthPoint
sikhote-alin-meteorite,"NEWEST!!! PICA Impact Glass, Chile, Lot Of 3 Excellent Pieces, 12.6 Grams",11.5,2022-08-07,12.6,0.91,WorthPoint
sikhote-alin-meteorite,"Meteorite Nantan, Iron, IAB-MG, China, One Piece 142 Grams",16.5,2022-08-07,142,0.12,WorthPoint
sikhote-alin-meteorite,"Meteorite Seymchan Small Etched Cut Block 97.2 Grams, Very Nice Structure",174.99,2022-08-07,97.2,1.8,WorthPoint
sikhote-alin-meteorite,(x213) 25 G Sikhote Alin Russia Meteorite Feb 1947 Shrapnel Fragment Specimen,70.99,2022-08-07,25,2.84,WorthPoint
sikhote-alin-meteorite,"Sikhote Alin Iron Meteorite, Small Awesome Individual, 8.7 Grams",34.99,2022-08-07,8.7,4.02,WorthPoint
sikhote-alin-meteorite,Beautiful 930 Gm. Etched Campo Del Cielo Meteorite Tripple Cut,584.1,2022-08-06,930,0.63,WorthPoint
sikhote-alin-meteorite,474 Gm . CAMPO DEL CIELO METEORITE ; AAA GRADE! BEAUTIFUL METEORITE; 1 LB.,431.96,2022-08-06,474,0.91,WorthPoint
sikhote-alin-meteorite,2942 Gm. Campo Del Cielo Meteorite ; Med. Grade!! Beautiful; 6.5 Lbs.; Cheap!,899.1,2022-08-05,2942,0.31,WorthPoint
sikhote-alin-meteorite,"NEW! Tsarev Meteorite L5, Russia, Lot Of 6 Excellent Cuts, 17.6 Grams",104.99,2022-08-04,17.6,5.97,WorthPoint
sikhote-alin-meteorite,2 Sikhote-Alin Iron Meteorites! Great Shrapnel Display! Authentic Space Rocks,14.99,2022-08-03,,,WorthPoint
sikhote-alin-meteorite,3822 Gm CAMPO DEL CIELO METEORITE ; AA GRADE 8.4+ Lbs.; Beautiful Lg.meteorite,1345.5,2022-08-03,3822,0.35,WorthPoint
sikhote-alin-meteorite,Russian Meteorite With Gem Case! 1.7 Gram Genuine Sikhote-Alin Meteorite!,12.99,2022-08-03,1.7,7.64,WorthPoint
sikhote-alin-meteorite,Sikhote Alin Meteorite 10 Grams,26.75,2022-08-02,10,2.68,WorthPoint
sikhote-alin-meteorite,1.78 Grams 16mm Long SIKHOTE ALIN Russia Meteorite As Found Individual +COA,6.99,2022-08-02,1.78,3.93,WorthPoint
sikhote-alin-meteorite,"Campo Del Cielo, Sikhote-Alin & NWA 869 Meteorite Display Group All 3 In Gem Jar",24.99,2022-08-02,,,WorthPoint
sikhote-alin-meteorite,A101 Superb 318gram Sikhote Alin Meteorite Museum Quality Unworked Scrapnel*****,255,2022-07-31,318,0.8,WorthPoint
sikhote-alin-meteorite,Beautiful 656 Gm. Etched Campo Del Cielo Meteorite Quarter Cut,359.1,2022-07-30,656,0.55,WorthPoint
sikhote-alin-meteorite,"4.336 Kgm. Campo Del Cielo Meteorite ; Museum Grade!! 9.6 Lb.,",3595.5,2022-07-29,4336,0.83,WorthPoint
sikhote-alin-meteorite,2.58 Grams 19mm Long SIKHOTE ALIN Russia Meteorite With A COA,5.49,2022-07-29,2.58,2.13,WorthPoint
sikhote-alin-meteorite,SIKHOTE-ALIN METEORITE PENDANT $99 Sterling Silver 925 Jewelry STARBORN SA99-P3,99,2022-07-29,,,WorthPoint
sikhote-alin-meteorite,"Museum Grade 14 Gm Sikhote-alin Meteorite From Russia, Collection Piece!!",89.1,2022-07-25,14,6.36,WorthPoint
sikhote-alin-meteorite,"Meteorite**Sikhote-Alin, Russia**20.870 Grams, Oriented With Rollover Lips!!!",499.99,2022-07-25,20.87,23.96,WorthPoint
sikhote-alin-meteorite,"Meteorite**Sikhote-Alin, Russia**10.204 Gram, Oriented Bullet Lot!!! Best Pieces",299.99,2022-07-25,10.204,29.4,WorthPoint
sikhote-alin-meteorite,"NEW! Tsarev Meteorite Chondrite L5, Russia, Nice Fragment 94.1 Grams",38,2022-07-24,94.1,0.4,WorthPoint
sikhote-alin-meteorite,"NEWEST!!! PICA Impact Glass, Chile, Excellent Piece, 11.3 Grams",12.12,2022-07-24,11.3,1.07,WorthPoint
sikhote-alin-meteorite,"NEW!! RARE!! NWA 8743 Eucrite, Melt Breccia, 2.85 Grams Part Slice",8,2022-07-24,2.85,2.81,WorthPoint
sikhote-alin-meteorite,"Meteorite Nantan, Iron, IAB-MG, China, One Piece 118 Grams",38.39,2022-07-24,118,0.33,WorthPoint
sikhote-alin-meteorite,"MAGNET With Tsarev Meteorite, Real Picture Of The Place Of Fall, Real Meteorite!",5.5,2022-07-24,,,WorthPoint
sikhote-alin-meteorite,Sikhote Alin Meteorite Witnessed Fall Commemorative Stamp,25,2022-07-24,,,WorthPoint
sikhote-alin-meteorite,744 Gm. New Campo Del Cielo Meteorite ;museum Grade!! Beautiful Baby Campo,656.95,2022-07-24,744,0.88,WorthPoint
sikhote-alin-meteorite,716 Gm. Campo Del Cielo Meteorite ; Beautiful Aaa Grade Meteorite; 1.6 Lbs,629.33,2022-07-24,716,0.88,WorthPoint
sikhote-alin-meteorite,"NEW! Tsarev Meteorite L5, Russia, Lot Of 5 Excellent Cuts, 25.5 Grams",152.99,2022-07-24,25.5,6,WorthPoint
sikhote-alin-meteorite,Authentic Sikhote-Alin Meteorite! Awesome Shrapnel! Space Rock That Hit Russia!,16.99,2022-07-24,,,WorthPoint
sikhote-alin-meteorite,3.52 Grams 16mm Long SIKHOTE ALIN Russia Meteorite Observed Fall In 1947,10.6,2022-07-23,3.52,3.01,WorthPoint
sikhote-alin-meteorite,Sikhote-Alin Meteorite 39.4g 0924,59,2022-07-23,39.4,1.5,WorthPoint
sikhote-alin-meteorite,460 Gm. New Campo Del Cielo Meteorite ; B Grade!! 1 Lb. Very Inexpensive,179.99,2022-07-22,460,0.39,WorthPoint
sikhote-alin-meteorite,580 Gm. Campo Del Cielo Meteorite Collectors Grade! 1.3+ Pounds Ablation Cavity,791.1,2022-07-22,580,1.36,WorthPoint
sikhote-alin-meteorite,Cool 45.76 Gram SIKHOTE ALIN IRON METEORITE - FALL IN RUSSIA IN 1947,116,2022-07-22,45.76,2.53,WorthPoint
sikhote-alin-meteorite,Best Sikhote-Alin Meteorite! Bubble Formation I Have Never Seen! Awesome Display,29.99,2022-07-22,,,WorthPoint
sikhote-alin-meteorite,1.64 Grams 16mm Long SIKHOTE ALIN Russia Meteorite As Found Individual +COA,5.99,2022-07-20,1.64,3.65,WorthPoint
sikhote-alin-meteorite,7.64 Grams 23mm Long SIKHOTE ALIN Russia Meteorite As Found Individual +COA,19.99,2022-07-20,7.64,2.62,WorthPoint
sikhote-alin-meteorite,5.66 Grams 24mm Long SIKHOTE ALIN Russia Meteorite As Found Individual +COA,14.99,2022-07-20,5.66,2.65,WorthPoint
sikhote-alin-meteorite,1062 GM. CAMPO DEL CIELO METEORITE ; AA GRADE LARGE METEORITE 2.3 Lbs. CHEAP!,539.1,2022-07-19,1062,0.51,WorthPoint
sikhote-alin-meteorite,Beautiful 868 Gm. Etched Campo Del Cielo Meteorite Quarter Cut,485.19,2022-07-19,868,0.56,WorthPoint
sikhote-alin-meteorite,"14.885 Kgm. Campo Del Cielo Meteorite ; Museum Grade!! 32.7 Lb.,",8995.5,2022-07-19,14885,0.6,WorthPoint
sikhote-alin-meteorite,"Sikhote Alin Iron Meteorite, Small Awesome Superb Oriented Individual, 13.6 G",67.99,2022-07-18,13.6,5,WorthPoint
sikhote-alin-meteorite,"NEW! Tsarev Meteorite Chondrite L5, Russia, Nice Fragment 127.8 Grams",48,2022-07-17,127.8,0.38,WorthPoint
sikhote-alin-meteorite,3022 GM. CAMPO DEL CIELO METEORITE ;B GRADE! CAMPO METEORITE; CHEAP! 6.7 Pounds,1079.95,2022-07-17,3022,0.36,WorthPoint
sikhote-alin-meteorite,5.65 Grams 18mm Long SIKHOTE ALIN Russia Meteorite As Found Individual +COA,13.99,2022-07-17,5.65,2.48,WorthPoint
sikhote-alin-meteorite,3.59 Grams 22mm Long SIKHOTE ALIN Russia Meteorite As Found Individual +COA,11.99,2022-07-17,3.59,3.34,WorthPoint
sikhote-alin-meteorite,1.55 Grams 14mm Long SIKHOTE ALIN Russia Meteorite As Found Individual +COA,5.99,2022-07-17,1.55,3.86,WorthPoint
sikhote-alin-meteorite,Fantastic 36.7 Gram SIKHOTE ALIN IRON METEORITE - FALL IN RUSSIA IN 1947,96,2022-07-17,36.7,2.62,WorthPoint
sikhote-alin-meteorite,5.98 Grams 23mm Long SIKHOTE ALIN Russia Meteorite As Found Individual +COA,22.01,2022-07-17,5.98,3.68,WorthPoint
sikhote-alin-meteorite,5.11 Grams 17mm Long SIKHOTE ALIN Russia Meteorite As Found Individual +COA,27,2022-07-17,5.11,5.28,WorthPoint
sikhote-alin-meteorite,2.01 Grams 17mm Long SIKHOTE ALIN Russia Meteorite As Found Individual +COA,6.99,2022-07-17,2.01,3.48,WorthPoint
sikhote-alin-meteorite,Sikhote-Alin Meteorite Shrapnel 80.3g 0375,88,2022-07-16,80.3,1.1,WorthPoint
sikhote-alin-meteorite,Beautiful 364 Gm. Campo Del Cielo Meteorite Cut Pair; Same Meteorite,359.1,2022-07-16,364,0.99,WorthPoint
sikhote-alin-meteorite,3 Sikhite-Alin Iron Meteorites! Great Shrapnel Display! Authentic Space Rocks,29.99,2022-07-16,,,WorthPoint
sikhote-alin-meteorite,62.2 Gram SIKHOTE ALIN IRON METEORITE - FALL IN RUSSIA IN 1947,151.2,2022-07-13,62.2,2.43,WorthPoint
sikhote-alin-meteorite,Meteorite Sikhote Alin 27.41 Grams Feb. 12 USSR Boxed Recorded,54,2022-07-12,27.41,1.97,WorthPoint
sikhote-alin-meteorite,"Sikhote-Alin Meteorite, Approx. 21.3 Gr. Approx. Dimension: 25mm X 16mm X 15mm",84,2022-07-11,21.3,3.94,WorthPoint
sikhote-alin-meteorite,"Beautiful Fusion Crust 7.737 Gr Sikhote-alin Iron Meteorite,complete Individual",49,2022-07-11,7.737,6.33,WorthPoint
sikhote-alin-meteorite,"Meteorite**NWA Unc.; Flight Oriented Individual**116.10 Grams,W/rollover Lip!!",199,2022-07-11,116.1,1.71,WorthPoint
sikhote-alin-meteorite,"Campo Del Cielo, Sikhote-Alin & NWA Meteorites! Space Rocks From 3 Continent's!",29.99,2022-07-11,,,WorthPoint
sikhote-alin-meteorite,"Campo Del Cielo, Sikhote-Alin & NWA Meteorites In Display 3 Space Rocks That Hit",11.61,2022-07-11,,,WorthPoint
sikhote-alin-meteorite,"NEW! Tsarev Meteorite Chondrite L5, Russia, Nice Fragment 79.4 Grams",14.5,2022-07-10,79.4,0.18,WorthPoint
sikhote-alin-meteorite,"Meteorite Nantan, Iron, IAB-MG, China, One Piece 101 Grams",40.58,2022-07-10,101,0.4,WorthPoint
sikhote-alin-meteorite,"Sikhote Alin Meteorite 11.7 Gms Iron Angular, 3 Sided Shooting Star",22.99,2022-07-10,11.7,1.96,WorthPoint
sikhote-alin-meteorite,Fantastic 67.2 Gram SIKHOTE ALIN IRON METEORITE - FALL IN RUSSIA IN 1947,159.2,2022-07-10,67.2,2.37,WorthPoint
sikhote-alin-meteorite,SIKHOTE ALIN METEORITE WITNESSED FALL COMMEMORATIVE STAMP UNHINGED MNH W/STAND,27,2022-07-10,,,WorthPoint
sikhote-alin-meteorite,3 Sikhote-Alin Iron Meteorites! Great Shrapnel Display! Authentic Space Rocks,29.99,2022-07-09,,,WorthPoint
sikhote-alin-meteorite,5.74 Grams 18mm SIKHOTE ALIN Russia Meteorite Nice Looking Shrapnel With My COA,13.5,2022-07-06,5.74,2.35,WorthPoint
sikhote-alin-meteorite,"NEWEST!!! PICA Impact Glass, Chile, 311 Grams",399.99,2022-07-04,311,1.29,WorthPoint
sikhote-alin-meteorite,2.04 Grams 16mm Long SIKHOTE ALIN Russia Meteorite Observed Fall In 1947,6.2,2022-07-04,2.04,3.04,WorthPoint
sikhote-alin-meteorite,"Beautiful Fusion Crust 5.866 Gr Sikhote-alin Iron Meteorite,complete Individual",38,2022-07-04,5.866,6.48,WorthPoint
sikhote-alin-meteorite,"NEW! Tsarev Meteorite Chondrite L5, Russia, Nice Fragment 130.8 Grams",37.87,2022-07-03,130.8,0.29,WorthPoint
sikhote-alin-meteorite,"NEWEST!!! PICA Impact Glass, Chile, Lot Of 4 Excellent Pieces, 11.1 Grams",6.5,2022-07-03,11.1,0.59,WorthPoint
sikhote-alin-meteorite,2.86 Grams 13mm Long SIKHOTE ALIN Russia Meteorite Pretty Individual With COA,8.99,2022-07-03,2.86,3.14,WorthPoint
sikhote-alin-meteorite,Sikhote-Alin Meteorite Attractive Teardrop Shape 13-grams,30,2022-07-03,13,2.31,WorthPoint
sikhote-alin-meteorite,"NEW! NWA 12676 And Tass√©det 004 H5-melt Breccia Meteorite, 2.95 Gram Full Slice",14.75,2022-07-02,2.95,5,WorthPoint
sikhote-alin-meteorite,"NEWEST!!! PICA Impact Glass, Chile, Excellent Piece, 26.1 Grams",49.99,2022-07-01,26.1,1.92,WorthPoint
sikhote-alin-meteorite,1354 Gm. Campo Del Cielo Meteorite ; Med Grade!! 3 Pounds; Cheap,629.1,2022-06-30,1354,0.46,WorthPoint
sikhote-alin-meteorite,934 Gm. New Campo Del Cielo Meteorite ; Aa Grade Meteorite; 2 Lb;,539.1,2022-06-30,934,0.58,WorthPoint
sikhote-alin-meteorite,916 Gm . CAMPO DEL CIELO METEORITE; A GRADE ; 2 LBS. CHEAP!!,449.1,2022-06-30,916,0.49,WorthPoint
sikhote-alin-meteorite,"Campo Del Cielo, Sikhote-Alin & NWA 869! Meteorites From 3 Different Continents!",7.5,2022-06-29,,,WorthPoint
sikhote-alin-meteorite,SIKHOTE-ALIN METEORITE PENDANT $119 Sterling Silver Jewelry STARBORN SA119-P2,119,2022-06-27,,,WorthPoint
sikhote-alin-meteorite,"NEW RARE!! NWA 7831 Achondrite Diogenite Meteorite, Fragment, 3.7 Grams",25.99,2022-06-27,3.7,7.02,WorthPoint
sikhote-alin-meteorite,4896 Gm. Campo Del Cielo Meteorite ; A Grade!! Beautiful 10.8 Pounds; Cheap!,1442.7,2022-06-27,4896,0.29,WorthPoint
sikhote-alin-meteorite,"NEWEST!!! PICA Impact Glass, Chile, One Excellent Piece, 9.1 Grams",6.05,2022-06-26,9.1,0.66,WorthPoint
sikhote-alin-meteorite,"NEW!! RARE!! NWA 8743 Eucrite, Melt Breccia, 2.67 Grams Part Slice",6,2022-06-26,2.67,2.25,WorthPoint
