material_slug,title,price_usd,sale_date,weight_grams,price_per_gram,source
trinitite,LIBYAN DESERT GLASS Tektite Faceted Gemstone Meteorite HIGH GRADE IMCA MEMBER,19.99,2025-12-23,,,WorthPoint
trinitite,Mini Museum 1st Edition 1 Large 33 Rare Specimens Hans Fex + LED Stand $1399 New,1025,2025-12-19,,,WorthPoint
trinitite,"Trinitite, The Atomic Age Mineral, 3rd Edition, William Kolb, Atomic Bomb!",58.5,2025-08-28,,,WorthPoint
trinitite,Genuine Libyan Desert Glass Prehistoric Tool Artifact!,50,2025-08-19,,,WorthPoint
trinitite,Vintage Uranium Ore Assay Kit-El Tronics & Detectron Radioactive Ore Collection,107.5,2025-07-30,,,WorthPoint
trinitite,Libyan Desert Glass Tektite Meteorite Impact Glass Formations Lot 17.31 Grams,57.75,2025-06-26,17.31,3.34,WorthPoint
trinitite,Trinitite Atomic Bomb Artifact 1945 New Mexico Trinity Site ***RARE SPECIMEN***,54.95,2025-06-15,,,WorthPoint
trinitite,Mini Museum 1st Edition #1116 - Large 33 Rare Specimens Hans Fex Kickstarter.,1500,2025-06-12,,,WorthPoint
trinitite,Four Pieces Of Trinitite,60.5,2025-06-04,,,WorthPoint
trinitite,One Piece Of Red Trinitite,121,2025-06-04,,,WorthPoint
trinitite,LIBYAN DESERT GLASS Tektite Meteorite HIGH-GRADE Gem Quality US Seller IMCA#,59.99,2025-05-20,,,WorthPoint
trinitite,Mini Museum 1st Edition 1 - Large 33 Rare Specimens Hans Fex Kickstarter,999.99,2025-05-14,,,WorthPoint
trinitite,Fragment Of First Atomic Bomb In Collector's Box,59,2025-05-11,,,WorthPoint
trinitite,Tool That Built The Atomic Bomb! Used By Oppenheimer's Foreman Manhattan Project,2500,2025-05-10,,,WorthPoint
trinitite,Mini Museum 1st Limited Edition - Small - 11 Rare Specimens Hans Fex Kickstarter,200,2025-05-06,,,WorthPoint
trinitite,Mini Museum 1st Edition - Large 33 Rare Specimens Hans Fex Kickstarter,1799,2025-04-09,,,WorthPoint
trinitite,Trinitite From First Atomic Bomb Blast,1000,2025-02-27,,,WorthPoint
trinitite,Low Price! Great Deal! Fabulous Find! Magnificent Libyan Desert Glass! 24.8 Gms,74.25,2025-02-05,24.8,2.99,WorthPoint
trinitite,"Fossils & Rocks: Trinitite, Fulgurites, Petrified Wood & Meteorite Oxide",155.25,2025-01-16,,,WorthPoint
trinitite,Libyan Desert Glass Scarab Carving Meteorite Impactite Tektite Pendant Egypt,191.99,2024-12-24,,,WorthPoint
trinitite,Atomsite Trinitite Jewelry Atomic Bomb 1946 Pictorial Merle Oberman,17.99,2024-12-22,,,WorthPoint
trinitite,3 1945 Stars & Stripes WW II Newspapers W Very 1st ATOMIC BOMB TEST Trinity NM,60,2024-10-30,,,WorthPoint
trinitite,Manhattan Project Pins And Patches,335,2024-10-01,,,WorthPoint
trinitite,"Laboratory Impactite Specimen In Resin, Trinitite",75,2024-09-12,,,WorthPoint
trinitite,Libyan Desert Glass Carving Cabochon Meteorite Impactite Tektite Gemstone Egypt,39.99,2024-06-14,,,WorthPoint
trinitite,"Meteorite**Desert Libyan Glass, Impactite**90.90 Gram; Broken Piece",31,2024-05-06,90.9,0.34,WorthPoint
trinitite,Trinitite: Atomic Rock From Trinity Nuclear Test,50,2024-04-28,,,WorthPoint
trinitite,"Meteorite**Desert Libyan Glass, Impactite**95.80 Gram; Highest Quality Glass!!!",97,2024-03-25,95.8,1.01,WorthPoint
trinitite,Libyan Desert Glass Sphere Carving Meteorite Impactite Tektite Pendant Egypt,359.95,2024-03-23,,,WorthPoint
trinitite,"TRINITITE 1.561g Fragment, Historic Trinity Atomic Blast Glass From New Mexico",52,2024-03-03,1.561,33.31,WorthPoint
trinitite,"TRINITITE 2.224g Fragment, Historic Trinity Atomic Blast Glass From New Mexico",71,2024-03-03,2.224,31.92,WorthPoint
trinitite,"TRINITITE 1.895g Fragment, Historic Trinity Atomic Blast Glass From New Mexico",60,2024-03-02,1.895,31.66,WorthPoint
trinitite,Coffee Mug With Image Of Trinitite - Perfect Novelty Gift,19.95,2024-02-19,,,WorthPoint
trinitite,"Trinitite, 3 Pieces From Trinity Site, 1991. Rock 1: 5/16"", 2: 3/8"", 3: 9/16""",200.47,2024-02-09,,,WorthPoint
trinitite,"Vintage 1991 Color Trinity Site Photos:Monument,Trinitite,Bunker,McDonald House+",8.46,2024-02-02,,,WorthPoint
trinitite,Mini Museum First Edition Complete Set Mint Condition,1950,2023-12-18,,,WorthPoint
trinitite,"Heritage Personal Museum - Titanic, Apollo 11, Fossils, Dinosaurs, Wright Flyer",111.99,2023-11-21,,,WorthPoint
trinitite,Trinitite Specimen,35,2023-09-19,,,WorthPoint
trinitite,Trinitite Mineral Specimen,35,2023-09-19,,,WorthPoint
trinitite,"Trinitite: First Atom Bomb Glass, 1945 Trinity Site, White Sands Proving Grounds",701.25,2023-09-14,,,WorthPoint
trinitite,Mini Museum Touch #1 Large Edition No 83/350 Hans Fex,661.51,2023-09-04,,,WorthPoint
trinitite,Alamogordo Glass - Historical Treasure Framed Display Relic - Oppenheimer - RARE,299.95,2023-07-27,,,WorthPoint
trinitite,Mini Museum 1st Edition - Hans Fex Kickstarter - Small (11 Items),399,2023-06-21,,,WorthPoint
trinitite,"Hans Fex Mini Museum 1, Limited Edition Original Kickstarter 33 Items + Bonus",1200,2023-05-29,,,WorthPoint
trinitite,Trinityte-4.8 Grams-Historical Treasure,27,2023-05-27,4.8,5.63,WorthPoint
trinitite,Contained Trinityte In Large Circular Case 1.5 Grams- 1.99 Grams,33,2023-05-21,1.5,22,WorthPoint
trinitite,Mini Museum 1st Edition - 33 Rare Specimins - Limited Edition By Hans Fex,1599.99,2023-05-06,,,WorthPoint
trinitite,Mini Museum First Edition By Hans Fex - MM1 - Large 33 Specimens- NEW,1400,2023-05-06,,,WorthPoint
trinitite,40-gr (1.4 -oz.) SLICE Atacoma Desert Chile PICA GLASS Impactite Discovered 2021,14.95,2023-03-31,40,0.37,WorthPoint
trinitite,"Trinitite Specimens - 4 Fragments, 6 Grams - Melt Glass - First Atomic Blast NM",64.99,2023-03-24,6,10.83,WorthPoint
trinitite,Trinitite Display Specimen - 5 Gram Fragment -Melt Glass - First Atomic Blast NM,64.99,2023-03-23,5,13,WorthPoint
trinitite,"Trinitite Specimens - 9 Fragments, 7 Grams - Melt Glass - First Atomic Blast NM",64.99,2023-03-22,7,9.28,WorthPoint
trinitite,Trinitite Specimen With Gamma-Ray Spectra Of Sample!,49.95,2023-03-18,,,WorthPoint
trinitite,Libyan Desert Glass Buddha Carving Meteorite Impactite Tektite Pendant Egypt,249.95,2023-03-13,,,WorthPoint
trinitite,Huge! 805 Gram (1.7 Lb) High Grade Source ORE!! Metamorphic Matrix! Nice Sample!,199.9,2023-03-05,805,0.25,WorthPoint
trinitite,MASSIVE 2130 Gram High Grade Source ORE!! Metamorphic Matrix! Beautiful Sample!,299.95,2023-03-04,2130,0.14,WorthPoint
trinitite,"24 Gram Bag Of ""trinitit E"" Impact Glass: Trinit Y Site, New Mexico Usa- Rare",80,2023-03-01,24,3.33,WorthPoint
trinitite,"High Grade (alpha, Beta, Gamma,) Source Rock. Samples 275 - 400 Grams NEW",99.95,2023-02-23,400,0.25,WorthPoint
trinitite,Mini Museum 1 - 1st Edition Large 33 Rare Specimens Hans Fex. Dinosaur Fossil,1299,2023-02-21,,,WorthPoint
trinitite,Rare Trinitite Fragment Alamogordo New Mexico Manhattan Project,40,2023-02-17,,,WorthPoint
trinitite,"High Grade (alpha, Beta, Gamma,) Source Rock. Samples 800 - 1000 Grams NEW",199.95,2023-02-14,1000,0.2,WorthPoint
trinitite,Alamogordo Glass- Individual Piece: 3.5 Grams-3.99 Grams,75,2023-02-07,3.5,21.43,WorthPoint
trinitite,Alamogordo Glass- Individual Piece: 2.0 Grams-2.49 Grams,40,2023-02-06,2,20,WorthPoint
trinitite,"Manhattan Project A Bomb Atomic Melted Sand Alamogordo Test July 16, 1945 Rare",1999,2023-01-30,,,WorthPoint
trinitite,"High Grade (alpha, Beta, Gamma,) Source Rock. Samples 500 - 750 Grams - NEW",149.95,2023-01-12,750,0.2,WorthPoint
trinitite,"High Grade (alpha, Beta, Gamma,) Source Rock. Samples 175 - 225 Grams NEW",75,2023-01-12,225,0.33,WorthPoint
trinitite,"High Grade (alpha, Beta, Gamma,) Source Rock. Samples 1200- 1500 Grams+ NEW",249,2023-01-07,1500,0.17,WorthPoint
trinitite,Individual TrinititeRock 1.0-1.49 Grams,25,2022-12-21,1.49,16.78,WorthPoint
trinitite,"High Grade (alpha, Beta, Gamma) Source Rock. Large Samples 100 - 150 Grams.",52.95,2022-12-14,150,0.35,WorthPoint
trinitite,Individual TrinititeRock 1.5-1.99 Grams,30,2022-11-27,1.99,15.08,WorthPoint
trinitite,Mini Museum First Edition - TOUCH - 35 Specimens) Hans Fex Book - Rare!,799,2022-10-13,,,WorthPoint
trinitite,"Trinitite ~ Molten Earth/Green Rock ~ Trinity Test Site, New Mexico",30,2022-08-31,,,WorthPoint
trinitite,"Ultra High Grade (alpha, Beta, Gamma,) Source Rock. Samples 10 - 25 Grams NEW",35,2022-08-27,25,1.4,WorthPoint
trinitite,Mini Museum 1 - 1st Edition - Large 33 Rare Specimens Hans Fex Kickstarter,1499,2022-08-06,,,WorthPoint
trinitite,"Ultra High Grade (alpha, Beta, Gamma,) Source Rock. 215 Grams NEW",129.95,2022-08-06,215,0.6,WorthPoint
trinitite,"High Grade (alpha, Beta, Gamma,) Source Rock. Samples 50 - 75 Grams.",35,2022-07-24,75,0.47,WorthPoint
trinitite,"Mini Museum 1st Edition (Included: Book, Pouch, Box, Certificate Of Authenticity",1799,2022-07-08,,,WorthPoint
trinitite,"Authentic Trinitite / 3cm 3.90grams / From Trinity Site, New Mexico",50,2022-06-29,3.9,12.82,WorthPoint
trinitite,Authentic Trinitite / Collected 1940's / Rare Thumbnail Mineral Specimen / NM,16,2022-06-21,,,WorthPoint
trinitite,Manhattan Project: Group Of Los Alamos Trinitite Souvenirs And Graphite From The Site Of The First Sustaining Nuclear Reaction.,3750,2022-06-12,,,WorthPoint
trinitite,"Trinitite ~ Molten Earth/Green Radioactive Rock ~ Trinity Test Site, New Mexico",17,2022-06-11,,,WorthPoint
trinitite,Authentic Trinitite From Ground Zero Sealed In Display Crystal. Gov Commissioned,299,2022-06-08,,,WorthPoint
trinitite,[Manhattan Project]. Foreman Gus H. Schultz Archive With Trinitite Souvenir From Los Alamos.,5125,2022-06-04,,,WorthPoint
trinitite,"High Grade (alpha, Beta, Gamma,) Source Rock. Samples 25 - 75 Grams.",25,2022-06-03,75,0.33,WorthPoint
trinitite,Atomic Bombing Trinitite,10,2022-05-12,,,WorthPoint
trinitite,76.5 Cts / 15.3 Grams Libyan Desert Glass Meteorite MENS Pendant In .925 Silver,165,2022-04-20,15.3,10.78,WorthPoint
trinitite,"High Grade (alpha, Beta, Gamma) Source Rock. Nice Large Samples 400- 700 Grams.",109.95,2022-04-16,700,0.16,WorthPoint
trinitite,Atomic Blonde! A New Mexican Curio,25,2022-04-12,,,WorthPoint
trinitite,Wwii Us Atomic Bomb Piece Of Trinitite 1st Trinity,196.8,2022-03-26,,,WorthPoint
trinitite,Ww2 Wwii U.s. Army 897th Signal Company Depot Aviation Book Photo Paper A-bomb,500,2022-03-20,,,WorthPoint
trinitite,LIBYAN DESERT GLASS Meteorite Tektite HIGH-GRADE Gem Quality US Seller IMCA#,39.95,2022-03-06,,,WorthPoint
trinitite,"High Grade (alpha, Beta, Gamma) Source Rock Very Small Sample 5 Grams",15,2022-03-06,5,3,WorthPoint
trinitite,"American Rockhound Magazine, Volume 2, Issue 5, Rocks From Space! PRINT Version",16.95,2022-02-22,,,WorthPoint
trinitite,Libyan Desert Glass Scarab (5.3ct),170,2022-02-16,1.06,160.38,WorthPoint
trinitite,Trinitite Nuclear Melted Sand Sample 5+ Grams With COA 3 Samples Available,60,2022-01-24,,,WorthPoint
trinitite,"Trinitite Massive Glassy Tektite From 1945 Atomic Test Fine TN Trinity Site, NM",20,2022-01-15,,,WorthPoint
trinitite,Libyan Desert Glass Scarab,100,2022-01-02,,,WorthPoint
trinitite,07-16-1945 Trinitite Atomic Bomb Test 18.8 Grams,28.75,2021-11-04,18.8,1.53,WorthPoint
trinitite,"SMALL PIECES GLASSY MATERIAL FUSED BY 1st ATOMIC BOMB NEAR TRINITY JULY 16,1945",14.5,2021-10-28,,,WorthPoint
trinitite,Trinitite Sample 4.9 Gram - First Atom Bomb Test Melt Glass - New Mexico Desert,129.99,2021-10-20,4.9,26.53,WorthPoint
trinitite,"WW2 Rare 1945 Atomic Bomb,3 Pieces Enfused Sand From Bomb Test",25,2021-10-01,,,WorthPoint
trinitite,"WW2 Rare 1945 Atomic Bomb Enfused Sand From Bomb Test,Certified",35,2021-09-30,,,WorthPoint
trinitite,Manhattan Project: Souvenir Trinitite Paperweight.,1562.5,2021-09-26,,,WorthPoint
trinitite,WW2 Rare 1945 Atomic Bomb Enfused Sand From Bomb Test,48,2021-09-20,,,WorthPoint
trinitite,WW2 Rare Atomic Bomb Enfused Sand From Bomb Test,71,2021-09-15,,,WorthPoint
trinitite,"WW2,1945 Rare Atomic Bomb Enfused Sand From Bomb Test",40,2021-09-10,,,WorthPoint
trinitite,Mini Museum 1st Edition - Large 33 Rare Specimens Hans Fex Limited Kickstarter,1100,2021-08-27,,,WorthPoint
trinitite,Other Dust Roleplaying After The End By Kevin Crawford - Drivethru/rpg,15,2021-08-20,,,WorthPoint
trinitite,Hans Fex Mini Museum 1st Ed Large 33 Specimens Book #4132 New Never Displayed,1550,2021-08-18,,,WorthPoint
trinitite,Vintage Atomic Trinitite Mineral Specimen Box Only Trinity Bombing Test 1945,63,2021-08-17,,,WorthPoint
trinitite,"SMALL PIECE GLASSY MATERIAL FUSED BY 1st ATOMIC BOMB NEAR TRINITY JULY 16,1945",14.5,2021-08-13,,,WorthPoint
trinitite,Mini Museum 1st Edition Medium 22 Specimens - Kickstarter Hans Fex,900,2021-07-27,,,WorthPoint
trinitite,Trinitite Atomic Bomb Specimen,35,2021-07-18,,,WorthPoint
trinitite,"Trinitite - Nuclear Test Glass, New Mexico - Mineral Specimen For Sale",22,2021-06-30,,,WorthPoint
trinitite,1950's Radioactive Ore Collection Uranium & Thorium Specimens Detectron Corp.,95,2021-06-25,,,WorthPoint
trinitite,Trinitite - Vintage - RARE Mineral Specimen From New Mexico In It's Original Box,54,2021-06-22,,,WorthPoint
trinitite,"Libyan Desert Glass 2.5g AAA Clarity, Translucency Impactite - Not A Meteorite",11,2021-06-16,2.5,4.4,WorthPoint
trinitite,Souvenir Card Of Alamagordo Trinitite 1st Atomic Bomb Blast Fused Sand Glass,150,2021-06-14,,,WorthPoint
trinitite,"TWO SMALL PIECES MATERIAL FUSED BY 1st ATOMIC BOMB NEAR TRINITY JULY 16,1945",14.5,2021-05-26,,,WorthPoint
trinitite,Glass Trinitite Display Container,29,2021-05-18,,,WorthPoint
trinitite,Hans Fex Mini Museum 1st Edition - Large 33 Specimens & Book 4972/5550,1800,2021-05-14,,,WorthPoint
trinitite,Los Alamos S-Site Brass Badge Manhattan Project Atomic Bomb,15,2021-05-05,,,WorthPoint
trinitite,MENS 71.5 Cts/ 14.3 Gr Libyan Desert Glass 55x22x14mm Pendant Set In .925 Silver,159,2021-05-02,14.3,11.12,WorthPoint
trinitite,Small Wholesale Glass Trinitite Lot 46 Grams,120,2021-04-19,46,2.61,WorthPoint
trinitite,Random Glass Trinitite Gem Container 1-2 Gram Pieces,20,2021-04-18,2,10,WorthPoint
trinitite,Wholesale Glass Trinitite Collection Approx. 30 Pounds In Tool Box,2900,2021-04-07,,,WorthPoint
trinitite,Metal Sign - Don't Steal The Trinitite - Vintage Look Reproduction,18.95,2021-03-29,,,WorthPoint
trinitite,VTG Mid-Century Modern ATOMIC Black Gold HIGHBALL DRINKING BAR Glasses SET 5,59.95,2021-03-28,,,WorthPoint
trinitite,11.5 Carats Libyan Desert Glass 19x11x6mm Pendant Set In .925 Silver,37,2021-03-25,,,WorthPoint
trinitite,113.5 Cts / 22.7 Grams Libyan Desert Glass Meteorite MENS Pendant In .925 Silver,189,2021-03-24,22.7,8.33,WorthPoint
trinitite,84 Carats / 16.8 Grams Libyan Desert Glass Meteorite MENS Pendant In .925 Silver,145,2021-03-21,16.8,8.63,WorthPoint
trinitite,MENS 75 Cts / 15 Gram Libyan Desert Glass 55x22x14mm Pendant Set In .925 Silver,139,2021-03-20,15,9.27,WorthPoint
trinitite,Trinitite Glass 2.065g,26,2021-03-18,2.065,12.59,WorthPoint
trinitite,Trinitite Glass 1.420g,26,2021-03-18,1.42,18.31,WorthPoint
trinitite,89.5 Cts / 17.9 Grams Libyan Desert Glass Meteorite MENS Pendant In .925 Silver,150,2021-03-16,17.9,8.38,WorthPoint
trinitite,RARE! Complete Set Of Mini Museums 1-4 + Dino With Stands + 14 Samples & Scope,6000,2021-03-15,,,WorthPoint
trinitite,Trinitite Glass 1.745g,26,2021-03-15,1.745,14.9,WorthPoint
trinitite,58 Carats= 11.6 Grams Libyan Desert Glass Meteorite Pendant Set In .925 Silver,89,2021-03-08,11.6,7.67,WorthPoint
trinitite,Libyan Desert Glass Meteorite Impactite Tektite HIGH-GRADE US Seller IMCA#,79.95,2021-03-02,,,WorthPoint
trinitite,Manhattan Project: Los Alamos Trinitite Souvenir.,15000,2021-02-28,,,WorthPoint
trinitite,Uraninite - Various Localities,55,2021-02-24,,,WorthPoint
trinitite,19 Carats - 3.8 Grams Libyan Desert Glass Tektite Meteorite Impact Specimen,14,2021-02-24,3.8,3.68,WorthPoint
trinitite,37.5 Carats - 7.5 Grams Libyan Desert Glass Tektite Meteorite Impact Specimen,27,2021-02-24,7.5,3.6,WorthPoint
trinitite,13 Carats / 2.6 Grams Libyan Desert Glass 22x13x9mm Pendant Set In .925 Silver,29,2021-02-24,2.6,11.15,WorthPoint
trinitite,47.5 Carats - 9.5 Grams Libyan Desert Glass Tektite Meteorite Impact Specimen,30,2021-02-23,9.5,3.16,WorthPoint
trinitite,MELTED BOTTLE FROM HIROSHIMA JAPAN Vintage WWII Atomic Bomb Relic,1025,2021-02-20,,,WorthPoint
trinitite,59 Carats = 11.8 Grams Of Libyan Desert Glass Tektite Meteorite Impact Specimen,35,2021-02-19,11.8,2.97,WorthPoint
trinitite,19.1 Carats / 3.85 Gram Libyan Desert Glass 27x17x5mm Pendant Set In .925 Silver,28,2021-02-18,3.85,7.27,WorthPoint
trinitite,18 Carats - 3.6 Grams Libyan Desert Glass Tektite Meteorite Impact Specimen,14,2021-02-18,3.6,3.89,WorthPoint
trinitite,28.5 Carats - 5.7 Grams Libyan Desert Glass Tektite Meteorite Impact Specimen,21,2021-02-18,5.7,3.68,WorthPoint
trinitite,Men's 86.5 Carats / 17.3 Grams Libyan Desert Glass 60x32x8mm Pendant .925 Silver,139,2021-02-18,17.3,8.03,WorthPoint
trinitite,25 Carats / 5 Gram Libyan Desert Glass 30x15x6mm Pendant Set In .925 Silver,34,2021-02-14,5,6.8,WorthPoint
trinitite,60 Carats 12 Grams Libyan Desert Glass 36x33x9mm Pendant Set In .925 Silver,95,2021-02-12,12,7.92,WorthPoint
trinitite,50 Carats / 10 Grams Libyan Desert Glass 40x25x8mm Pendant Set In .925 Silver,53,2021-02-12,10,5.3,WorthPoint
trinitite,15 Carats / 3 Grams Libyan Desert Glass 36x33x9mm Pendant Set In .925 Silver,29,2021-02-12,3,9.67,WorthPoint
trinitite,26.5 Carats - 5.3 Grams Libyan Desert Glass Tektite Meteorite Impact Specimen,19,2021-02-11,5.3,3.58,WorthPoint
trinitite,25.5 Carats / 5.1 Gram Libyan Desert Glass 29x22x7mm Pendant Set In .925 Silver,34,2021-02-11,5.1,6.67,WorthPoint
trinitite,23.5 Carats - 4.7 Grams Libyan Desert Glass Tektite Meteorite Impact Specimen,17,2021-02-11,4.7,3.62,WorthPoint
trinitite,27 Carats / 5.4 Grams Libyan Desert Glass 39x13x8mm Pendant Set In .925 Silver,36,2021-02-11,5.4,6.67,WorthPoint
trinitite,34 Carats - 6.8 Grams Libyan Desert Glass Tektite Meteorite Impact Specimen,25,2021-02-10,6.8,3.68,WorthPoint
trinitite,36.5 Carats / 7.3 Grams Libyan Desert Glass 23x20x6mm Pendant Set In .925 Silver,50,2021-02-08,7.3,6.85,WorthPoint
trinitite,23 Carats / 4.6 Gram Libyan Desert Glass 30x19x5mm Pendant Set In .925 Silver,34,2021-02-08,4.6,7.39,WorthPoint
trinitite,40 Carats - 8 Grams Libyan Desert Glass Tektite Meteorite Impact Specimen,29,2021-02-08,8,3.63,WorthPoint
trinitite,253 Carats - 50.6 Grams Libyan Desert Glass Tektite Meteorite Impact Specimen,129,2021-02-08,50.6,2.55,WorthPoint
trinitite,74.5 Carats 14.9 Grams Libyan Desert Glass Tektite Meteorite Impact Specimen,39,2021-02-07,14.9,2.62,WorthPoint
trinitite,39.5 Carats - 7.9 Grams Libyan Desert Glass Tektite Meteorite Impact Specimen,27,2021-02-07,7.9,3.42,WorthPoint
trinitite,9 Carats / 1.8 Grams Libyan Desert Glass 18x11x4mm Pendant Set In .925 Silver,19,2021-02-04,1.8,10.56,WorthPoint
trinitite,14 Carats Libyan Desert Glass 20x12x7mm Pendant Set In .925 Silver,28,2021-01-31,,,WorthPoint
trinitite,15 Carats / 3 Grams Libyan Desert Glass 23x13x7mm Pendant Set In .925 Silver,27,2021-01-31,3,9,WorthPoint
trinitite,9.1 Carats / 1.85 Grams Libyan Desert Glass 18x11x8mm Pendant Set In .925 Silver,22,2021-01-28,1.85,11.89,WorthPoint
trinitite,12 Carats / 2.4 Grams Libyan Desert Glass 22x11x5mm Pendant Set In .925 Silver,26,2021-01-28,2.4,10.83,WorthPoint
trinitite,13.5 Carats / 2.7 Grams Libyan Desert Glass 22x15x7mm Pendant Set In .925 Silver,32,2021-01-25,2.7,11.85,WorthPoint
trinitite,130 Carats = 26 Grams Libyan Desert Glass Tektite Meteorite Impact Specimen AAA,72,2021-01-21,26,2.77,WorthPoint
trinitite,17 Carats = 3.4 Grams Libyan Desert Glass Tektite Meteorite Impact Specimen,14,2021-01-17,3.4,4.12,WorthPoint
trinitite,20.6 Carats Libyan Desert Glass 25x16x5mm Pendant Set In .925 Silver,45,2021-01-11,,,WorthPoint
trinitite,41.5 Carats = 8.3 Grams Libyan Desert Glass Meteorite Pendant Set In .925 Silver,55,2021-01-06,8.3,6.63,WorthPoint
trinitite,20.1 Carats = 4 Grams Libyan Desert Glass Tektite Meteorite Impact Specimen,16,2021-01-06,4,4,WorthPoint
trinitite,6.7 Carats = 1.3 Grams Libyan Desert Glass Tektite Meteorite Impact Specimen,6,2021-01-05,1.3,4.62,WorthPoint
trinitite,12.6 Carats = 2.5 Grams Libyan Desert Glass Tektite Meteorite Impact Specimen,7.49,2020-12-28,2.5,3,WorthPoint
trinitite,4.5 Carats = .9 Grams Libyan Desert Glass Tektite Meteorite Impact Specimen,6.5,2020-12-28,9,0.72,WorthPoint
trinitite,14.5 Carats = 2.9 Grams Libyan Desert Glass Tektite Meteorite Impact Specimen,13,2020-12-27,2.9,4.48,WorthPoint
trinitite,25 Carats = 5 Grams Libyan Desert Glass Tektite Meteorite Impact Specimen,17,2020-12-27,5,3.4,WorthPoint
trinitite,25.5 Carats = 5.1 Grams Libyan Desert Glass Tektite Meteorite Impact Specimen,19,2020-12-27,5.1,3.73,WorthPoint
trinitite,17.5 Carats = 3.5 Grams Libyan Desert Glass Tektite Meteorite Impact Specimen,15,2020-12-27,3.5,4.29,WorthPoint
trinitite,21 Carats = 4.2 Grams Libyan Desert Glass Tektite Meteorite Impact Specimen,17,2020-12-27,4.2,4.05,WorthPoint
trinitite,12.5 Carats = 2.5 Grams Libyan Desert Glass Tektite Meteorite Impact Specimen,9,2020-12-27,2.5,3.6,WorthPoint
trinitite,34.5 Carats = 6.9 Grams Libyan Desert Glass Tektite Meteorite Impact Specimen,21,2020-12-27,6.9,3.04,WorthPoint
trinitite,17.8 Carats Libyan Desert Glass 24x12x9mm Pendant Set In .925 Silver,39.99,2020-12-26,,,WorthPoint
trinitite,11.1 Carats Libyan Desert Glass 20x14x5mm Pendant Set In .925 Silver,33,2020-12-25,,,WorthPoint
trinitite,Trinitite,45,2020-12-24,,,WorthPoint
trinitite,Trinitite 1ish Grams With Display Container,30,2020-12-22,,,WorthPoint
trinitite,Trinitite 2.730g With Display Container,58,2020-12-20,2.73,21.25,WorthPoint
trinitite,28 Carats = 5.6 Grams Libyan Desert Glass Meteorite Pendant Set In .925 Silver,46,2020-12-19,5.6,8.21,WorthPoint
trinitite,27.5 Carats = 5.5 Grams Libyan Desert Glass Meteorite Pendant Set In .925 Silver,68.5,2020-12-16,5.5,12.45,WorthPoint
trinitite,18 Carats = 3.6 Grams Libyan Desert Glass Tektite Meteorite Impact Pendant,23.99,2020-12-16,3.6,6.66,WorthPoint
trinitite,Book Red Trinitite Red WWII Atomic Bomb Glass Book,256,2020-12-12,,,WorthPoint
trinitite,174 Carats - 34.8 Grams Libyan Desert Glass Tektite Meteorite Impact Specimen,79,2020-12-12,34.8,2.27,WorthPoint
trinitite,56.5 Carats= 11.3 Grams Libyan Desert Glass Meteorite Pendant Set In .925 Silver,70,2020-12-12,11.3,6.19,WorthPoint
trinitite,14 Carats = 2.8 Grams Libyan Desert Glass Tektite Meteorite Impact Specimen,8.5,2020-12-11,2.8,3.04,WorthPoint
trinitite,68.9 Carats = 13.7 Grams Libyan Desert Glass Tektite Meteorite Impact Specimen,45,2020-12-09,13.7,3.28,WorthPoint
trinitite,Heritage Personal Museum - 33 Real Historical Mini Artifacts,97,2020-12-06,,,WorthPoint
trinitite,13.5 Carats = 2.7 Grams Libyan Desert Glass Tektite Meteorite Impact Specimen,9,2020-12-06,2.7,3.33,WorthPoint
trinitite,18.5 Carats = 3.7 Grams Libyan Desert Glass Tektite Meteorite Impact Pendant,38,2020-12-05,3.7,10.27,WorthPoint
trinitite,28.5 Carats = 5.7 Grams Libyan Desert Glass Tektite Meteorite Impact Specimen,23,2020-12-04,5.7,4.04,WorthPoint
trinitite,15 Carats = 3 Grams Libyan Desert Glass Tektite Meteorite Impact Specimen,12,2020-12-04,3,4,WorthPoint
trinitite,18.4 Carats = 3.6 Grams Libyan Desert Glass Tektite Meteorite Impact Pendant,26.99,2020-12-02,3.6,7.5,WorthPoint
trinitite,11.5 Carats = 2.3 Grams Libyan Desert Glass Tektite Meteorite Impact Pendant,25.66,2020-12-02,2.3,11.16,WorthPoint
trinitite,30 Carats = 6 Grams Libyan Desert Glass Tektite Meteorite Impact Specimen,18,2020-11-29,6,3,WorthPoint
trinitite,16.4 Carats = 3.25 Grams Libyan Desert Glass Tektite Meteorite Impact Specimen,10,2020-11-29,3.25,3.08,WorthPoint
trinitite,32 Carats = 6.4 Grams Libyan Desert Glass Tektite Meteorite Impact Specimen,19,2020-11-29,6.4,2.97,WorthPoint
trinitite,20.5 Carats = 4.1 Grams Libyan Desert Glass Tektite Meteorite Impact Specimen,16,2020-11-29,4.1,3.9,WorthPoint
trinitite,44 Carats = 8.8 Grams Libyan Desert Glass Tektite Meteorite Impact Specimen,25,2020-11-28,8.8,2.84,WorthPoint
trinitite,16.5 Carats = 3.3 Grams Libyan Desert Glass Tektite Meteorite Impact Specimen,11,2020-11-28,3.3,3.33,WorthPoint
trinitite,45.5 Carats = 9.1 Grams Libyan Desert Glass Tektite Meteorite Impact Specimen,26,2020-11-26,9.1,2.86,WorthPoint
trinitite,Trinitite Atomic Bomb Glass,115,2020-11-26,,,WorthPoint
trinitite,57.5 Carats = 11.5 Grams Libyan Desert Glass Tektite Meteorite Impact Specimen,30,2020-11-25,11.5,2.61,WorthPoint
trinitite,20 Carats = 4 Grams Libyan Desert Glass Tektite Meteorite Impact Specimen,13,2020-11-25,4,3.25,WorthPoint
trinitite,19 Carats = 3.8 Grams Libyan Desert Glass Tektite Meteorite Impact Specimen,11,2020-11-25,3.8,2.89,WorthPoint
trinitite,24 Carats = 4.8 Grams Libyan Desert Glass Tektite Meteorite Impact Specimen,16,2020-11-23,4.8,3.33,WorthPoint
trinitite,9.1 Carats = 1.84 Grams Libyan Desert Glass Tektite Meteorite Impact Specimen,7,2020-11-23,1.84,3.8,WorthPoint
trinitite,19.1 Carats = 3.8 Grams Libyan Desert Glass Tektite Meteorite Impact Specimen,14,2020-11-23,3.8,3.68,WorthPoint
trinitite,133.5 Carats 26.7 Gram Libyan Desert Glass Tektite Meteorite Impact Specimen AAA,75,2020-11-18,26.7,2.81,WorthPoint
trinitite,15.5 Carats = 3.1 Grams Libyan Desert Glass Tektite Meteorite Impact Specimen,10,2020-11-17,3.1,3.23,WorthPoint
trinitite,23.5 Carats = 4.7 Grams Libyan Desert Glass Tektite Meteorite Impact Specimen,13.5,2020-11-01,4.7,2.87,WorthPoint
trinitite,27.5 Carats = 5.5 Grams Libyan Desert Glass Tektite Meteorite Impact Specimen,15,2020-10-31,5.5,2.73,WorthPoint
trinitite,51 Carats = 10.2 Grams Libyan Desert Glass Tektite Meteorite Impact Specimen,25,2020-10-31,10.2,2.45,WorthPoint
trinitite,193.5 Carats - 38.7 Grams Libyan Desert Glass Tektite Meteorite Impact Specimen,91,2020-10-31,38.7,2.35,WorthPoint
trinitite,59 Carats = 11.8 Grams Libyan Desert Glass Tektite Meteorite Impact Specimen,25,2020-10-31,11.8,2.12,WorthPoint
trinitite,Trinitite (Alamogordo Glass),25,2020-10-28,,,WorthPoint
trinitite,9.6 Carats = 1.9 Grams Libyan Desert Glass Tektite Meteorite Impact Specimen,7,2020-10-28,1.9,3.68,WorthPoint
trinitite,9.5 Carats = 1.9 Grams Libyan Desert Glass Tektite Meteorite Impact Specimen,7,2020-10-26,1.9,3.68,WorthPoint
trinitite,14.6 Carats = 2.9 Grams Libyan Desert Glass Tektite Meteorite Impact Specimen,11,2020-10-22,2.9,3.79,WorthPoint
trinitite,9 Carats = 1.8 Grams Libyan Desert Glass Tektite Meteorite Impact Specimen,7,2020-10-21,1.8,3.89,WorthPoint
trinitite,7 Carats = 1.4 Grams Libyan Desert Glass Tektite Meteorite Impact Specimen,6.5,2020-10-21,1.4,4.64,WorthPoint
trinitite,41 Carats = 8.2 Grams Libyan Desert Glass Tektite Meteorite Impact Specimen,24,2020-10-21,8.2,2.93,WorthPoint
trinitite,43 Carats = 8.6 Grams Libyan Desert Glass Tektite Meteorite Impact Specimen,22,2020-10-21,8.6,2.56,WorthPoint
trinitite,GEM Libyan Desert Glass Meteorite Impactite Tektite Sahara Egypt US Seller IMCA#,108.88,2020-10-16,,,WorthPoint
trinitite,Libyan Desert Glass Angel Figurine Carving Carved Meteorite Gemstone Tektite,219.95,2020-10-05,,,WorthPoint
trinitite,"Very Rare - 1st Atomic Bomb Detonation - Trinitie - July 16, 1945 - Nuclear",25,2020-09-30,,,WorthPoint
trinitite,272 Carats - 54.4 Grams Libyan Desert Glass Tektite Meteorite Impact Specimen,95,2020-09-23,54.4,1.75,WorthPoint
trinitite,Large 1st Edition Mini Museum - 33 Specimens - Kickstarter - Hans Fex First,1600,2020-09-16,,,WorthPoint
trinitite,Atomic Bomb: Manhattan Project Souvenir.,2750,2020-09-15,,,WorthPoint
trinitite,161.5 Carats - 32.3 Grams Libyan Desert Glass Tektite Meteorite Impact Specimen,59,2020-09-08,32.3,1.83,WorthPoint
trinitite,MINI MUSEUM - 1ST EDITION (SMALL - 11 SPECIMENS) - Extremely Rare - 683/750,600,2020-09-08,,,WorthPoint
trinitite,102 Carats - 20.4 Grams Libyan Desert Glass Tektite Meteorite Impact Specimen,49,2020-08-29,20.4,2.4,WorthPoint
trinitite,*RARE* GEM Libyan Desert Glass Meteorite Impactite Tektite Egypt US Seller IMCA#,44.44,2020-08-25,,,WorthPoint
trinitite,90.8 Carats Libyan Desert Glass .925 Sterling Silver PENDANT For A MENS Necklace,145,2020-08-19,,,WorthPoint
trinitite,Trinity Test Atomic Bomb Glass 2 Gram Display Specimen,19.99,2020-08-08,2,9.99,WorthPoint
trinitite,Trinity Test Atomic Bomb Glass 2.1 Gram Display Specimen,21.99,2020-08-08,2.1,10.47,WorthPoint
trinitite,Trinity Test Atomic Bomb Glass 1.9 Gram Display Specimen,19.99,2020-08-05,1.9,10.52,WorthPoint
trinitite,Trinity Test Atomic Bomb Glass 2.7 Gram Display Specimen,25.99,2020-08-04,2.7,9.63,WorthPoint
trinitite,Trinity Test Atomic Bomb Glass 2.4 Gram Display Specimen,23.99,2020-08-01,2.4,10,WorthPoint
trinitite,242 Carats - 48.4 Grams Libyan Desert Glass Tektite Meteorite Impact Specimen,99,2020-07-12,48.4,2.05,WorthPoint
trinitite,Trinitite - 8 Specimens Totaling 10.64G - From The 1945 Trinity Test - With Docs,115.5,2020-07-09,10.64,10.86,WorthPoint
trinitite,TRINITITE 8.3 Gram Specimen,81.69,2020-07-01,8.3,9.84,WorthPoint
trinitite,133 Carats - 26.6 Grams Libyan Desert Glass Tektite Meteorite Impact Specimen,52,2020-07-01,26.6,1.95,WorthPoint
trinitite,TRINITITE 4.3 Gram Specimen,25,2020-06-30,4.3,5.81,WorthPoint
trinitite,"TRINITITE 2,0 Gram Specimen",19.5,2020-06-28,,,WorthPoint
trinitite,Trinity Site White Sands Missle Base 20 Page Pamphlet (Copy) FREE SAMPLE!,19.95,2020-06-20,,,WorthPoint
trinitite,45.4 Carats Libyan Desert Glass .925 Sterling Silver PENDANT For A Necklace,63,2020-06-14,,,WorthPoint
trinitite,TRINITITE 5.9 Gram Specimen,61,2020-06-12,5.9,10.34,WorthPoint
trinitite,170 Carats - 34 Grams Libyan Desert Glass Tektite Meteorite Impact Specimen,69,2020-06-09,34,2.03,WorthPoint
trinitite,55.5 Carats - 11.1 Grams Libyan Desert Glass Tektite Meteorite Impact Specimen,26,2020-06-06,11.1,2.34,WorthPoint
trinitite,"TRINITITE SAMPLE, WHITE PLAINS 1945, 2-3 Gm SAMPLE, 100% GUARANTEE REAL, SEE AD",30,2020-06-05,3,10,WorthPoint
trinitite,TRINITITE 7.5 Gram Specimen,44,2020-06-04,7.5,5.87,WorthPoint
trinitite,"TRINITITE Vintage Souvenir Pack, AUTHENTIC WHITE PLAINS, 1945, 9-10 Gm SAMPLE",145,2020-06-02,10,14.5,WorthPoint
trinitite,9 Small Trinitite Specimens Atomsite Atomic Bomb Glass In Diorama Box. TOTE 2,49.49,2020-06-01,,,WorthPoint
trinitite,TRINITITE 6.1 Gram Specimen With Hole,52,2020-05-31,6.1,8.52,WorthPoint
trinitite,64 Carats Libyan Desert Glass .925 Sterling Silver PENDANT For A Necklace,89,2020-05-31,,,WorthPoint
trinitite,50.3 Carats Libyan Desert Glass .925 Sterling Silver PENDANT For A MENS Necklace,85,2020-05-29,,,WorthPoint
trinitite,48.2 Cts 36x22mm Libyan Desert Glass .925 Sterling Silver PENDANT For A Necklace,75,2020-05-27,9.64,7.78,WorthPoint
trinitite,34.9 Carats 28x24x8mm Libyan Desert Glass .925 Sterling Silver PENDANT,50,2020-05-27,,,WorthPoint
trinitite,82.6 Cts Libyan Desert Glass 5x2mm 16'' Beads On A 18'' Necklace Sterling Silver,359,2020-05-24,16.52,21.73,WorthPoint
trinitite,TRINITITE 3.2 Gram Specimen,30,2020-05-23,3.2,9.38,WorthPoint
trinitite,61.4 Carats Libyan Desert Glass .925 Sterling Silver PENDANT For A MENS Necklace,114,2020-05-22,,,WorthPoint
trinitite,"TRINITITE SAMPLE, WHITE PLAINS 1945, 3-4 Gm SAMPLE, 100% GUARANTEE REAL, SEE AD",40,2020-05-18,4,10,WorthPoint
trinitite,28.50 Ea. Trinitite With White Sand Missile Range Sand. With CERTIIFICATE,28.5,2020-05-17,,,WorthPoint
trinitite,122 Cts Libyan Desert Glass 7x4mm 16'' Beads /18'' Necklace .925 Sterling Silver,499,2020-05-17,24.4,20.45,WorthPoint
trinitite,20.3 Carats 23x21x7mm Libyan Desert Glass .925 Sterling Silver PENDANT,32.99,2020-05-17,,,WorthPoint
trinitite,13.5 Cts 22x13mm Libyan Desert Glass .925 Sterling Silver PENDANT For A Necklace,30,2020-05-15,2.7,11.11,WorthPoint
trinitite,72 Cts Libyan Desert Glass 4x2.5mm 16'' Beads / 18'' Necklace .925 Solid Silver,269,2020-05-15,14.4,18.68,WorthPoint
trinitite,78 Cts Libyan Desert Glass 5x3mm 16'' Beads / 18'' Necklace .925 Sterling Silver,329,2020-05-15,15.6,21.09,WorthPoint
trinitite,152 Carats - 30.4 Grams Libyan Desert Glass Tektite Meteorite Impact Specimen,49,2020-05-14,30.4,1.61,WorthPoint
trinitite,Hiroshima Collection Signed Kiyoshi Kikkawa Book Press Photo 1947 PC Set 1952 +,249.99,2020-05-14,,,WorthPoint
trinitite,35.4 Cts 38x24mm Libyan Desert Glass .925 Sterling Silver PENDANT For A Necklace,58,2020-05-13,7.08,8.19,WorthPoint
trinitite,Straight From The One And Only Wallace T Smith Collection Rare Trinitite,32,2020-05-06,,,WorthPoint
trinitite,Rare Trinitite Nice Straight From Wallace T Smith Collection,30,2020-05-06,,,WorthPoint
trinitite,80 Cts Mens Libyan Desert Glass Sterling Silver 46x29x9mm PENDANT For A Necklace,135,2020-05-04,16,8.44,WorthPoint
trinitite,33 Carats - 6.6 Grams Libyan Desert Glass Tektite Meteorite Impact Specimen,15.5,2020-05-04,6.6,2.35,WorthPoint
trinitite,46.9 Carats 39x21x10mm Libyan Desert Glass .925 Sterling Silver PENDANT,49.99,2020-05-01,,,WorthPoint
trinitite,69 Carats - 13.8 Grams Libyan Desert Glass Tektite Meteorite Impact Specimen,32,2020-04-30,13.8,2.32,WorthPoint
trinitite,100 Cts Mens Libyan Desert Glass Sterling Silver 62x29x15mm PENDANT For Necklace,169,2020-04-29,20,8.45,WorthPoint
trinitite,21.5 Carats - 4.3 Grams Libyan Desert Glass Tektite Meteorite Impact Specimen,12,2020-04-28,4.3,2.79,WorthPoint
trinitite,35.5 Carats - 7.1 Grams Libyan Desert Glass Tektite Meteorite Impact Specimen,16.9,2020-04-26,7.1,2.38,WorthPoint
trinitite,32.5 Carats - 6.5 Grams Libyan Desert Glass Tektite Meteorite Impact Specimen,14.9,2020-04-26,6.5,2.29,WorthPoint
trinitite,148 Carats - 29.6 Grams Libyan Desert Glass Tektite Meteorite Impact Specimen,49,2020-04-26,29.6,1.66,WorthPoint
trinitite,"RARE TRINITITE STRAIGHT From The WALLACE T SMITH COLLECTION, Accept No Other...",48,2020-04-26,,,WorthPoint
trinitite,112 Cts Libyan Desert Glass 8x3 To 5x2mm 16'' Beads/ 18'' Necklace .925 Silver,250,2020-04-26,22.4,11.16,WorthPoint
trinitite,178 Carats / 35.7 Grams Libyan Desert Glass 8x4mm 16'' Beads / 18'' Necklace,559,2020-04-26,35.7,15.66,WorthPoint
trinitite,55 Cts Libyan Desert Glass 4x2mm 16'' Beads / 18'' Necklace .925 Sterling Silver,209,2020-04-25,11,19,WorthPoint
trinitite,90 Cts Libyan Desert Glass 5x3mm 16'' Beads / 18'' Necklace .925 Sterling Silver,260,2020-04-25,18,14.44,WorthPoint
trinitite,"Wallace Smith Collection Trinitite, 6 Flats, 600 Specimens! 293+ Grams",1400,2020-04-25,,,WorthPoint
trinitite,20.2 Carats 24x14x8mm Libyan Desert Glass .925 Sterling Silver PENDANT,29.99,2020-04-25,,,WorthPoint
trinitite,"Wallace Smith Collection Trinitite, Flat Of 100 Specimens! 40+ Grams",200,2020-04-25,,,WorthPoint
trinitite,14.1 Carats Libyan Desert Glass .925 Sterling Silver PENDANT For A Necklace,13,2020-04-24,,,WorthPoint
trinitite,28.50 Ea. Trinitite With White Sand Missile Range Sand.With GAMMA RAY SPEC SHEET,28.5,2020-04-24,,,WorthPoint
trinitite,RARE TRINITITE STRAIGHT From The WALLACE T SMITH COLLECTION Here In NEW MEXICO,30,2020-04-23,,,WorthPoint
trinitite,28.50 Ea. Trinitite With White Sand Missile Range Sand & With GAMMA RAY SPECTRUM,28.5,2020-04-22,,,WorthPoint
trinitite,30.1 Carats As Found Libyan Desert Glass Tektite Meteorite Impact Specimen,13.99,2020-04-21,,,WorthPoint
trinitite,38.1 Carats As Found Libyan Desert Glass Tektite Meteorite Impact Specimen,15.5,2020-04-21,,,WorthPoint
trinitite,"Wallace Smith Collection Trinitite, Flat Of 72 Specimens!",175,2020-04-21,,,WorthPoint
trinitite,Desktop Graphite CP-1 First Nuclear Reactor 12/2/1942 Los Alamos Trinitite+MORE,1025,2020-04-20,,,WorthPoint
trinitite,*BlueTRINITITE STRAIGHT From The WALLACE T SMITH COLLECTION Here In NEW MEXICO,40,2020-04-20,,,WorthPoint
trinitite,36 Carats As Found Libyan Desert Glass Tektite Meteorite Impact Specimen,14.99,2020-04-18,,,WorthPoint
trinitite,34.1 Carats As Found Libyan Desert Glass Tektite Meteorite Impact Specimen,14.99,2020-04-18,,,WorthPoint
trinitite,15.9 Carats Libyan Desert Glass 33x24x3 PENDANT For A Necklace,16.28,2020-04-18,,,WorthPoint
trinitite,16.1 Carats Libyan Desert Glass .925 Sterling Silver PENDANT For A Necklace,14.99,2020-04-18,,,WorthPoint
trinitite,"Wallace Smith Collection Trinitite, Flat Of 100 Specimens!",185,2020-04-18,,,WorthPoint
trinitite,31.3 Carats As Found Libyan Desert Glass Tektite Meteorite Impact Specimen,13,2020-04-16,,,WorthPoint
trinitite,15.3 Carats 21x12x8mm Libyan Desert Glass .925 Sterling Silver PENDANT,25,2020-04-15,,,WorthPoint
trinitite,29.8 Carats As Found Libyan Desert Glass Tektite Meteorite Impact Specimen,13.99,2020-04-15,,,WorthPoint
trinitite,34 Carats Libyan Desert Glass .925 Sterling Silver PENDANT For A Necklace,45,2020-04-15,,,WorthPoint
trinitite,Trinitite The Atomic Age Mineral First Edition Book Kolb Radioactive Man Made,39.99,2020-04-10,,,WorthPoint
trinitite,63.5 Carats Libyan Desert Glass .925 Sterling Silver PENDANT For A MENS Necklace,90,2020-04-08,,,WorthPoint
trinitite,Authentic Trinitite,150,2020-04-07,,,WorthPoint
trinitite,7.62 Carats 17mm Libyan Desert Glass .925 Sterling Silver PENDANT,19,2020-04-01,,,WorthPoint
trinitite,88.54 Cts Libyan Desert Glass .925 Sterling Silver PENDANT For A MENS Necklace,115,2020-04-01,17.708,6.49,WorthPoint
trinitite,47.8 Carats Polished Libyan Desert Glass Sterling Silver PENDANT For A Necklace,65,2020-03-29,,,WorthPoint
trinitite,13.9 Carats 23x14x8mm Libyan Desert Glass .925 Sterling Silver PENDANT,25,2020-03-29,,,WorthPoint
trinitite,12.5 Carats - 2.51 Grams Libyan Desert Glass Tektite Meteorite Impact Specimen,11.6,2020-03-29,2.51,4.62,WorthPoint
trinitite,"TRINITITE SAMPLE, WHITE PLAINS 1945, 4-5 Gm SAMPLE, 100% GUARANTEE REAL, SEE AD",50,2020-03-27,5,10,WorthPoint
trinitite,Trinitite Red Specimen Atomsite Atomic Bomb Glass Finest,130.01,2020-03-26,,,WorthPoint
trinitite,"ATOMSITE DESERT GLASS TEACHERS EDUCATIONAL Specimen, Trinitite .45g Nukem! BANG!",11,2020-03-25,45,0.24,WorthPoint
trinitite,61 Cts Mens Libyan Desert Glass Sterling Silver 50x27x9mm PENDANT For A Necklace,95,2020-03-25,12.2,7.79,WorthPoint
trinitite,*look**rare Trinitite Straight From Wallace T Smith Collection,42,2020-03-25,,,WorthPoint
trinitite,Authentic Big Trinitite Specimen New Mexico 4.46 Grams W/ Gamma Spectroscopy,89.99,2020-03-23,4.46,20.18,WorthPoint
trinitite,Blueish Rare Trinitite Straight From Wallace T Smith Collection,50,2020-03-23,,,WorthPoint
trinitite,Plutonium Trinity Site T Shirt Atom Bomb The Gadget,20,2020-03-22,,,WorthPoint
trinitite,88.5 Carats Libyan Desert Glass .925 Sterling Silver PENDANT For A MENS Necklace,110,2020-03-22,,,WorthPoint
trinitite,"Three Samples Of Trinitite, Each With Presentation Letters Of Authenticity.",276,2020-03-21,,,WorthPoint
trinitite,*look*hole Thru It*rare Trinitite Straight From Wallace T Smith Collection,36,2020-03-20,,,WorthPoint
trinitite,14.4 Carats Libyan Desert Glass 44x16x4 PENDANT For A Necklace,15.5,2020-03-20,,,WorthPoint
trinitite,Trinitite Atomic Fused Sand - From 1945 First Atomic Bomb Blast In New Mexico.,40,2020-03-20,,,WorthPoint
trinitite,Look Rare Trinitite Straight From Wallace T Smith Coll.,43,2020-03-19,,,WorthPoint
trinitite,Rare Trinitite Straight From Wallace T Smith Collection,33,2020-03-18,,,WorthPoint
trinitite,139 Cts Libyan Desert Glass 6x4mm 16'' Beads/ 18'' Necklace .925 Sterling Silver,389,2020-03-16,27.8,13.99,WorthPoint
trinitite,30.4 Carats Libyan Desert Glass .925 Sterling Silver PENDANT For A Necklace,39,2020-03-16,,,WorthPoint
trinitite,26.7 Carats Smooth Polished Libyan Desert Glass .925 Sterling Silver PENDANT,36,2020-03-15,,,WorthPoint
trinitite,"Big Trinitite Specimen, Wallace Smith Collection, New Mexico 3.6 Gms.",58,2020-03-11,3.6,16.11,WorthPoint
trinitite,2.93 Grams Libyan Desert Glass .925 Sterling Silver PENDANT For A Necklace,13.5,2020-03-08,2.93,4.61,WorthPoint
trinitite,24.5 Carats - 4.9 Grams Libyan Desert Glass Tektite Meteorite Impact Specimen,14,2020-03-07,4.9,2.86,WorthPoint
trinitite,"Framed Trinitite From Trinity Site, New Mexico During First Atomic Bomb Test",100,2020-03-06,,,WorthPoint
trinitite,17 Carats Libyan Desert Glass .925 Sterling Silver - Moon Looking 17mm PENDANT,29.95,2020-03-06,,,WorthPoint
trinitite,3.60 Grams Libyan Desert Glass .925 Sterling Silver PENDANT For A Necklace,10.5,2020-03-05,3.6,2.92,WorthPoint
trinitite,31 Carats - 6.2 Grams Libyan Desert Glass Tektite Meteorite Impact Specimen,16,2020-03-04,6.2,2.58,WorthPoint
trinitite,Rare Unusual Lot Trinitite Straight From Wallace T Smith Coll.,49.99,2020-03-03,,,WorthPoint
trinitite,21.1 Carats Libyan Desert Glass .925 Sterling Silver PENDANT For A Necklace,30,2020-03-02,,,WorthPoint
trinitite,24.5 Carats Smooth Polished Libyan Desert Glass .925 Sterling Silver PENDANT,36,2020-03-02,,,WorthPoint
trinitite,22.22 Carats Libyan Desert Glass .925 Sterling Silver PENDANT For A Necklace,30,2020-03-01,,,WorthPoint
trinitite,"Trinitite, Flat Of 50 Specimens! Spheres, Black, Wallace Smith Collection",325,2020-02-29,,,WorthPoint
trinitite,"Trinitite Specimen With Bubble, Wallace Smith Collection, New Mexico 3.3 Gms.",48,2020-02-29,3.3,14.55,WorthPoint
trinitite,77 Carats Libyan Desert Glass .925 Sterling Silver MENS PENDANT 42x37x8mm,149,2020-02-25,,,WorthPoint
trinitite,70 Cts Libyan Desert Glass 6x3mm 16'' Beads / 18'' Necklace .925 Sterling Silver,239,2020-02-25,14,17.07,WorthPoint
trinitite,83.8 Carats Libyan Desert Glass .925 Sterling Silver MENS PENDANT For A Necklace,149,2020-02-24,,,WorthPoint
trinitite,TRINITITE SAMPLE From 1st Atomic Bomb 100% AUTHENTIC ORIGINAL ATOMIC FUSED SAND,75.75,2020-02-20,,,WorthPoint
trinitite,26.6 Carats Libyan Desert Glass .925 Sterling Silver PENDANT For A Necklace,36,2020-02-17,,,WorthPoint
trinitite,Look Rare Trinitite Straight From Wallace T Smith Collection,58,2020-02-16,,,WorthPoint
trinitite,25.3 Carats Libyan Desert Glass .925 Sterling Silver PENDANT For A Necklace,34,2020-02-16,,,WorthPoint
trinitite,Ht4a22,175,2020-02-10,,,WorthPoint
trinitite,"Nice Trinitite Specimen, Wallace Smith Collection, New Mexico 2.6 Gms.",45,2020-02-07,2.6,17.31,WorthPoint
trinitite,RARE 1945 Hiroshima Tile With Gamma Spectrometer Test Reading Of 85PPkeV,202.5,2020-02-06,,,WorthPoint
trinitite,"Trinitite, Flat Of 50 Specimens! Wallace Smith Collection, New Mexico",275,2020-01-31,,,WorthPoint
trinitite,RARE Hiroshima Roof Tile Recovered From The Motoyasu River 85 PPkeV Reading,139.99,2020-01-28,,,WorthPoint
trinitite,1940s Outstanding 5 Gram BROWN TRINITITE Fragment PIECE Sample ATOMIC BOMB GLASS,67,2020-01-28,5,13.4,WorthPoint
trinitite,Rare Unususal Trinitite Straight From Wallace T Smith Collection,50,2020-01-28,,,WorthPoint
trinitite,Genuine Trinitite Specimens (Collected 1947) RARE 1st Atomic Bomb Glass 2.21 Gms,49.99,2020-01-25,2.21,22.62,WorthPoint
trinitite,$30.50 Ea. Trinitite With White Sand Missile Range Sand.With CERTIIFICATE,28.5,2020-01-24,,,WorthPoint
trinitite,"Wow Rare Piece Perfect Ball, Has Blues, A Beauty, Cats Meow, See Coa",51,2020-01-23,,,WorthPoint
trinitite,*Teacher Pak TRINITITE STRAIGHT FROM WALLACE T SMITH COLLECTION,99,2020-01-22,,,WorthPoint
trinitite,Red Rare Trinitite Straight From Wallace T Smith Collection,48,2020-01-21,,,WorthPoint
trinitite,Trinitite _ Smaller Pieces For Your Economy Minder Collector. Not Dust Or Dirt J,20,2020-01-20,,,WorthPoint
trinitite,30.50 Ea. Trinitite With White Sand Missile Range Sand.With CERTIIFICATE,28.5,2020-01-17,,,WorthPoint
trinitite,Trinity Site 20 Page Pamphlet (Copy) FREE SAMPLE!,19.95,2020-01-08,,,WorthPoint
trinitite,"Trinitite Specimen, Wallace Smith Collection, New Mexico 2.4 Gms.",42,2020-01-08,2.4,17.5,WorthPoint
trinitite,*rare Trinitite Straight From Wallace T Smith Collection,48,2020-01-05,,,WorthPoint
trinitite,"Trinitite Specimen, Wallace Smith Collection, New Mexico 3.3 Gms.",64,2020-01-05,3.3,19.39,WorthPoint
trinitite,Trinitite Atomic Fused Desert Sand Sample,35,2020-01-01,,,WorthPoint
trinitite,XMAS Sale Rare Trinitite With White Sand Missile Range Sand.With CERTIIFICATE,25,2020-01-01,,,WorthPoint
trinitite,"Trinitite From Trinity Site, New Mexicoâ-Formed During First Atomic Bomb Test",150,2019-12-28,,,WorthPoint
trinitite,**LOOK**Sweet PieceTrinitite Atomic Bomb Glass 1945 New Mexico Trinity Site Rare,40,2019-12-26,,,WorthPoint
trinitite,25.00 EaXMAS Sale Trinitite With White Sand Missile Range Sand.With CERTIIFICATE,25,2019-12-26,,,WorthPoint
trinitite,Trinitite Atomic Fused Desert Sand Sample 1.5 Grams,60,2019-12-23,1.5,40,WorthPoint
trinitite,"Trinitite Specimen, Wallace Smith Collection, New Mexico 2.7 Gms.",48,2019-12-17,2.7,17.78,WorthPoint
trinitite,Red Trinitite Atomic Bomb Glass 1945 Trinity Site Rare Red,125,2019-12-17,,,WorthPoint
trinitite,"Mini Museum First Edition, Large (33 Specimens) With Companion Guide",1875,2019-12-12,,,WorthPoint
trinitite,Trinitite Atomic Bomb Artifact Glass 1945 New Mexico Trinity Site Rare Mega 18g,125.5,2019-12-09,18,6.97,WorthPoint
trinitite,RARE Hiroshima Roof Tile Recovered From The Motoyasu River Excellent Example,199.99,2019-12-07,,,WorthPoint
trinitite,Trinitit E- Trinity Site Lapel Medal - From National Park Service - See Picture,13.95,2019-12-05,,,WorthPoint
trinitite,"Trinitite Specimen, Wallace Smith Collection, New Mexico 2.2 Gms.",45,2019-12-02,2.2,20.45,WorthPoint
trinitite,1st Edition Mini Museum Large Hans Fex (Authentic And Iconic) MM1 33 Specimens,2025,2019-12-02,,,WorthPoint
trinitite,Uranium -High Grade Uraninite/Pitchblende Ore (5 Grams) Small But Packs A Punch!,24.95,2019-11-30,5,4.99,WorthPoint
trinitite,"Trinitite Sample, 100% Authentic Original Atomic Fused Sand, 3.00-3.99gm Sample",40,2019-11-24,3.99,10.03,WorthPoint
trinitite,Trinitite- Atomic Blast Created Fused Sand. From 1945 First Atomic Blast!,40,2019-11-13,,,WorthPoint
trinitite,"*STOCKING STUFF, Rare Gift, Trinitite With White Sand Missile Range Sand. #9",30.5,2019-11-10,,,WorthPoint
trinitite,**LOOK RARE**TRINITITE Atomic Bomb Glass 1945 New Mexico Trinity Site,99,2019-11-05,,,WorthPoint
trinitite,RARE**TRINITITE Atomic Bomb Glass 1945 New Mexico Trinity Site,40,2019-11-04,,,WorthPoint
trinitite,RARE RED TRINITITE + 3 OTHERS LOT + SEE PICS**1945 New Mexico Trinity Site Rare,122,2019-11-03,,,WorthPoint
trinitite,WOW StunningTrinitite Atomic Bomb Glass Grams 1945 New Mexico Trinity Site Rare,100,2019-10-29,,,WorthPoint
trinitite,Trinitite Atomic Bomb Glass Grams 1945 New Mexico Trinity Site Rare,80,2019-10-28,,,WorthPoint
trinitite,Genuine Trinitite Specimen #5 (Collected 1947) RARE 1st Atomic Bomb Glass .34gms,15,2019-10-23,34,0.44,WorthPoint
trinitite,Genuine Trinitite Specimen #9 (Collected 1947) RARE 1st Atomic Bomb Glass .53gms,20,2019-10-23,53,0.38,WorthPoint
trinitite,**LOOK**Trinitite Atomic Bomb Glass 12.5 Grams 1945 New Mexico Trinity Site Rare,100,2019-10-22,12.5,8,WorthPoint
trinitite,**LOOK**Trinitite Atomic Bomb Glass 1945 New Mexico Trinity Site Rare,75,2019-10-22,,,WorthPoint
trinitite,Trinitite Atomic Fused Sand From 1945 First Atomic Bomb Blast In New Mexico 6gm,20,2019-10-20,6,3.33,WorthPoint
trinitite,Genuine Trinitite Specimen #10 (Collected 1947) RARE 1st Atomic Bomb Glass .54gm,20,2019-10-20,54,0.37,WorthPoint
trinitite,Genuine Trinitite Specimen #6 (Collected 1947) RARE 1st Atomic Bomb Glass .40gms,15,2019-10-20,40,0.38,WorthPoint
trinitite,Genuine Trinitite Specimen #8 (Collected 1947) RARE 1st Atomic Bomb Glass .51gms,20,2019-10-19,51,0.39,WorthPoint
trinitite,Genuine Trinitite Specimen #11 (Collected 1947) RARE 1st Atomic Bomb Glass .54gm,20,2019-10-17,54,0.37,WorthPoint
trinitite,Libyan Desert Glass Impactite,541.25,2019-10-17,,,WorthPoint
trinitite,Genuine Trinitite Specimen #7 (Collected 1947) RARE 1st Atomic Bomb Glass .40gms,15,2019-10-16,40,0.38,WorthPoint
trinitite,Genuine Trinitite Specimen #12 (Collected 1947) RARE 1st Atomic Bomb Glass .60gm,25,2019-10-14,60,0.42,WorthPoint
trinitite,Genuine Trinitite Specimen #13 (Collected 1947) RARE 1st Atomic Bomb Glass .66gm,25,2019-10-14,66,0.38,WorthPoint
trinitite,Trinitite Atomic Bomb Glass 5.0 Grams 1945 New Mexico Trinity Site Rare,70,2019-10-13,5,14,WorthPoint
trinitite,Trinitite Atomic Bomb Glass 7.2 Grams 1945 New Mexico Trinity Site Rare Sampler,100,2019-10-12,7.2,13.89,WorthPoint
trinitite,Trinitite Atomic Bomb Glass 3.8 Grams 1945 New Mexico Trinity Site Rare,60,2019-10-12,3.8,15.79,WorthPoint
trinitite,Uranium / Uraninite (Pitchblende) Medium Grade 1.5 Pounds Nice Desk Piece!,60,2019-10-08,,,WorthPoint
trinitite,Uranium - Medium Grade Uraninite/Pitchblende Ore (245 Grams)Nice Mineralization!,20,2019-10-08,245,0.08,WorthPoint
trinitite,Uranium - High Grade Uraninite/Pitchblende Ore LOT Of (4),150,2019-10-06,,,WorthPoint
trinitite,Trinitite - 1945 First Atomic Bomb Blast Atomsite Glass,75,2019-09-30,,,WorthPoint
trinitite,Trinity Site 20 Page Pamphlet (Copy) AND FREE GIFT!,19.95,2019-09-24,,,WorthPoint
trinitite,Trinitite Fused Sand - From 1945 First Atomic Bomb Blast In New Mexico,20,2019-09-21,,,WorthPoint
trinitite,"Hans Fex 1st Edition Mini Museum Size Large, Super Rare! With Companion Book.",2750,2019-09-16,,,WorthPoint
trinitite,Red Trinitite Atomic Bomb Artifact Glass 1945 New Mexico Trinity WWII,400,2019-09-13,,,WorthPoint
trinitite,High Grade Uraninite/Pitchblende Ore (215 Grams),40,2019-09-10,215,0.19,WorthPoint
trinitite,Trinitite Fused Sand,20,2019-09-01,,,WorthPoint
trinitite,Uranium - Medium Grade Uraninite/Pitchblende Ore (570 Grams)Nice Mineralization!,29.95,2019-09-01,570,0.05,WorthPoint
trinitite,"1st Edition Mini Museum Size Large, Very Rare! Great Condition! Hans Fex",1836.99,2019-08-29,,,WorthPoint
trinitite,Uranium - Medium Grade Uraninite/Pitchblende Ore (180 Grams)Nice Mineralization!,25,2019-08-26,180,0.14,WorthPoint
trinitite,Uranium - Medium Grade Uraninite/Pitchblende Ore (375 Grams)Nice Mineralization!,30,2019-08-23,375,0.08,WorthPoint
trinitite,"1st Edition Mini Museum! Large, Gently Used Condition. RARE!",1800,2019-08-22,,,WorthPoint
trinitite,Uranium - Medium Grade Uraninite/Pitchblende Ore (290 Grams)Nice Mineralization!,40,2019-08-21,290,0.14,WorthPoint
trinitite,"Rare 11-gram EDIEOWIE MELT GLASS, Australian Tunguska-like Airburst IMPACTITE",22,2019-07-30,11,2,WorthPoint
trinitite,"First Atomic Bomb Test: Three Scarce Trinitite Fragments In Two Sealed Containers, With One Container In Shadow Box Presentation.",1080,2019-07-27,,,WorthPoint
trinitite,Medium - High Grade Uraninite/Pitchblend Ore (190 Grams) Nice Mineralization!,55,2019-07-14,190,0.29,WorthPoint
trinitite,"1st Edition Mini Museum Size Large, Like New, Impossible To Find!",2100,2019-07-11,,,WorthPoint
trinitite,"Rare EDIEOWIE MELT GLASS, Australian Tunguska-like Airburst IMPACTITE, Free Ship",35,2019-07-05,,,WorthPoint
trinitite,Trinitite Atomic Bomb Glass 1945 New Mexico,100,2019-06-25,,,WorthPoint
trinitite,Trinitite Man Made Mineral Specimen 0.9 Grams,20,2019-06-24,0.9,22.22,WorthPoint
trinitite,RARE 3.2 Grams Red Trinitite Atomic Bomb Glass 1945 New Mexico,214.4,2019-06-12,3.2,67,WorthPoint
trinitite,TRINITITE Glass World's First ATOMIC EXPLOSION Atom Bomb 1945,78.77,2019-06-12,,,WorthPoint
trinitite,TRINITITE! From The Wallace Smith Collection. History!,37.5,2019-06-07,,,WorthPoint
trinitite,RARE 1.7 Grams Red Trinitite Atomic Bomb Specimen 1945 New Mexico,130,2019-06-02,1.7,76.47,WorthPoint
trinitite,RARE 2.4 Grams Red Trinitite Atomic Bomb Specimen 1945 New Mexico,175,2019-05-31,2.4,72.92,WorthPoint
trinitite,RARE 4.9 Grams Red Trinitite Atomic Bomb Specimen 1945 New Mexico,275,2019-05-30,4.9,56.12,WorthPoint
trinitite,RARE 5.5 Grams Red Trinitite Atomic Bomb Specimen 1945 New Mexico,300,2019-05-29,5.5,54.55,WorthPoint
trinitite,RARE 4+ Grams Red Trinitite Atomic Bomb Specimen 1945 New Mexico,275,2019-05-29,,,WorthPoint
trinitite,RARE Large 19 Grams Trinitite Atomic Bomb Specimen 1945 New Mexico,225,2019-05-29,19,11.84,WorthPoint
trinitite,VERY RARE Large 34 Grams Trinitite Atomic Bomb Specimen 1945 New Mexico,599.99,2019-05-28,34,17.65,WorthPoint
trinitite,Mini Museum 1 Limited 1st Edition TOUCH - Large 35 Rare Specimens Hans Fex,1599.99,2019-05-22,,,WorthPoint
trinitite,Large Trinitite Specimen 3.4 Grams With Certificate Of Authenticity,109.5,2019-05-14,3.4,32.21,WorthPoint
trinitite,Trinitite Collector Wallace T. Smiths Wife Dorothy's Sterling Silver Adonis,61,2019-05-13,,,WorthPoint
trinitite,Trinitite Sample Lot Alamagordo New Mexico Atomic Test Site Man Made Mineral,29,2019-04-30,,,WorthPoint
trinitite,Trinitite Samples Alamagordo New Mexico Atomic Test Site - Lot Of 5 Specimens,35,2019-04-16,,,WorthPoint
trinitite,Vtg Nuclear Bomb Trinity Site Army Rules DOE Ephemera White Sands Missile Range,32.19,2019-04-12,,,WorthPoint
trinitite,Mini Museum 1st Edition - Rare - Brand New Unopened - Mt. Everest Ladder Sample!,795,2019-04-12,,,WorthPoint
trinitite,Vintage HIROSHIMA AFTER ATOMIC BOMB PRESS PHOTOS + TRINITITE FIELD AT ALAMAGORDO,160.5,2019-03-21,,,WorthPoint
trinitite,Large 1st Edition Mini Museum - 33 Specimens - Kickstarter Hans Fex,1300,2019-02-26,,,WorthPoint
trinitite,Trinitite Fused Sand From First Nuclear Bomb Test Trinity White Sands Alamogordo,117.5,2019-02-05,,,WorthPoint
trinitite,NIP Images SI Wall Display Box Trinitite Specimen Sample,30.99,2019-02-02,,,WorthPoint
trinitite,TRINITITE Fused Desert Sand Glass 1st Atomic Bomb Manhattan Project WW2 1945,69.95,2019-02-01,,,WorthPoint
trinitite,"Trinitite Fused Silica From Trinity, NM Test Site Of First Atomic Bomb Explosion",30,2019-01-31,,,WorthPoint
trinitite,Mini Museum 1st Edition Medium 22 Specimens Hans Fex. Includes Companion Book,1565,2019-01-30,,,WorthPoint
trinitite,"Trinitite Crystal RARE Mineral Specimen From Atomic Test Site, New Mexico",21.57,2019-01-21,,,WorthPoint
trinitite,"7"" X 10"" Metal Sign - Don't Steal The Trinitite - Vintage Look Repro",16.95,2019-01-01,,,WorthPoint
trinitite,Mini Museum 1st Edition 33 Specimens Hans Fex + Companion Book,2000,2018-12-24,,,WorthPoint
trinitite,Military Encased Fused Silica From Tritity Site Almorgordo Trinitite Atomic Bomb,439,2018-12-13,,,WorthPoint
trinitite,"TRINITITE, Fused Glass, Atomsite",41,2018-12-10,,,WorthPoint
trinitite,"Rarest Red Trinitite Fused Silica, Trinity Site First Atomic Bomb Explosion",250,2018-12-04,,,WorthPoint
trinitite,[J. Robert Oppenheimer]. Inez O''Brien Archive From Los Alamos.,2250,2018-10-25,,,WorthPoint
trinitite,"Mini Museum 1st Edition (#85) W/ Box, Certificate And Companion Book",1850,2018-10-13,,,WorthPoint
trinitite,Mini Museum 1st Edition W/ Certificate And Companion Book - #85,1700,2018-10-12,,,WorthPoint
trinitite,"Mini Museum 1st Edition Large By Hans Fex, #4099 Of 5550",1849,2018-09-24,,,WorthPoint
trinitite,"2 Pc Wwii Us Manhattan Bomb Blast Site Trinitite Fused Glass Alamogordo, Nm",61,2018-09-12,,,WorthPoint
trinitite,LIBYAN DESERT GLASS Bracelet DRILLED BEADS Carving Meteorite Impactite Tektite,98.95,2018-09-10,,,WorthPoint
trinitite,Mini Museum 1st Limited Edition - Small - 352 Of 750 11 Specimens,50,2018-08-28,,,WorthPoint
trinitite,Manhattan Project A Bomb Bronze And Sterling Silver Workers Pins Whitehead Hoag,399.99,2018-08-22,,,WorthPoint
trinitite,Mini Museum 1st Edition Large By Hans Fex,1999,2018-08-21,,,WorthPoint
trinitite,Trinitite New Mexico A-Bomb Test Site 17.9 Gr,95,2018-08-18,17.9,5.31,WorthPoint
trinitite,"3 Pc Wwii Us Manhattan Bomb Blast Site Trinitite Fused Glass Alamogordo, Nm",51,2018-08-14,,,WorthPoint
trinitite,Large 1st Edition Mini Museum AND Large 2nd Edition With Guides,2999.99,2018-08-03,,,WorthPoint
trinitite,Large 1st Edition Mini Museum - 33 Specimens - Kickstarter- Hans Fex First #2162,1899.99,2018-07-25,,,WorthPoint
trinitite,3 Pieces Of WWII US Manhattan Project Alamogordo NM A-Bomb Blast Site TRINITITE,71.01,2018-07-16,,,WorthPoint
trinitite,Trinitite Sample / Fused Glass New Mexico Test Site 2,35,2018-07-15,,,WorthPoint
trinitite,Trinitite Mineral Samples From Atomic Test Site New Mexico 1947 Alamagordo 1,25,2018-07-06,,,WorthPoint
trinitite,PREHISTORIC Tool Made In Lybian Glass (26my Old Meteorite Impact Glass -Tectite),21.5,2018-06-30,,,WorthPoint
trinitite,Trinitite Sand From Atomic Blast New Mexico 1945,93.95,2018-06-27,,,WorthPoint
trinitite,4 Pieces Of WWII US Manhattan Project Alamogordo NM A-Bomb Blast Site TRINITITE,78,2018-06-25,,,WorthPoint
trinitite,First Edition Mini Museum Large (Super Rare!),1750,2018-05-23,,,WorthPoint
trinitite,"WWII Manhattan Project Trinitite Samples, A Bomb Pin, Pictures, Medal",324.99,2018-05-20,,,WorthPoint
trinitite,"""Trinitite"" Specimen From Ground Zero Trinity Test Site",24.99,2018-05-16,,,WorthPoint
trinitite,*Trinitite Fused Desert Sand 1st Atomic Test Trinity Site 1945,57.95,2018-05-04,,,WorthPoint
trinitite,23 Grams Trinitite Fused Desert Sand Test Trinity 1945,127.95,2018-05-02,23,5.56,WorthPoint
trinitite,US Guided Missile & Rocket Surveys 1958 Ford Aircraft Co + Apollo 7 Memo,32.99,2018-04-30,,,WorthPoint
trinitite,Vintage 1945 US Army Air Corps HIROSHIMA NAGASAKI COMMEMORATIVE BOOK Atom Bomb,294.99,2018-04-22,,,WorthPoint
trinitite,B-52G & B-52H Checklists In Binder USAF Stratofortress B-52 Bomber,56,2018-04-21,52,1.08,WorthPoint
trinitite,NUCLEAR WEAPONS AVIONICS BOX Nuclear Store Consent For F4 Phantom Atom Bomb,100.89,2018-04-21,,,WorthPoint
trinitite,Nuclear Testing In Australia DOCUMENTARY DVD - ATOMIC CONFESSIONS Atom Bomb,10,2018-04-21,,,WorthPoint
trinitite,Operation Plumbbob NUCLEAR TEST TECHNICAL REPORT Blast On Safes Atom Bomb,261,2018-04-21,,,WorthPoint
trinitite,OPERATION CASTLE BRAVO Nuclear Bomb Test OFFICIAL REPORT Defense Nuclear Agency,30.5,2018-04-21,,,WorthPoint
trinitite,Rare Blues,73,2018-04-10,,,WorthPoint
trinitite,TRINITITE 1st Atomic Test Trinity Site 1945,60,2018-04-08,,,WorthPoint
trinitite,"*TRINITITE Fused Desert Sand 1st Atomic Test, Trinity Site, 1945",15,2018-04-07,,,WorthPoint
trinitite,"TRINITITE, Glass Made From Desert Sand Fused Together By The First Atomic Blast.",25,2018-04-05,,,WorthPoint
trinitite,GREAT TEACHING PIECES RARE TRINITITE 1st Atomic Test Trinity Site 1945,67,2018-04-04,,,WorthPoint
trinitite,LOOK Tower Piece TRINITITE Fused Desert Sand 1st Atomic Test Trinity Site 1945,72,2018-04-03,,,WorthPoint
trinitite,LOOK Super Piece TRINITITE Fused Desert Sand 1st Atomic Test Trinity Site 1945,78,2018-04-02,,,WorthPoint
trinitite,Detectron Corporation - Uranium And Thorium Specimens,103.5,2018-04-02,,,WorthPoint
trinitite,GREAT Pieces RARE TRINITITE 1st Atomic Test Trinity Site 1945,72,2018-04-01,,,WorthPoint
trinitite,*SUPER DEAL CLASSROOM SAMPLES TRINITITE Atomic Test Trinity Site 1945,88,2018-03-25,,,WorthPoint
trinitite,*PERFECT CLASSROOM SAMPLES TRINITITE Atomic Test Trinity Site 1945,72,2018-03-25,,,WorthPoint
trinitite,GREAT FOR TEACHER OR COLLECTOR Fused Desert Sand Test Trinity 1945,150,2018-03-21,,,WorthPoint
trinitite,3 Oz.TEACHERS LOT CLASSROOM Fused Desert Sand Test Trinity 1945,100,2018-03-19,85.05,1.18,WorthPoint
trinitite,TEACHERS LOT CLASSROOM Fused Desert Sand Test Trinity 1945,199,2018-03-13,,,WorthPoint
trinitite,*AWESOME WITH BALL ON TOP Fused Desert Sand 1st Atomic Test Trinity Site 1945,77,2018-03-11,,,WorthPoint
trinitite,NICE LOOK TRINITITE Fused Desert Sand 1st Atomic Test Trinity Site 1945,70,2018-03-10,,,WorthPoint
trinitite,26.9 Grams Look Closely **11 Pcs. TRINITITE Fused Desert Sand Test Trinity 1945,88,2018-03-08,26.9,3.27,WorthPoint
trinitite,"Mini Museum Hans Fex 1st Edition, Large 33 Specimens + Touch Edition",2800,2018-03-04,,,WorthPoint
trinitite,*SWEET*LOOK**RARE TRINITITE Fused Desert Sand 1st Atomic Test Trinity Site 1945,54,2018-03-04,,,WorthPoint
trinitite,TAKE A CLOSE LOOK TRINITITE Fused Desert Sand 1st Atomic Test Trinity Site 1945,75,2018-03-04,,,WorthPoint
trinitite,23 Grams Look Closely **11 Pcs. TRINITITE Fused Desert Sand Test Trinity 1945,85,2018-03-04,23,3.7,WorthPoint
trinitite,25.4 Grams **19 Pcs. TRINITITE Fused Desert Sand 1st Atomic Test Trinity 1945,115,2018-03-03,25.4,4.53,WorthPoint
trinitite,10 Pieces**LOOK**RARE TRINITITE Fused Desert Sand 1st Atomic Test Trinity 1945,70,2018-03-03,,,WorthPoint
trinitite,26 Grams LARGE**11 Pcs. TRINITITE Fused Desert Sand 1st Atomic Test Trinity 1945,125,2018-03-03,26,4.81,WorthPoint
trinitite,WOW BLUE BALL NEVER SEEN TRINITITE Desert Sand 1st Atomic Test Trinity Site 1945,65,2018-03-01,,,WorthPoint
trinitite,"EDIOWIE GLASS Impactite From Australia, 62.5-grams (2.2-oz.)",125.1,2018-02-28,62.5,2,WorthPoint
trinitite,TRINITITE FUSED SAND FIRST ATOMIC BLAST 1945 NEW MEXICO 10 Grams SOME RED,203.5,2018-02-24,10,20.35,WorthPoint
trinitite,TRINITITE FUSED SAND FIRST ATOMIC BLAST 1945 NEW MEXICO 6.5 Grams SOME RED,51,2018-02-24,6.5,7.85,WorthPoint
trinitite,TRINITITE FUSED SAND FIRST ATOMIC BLAST 1945 NEW MEXICO 4 Grams SOME RED,53.01,2018-02-24,4,13.25,WorthPoint
trinitite,*BUBBLE*LOOK**RARE TRINITITE Fused Desert Sand 1st Atomic Test Trinity Site 1945,46,2018-02-24,,,WorthPoint
trinitite,20 Pieces Trinitite FUSED SAND FIRST ATOMIC BLAST 1945,140,2018-02-23,,,WorthPoint
trinitite,Mutual Defense Agreement Containing Trinitite From Nuclear Blast Coin Medal,51,2018-02-21,,,WorthPoint
trinitite,Get It Now RARE TRINITITE 1st Atomic Test Trinity Site 1945,48,2018-02-19,,,WorthPoint
trinitite,Slight Blue**RARE TRINITITE Fused Desert Sand 1st Atomic Test Trinity Site 1945,38,2018-02-14,,,WorthPoint
trinitite,RARE TRINITITE 1st Atomic Test Trinity Site 1945,38,2018-02-14,,,WorthPoint
trinitite,'GREAT TEACHING PIECES RARE TRINITITE 1st Atomic Test Trinity Site 1945,89,2018-02-13,,,WorthPoint
trinitite,RARE TRINITITE Fused Desert Sand 1st Atomic Bomb Test Trinity Site 1945,28,2018-02-13,,,WorthPoint
trinitite,LOOK**RARE TRINITITE Fused Desert Sand 1st Atomic Test Trinity Site 1945,36.99,2018-02-12,,,WorthPoint
trinitite,2 Oz BLUES TO Super Color TRINITITE 1st Atomic Test Trinity,60,2018-02-07,56.7,1.06,WorthPoint
trinitite,WOW Get It Now RARE TRINITITE 1st Atomic Test Trinity Site 1945,70,2018-02-06,,,WorthPoint
trinitite,35 Pcs.GREAT TEACHING PIECES RARE TRINITITE 1st Atomic Test Trinity Site 1945,70,2018-02-04,,,WorthPoint
trinitite,WITH WHITE SAND/MISSILE RANGE TRINITITE 1st Atomic Test Trinity Site 1945,38,2018-02-04,,,WorthPoint
trinitite,COMES WITH WHITE SAND/MISSILE RANGE TRINITITE 1st Atomic Test Trinity Site 1945,38,2018-02-04,,,WorthPoint
trinitite,Super COOL NODULE TRINITITE RARE 1st Atomic Test Trinity Site 1945,35,2018-02-04,,,WorthPoint
trinitite,*STEAL DEAL TRINITITE Desert Sand 1st Atomic Bomb Test Trinity Site 1945,175,2018-02-01,,,WorthPoint
trinitite,*THIS NEW STEAL DEAL*TRINITITE Desert Sand 1st Atomic Test Trinity Site 1945,42,2018-02-01,,,WorthPoint
trinitite,**RED**RARE TRINITITE Fused Desert Sand 1st Atomic Test Trinity Site 1945,95,2018-01-31,,,WorthPoint
trinitite,1 BLUE 1 GR**RARE TRINITITE Fused Desert Sand 1st Atomic Test Trinity Site 1945,40,2018-01-28,1,40,WorthPoint
trinitite,Nodule**RARE TRINITITE Fused Desert Sand 1st Atomic Test Trinity Site 1945,130,2018-01-28,,,WorthPoint
trinitite,METALIC**RARE TRINITITE Fused Desert Sand 1st Atomic Test Trinity Site 1945,90,2018-01-28,,,WorthPoint
trinitite,CLASS ROOM SPECIAL TRINITITE Desert Sand 1st Atomic Bomb Test Trinity Site 1945,35,2018-01-28,,,WorthPoint
trinitite,Vintage Tin Plane. One Of A Kind. Taken From Trinity Site.,46.09,2018-01-15,,,WorthPoint
trinitite,Trinitite - Mineral In Display Case - Limited Quantity WWII Historical Artifact,51.19,2017-12-17,,,WorthPoint
trinitite,Trinitite 10 Grams From 1st Atomic Bomb Test 1945 2 25th Anniversary News Clips,152.5,2017-12-16,10,15.25,WorthPoint
trinitite,Trinitite 4.4g Trinity Blast Manhattan Project Atomic Glass,53.01,2017-12-14,4.4,12.05,WorthPoint
trinitite,Trinitite 5.5g Trinity Blast Manhattan Project Atomic Glass,82,2017-12-14,5.5,14.91,WorthPoint
trinitite,Trinitite Specimen: Sand Melted Into Glass By The First Atomic Explosion,49.99,2017-12-12,,,WorthPoint
trinitite,TRINITITE W/ HOLE! Fused Desert Sand Glass 1st Atomic Bomb Manhattan Project WW2,35,2017-12-12,,,WorthPoint
trinitite,"Trinitite Specimen, 15.9 Grams, Collected At Trinity Site In 1945",112,2017-12-10,15.9,7.04,WorthPoint
trinitite,"Trinitite Specimen, 37.4 Grams, Museum Quality",380,2017-12-10,37.4,10.16,WorthPoint
trinitite,Trinitite - Mineral In Display Case,54,2017-12-10,,,WorthPoint
trinitite,"Trinitite: Sand Melted Into Glass From The 1st Atomic Explosion, 7-16-1945 #26",71,2017-12-09,,,WorthPoint
trinitite,"Trinitite Sand Melted Glass 1st Atomic Explosion 7-16-1945 46 Grams! 2"" Square",400,2017-12-08,46,8.7,WorthPoint
trinitite,"Trinitite Specimen, 13.3 Grams, Picked Up At The Trinity Site About 70 Years Ago",67,2017-12-04,13.3,5.04,WorthPoint
trinitite,"TRINITITE #3 Melted Glass From The World's First ATOMIC EXPLOSION, New Mexico",36.51,2017-12-03,,,WorthPoint
trinitite,"Trinitite Specimen, 17.2 Grams, Picked Up At The Trinity Site About 70 Years Ago",106,2017-12-03,17.2,6.16,WorthPoint
trinitite,Trinitite Mineral #1 In Display Box,22.5,2017-12-02,,,WorthPoint
trinitite,Trinitite Red Trinity Blast Manhattan Project Atomic Glass,100,2017-11-30,,,WorthPoint
trinitite,1/12 Scale Fat Man Atomic Bomb + Genuine Trinitite Sample Alamagordo New Mexico,79.99,2017-11-27,,,WorthPoint
trinitite,"Trinitite Specimen, 17.6 Grams. Picked Up At Trinity Site 70 Years Ago.",114,2017-11-26,17.6,6.48,WorthPoint
trinitite,"Mini Museum Hans Fex 1st Edition, Large 33 Specimens From Kickstarter + Booklet",1600,2017-11-26,,,WorthPoint
trinitite,"TRINITITE #1 Melted Glass From The World's First ATOMIC EXPLOSION, New Mexico",40,2017-11-25,,,WorthPoint
trinitite,"TRINITITE #2 Melted Glass From The World's First ATOMIC EXPLOSION, New Mexico",35,2017-11-25,,,WorthPoint
trinitite,Trinitite From First Atomic Bomb In New Mexico Trinity Site 1.08 Grams #5,22.49,2017-11-23,1.08,20.82,WorthPoint
trinitite,"Trinitite Specimen, 10.9 Grams, Collected At Trinity Site In 1945",45,2017-11-19,10.9,4.13,WorthPoint
trinitite,"Trinitite Specimen, 12.5 Grams, Collected At The Trinity Site In 1952",62,2017-11-19,12.5,4.96,WorthPoint
trinitite,"Trinitite Specimen, 17 Grams, Picked Up At Trinity Site 70 Years Ago",90,2017-11-13,17,5.29,WorthPoint
trinitite,TRINITITE #1 Melted Glass From 1st Atomic Nuclear Bomb Test July 1945 New Mexico,71,2017-11-13,,,WorthPoint
trinitite,TRINITITE #2 Melted Glass From 1st Atomic Nuclear Bomb Test July 1945 New Mexico,61,2017-11-13,,,WorthPoint
trinitite,"TRINITITE #4 Melted Glass From The World's First ATOMIC EXPLOSION, New Mexico",61,2017-11-06,,,WorthPoint
trinitite,TRINITITE ATOMIC EXPLOSION GLASS!! First Atomic Bomb Test Site White Sands NM,50,2017-11-03,,,WorthPoint
trinitite,J. Robert Oppenheimer Autographs: Take A Chance?,70,2017-10-26,,,WorthPoint
trinitite,"Rare TRINITITE Replica ""TRINILIKE"" MINERAL SPECIMEN- NM Tech Univ. Lab Created",90.99,2017-10-23,,,WorthPoint
trinitite,Hans Fex MINI MUSEUM First Edition Large 33 Specimens 1775/5550,1100,2017-10-14,,,WorthPoint
trinitite,Radioactive Ore Collection Uranium And Thorium Specimens Detectron Corp,153.51,2017-10-08,,,WorthPoint
trinitite,"Trinitite 1945 Trinity Atomic Bomb Glass 1,378 Grams",20,2017-10-02,378,0.05,WorthPoint
trinitite,Trinitite - Glass From First Atomic Bomb Blast In Display Case,37.66,2017-10-02,,,WorthPoint
trinitite,Mini Museum 33 Specimens Large Limited 1st Edition Hans Fex Minimuseum,1078.53,2017-09-20,,,WorthPoint
trinitite,Trinitite + Nagasaki Earth Atomic Bomb,95,2017-09-05,,,WorthPoint
trinitite,TRINITITE Melted Glass From The World's First ATOMIC EXPLOSION Atom Bomb LOT C,158.5,2017-08-31,,,WorthPoint
trinitite,TRINITITE Melted Glass From The World's Frist ATOMIC EXPLOSION Atom Bomb LOT B,67,2017-08-31,,,WorthPoint
trinitite,Mini Museum Limited 1st Edition -- 11 Specimens -- Kickstarter By Hans Fex -- RARE,675,2017-08-10,,,WorthPoint
trinitite,Libyan Desert Meteorite Impact Glass Tektite Sahara Desert Egypt Gemstone,11.5,2017-07-10,,,WorthPoint
trinitite,Trinitite Sample - Rock Formed From The Very First Atomic Blast.,87.5,2017-07-07,,,WorthPoint
trinitite,"Hans Fex LARGE Mini Museum,1st Edition Kickstarter (33 Specimens) Amber, Rare",1550,2017-06-20,,,WorthPoint
trinitite,"Original Piece Of Trinitite From First Atomic Bomb Blast July 16,1945 New Mexico",50,2017-06-18,,,WorthPoint
trinitite,"Hans Fex Mini Museum, LARGE 33 Specimen 1st Edition Original Kickstarter Edition",1250,2017-06-15,,,WorthPoint
trinitite,Hans Fex LARGE Mini Museum 1st Edition W/Companion Book,1600,2017-05-31,,,WorthPoint
trinitite,Trinitite .35 Grams Atomsite Or Alamogordo Glass Teacher's Educational Specimen,19.95,2017-05-29,35,0.57,WorthPoint
trinitite,Trinitite .25 Grams Atomsite Or Alamogordo Glass Teacher's Educational Specimen,10.95,2017-05-21,25,0.44,WorthPoint
trinitite,Edition Mini Museum 11 Specimens Kickstarter Hans Fex MINIMUSEUM 1st Ed,549,2017-05-20,,,WorthPoint
trinitite,"Hans Fex Large Mini Museum, 1st Edition W/ Companion Book, Insect In Amber",1999,2017-05-16,,,WorthPoint
trinitite,Trinity Nuclear Test Souvenir Trinitite Mineral Sample Los Alamos NM 7-16-45 Vtg,130.5,2017-05-12,,,WorthPoint
trinitite,"TRINITITE (ATOMSITE) July 16, 1945 - ALAMOGORDO NEW MEXICO - Lot-0, 1.7 Grams",45,2017-05-10,1.7,26.47,WorthPoint
trinitite,Trinitite 2.5 Grams Atomsite Or Alamogordo Glass Teacher's Educational Specimen,43.99,2017-05-07,2.5,17.6,WorthPoint
trinitite,"Mini Museum Large 1st Edition With 33 Specimens, Hans Fex Kickstarter",1500,2017-05-01,,,WorthPoint
trinitite,Original Piece Of Trinitite From First Atomic Bomb Blast Alamogordo New Mexico,92,2017-04-24,,,WorthPoint
trinitite,Mini Museum 33 Specimens Large - Limited 1st Edition Kickstarter - By Hans Fex,1000,2017-03-20,,,WorthPoint
trinitite,TRINITITE Look 5.4 Grams NICE PIECE Of RARE SPECEMAN *LOOK*,45,2017-03-14,5.4,8.33,WorthPoint
trinitite,RARE Mini Museum 33 Specimens Large Limited 1st Edition Kickstarter By Hans Fex,1999.99,2017-03-13,,,WorthPoint
trinitite,"TRINITITE Look NODULE, SUPER RARE PIECE Of RARE SPECEMAN *LOOK*",60,2017-03-13,,,WorthPoint
trinitite,SMALL 1st Edition Mini Museum - 11 Specimens - Kickstarter - Hans Fex-SOLD OUT!!,400,2017-03-09,,,WorthPoint
trinitite,Large 1st Edition Mini Museum - 33 Specimens W/ Companion Book - Hans Fex,999.99,2017-03-07,,,WorthPoint
trinitite,Libyan Desert Glass BEADS Bracelet DRILLED Carving Meteorite Impactite Tektite,95,2017-03-02,,,WorthPoint
trinitite,"Rare Australian EDIEOWIE 17-gram Impactite, Apparently From Tunguska-like Event",26.11,2017-03-01,17,1.54,WorthPoint
trinitite,20 Gram TRINITITE Specimen Alamogordo Glass,82.11,2017-02-21,20,4.11,WorthPoint
trinitite,Original Piece Of Trinitite From First Atomic Bomb At Alamogordo New Mexico,174.88,2017-02-18,,,WorthPoint
trinitite,Vintage ATOMIC BOMB PHOTOS *LotF* TRINITY HIROSHIMA NAGASAKI Atom Bomb Nukes,29,2017-02-15,,,WorthPoint
trinitite,Libyan Desert Glass (92 Grams) Meteorite Tektite Impactite Giant Piece,31,2017-02-09,92,0.34,WorthPoint
trinitite,FREE SHIPPING!!! 1st Edition Hans Fex Large Mini Museum MINT W/ 2 Pouches L@@K!,1349,2017-02-08,,,WorthPoint
trinitite,Libyan Desert Glass Crystal Clear (179 Grams) Meteorite Tektite Impactite,87.5,2017-02-06,179,0.49,WorthPoint
trinitite,Mini Museum First Edition - Large - 33 Specimens,750,2017-01-10,,,WorthPoint
trinitite,Large 1st Edition Mini Museum - 33 Specimens- Kickstarter - RARE,800,2017-01-07,,,WorthPoint
trinitite,HIROSHIMA GLASS Artifact Collected Oct. 1945 VERY RARE W Inclusions & Provenance,324.99,2017-01-07,,,WorthPoint
trinitite,Libyan Desert Glass Meteorite Tektite CHRISTOBOLITES Sahara Desert Egypt GEM,35,2016-12-08,,,WorthPoint
trinitite,Hans Fex Mini Museum LARGE 1ST EDITION 33 Specimens + Companion Book Kickstarter,1050,2016-11-28,,,WorthPoint
trinitite,"Impact Glass - Rock From Zhamanshin Impact Crater, Kazakhstan, Piece 75 Grams",21.5,2016-11-17,75,0.29,WorthPoint
trinitite,Mini Museum Medium FIRST EDITION,1149,2016-11-09,,,WorthPoint
trinitite,"'Trinitite' Silica Glass From Trinity Atomic Test Site, White Sands Missile Base",100,2016-10-21,,,WorthPoint
trinitite,Trinitite From The Trinity Test Site - New Mexico - Legally Purchased,52,2016-09-27,,,WorthPoint
trinitite,ATOMSITE Desert Glass - 3 Atomic Blast Specimens -Trinitite - 4.52 Gr. TW,12,2016-09-22,4.52,2.65,WorthPoint
trinitite,LG GEM Libyan Desert Glass CHRISTOBOLITES Meteorite Tektite Sahara Desert Egypt,210,2016-09-18,,,WorthPoint
trinitite,.28 Lb Trinitite Jasper CA. Chunk Display Or Slice,14,2016-08-14,,,WorthPoint
trinitite,TRINITITE 10.8 Grams Awesome NICE COLOR PIECE Of RARE SPECEMAN Huge,115.06,2016-08-11,10.8,10.65,WorthPoint
trinitite,Images SI Trinitite Specimen,48.86,2016-07-24,,,WorthPoint
trinitite,5.0 Gram Trinitite Specimen From The Trinitity Site,19.99,2016-07-22,5,4,WorthPoint
trinitite,4.0 Gram Trinitite Specimen From The Trinitity Site,19.99,2016-07-22,4,5,WorthPoint
trinitite,4.2 Gram Trinitite Specimen From The Trinitity Site,19.99,2016-07-22,4.2,4.76,WorthPoint
trinitite,TRINITITE 3.2 Grams Awesome NICE COLOR PIECE Of RARE SPECEMAN,15,2016-06-16,3.2,4.69,WorthPoint
trinitite,TRINITITE 4.8 Grams Awesome NICE COLOR PIECE Of RARE SPECEMAN,15,2016-06-16,4.8,3.13,WorthPoint
trinitite,TRINITITE 5.3 Grams Awesome NICE COLOR PIECE Of RARE SPECEMAN,18.01,2016-06-16,5.3,3.4,WorthPoint
trinitite,TRINITITE 1.2 Grams Awesome NICE COLOR PIECE Of RARE SPECEMAN,10,2016-06-16,1.2,8.33,WorthPoint
trinitite,TRINITITE 1.7 Grams Awesome NICE COLOR PIECE Of RARE SPECEMAN,16.5,2016-06-09,1.7,9.71,WorthPoint
trinitite,TRINITITE 1.9 Grams Awesome NICE COLOR PIECE Of RARE SPECEMAN,15,2016-06-09,1.9,7.89,WorthPoint
trinitite,TRINITITE 2.3 Grams Awesome NICE COLOR PIECE Of RARE SPECEMAN,20,2016-06-09,2.3,8.7,WorthPoint
trinitite,TRINITITE 5.9 Grams Awesome NICE COLOR PIECE Of RARE SPECEMAN,30,2016-06-09,5.9,5.08,WorthPoint
trinitite,TRINITITE 6.7 Grams Awesome NICE COLOR PIECE Of RARE SPECEMAN,35,2016-06-09,6.7,5.22,WorthPoint
trinitite,"1st Edition Rare Hans Fex Large Minimuseum, 33 Specimens & Guide #1547 SOLD OUT",1250,2016-06-01,,,WorthPoint
trinitite,Authentic Trinitite Rare!,34.55,2016-05-28,,,WorthPoint
trinitite,Libyan Desert Glass (known As Libyan Gold Tektite) - Complete Specimens,13.6,2016-05-18,,,WorthPoint
trinitite,"Trinitite Specimen, 10.9 Grams, Personally Collected In 1952",42,2016-05-15,10.9,3.85,WorthPoint
trinitite,Trinitite ****LOOK****Over 2.5 Grams Nice DisplayWITH CERTIFICATE,62.01,2016-04-24,2.5,24.8,WorthPoint
trinitite,"TRINITY GLASS ATOMSITE (CREATED AT 5:32 On JULY 16th, 1945)",30,2016-04-15,,,WorthPoint
trinitite,Mini Museum 1st Edition Rare Large Minimuseum 33 Specimens And Physical Guide,970,2016-04-15,,,WorthPoint
trinitite,Got Trinitite? Now You Can Get The Owner's Manual,28,2016-03-23,,,WorthPoint
trinitite,"ATOMSITE GLASS Alamogordo EDUCATIONAL Specimen, Trinitite .22g Nukem! BANG!",10,2016-03-16,22,0.45,WorthPoint
trinitite,Trinitite 4.4 Gram Large Specimen,29.99,2016-03-02,4.4,6.82,WorthPoint
trinitite,Commemorative Medal 25th Anniversary First Atomic Test - TRINITY - & Trinitite,279,2016-02-20,,,WorthPoint
trinitite,Trinitite 9.05g Rocks Trinity Atomic Bomb Test Alamogordo Glass Atomsite Rare,134.99,2016-02-10,9.05,14.92,WorthPoint
trinitite,Trinitite 4.7 Gram Large Specimen,19.99,2016-02-04,4.7,4.25,WorthPoint
trinitite,Trinitite 4.6 Gram Large Specimen,19.99,2016-02-04,4.6,4.35,WorthPoint
trinitite,Trinitite 4.8 Gram Large Specimen,19.99,2016-02-03,4.8,4.16,WorthPoint
trinitite,Trinitite 4.5 Gram Large Specimen,34.13,2016-02-02,4.5,7.58,WorthPoint
trinitite,Trinitite 4.0 Gram Large Specimen,19.99,2016-02-02,4,5,WorthPoint
trinitite,One Large Piece Of Trinitite From Trinity Site In New Mexico Manhattan Project,150,2016-02-01,,,WorthPoint
trinitite,Large Mini Museum By Hans Fex 1st Edition,1290,2016-01-31,,,WorthPoint
trinitite,Trinitite 2.4 Gram Sample - Atomic Bomb Testing Glass - Alamogordo Glass,61,2016-01-26,2.4,25.42,WorthPoint
trinitite,RARE Los Compadres Card W Sealed LARGE! 1.5 Inch TRINITITE Speciemen,149.99,2016-01-25,,,WorthPoint
trinitite,RARE Libyan Desert Glass Carving Meteorite Impactite Cabochon Tektite Pendant,36,2016-01-20,,,WorthPoint
trinitite,Libyan Desert Glass NATURAL HOLE Meteorite Impact Impactite Tektite Egypt Sahara,175,2016-01-13,,,WorthPoint
trinitite,PREMIUM A++ GEM Libyan Desert Glass Meteorite 2 OZ Impact Tektite Sahara Desert,260,2015-12-31,56.7,4.59,WorthPoint
trinitite,Pair Ww2 Manhattan Project Atomic Bomb Pin Bronze & Sterling Corps Of Engineers,349.99,2015-12-16,,,WorthPoint
trinitite,"First Atomic Bomb Test - ""Trinitite"" Fragments (x2)",282,2015-12-06,,,WorthPoint
trinitite,Libyan Desert Impact Glass Meteorite Tektite Impactite Sahara Egypt Crystal Gem,20.51,2015-10-08,,,WorthPoint
trinitite,1 X Rare Trinitite Specimen,13.97,2015-08-02,,,WorthPoint
trinitite,Trinitite From The First Atomic Bomb Site 1.5 Desert Sand,28,2015-07-26,,,WorthPoint
trinitite,Lybian Desert Glass (LDG) - Great Sand Sea Glass,56.12,2015-07-02,,,WorthPoint
trinitite,RARE Metamorphic Sand Specimen ATOMIC ATOM BLAST Trinitite 1945 NOT 1945 Bomb,21,2015-06-14,,,WorthPoint
trinitite,Stone Found In King Tut's Tomb! 26 Million Yrs Old!,22.5,2014-11-27,,,WorthPoint
trinitite,TRINITITE Fused Sand From TRINITY Atom Bomb Explosion 2 PIECES #3 1945 Atomsite,46.51,2014-11-26,,,WorthPoint
trinitite,*WOW* Start Bid .99 Cents Ebay Offered Me A Selling Goal 2.3 GRAMS,16,2014-11-25,2.3,6.96,WorthPoint
trinitite,*WOW* Start Bid .99 Cents Ebay Offered Me A Selling Goal 2.2 GRAMS,15.51,2014-11-25,2.2,7.05,WorthPoint
trinitite,9.1 Grams Libyan Desert Glass Tektites Specimen Powerful Vibes Like Moldavite,12.99,2014-11-03,9.1,1.43,WorthPoint
trinitite,56.4 Carat Libyan Desert Glass. Not A Meteorite. - LDG-60,10,2014-07-01,,,WorthPoint
trinitite,Radioactive Ore Collection/Uraninite/Trinitite Etc...Geological Specimens,40,2014-05-27,,,WorthPoint
trinitite,Trinitite - Atomic Energy Commission,399.99,2014-04-04,,,WorthPoint
trinitite,3.2 Grams Nice Rare Specimen **sweet Piece***,28.99,2014-04-01,3.2,9.06,WorthPoint
trinitite,2.73 Grams Nice Rare Specimen **sweet Piece***,25,2014-04-01,2.73,9.16,WorthPoint
trinitite,2.42 Grams Nice Rare Specimen **sweet Piece***,31,2014-04-01,2.42,12.81,WorthPoint
trinitite,3.85 Grams Nice Rare Specimen **sweet Piece***,40,2014-04-01,3.85,10.39,WorthPoint
trinitite,3.38 Grams Nice Rare Specimen **sweet Piece***,21,2014-04-01,3.38,6.21,WorthPoint
trinitite,9.0 Grams Nice Rare Specimen **sweet Piece***,76,2014-04-01,9,8.44,WorthPoint
trinitite,Display Specimen 1.74 Grams Nice Rare Specimen **sweet Piece***,10.5,2014-04-01,1.74,6.03,WorthPoint
trinitite,"Trinitite Lot, Atomic Bomb Blast",41.24,2014-03-22,,,WorthPoint
trinitite,Trinitite 2.67 Grams Rare Specimen **sweet Piece***,24.7,2014-03-19,2.67,9.25,WorthPoint
trinitite,Trinitite 1.63 Grams Rare Specimen **sweet Piece***,22.49,2014-03-19,1.63,13.8,WorthPoint
trinitite,Trinitite 3.45 Grams Rare Specimen **sweet Piece***,22,2014-03-19,3.45,6.38,WorthPoint
trinitite,Trinitite 2.1 Grams Rare Specimen **sweet Piece***,24,2014-03-19,2.1,11.43,WorthPoint
trinitite,Trinitite 4.1 Grams Rare Specimen **sweet Piece***,32.99,2014-03-19,4.1,8.05,WorthPoint
trinitite,Trinitite 2.12 Grams Rare Specimen **sweet Piece***,20.5,2014-03-19,2.12,9.67,WorthPoint
trinitite,Trinitite 2.84 Grams Rare Specimen **sweet Piece***,32.99,2014-03-19,2.84,11.62,WorthPoint
trinitite,Trinitite 2.41 Grams Rare Specimen **sweet Piece***,24.5,2014-03-19,2.41,10.17,WorthPoint
trinitite,Trinitite 2.17 Grams Rare Specimen **sweet Piece***,22.49,2014-03-19,2.17,10.36,WorthPoint
trinitite,Trinitite 2.72 Grams Rare Specimen **sweet Piece***,32.99,2014-03-19,2.72,12.13,WorthPoint
trinitite,Trinitite 1.78 Grams Rare Specimen **sweet Piece***,22,2014-03-19,1.78,12.36,WorthPoint
trinitite,Trinitite 2.24 Grams Rare Specimen **sweet Piece***,24.49,2014-03-19,2.24,10.93,WorthPoint
trinitite,Trinitite 2.03 Grams Rare Specimen **sweet Piece***,22.5,2014-03-19,2.03,11.08,WorthPoint
trinitite,Various ROCKS MINERALS FOSSILS - Trinitite Etc,41.49,2014-03-16,,,WorthPoint
trinitite,Trinitite 2.71 Grams Nice Rare Specimen **sweet Piece***,32.5,2014-03-12,2.71,11.99,WorthPoint
trinitite,Trinitite 1.57 Grams **nodule Shape** Nice Rare Specimen **sweet Piece***,20.5,2014-03-12,1.57,13.06,WorthPoint
trinitite,Trinitite 3.85 Grams **dark Green** Nice Rare Specimen **sweet Piece***,56,2014-03-12,3.85,14.55,WorthPoint
trinitite,Trinitite 2.2 Grams **nice Green** Nice Rare Specimen **sweet Piece***,28.99,2014-03-12,2.2,13.18,WorthPoint
trinitite,Trinitite 2.4 Grams **nodule Green** Nice Rare Specimen **sweet Piece***,22.5,2014-03-12,2.4,9.38,WorthPoint
trinitite,Trinitite 2.62 Grams **sweet Green** Nice Rare Specimen **sweet Piece***,50,2014-03-12,2.62,19.08,WorthPoint
trinitite,Trinitite 5.55 Grams **sweet Sweet Nice Rare Specimen *****,23,2014-03-05,5.55,4.14,WorthPoint
trinitite,Trinitite 4.1 Grams ** Nice Rare Specimen **sweet Piece***,18.5,2014-03-05,4.1,4.51,WorthPoint
trinitite,Two Pieces Of Trinitite Handsomely Set In Glass-Topped Riker Mount--Classic!,30,2014-03-01,,,WorthPoint
trinitite,Trinitite 2.2 Grams Rare Specimen **sweet Piece***,36,2014-02-28,2.2,16.36,WorthPoint
trinitite,Trinitite 1.91 Grams Rare Specimen **sweet Piece***,17.5,2014-02-28,1.91,9.16,WorthPoint
trinitite,Trinitite 14.9 Grams Rare Specimens **sweet Piece***,31.01,2014-02-23,14.9,2.08,WorthPoint
trinitite,Trinitite 2.4 Grams Rare Specimen **sweet Piece***,13.63,2014-02-23,2.4,5.68,WorthPoint
trinitite,Trinitite 7.0 Grams Rare Specimen Look **sweet Piece***,41,2014-02-23,7,5.86,WorthPoint
trinitite,Trinitite 2.73 Grams Rare Specimen **sweet Piece***,15.25,2014-02-23,2.73,5.59,WorthPoint
trinitite,Trinitite 4.4 Grams Rare Specimen **sweet Piece***,14.5,2014-02-23,4.4,3.3,WorthPoint
trinitite,Trinitite 2.22 Grams Rare Specimen **sweet Piece***,20.5,2014-02-23,2.22,9.23,WorthPoint
trinitite,Trinitite 3.31 Grams Rare Specimen **sweet Piece***,10.5,2014-02-23,3.31,3.17,WorthPoint
trinitite,Trinitite 2.3 Grams Rare Specimen **sweet Piece***,21.05,2014-02-23,2.3,9.15,WorthPoint
trinitite,A Trinitite Specimen Of 4.9 Grams From New Mexico,22.09,2014-02-23,4.9,4.51,WorthPoint
trinitite,A Trinitite Specimen Of 4.5 Grams From New Mexico,27.99,2014-02-23,4.5,6.22,WorthPoint
trinitite,Trinitite Specimen New Mexico 13 Grams - Glass Nodules Jewelry Dipped In Gold,102.5,2014-02-09,13,7.88,WorthPoint
trinitite,Rare Trinitite # 89,29,2014-02-05,,,WorthPoint
trinitite,Trinitite 5.53 Grams Great Dark Greenish Blk Color **sweet Piece***,18.5,2014-02-02,5.53,3.35,WorthPoint
trinitite,Trinitite 2.21 Grams Great Color **sweet Piece***,10.5,2014-02-02,2.21,4.75,WorthPoint
trinitite,Trinitite 2.13 Grams Great Dark Shiny **sweet Piece***,11.5,2014-02-02,2.13,5.4,WorthPoint
trinitite,Trinitite 4.8 Grams **sweet Piece***very Cool,10.5,2014-02-02,4.8,2.19,WorthPoint
trinitite,Trinitite 5.5 Grams **sweet Piece***,22.16,2014-02-02,5.5,4.03,WorthPoint
trinitite,Trinitite 15.0 Grams Super Nice **sweet Piece***,38.88,2014-02-02,15,2.59,WorthPoint
trinitite,Trinitite 10.0 Grams Super Nice **sweet Piece***,27.38,2014-02-02,10,2.74,WorthPoint
trinitite,24 Gram Piece Trinitite Atomsite Alamogordo Glass,145,2014-01-09,24,6.04,WorthPoint
trinitite,Trinitite Stone Relic,67.66,2014-01-05,,,WorthPoint
trinitite,Rare Trinitite Lot - 300 Grams,1500,2014-01-01,300,5,WorthPoint
trinitite,"Trinitite, 166 Pieces, Weight Between 3.5 - 3.99 Grams Each. 600+ Grams Total",3000,2013-12-23,3.99,751.88,WorthPoint
trinitite,Trinitite Sample **look** 8.1 Grams Of Rare Trinitite,90,2013-12-18,8.1,11.11,WorthPoint
trinitite,Trinitite Speciman Over 6.4 Grams Rare Hard To Find,57,2013-12-14,6.4,8.91,WorthPoint
trinitite,Trinitite 3.15 Grams *sweet Piece Of A Rare Trinitite,40,2013-12-14,3.15,12.7,WorthPoint
trinitite,Trinitite 9.0 Gram Specimen Of Rare Trinitite**look**,70,2013-12-14,9,7.78,WorthPoint
trinitite,Trinitite Rare Over 6.0 Grams **awesom Piece Look**,250.01,2013-12-14,6,41.67,WorthPoint
trinitite,Rare Trinititw 7.6 Gms - New Mexico,56.95,2013-12-09,7.6,7.49,WorthPoint
trinitite,Trinitite **look At All The Glassy Green In This Piece**over 6.2 Grams,95,2013-12-09,6.2,15.32,WorthPoint
trinitite,TRINITITE *2.0 Grams*NICE PIECE* SAMPLE OF VERY RARE TRINITITE,20,2013-12-08,2,10,WorthPoint
trinitite,TRINITITE RARE 7.3 Grams,26,2013-12-07,7.3,3.56,WorthPoint
trinitite,TRINITITE *over 7.2 Grams*NICE PIECE* SAMPLE OF VERY RARE TRINITITE,20,2013-12-07,7.2,2.78,WorthPoint
trinitite,Trinitite **wow* 18.3 Grams Very Rare Specimin Stunning,109.16,2013-12-06,18.3,5.97,WorthPoint
trinitite,TRINITITE RARE Over 2.8 GRAMS,12.5,2013-11-26,2.8,4.46,WorthPoint
trinitite,TRINITITE RARE 5.2 GRAMS Sweet Piece,32.99,2013-11-26,5.2,6.34,WorthPoint
trinitite,Rare Trinitite Specimen 9.4 Gms - New Mexico,76.95,2013-11-26,9.4,8.19,WorthPoint
trinitite,Trinitite Rare Speciman Over 8.4 Grams,33,2013-11-24,8.4,3.93,WorthPoint
trinitite,Trinitite Rare Speciman Over 7.0 Grams,19.39,2013-11-24,7,2.77,WorthPoint
trinitite,Trinitite Rare Speciman Over 3.1 Grams,14.65,2013-11-24,3.1,4.73,WorthPoint
trinitite,TRINITITE RARE Approx. 3.2 GRAMS,14.27,2013-11-24,3.2,4.46,WorthPoint
trinitite,TRINITITE RARE Well Over 5.7 GRAMS,20.5,2013-11-24,5.7,3.6,WorthPoint
trinitite,Trinitite Rare Approx 4.8 Grams,18.5,2013-11-24,4.8,3.85,WorthPoint
trinitite,Trinitite Rare Over 4.0 Grams,13.19,2013-11-24,4,3.3,WorthPoint
trinitite,Trinitite Rare 3.2 Grams,16.16,2013-11-24,3.2,5.05,WorthPoint
trinitite,Trinitite Rare 3.73 Grams,25.5,2013-11-23,3.73,6.84,WorthPoint
trinitite,Trinitite Sample 2.2 Grams,20.5,2013-11-23,2.2,9.32,WorthPoint
trinitite,Trinitite 5.41 Grams * Rare*,18.72,2013-11-22,5.41,3.46,WorthPoint
trinitite,Rare Trinitite Specimen 4.7 Gms - New Mexico,34.95,2013-11-14,4.7,7.44,WorthPoint
trinitite,Rare Trinitite Specimen 3.8 Gms - New Mexico,28.95,2013-11-14,3.8,7.62,WorthPoint
trinitite,Rare Trinitite Sample 3.1 Gms - New Mexico,22.95,2013-11-13,3.1,7.4,WorthPoint
trinitite,Rare Trinitite Specimen 2.6 Gms - New Mexico,19.95,2013-11-13,2.6,7.67,WorthPoint
trinitite,Rare Trinitite Sample 5.5 Gms - New Mexico,38.95,2013-11-12,5.5,7.08,WorthPoint
trinitite,Rare Trinitite Specimen 3.0 Gms - New Mexico,21.95,2013-11-07,3,7.32,WorthPoint
trinitite,Rare Trinitite 3.2 Gms. - New Mexico,24.95,2013-11-06,3.2,7.8,WorthPoint
trinitite,Rare Trinitite Specimen 4.3 Gms,34.95,2013-11-06,4.3,8.13,WorthPoint
trinitite,Rare Trinitite Specimen 7.2 Gms - New Mexico,57.95,2013-11-04,7.2,8.05,WorthPoint
trinitite,Rare Trinite 4.2 Gms - New Mexico,32.95,2013-11-02,4.2,7.85,WorthPoint
trinitite,Rare Trinitite Specimen 6.6 Gms - New Mexico,46.95,2013-11-01,6.6,7.11,WorthPoint
trinitite,10ct Nice AAA MOLDAVITE Top Grade From Czech Meteorite Impact FULL OF ENERGY,15.5,2013-10-31,2,7.75,WorthPoint
trinitite,Rare Trinitite 2.3 Gms - New Mexico,18.95,2013-10-26,2.3,8.24,WorthPoint
trinitite,Rare Trinitite 2.5 Gms - New Mexico,19.95,2013-10-26,2.5,7.98,WorthPoint
trinitite,Rare Trinitite 5.1 Gms - New Mexico,37.95,2013-10-22,5.1,7.44,WorthPoint
trinitite,Rare Trinitite 3.7 Gms - New Mexico,28.95,2013-10-22,3.7,7.82,WorthPoint
trinitite,Rare Trinitite 5.2 Gms. - New Mexico,38,2013-10-20,5.2,7.31,WorthPoint
trinitite,Rare Trinitite Sample 5.7 Gms - New Mexico,39.95,2013-10-19,5.7,7.01,WorthPoint
trinitite,Rare Trinitite Sample 7.5 Gms - New Mexico,52.95,2013-10-19,7.5,7.06,WorthPoint
trinitite,Rare Trinitite 3.1gms - New Mexico,22.95,2013-10-18,3.1,7.4,WorthPoint
trinitite,15.5ct Nice AAA MOLDAVITE Top Grade From Czech Meteorite Impact FULL OF ENERGY,21.79,2013-10-18,3.1,7.03,WorthPoint
trinitite,Rare Trinitite 10.5 Gms - New Mexico,84.95,2013-10-17,10.5,8.09,WorthPoint
trinitite,Rare Trinitite Specimen 7.1 Gms - New Mexico,56.95,2013-10-15,7.1,8.02,WorthPoint
trinitite,Rare Trinitite Specimen 3.1 Gms . - New Mexico,22.95,2013-09-24,3.1,7.4,WorthPoint
trinitite,Rare Trinitite 2.9 Gms - New Mexico,20.95,2013-09-24,2.9,7.22,WorthPoint
trinitite,Rare Trinitite 3.4 Gms. - New Mexico,26,2013-08-25,3.4,7.65,WorthPoint
trinitite,12.1ct Nice AAA MOLDAVITE Top Grade From Czech Meteorite Impact FULL OF ENERGY,16.99,2013-08-23,2.42,7.02,WorthPoint
trinitite,12.2ct Nice AAA MOLDAVITE Top Grade From Czech Meteorite Impact FULL OF ENERGY,22.22,2013-08-22,2.44,9.11,WorthPoint
trinitite,Rare Trinitite 5.0 Gm. - New Mexico,36,2013-08-22,5,7.2,WorthPoint
trinitite,Rare Trinitite Specimen 7.7 Gms - New Mexico,56,2013-08-21,7.7,7.27,WorthPoint
trinitite,Rare Trinitite Specimen 3.9 Gms. - New Mexico,29.95,2013-08-21,3.9,7.68,WorthPoint
trinitite,GEM Libyan Desert Glass Meteorite Impact Impactite Tektite Sahara Desert Egypt,15.25,2013-08-18,,,WorthPoint
trinitite,War Memorabilia,178.59,2013-07-12,,,WorthPoint
trinitite,17.3ct Nice AAA MOLDAVITE Top Grade From Czech Meteorite Impact FULL OF ENERGY,25.99,2013-07-04,3.46,7.51,WorthPoint
trinitite,12.41ct Nice AAA MOLDAVITE Top Grade From Czech Meteorite Impact FULL OF ENERGY,18.69,2013-07-04,2.482,7.53,WorthPoint
trinitite,10.3ct Nice AAA MOLDAVITE Top Grade From Czech Meteorite Impact FULL OF ENERGY,20.09,2013-07-04,2.06,9.75,WorthPoint
trinitite,Manhattan Project: Nuclear Physicist Eugene Booth Archive With Trinitite Paperweight.,2270.5,2013-06-23,,,WorthPoint
trinitite,.67g Trinitite Glass Specimen 1st Test Atomic Bomb Test In New Mexico 1945,11.75,2013-05-07,67,0.18,WorthPoint
trinitite,.74g Trinitite Glass Specimen 1st Test Atomic Bomb Test In New Mexico 1945,11.75,2013-05-07,74,0.16,WorthPoint
trinitite,15.3 Grams Admire Pallasite Meteorite USA Treated With Rust Inhibitor Rare Nice,98.99,2013-04-26,15.3,6.47,WorthPoint
trinitite,10.45 Grams Admire Pallasite Meteorite USA Treated With Rust Inhibitor Rare Nice,76.99,2013-04-26,10.45,7.37,WorthPoint
trinitite,7.9ct Nice AAA MOLDAVITE Top Grade From Czech Meteorite Impact FULL OF ENERGY,12.09,2013-04-26,1.58,7.65,WorthPoint
trinitite,"43.4ct Libyan Desert Glass Tektite, Great Shape, Character, From Libyan Desert",17.59,2013-04-26,8.68,2.03,WorthPoint
trinitite,1.7 Grams Admire Pallasite Meteorite USA Treated With A Rust Inhibitor Rare Nice,14.24,2013-04-25,1.7,8.38,WorthPoint
trinitite,14ct Nice AAA MOLDAVITE Top Grade From Czech Meteorite Impact FULL OF ENERGY,18.99,2013-04-25,2.8,6.78,WorthPoint
trinitite,"33.4ct Libyan Desert Glass Tektite, Great Shape, Character, From Libyan Desert",14.29,2013-04-24,6.68,2.14,WorthPoint
trinitite,1.27g Trinitite Glass Specimen 1st Test Atomic Bomb Test In New Mexico 1945,13.99,2013-04-24,1.27,11.02,WorthPoint
trinitite,12.3 Ct Nice AAA MOLDAVITE Top Grade From Czech Meteorite Impact FULL OF ENERGY,16.92,2013-04-24,2.46,6.88,WorthPoint
trinitite,RARE Libyan Desert Glass Carving Meteorite Tektite Cabochon Jewelry Wire Wrap NR,85,2013-04-17,,,WorthPoint
trinitite,Campo Del Cielo Iron Meteorite 20g Etched Polished Treated With Rust Inhibitor,10,2013-04-12,20,0.5,WorthPoint
trinitite,7.55g Jewel Like Admire Pallasite Meteorite From The USA Treated Nice Sculpture,49.99,2013-04-12,7.55,6.62,WorthPoint
trinitite,18g Wolfe Creek Meteorite Very Rare1947 In Western Australia Nice Character Wow,39.99,2013-04-12,18,2.22,WorthPoint
trinitite,"88.5ct Libyan Desert Glass Tektite, Great Shape, Character, From Libyan Desert",38.99,2013-04-12,17.7,2.2,WorthPoint
trinitite,26ct RARE DANBURITE CRYSTAL SPECIMEN HEALING CRYSTAL STONE / COLLECTORS PIECE,10.29,2013-04-12,5.2,1.98,WorthPoint
trinitite,12.1 Ct Nice AAA MOLDAVITE Top Grade From Czech Meteorite Impact FULL OF ENERGY,16.65,2013-04-12,2.42,6.88,WorthPoint
trinitite,1.1g Trinitite From First Atom Bomb Test In 1947 New Mexico Glass Like From Heat,12.09,2013-04-12,1.1,10.99,WorthPoint
trinitite,1g Trinitite From First Atom Bomb Test In 1947 New Mexico Glass Like From Heat,11,2013-04-11,1,11,WorthPoint
trinitite,"125.7ct Libyan Desert Glass Tektite, Great Shape, Character, From Libyan Desert",50.49,2013-04-11,25.14,2.01,WorthPoint
trinitite,9.19 Ct Nice AAA MOLDAVITE Top Grade From Czech Meteorite Impact FULL OF ENERGY,12.69,2013-04-09,1.838,6.9,WorthPoint
trinitite,"1.4"" Fused Sand TRINITITE From 1st A-Bomb Test White Sands NM July 1945 For Sale",140,2013-03-31,,,WorthPoint
trinitite,9.9 Ct Nice AAA MOLDAVITE Top Grade From Czech Meteorite Impact FULL OF ENERGY,13.69,2013-03-17,1.98,6.91,WorthPoint
trinitite,Campo Del Cielo Iron Meteorite 113g Polished Etched Treated With Rust Inhibitor,37.39,2013-03-15,113,0.33,WorthPoint
trinitite,"Morasko Iron Meteorite 41 Gram From Poland 1914 Rare, Etched Polished Slice",46.19,2013-03-15,41,1.13,WorthPoint
trinitite,5.69g Libyan Desert Glass - Meteorite Impact Glass,15.99,2013-02-19,5.69,2.81,WorthPoint
trinitite,Libyan Desert Glass 123.5 Ct / Verre Libyque / Libysches Wüstenglas,23.13,2013-02-17,24.7,0.94,WorthPoint
trinitite,RARE Libyan Desert Glass Carving Meteorite Impactite Tektite Carved EGG AMAZING~,99.5,2013-02-10,,,WorthPoint
trinitite,"Trinitite From The Trinity Site,New Mexico 1945.When The World Was Changed.",359.99,2013-01-28,,,WorthPoint
trinitite,RARE Trinitite Mineral From Trinity Site Atom Bomb Test WWII Small Sample - NR,43.77,2013-01-25,,,WorthPoint
trinitite,RARE Trinitite (3 Samples) From Trinity Site Atom Bomb Test WWII (Lot 14),3050,2013-01-18,,,WorthPoint
trinitite,"Trinitite From Trinity Site In New Mexico; 4 Pieces. Rare, No Longer Available",200,2013-01-16,,,WorthPoint
trinitite,RARE Trinitite (2 Samples) From Trinity Site Atom Bomb Test WWII (Lot 7),17.95,2013-01-07,,,WorthPoint
trinitite,6g Trinitite 1945 New Mexico Glass Specimen First Atomic Bomb,57,2013-01-03,6,9.5,WorthPoint
trinitite,8g Trinitite 1945 New Mexico Glass Specimen First Atomic Bomb 'safe',75,2013-01-03,8,9.38,WorthPoint
trinitite,"Meteorite NWA Unclassified Chondrite,nice 67g Bright Iron Matrix With Window",33.45,2013-01-03,67,0.5,WorthPoint
trinitite,"Morasko Iron Meteorite 27 Gram From Poland 1914 Rare, Etched Polished Slice",30.99,2012-12-30,27,1.15,WorthPoint
trinitite,RARE Trinitite (4 Samples) From Trinity Site Atom Bomb Test WWII (Lot 4),19.5,2012-12-30,,,WorthPoint
trinitite,"Nice! Torbernite Crystals On Matrix From Zaire, Africa",29.99,2012-12-30,,,WorthPoint
trinitite,"Two Nice Carnotite Specimens Grants, New Mexico",11.99,2012-12-21,,,WorthPoint
trinitite,"9 Boxed Carnotite Specimen Grants, New Mexico",16.99,2012-12-19,,,WorthPoint
trinitite,Trinitite-product Of First Atomic Bomb Explosion,29.99,2012-12-17,,,WorthPoint
trinitite,"11.3g Trinitite,1945, New Mexico, Glass Specimen, First Atomic Bomb Blast, Safe",109.99,2012-12-11,11.3,9.73,WorthPoint
trinitite,"Nice Carnotite Specimen Grants, New Mexico",11.99,2012-12-09,,,WorthPoint
trinitite,"Carnotite Specimen Masses In Matrix Grants, New Mexico",12.99,2012-12-03,,,WorthPoint
trinitite,4.9 Grams Trinitite Atomic Glass New Mexico Atomic Bomb Test Site WWII,30.95,2012-11-25,4.9,6.32,WorthPoint
trinitite,"Gebel Kamil Ataxite Iron Meteorite 31g Nice Sliced, Polished With Rust Inhibitor",31.99,2012-11-21,31,1.03,WorthPoint
trinitite,Campo Del Cielo Iron Meteorite 110g Polished Etched Treated With Rust Inhibitor,35.99,2012-11-14,110,0.33,WorthPoint
trinitite,Campo Del Cielo Iron Meteorite 62g Polished Etched Treated With Rust Inhibitor,20.49,2012-11-02,62,0.33,WorthPoint
trinitite,RARE Trinitite (6 Samples) From Trinity Site Atom Bomb Test WWII (B),15,2012-09-14,,,WorthPoint
trinitite,Libyan Desert Glass 73 Ct / Verre Libyque / Libysches Wüstenglas,15.66,2012-08-26,14.6,1.07,WorthPoint
trinitite,Libyan Desert Glass 273.75 Ct / Verre Libyque / Libysches Wüstenglas,16.81,2012-07-28,54.75,0.31,WorthPoint
trinitite,"TRINITITE 3.25 Grams Glass From First A-Bomb Blast In NEW MEXICO - July 16, 1945",11,2012-07-02,3.25,3.38,WorthPoint
trinitite,Rare Trinitite Sample With Super Spinthariscope - United Nuclear,55,2012-06-22,,,WorthPoint
trinitite,Pretty TRINITITE Specimen,51.13,2012-06-11,,,WorthPoint
trinitite,"TRINITITE 2.34 Grams Glass From First A-Bomb Blast In NEW MEXICO - July 16, 1945",10,2012-06-07,2.34,4.27,WorthPoint
trinitite,Rare Uranium Thorium Trinitite Euxenite Monazite Uraninite Autunite Carnotite,114.5,2012-06-03,,,WorthPoint
trinitite,TRINITITE Rock Piece From The First Atomic Bomb Blast July 16th 1945.,57.97,2012-05-15,,,WorthPoint
trinitite,Atomic Bomb Vintage Photo Lot A Nuclear Testing Nukes Includes OFFICIAL PHOTOS,108.56,2012-03-23,,,WorthPoint
trinitite,"TRINITITE 3.80 Grams Glass From First A-Bomb Blast In NEW MEXICO - July 16, 1945",10.99,2012-01-03,3.8,2.89,WorthPoint
trinitite,"TRINITITE 3.76 Grams Glass From First A-Bomb Blast In NEW MEXICO - July 16, 1945",12.5,2012-01-03,3.76,3.32,WorthPoint
trinitite,"TRINITITE 3.05 Grams Glass From First A-Bomb Blast In NEW MEXICO - July 16, 1945",12,2012-01-03,3.05,3.93,WorthPoint
trinitite,"TRINITITE 3.24 Grams Glass From First A-Bomb Blast In NEW MEXICO - July 16, 1945",12,2012-01-02,3.24,3.7,WorthPoint
trinitite,"TRINITITE 3.09 Grams Glass From First A-Bomb Blast In NEW MEXICO - July 16, 1945",12,2012-01-02,3.09,3.88,WorthPoint
trinitite,"TRINITITE 4.00 Grams Glass From First A-Bomb Blast In NEW MEXICO - July 16, 1945",18,2012-01-02,4,4.5,WorthPoint
trinitite,"TRINITITE 3.35 Grams Glass From First A-Bomb Blast In NEW MEXICO - July 16, 1945",12,2012-01-02,3.35,3.58,WorthPoint
trinitite,"TRINITITE 3.53 Grams Glass From First A-Bomb Blast In NEW MEXICO - July 16, 1945",12,2012-01-02,3.53,3.4,WorthPoint
trinitite,"TRINITITE 3.42 Grams Glass From First A-Bomb Blast In NEW MEXICO - July 16, 1945",12,2012-01-02,3.42,3.51,WorthPoint
trinitite,"TRINITITE 2.99 Grams Glass From First A-Bomb Blast In NEW MEXICO - July 16, 1945",12,2012-01-02,2.99,4.01,WorthPoint
trinitite,"TRINITITE 3.73 Grams Glass From First A-Bomb Blast In NEW MEXICO - July 16, 1945",15,2012-01-02,3.73,4.02,WorthPoint
trinitite,"TRINITITE 4.61 Grams Glass From First A-Bomb Blast In NEW MEXICO - July 16, 1945",18,2012-01-02,4.61,3.9,WorthPoint
trinitite,"3.84 Grams TRINITITE Glass From First A-Bomb Blast In NEW MEXICO - July 16, 1945",13.99,2011-12-27,3.84,3.64,WorthPoint
trinitite,"4.34 Grams TRINITITE Glass From First A-Bomb Blast In NEW MEXICO - July 16, 1945",14.99,2011-12-18,4.34,3.45,WorthPoint
trinitite,"4.11 Grams TRINITITE Glass From First A-Bomb Blast In NEW MEXICO - July 16, 1945",20,2011-12-17,4.11,4.87,WorthPoint
trinitite,"1.75 Grams TRINITITE Glass From First A-Bomb Blast In NEW MEXICO - July 16, 1945",10.49,2011-12-14,1.75,5.99,WorthPoint
trinitite,"2.39 Grams TRINITITE Glass From First A-Bomb Blast In NEW MEXICO - July 16, 1945",15.5,2011-12-11,2.39,6.49,WorthPoint
trinitite,Rare Trinitite -3.1 New Mexico,22.95,2011-12-11,,,WorthPoint
trinitite,"25 Grams 12 TRINITITE 's - NEW MEXICO July 16, 1945 - In 5x6 Glass Top Riker Box",80,2011-12-09,25,3.2,WorthPoint
trinitite,"3.53 Grams TRINITITE Glass From First A-Bomb Blast In NEW MEXICO - July 16, 1945",12,2011-12-07,3.53,3.4,WorthPoint
trinitite,RARE TRINITITE - 4.8 Gm NEW MEXICO,34.95,2011-12-05,4.8,7.28,WorthPoint
trinitite,RARE TRINITITE - NEW MEXICO 3.1 Gm,22.95,2011-12-03,3.1,7.4,WorthPoint
trinitite,RARE TRINITITE - 4.2 Gm NEW MEXICO,24.95,2011-12-02,4.2,5.94,WorthPoint
trinitite,AMAZING RARE Libyan Desert Glass Meteorite Impactite Tektite EGG Carving UNIQUE,61,2011-11-06,,,WorthPoint
trinitite,Rare Trinitite - New Mexico 3.2,24.95,2011-09-15,,,WorthPoint
trinitite,Rare Trinitite - New Mexico 3.1,24.95,2011-09-10,,,WorthPoint
trinitite,Rare Trinitite - New Mexico 5.1,37.95,2011-09-08,,,WorthPoint
trinitite,Rare Trinitite - New Mexico,34.95,2011-07-28,,,WorthPoint
trinitite,GEM Libyan Desert Glass Meteorite Impactite Tektite NR!,11.99,2011-07-24,,,WorthPoint
trinitite,Trinitite Three Specimens In Org. Cellophane Wrapper,36,2011-07-21,,,WorthPoint
trinitite,"Rare Trinitite Sample, 7.5 Gms",22.38,2011-07-19,7.5,2.98,WorthPoint
trinitite,"Rare Trinitite Sample, 4.5 Gms",32,2011-07-19,4.5,7.11,WorthPoint
trinitite,"Rare Trinitite Sample, 3.75 Gms",18.52,2011-07-19,3.75,4.94,WorthPoint
trinitite,"Rare Trinitite Sample, 5.25 Gms",27.55,2011-07-19,5.25,5.25,WorthPoint
trinitite,"Rare Trinitite Sample, 3.5 Gms",10.48,2011-07-19,3.5,2.99,WorthPoint
trinitite,"Rare Trinitite Sample, 6 Gms",28,2011-07-19,6,4.67,WorthPoint
trinitite,"Rare Trinitite Sample, 6.5 Gms",23.39,2011-07-19,6.5,3.6,WorthPoint
trinitite,"Rare Trinitite Sample, 8.25 Gms",18.27,2011-07-19,8.25,2.21,WorthPoint
trinitite,"Rare Trinitite Sample, 2 Gms",18.16,2011-07-12,2,9.08,WorthPoint
trinitite,"Rare Trinitite Sample, 1.75 Gms",15.66,2011-07-12,1.75,8.95,WorthPoint
trinitite,Trinitite 3 Pcs. In Vintage Package- Rare,78.75,2011-06-27,,,WorthPoint
trinitite,Rare Trinitite -new Mexico,24.95,2011-06-21,,,WorthPoint
trinitite,BIG GEM Libyan Desert Glass Meteorite Impactite Tektite,30.95,2011-06-19,,,WorthPoint
trinitite,Rare TRINITITE From NM Trinity Site- 1st Nuclear Blast,22,2011-06-03,,,WorthPoint
trinitite,Trinitite Samples From Trinity Site New Mexico,24.95,2011-05-18,,,WorthPoint
trinitite,Trinitite Samples From New Mexico,30,2011-05-18,,,WorthPoint
trinitite,"Rare Trinitite, 1st Nuclear Test, Atom Bomb Glass",29,2011-05-14,,,WorthPoint
trinitite,Trinity Site Specimens - 6 Pcs Trinitite,49.5,2011-05-06,,,WorthPoint
trinitite,WWII~ATOMIC BOMB~TRINITITE~SAND~1940's NOVELTY SPECIMEN,119.49,2011-04-24,,,WorthPoint
trinitite,4 Pcs Trinitite Alamogordo Atomic Blast Site Specimens,45,2011-04-06,,,WorthPoint
trinitite,Ww2 Rare Trinitite Alamogordo Nuclear Test 11.7 Grams,41,2011-04-01,11.7,3.5,WorthPoint
trinitite,Atomic Trinitite Alamogordo New Mexico 1945,37.88,2011-04-01,,,WorthPoint
trinitite,Rare Trinitite Alamogordo Trinity Site Nuclear Blast,95,2011-03-31,,,WorthPoint
trinitite,"Rare ""Trinitite"" Trinityite ANO Alamogordo 170 Grams",374,2011-03-23,170,2.2,WorthPoint
trinitite,Trinitite Atomic Glass From Trinity A Bomb Site CHOICE,169.49,2011-03-19,,,WorthPoint
trinitite,Trinitite Formed In Manhattan Project Test Of 1945!,29.99,2011-02-26,,,WorthPoint
trinitite,"TRINITITE"" AJE Alamogordo, New Mexico",28.67,2011-02-20,,,WorthPoint
trinitite,Trinitite Atomic Bomb Fused Mineral Rock Trinity 1945,33.08,2011-02-19,,,WorthPoint
trinitite,Trinitite Atomic Bomb Rock Fused Heat Alamogordo 1945,36,2011-02-19,,,WorthPoint
trinitite,Trinitite Lot Of 100 Grams,350,2011-02-17,100,3.5,WorthPoint
trinitite,TRINITITE Green Atomic BOMB Glass 7/16/1945 Alamogordo,325,2011-02-12,,,WorthPoint
trinitite,Trinitite From Trinity Atomic Site Alamogordo NM,20.5,2011-02-11,,,WorthPoint
trinitite,WWII Atomic Bomb Trinitite Sand 1950s Novelty Box_ONLY,23.42,2011-02-11,,,WorthPoint
trinitite,Trinitite With Black & Red Inclusions 5-6 Grams No Rsv.,40,2010-11-01,6,6.67,WorthPoint
trinitite,Alamogordo Glass Set,150,2009-07-10,,,WorthPoint
trinitite,MANHATTAN PROJECT RELIC Very Rare,75,2009-06-27,,,WorthPoint
trinitite,Atomsite Trinitite Jewelry Atomic Bomb 1946 Pictorial,15.55,2008-03-25,,,WorthPoint
trinitite,Trinity Historical Bomb Glass Atomic Nuclear WWII Relic,37.5,2007-12-18,,,WorthPoint
trinitite,"TRINITITE, Slag Glass From 1st ATOMIC BOMB BLAST",45.55,2007-11-05,,,WorthPoint
trinitite,"Model Replica Of The Little Boy Atomic Bomb Signed By Paul W Tibbets, Theodore ""Dutch"" Van Kirk, And Morris ""Dick"" Jeppson",956,2007-10-26,,,WorthPoint
trinitite,"Ozzi* Rare EDEOWIE GLASS, South Australia, 12.18 G, NEW",24,2007-03-14,12.18,1.97,WorthPoint
trinitite,Trinitite + Manhattan Proj.+authentic Artifact,15,2007-03-14,,,WorthPoint
trinitite,Trinitite + Manhattan Proj.+authentic Historic Artifact,20,2007-03-03,,,WorthPoint
trinitite,"Atomic Souvenir ""TRINITITE"" Mineral Speciman",48,2007-02-02,,,WorthPoint
trinitite,TRINITITE--Atom Bomb Rock,17.98,2007-01-18,,,WorthPoint
trinitite,40 Gram Lot Trinitite 1st Atomic Bomb Glass,14.99,2007-01-14,40,0.37,WorthPoint
trinitite,1lb 450 Grams Lot Trinitite 1st Atomic Bomb Glass,149.99,2006-12-24,450,0.33,WorthPoint
trinitite,Atomic Bomb Trinitite Specimen 4.8g,22.5,2006-11-28,4.8,4.69,WorthPoint
