material_slug,title,price_usd,sale_date,weight_grams,price_per_gram,source
darwin-glass,11.4 Grams NATURAL DARWIN GLASS From METEORITE Impact AUSTRALIA,25.95,2025-12-16,11.4,2.28,WorthPoint
darwin-glass,Darwin Glass -- 250g BULK - Austalite - Darwinite - Tektite - Impactite #key1,262.49,2025-12-16,250.0,1.05,WorthPoint
darwin-glass,7.849 Grams NATURAL DARWIN GLASS From METEORITE Impact AUSTRALIA,15.8,2025-12-15,7.849,2.01,WorthPoint
darwin-glass,3.03 Grams NATURAL DARWIN GLASS From METEORITE Impact AUSTRALIA,10.39,2025-12-15,3.03,3.43,WorthPoint
darwin-glass,"""Charles Darwin Glass Christmas Ornament 5"""" 2013 Archie McPhee / Accoutrements""",11.49,2025-12-09,,,WorthPoint
darwin-glass,Mt Darwin Tasmania Darwin Glass Meteor Tektite,14.53,2025-12-08,,,WorthPoint
darwin-glass,Charles Darwin Glass Christmas Ornament Archie McPhee,15.99,2025-12-04,,,WorthPoint
darwin-glass,"Darwin Glass 5.13g Impactite - Gooey, Stringy Melt Created By Meteorite Impact",17.5,2025-11-29,5.13,3.41,WorthPoint
darwin-glass,8.545 Grams NATURAL DARWIN GLASS From METEORITE Impact AUSTRALIA,16.8,2025-11-28,8.545,1.97,WorthPoint
darwin-glass,4.82 Grams As Found Natural DARWIN GLASS From METEORITE Impact In AUSTRALIA,7.99,2025-11-10,4.82,1.66,WorthPoint
darwin-glass,7.47 Grams As Found Natural DARWIN GLASS From METEORITE Impact In AUSTRALIA,12.99,2025-11-08,7.47,1.74,WorthPoint
darwin-glass,5.32 Grams As Found Natural DARWIN GLASS From METEORITE Impact In AUSTRALIA,9.99,2025-11-08,5.32,1.88,WorthPoint
darwin-glass,Darwin Glass -- 7g - Austalite - Darwinite - Tektite - Impactite #win18.,9.95,2025-11-02,7.0,1.42,WorthPoint
darwin-glass,32.9 Grams 12 As Found Natural DARWIN GLASS From METEORITE Impact In AUSTRALIA,32.99,2025-10-25,32.9,1.0,WorthPoint
darwin-glass,Darwin Glass -- 20g - Austalite - Darwinite - Tektite - Impactite #dpp94,99.99,2025-10-12,20.0,5.0,WorthPoint
darwin-glass,4.74 Grams As Found Natural DARWIN GLASS From METEORITE Impact In AUSTRALIA,7.99,2025-10-05,4.74,1.69,WorthPoint
darwin-glass,Darwin Glass 4.41g Formed From Meteorite Similar To Moldavite,11.99,2025-09-24,4.41,2.72,WorthPoint
darwin-glass,5.26 Grams As Found Natural DARWIN GLASS From METEORITE Impact In AUSTRALIA,9.99,2025-09-21,5.26,1.9,WorthPoint
darwin-glass,Darwin Glass - 26g - Austalite - Darwinite - Tektite - Impactite #big20.,43.08,2025-09-13,26.0,1.66,WorthPoint
darwin-glass,3.72 Grams NATURAL DARWIN GLASS From METEORITE Impact AUSTRALIA,11.99,2025-09-09,3.72,3.22,WorthPoint
darwin-glass,"Darwin Glass 5.11g Impactite - Gooey, Stringy Melt Created By Meteorite Impact",15.0,2025-09-08,5.11,2.94,WorthPoint
darwin-glass,4.02 Grams As Found Natural DARWIN GLASS From METEORITE Impact In AUSTRALIA,7.99,2025-09-03,4.02,1.99,WorthPoint
darwin-glass,"Darwin Glass, Created ~800,000 Years Ago On The Island Of Tasmania: 2.7g",21.0,2025-09-02,2.7,7.78,WorthPoint
darwin-glass,"Darwin Glass 2.91g Impactite - Gooey, Stringy Melt Created By Meteorite Impact",10.0,2025-08-23,2.91,3.44,WorthPoint
darwin-glass,"Darwin Glass Lot, Near Mt. Darwin, Tasmania Australia Weight: 26.37 Grams",74.17,2025-08-17,26.37,2.81,WorthPoint
darwin-glass,Darwin Glass. Impactite. 14.85 Grams. Individual Piece. Austrailia.,20.0,2025-08-15,14.85,1.35,WorthPoint
darwin-glass,Darwin Glass -- 7g -- Austalite - Darwinite - Tektite - Impactite #win86,20.77,2025-08-11,7.0,2.97,WorthPoint
darwin-glass,Darwin Glass -- 3g - Austalite - Darwinite - Tektite - Impactite #win66a.,13.85,2025-08-06,3.0,4.62,WorthPoint
darwin-glass,Darwin Glass Tektite 8.16g ‚Äì Rare Impactite From Tasmania | Grounding Stone,62.4,2025-08-03,8.16,7.65,WorthPoint
darwin-glass,Darwin Glass Tektite 1.52g ‚Äì Rare Impactite From Tasmania | Grounding Stone,33.0,2025-07-14,1.52,21.71,WorthPoint
darwin-glass,5.04 Grams As Found Natural DARWIN GLASS From METEORITE Impact In AUSTRALIA,7.99,2025-07-11,5.04,1.59,WorthPoint
darwin-glass,Darwin Glass -- 6g - Austalite - Darwinite - Tektite - Impactite #win72.,17.48,2025-07-08,6.0,2.91,WorthPoint
darwin-glass,Darwin Glass - 13g - Austalite - Darwinite - Tektite - Impactite #big49,16.06,2025-06-26,13.0,1.24,WorthPoint
darwin-glass,4.31 Grams As Found Natural DARWIN GLASS From METEORITE Impact In AUSTRALIA,7.5,2025-06-09,4.31,1.74,WorthPoint
darwin-glass,3.39 Grams As Found Natural DARWIN GLASS From METEORITE Impact In AUSTRALIA,5.49,2025-06-09,3.39,1.62,WorthPoint
darwin-glass,4.47 Grams As Found Natural DARWIN GLASS From METEORITE Impact In AUSTRALIA,8.99,2025-06-09,4.47,2.01,WorthPoint
darwin-glass,5.39 Grams As Found Natural DARWIN GLASS From METEORITE Impact In AUSTRALIA,8.99,2025-06-09,5.39,1.67,WorthPoint
darwin-glass,3.50 Grams As Found Natural DARWIN GLASS From METEORITE Impact In AUSTRALIA,7.99,2025-06-09,3.5,2.28,WorthPoint
darwin-glass,4.61 Grams As Found Natural DARWIN GLASS From METEORITE Impact In AUSTRALIA,5.99,2025-06-09,4.61,1.3,WorthPoint
darwin-glass,5.31 Grams As Found Natural DARWIN GLASS From METEORITE Impact In AUSTRALIA,9.99,2025-06-09,5.31,1.88,WorthPoint
darwin-glass,3.69 Grams As Found Natural DARWIN GLASS From METEORITE Impact In AUSTRALIA,6.99,2025-06-09,3.69,1.89,WorthPoint
darwin-glass,Darwin Glass - 17g - Austalite - Darwinite - Tektite - Impactite #big35,37.12,2025-05-30,17.0,2.18,WorthPoint
darwin-glass,30.4 Grams Broken Side Natural DARWIN GLASS From METEORITE Impact In AUSTRALIA,31.99,2025-05-29,30.4,1.05,WorthPoint
darwin-glass,278 Grams As Found Natural DARWIN GLASS From METEORITE Impact In AUSTRALIA,229.0,2025-05-21,278.0,0.82,WorthPoint
darwin-glass,4.13 Grams As Found Natural DARWIN GLASS From METEORITE Impact In AUSTRALIA,6.99,2025-05-10,4.13,1.69,WorthPoint
darwin-glass,Darwin Glass Tektite ~ Meteorite Impact Australia ~ 6.19 Grams ~ Large Hole,14.25,2025-04-28,6.19,2.3,WorthPoint
darwin-glass,Darwin Glass -- 5g - Austalite - Darwinite - Tektite - Impactite #win56,16.35,2025-04-22,5.0,3.27,WorthPoint
darwin-glass,34.6 Grams As Found Natural DARWIN GLASS From METEORITE Impact In AUSTRALIA,39.99,2025-04-18,34.6,1.16,WorthPoint
darwin-glass,6.92 Grams As Found Natural DARWIN GLASS From METEORITE Impact In AUSTRALIA,10.99,2025-04-11,6.92,1.59,WorthPoint
darwin-glass,11.5 Grams As Found Natural DARWIN GLASS From METEORITE Impact In AUSTRALIA,15.99,2025-04-11,11.5,1.39,WorthPoint
darwin-glass,39.5 Grams As Found Natural DARWIN GLASS From METEORITE Impact In AUSTRALIA,49.99,2025-04-11,39.5,1.27,WorthPoint
darwin-glass,5.92 Grams As Found Natural DARWIN GLASS From METEORITE Impact In AUSTRALIA,9.99,2025-04-11,5.92,1.69,WorthPoint
darwin-glass,6.926 Grams NATURAL DARWIN GLASS From METEORITE Impact AUSTRALIA,16.6,2025-04-04,6.926,2.4,WorthPoint
darwin-glass,20.9 Grams 12 As Found Natural DARWIN GLASS From METEORITE Impact In AUSTRALIA,20.99,2025-04-02,20.9,1.0,WorthPoint
darwin-glass,Darwin Glass - 22g - Austalite - Darwinite - Tektite - Impactite #big24,31.14,2025-03-31,22.0,1.42,WorthPoint
darwin-glass,Darwin Glass -- 22g - Austalite - Darwinite - Tektite - Impactite #gls27a,20.7,2025-03-14,22.0,0.94,WorthPoint
darwin-glass,34.3 Grams 9 As Found Natural DARWIN GLASS From METEORITE Impact In AUSTRALIA,34.99,2025-03-13,34.3,1.02,WorthPoint
darwin-glass,5.25 Grams As Found Natural DARWIN GLASS From METEORITE Impact In AUSTRALIA,7.99,2025-03-12,5.25,1.52,WorthPoint
darwin-glass,"Darwin Glass, Near Mt. Darwin, Tasmania Australia Weight: 3.73 Grams",16.75,2025-03-11,3.73,4.49,WorthPoint
darwin-glass,Darwin Glass -- 12g - Austalite - Darwinite - Tektite - Impactite #gls9,19.81,2025-03-04,12.0,1.65,WorthPoint
darwin-glass,3.45 Grams As Found Natural DARWIN GLASS From METEORITE Impact In AUSTRALIA,5.49,2025-03-01,3.45,1.59,WorthPoint
darwin-glass,5.34 Grams As Found Natural DARWIN GLASS From METEORITE Impact In AUSTRALIA,11.99,2025-02-21,5.34,2.25,WorthPoint
darwin-glass,Darwin Glass 3.73g Impactite - Created By Meteorite Impact,20.0,2025-02-01,3.73,5.36,WorthPoint
darwin-glass,27.9 Grams 12 As Found Natural DARWIN GLASS From METEORITE Impact In AUSTRALIA,29.99,2025-01-25,27.9,1.07,WorthPoint
darwin-glass,25.9 Grams 12 As Found Natural DARWIN GLASS From METEORITE Impact In AUSTRALIA,26.99,2025-01-25,25.9,1.04,WorthPoint
darwin-glass,33 Grams All 9 As Found Natural DARWIN GLASS From METEORITE Impact In AUSTRALIA,34.99,2025-01-25,33.0,1.06,WorthPoint
darwin-glass,29.6 Grams 12 As Found Natural DARWIN GLASS From METEORITE Impact In AUSTRALIA,29.99,2025-01-25,29.6,1.01,WorthPoint
darwin-glass,3.28 Grams As Found Natural DARWIN GLASS From METEORITE Impact In AUSTRALIA,5.49,2025-01-23,3.28,1.67,WorthPoint
darwin-glass,8.34 Grams As Found Natural DARWIN GLASS From METEORITE Impact In AUSTRALIA,12.99,2025-01-09,8.34,1.56,WorthPoint
darwin-glass,4.92 Grams As Found Natural DARWIN GLASS From METEORITE Impact In AUSTRALIA,6.99,2025-01-03,4.92,1.42,WorthPoint
darwin-glass,6.23 Grams As Found Natural DARWIN GLASS From METEORITE Impact In AUSTRALIA,10.99,2024-12-12,6.23,1.76,WorthPoint
darwin-glass,6.56 Grams As Found Natural DARWIN GLASS From METEORITE Impact In AUSTRALIA,10.99,2024-12-11,6.56,1.68,WorthPoint
darwin-glass,6.06 Grams As Found Natural DARWIN GLASS From METEORITE Impact In AUSTRALIA,10.99,2024-12-11,6.06,1.81,WorthPoint
darwin-glass,21.2 Grams 12 As Found Natural DARWIN GLASS From METEORITE Impact In AUSTRALIA,22.99,2024-12-11,21.2,1.08,WorthPoint
darwin-glass,5.88 Grams As Found Natural DARWIN GLASS From METEORITE Impact In AUSTRALIA,10.99,2024-12-11,5.88,1.87,WorthPoint
darwin-glass,Darwin Glass -- 4g -- Austalite - Darwinite - Tektite - Impactite #win98a,9.97,2024-11-24,4.0,2.49,WorthPoint
darwin-glass,23.6 Grams 12 As Found Natural DARWIN GLASS From METEORITE Impact In AUSTRALIA,24.99,2024-11-05,23.6,1.06,WorthPoint
darwin-glass,6.20 Grams As Found Natural DARWIN GLASS From METEORITE Impact In AUSTRALIA,11.99,2024-10-27,6.2,1.93,WorthPoint
darwin-glass,Darwin Glass 5.77g Impactite - Created By Meteorite Impact,15.0,2024-10-26,5.77,2.6,WorthPoint
darwin-glass,10.1 Grams As Found Natural DARWIN GLASS From METEORITE Impact In AUSTRALIA,12.99,2024-10-19,10.1,1.29,WorthPoint
darwin-glass,Darwin Glass - 18g - Austalite - Darwinite - Tektite - Impactite #big44,37.86,2024-09-11,18.0,2.1,WorthPoint
darwin-glass,"Darwin Glass ~ Meteorite Impact Glass - Australia 800,000 Years Ago - 2.49 Grams",6.25,2024-09-06,2.49,2.51,WorthPoint
darwin-glass,8.97 Grams As Found Natural DARWIN GLASS From METEORITE Impact In AUSTRALIA,11.99,2024-09-06,8.97,1.34,WorthPoint
darwin-glass,5.82 Grams As Found Natural DARWIN GLASS From METEORITE Impact In AUSTRALIA,10.99,2024-08-31,5.82,1.89,WorthPoint
darwin-glass,7.81 Grams As Found Natural DARWIN GLASS From METEORITE Impact In AUSTRALIA,15.99,2024-08-25,7.81,2.05,WorthPoint
darwin-glass,"Darwin Glass, Near Mt. Darwin, Tasmania Australia Weight: 5.02 Grams",16.79,2024-08-25,5.02,3.34,WorthPoint
darwin-glass,5.79 Grams As Found Natural DARWIN GLASS From METEORITE Impact In AUSTRALIA,10.99,2024-08-12,5.79,1.9,WorthPoint
darwin-glass,45.6 Grams All 9 Natural Found DARWIN GLASS From METEORITE Impact In AUSTRALIA,43.99,2024-08-10,45.6,0.96,WorthPoint
darwin-glass,5.22 Grams As Found Natural DARWIN GLASS From METEORITE Impact In AUSTRALIA,8.99,2024-08-09,5.22,1.72,WorthPoint
darwin-glass,8.44 Grams As Found Natural DARWIN GLASS From METEORITE Impact In AUSTRALIA,11.99,2024-07-30,8.44,1.42,WorthPoint
darwin-glass,13 Grams As Found Natural DARWIN GLASS From METEORITE Impact In AUSTRALIA,31.99,2024-07-18,13.0,2.46,WorthPoint
darwin-glass,4.14 Grams As Found Natural DARWIN GLASS From METEORITE Impact In AUSTRALIA,10.99,2024-06-09,4.14,2.65,WorthPoint
darwin-glass,Darwin Glass - 19g - Austalite - Darwinite - Tektite - Impactite #big27,35.49,2024-06-01,19.0,1.87,WorthPoint
darwin-glass,Darwin Glass -- 4g - Austalite - Darwinite - Tektite - Impactite #win7a,14.53,2024-05-09,4.0,3.63,WorthPoint
darwin-glass,5.409 Grams NATURAL DARWIN GLASS From METEORITE Impact AUSTRALIA,10.4,2024-04-28,5.409,1.92,WorthPoint
darwin-glass,6.45 Grams As Found Natural DARWIN GLASS From METEORITE Impact In AUSTRALIA,12.99,2024-04-27,6.45,2.01,WorthPoint
darwin-glass,"Darwin Glass, Australite, Darwinite , Impactite, Tektite, Tektites, 2.32 Grams",18.0,2024-04-11,2.32,7.76,WorthPoint
darwin-glass,Darwin Glass -- 23g - Austalite - Darwinite - Tektite - Impactite #gls29,33.06,2024-04-09,23.0,1.44,WorthPoint
darwin-glass,Darwin Glass - 21g - Austalite - Darwinite - Tektite - Impactite #big95,44.06,2024-04-02,21.0,2.1,WorthPoint
darwin-glass,6.74 Grams As Found Natural DARWIN GLASS From METEORITE Impact In AUSTRALIA,12.99,2024-04-01,6.74,1.93,WorthPoint
darwin-glass,6 Darwin Glass Impactite Austalite Tasmania Australia 19.5 Grams,28.95,2024-03-29,19.5,1.48,WorthPoint
darwin-glass,2.55 Grams As Found Natural DARWIN GLASS From METEORITE Impact In AUSTRALIA,5.99,2024-03-27,2.55,2.35,WorthPoint
darwin-glass,5.73 Grams As Found Natural DARWIN GLASS From METEORITE Impact In AUSTRALIA,14.99,2024-03-25,5.73,2.62,WorthPoint
darwin-glass,Darwin Glass - 14g - Austalite - Darwinite - Tektite - Impactite #big18a,26.64,2024-03-22,14.0,1.9,WorthPoint
darwin-glass,Darwin Glass - 20g - Austalite - Darwinite - Tektite - Impactite #big26,33.6,2024-02-29,20.0,1.68,WorthPoint
darwin-glass,Darwin Glass - 250g BULK - Austalite - Darwinite - Tektite - Impactite #DWG2,299.99,2024-02-27,250.0,1.2,WorthPoint
darwin-glass,1.68 Grams As Found Natural DARWIN GLASS From METEORITE Impact In AUSTRALIA,6.49,2024-02-26,1.68,3.86,WorthPoint
darwin-glass,Darwin Glass -- 18g - Austalite - Darwinite - Tektite - Impactite #gls18a,25.89,2024-01-27,18.0,1.44,WorthPoint
darwin-glass,6.82 Grams As Found Natural DARWIN GLASS From METEORITE Impact In AUSTRALIA,19.0,2024-01-13,6.82,2.79,WorthPoint
darwin-glass,3.05 Grams As Found Natural DARWIN GLASS From METEORITE Impact In AUSTRALIA,8.99,2024-01-13,3.05,2.95,WorthPoint
darwin-glass,3.68 Grams As Found Natural DARWIN GLASS From METEORITE Impact In AUSTRALIA,10.0,2024-01-03,3.68,2.72,WorthPoint
darwin-glass,"Darwin Glass, Near Mt. Darwin, Tasmania Australia Weight: 14.36 Grams",48.75,2024-01-02,14.36,3.39,WorthPoint
darwin-glass,3.51 Grams As Found Natural DARWIN GLASS From METEORITE Impact In AUSTRALIA,9.99,2023-12-27,3.51,2.85,WorthPoint
darwin-glass,"Darwin Glass 7.38 Impactite - Gooey, Stringy Melt Created By Meteorite Impact",20.0,2023-12-23,,,WorthPoint
darwin-glass,5.69 Grams As Found Natural DARWIN GLASS From METEORITE Impact In AUSTRALIA,12.99,2023-12-20,5.69,2.28,WorthPoint
darwin-glass,Darwin Glass -- 14g - Austalite - Darwinite - Tektite - Impactite #gls11,28.2,2023-12-03,14.0,2.01,WorthPoint
darwin-glass,Darwin Glass -- 13g - Austalite - Darwinite - Tektite - Impactite #gls12,24.47,2023-11-26,13.0,1.88,WorthPoint
darwin-glass,3.29 Grams As Found Natural DARWIN GLASS From METEORITE Impact In AUSTRALIA,9.99,2023-11-15,3.29,3.04,WorthPoint
darwin-glass,4.40 Grams As Found Natural DARWIN GLASS From METEORITE Impact In AUSTRALIA,12.0,2023-11-06,4.4,2.73,WorthPoint
darwin-glass,7.94 Grams As Found Natural DARWIN GLASS From METEORITE Impact In AUSTRALIA,22.99,2023-10-12,7.94,2.9,WorthPoint
darwin-glass,5.52 Grams As Found Natural DARWIN GLASS From METEORITE Impact In AUSTRALIA,14.99,2023-10-10,5.52,2.72,WorthPoint
darwin-glass,Darwin Glass - 15g - Austalite - Darwinite - Tektite - Impactite #big41,35.18,2023-09-28,15.0,2.35,WorthPoint
darwin-glass,3.78 Grams As Found Natural DARWIN GLASS From METEORITE Impact In AUSTRALIA,9.99,2023-09-25,3.78,2.64,WorthPoint
darwin-glass,3.84 Grams As Found Natural DARWIN GLASS From METEORITE Impact In AUSTRALIA,10.99,2023-09-20,3.84,2.86,WorthPoint
darwin-glass,"Darwin Glass 7.18g Impactite - Gooey, Stringy Melt Created By Meteorite Impact",19.0,2023-09-09,7.18,2.65,WorthPoint
darwin-glass,2.79 Grams As Found Natural DARWIN GLASS From METEORITE Impact In AUSTRALIA,6.99,2023-09-02,2.79,2.51,WorthPoint
darwin-glass,8.72 Grams As Found Natural DARWIN GLASS From METEORITE Impact In AUSTRALIA,14.99,2023-06-24,8.72,1.72,WorthPoint
darwin-glass,4.60 Grams As Found Natural DARWIN GLASS From METEORITE Impact In AUSTRALIA,7.99,2023-06-14,4.6,1.74,WorthPoint
darwin-glass,5.063 Grams As Found Natural DARWIN GLASS From METEORITE Impact In AUSTRALIA,12.0,2023-06-14,5.063,2.37,WorthPoint
darwin-glass,6.32 Grams As Found Natural DARWIN GLASS From METEORITE Impact In AUSTRALIA,11.99,2023-06-13,6.32,1.9,WorthPoint
darwin-glass,5 Pieces Of Darwin Glass! 19.4g!,26.0,2023-06-11,19.4,1.34,WorthPoint
darwin-glass,5.81 Grams As Found Natural DARWIN GLASS From METEORITE Impact In AUSTRALIA,10.5,2023-06-10,5.81,1.81,WorthPoint
darwin-glass,4.08 Grams As Found Natural DARWIN GLASS From METEORITE Impact In AUSTRALIA,7.99,2023-06-10,4.08,1.96,WorthPoint
darwin-glass,3.48 Grams As Found Natural DARWIN GLASS From METEORITE Impact In AUSTRALIA,7.5,2023-06-10,3.48,2.16,WorthPoint
darwin-glass,4.58 Grams As Found Natural DARWIN GLASS From METEORITE Impact In AUSTRALIA,7.99,2023-06-08,4.58,1.74,WorthPoint
darwin-glass,5.19 Grams As Found Natural DARWIN GLASS From METEORITE Impact In AUSTRALIA,10.5,2023-06-08,5.19,2.02,WorthPoint
darwin-glass,15.2 Grams As Found Natural DARWIN GLASS From METEORITE Impact In AUSTRALIA,45.0,2023-06-01,15.2,2.96,WorthPoint
darwin-glass,Darwin Glass -- 21g - Austalite - Darwinite - Tektite - Impactite #gls25,39.27,2023-05-30,21.0,1.87,WorthPoint
darwin-glass,4.42 Grams NATURAL DARWIN GLASS From METEORITE Impact AUSTRALIA,14.39,2023-05-29,4.42,3.26,WorthPoint
darwin-glass,4.78 Grams NATURAL DARWIN GLASS From METEORITE Impact AUSTRALIA,14.99,2023-05-29,4.78,3.14,WorthPoint
darwin-glass,5 Grams NATURAL DARWIN GLASS From METEORITE Impact AUSTRALIA,20.0,2023-05-29,5.0,4.0,WorthPoint
darwin-glass,12.8 Grams As Found Natural DARWIN GLASS From METEORITE Impact In AUSTRALIA,20.99,2023-05-13,12.8,1.64,WorthPoint
darwin-glass,Darwin Glass - 16g - Austalite - Darwinite - Tektite - Impactite #big22,33.31,2023-05-06,16.0,2.08,WorthPoint
darwin-glass,"Darwin Glass 5.02g Impactite - Gooey, Stringy Melt Created By Meteorite Impact",19.0,2023-05-06,5.02,3.78,WorthPoint
darwin-glass,8.17 Grams As Found Natural DARWIN GLASS From METEORITE Impact In AUSTRALIA,13.99,2023-04-29,8.17,1.71,WorthPoint
darwin-glass,"Darwin Glass, Near Mt. Darwin, Tasmania Australia Weight: 4.34 Grams",17.75,2023-04-20,4.34,4.09,WorthPoint
darwin-glass,Darwin Glass -- 15g - Austalite - Darwinite - Tektite - Impactite #gls22,29.71,2023-04-20,15.0,1.98,WorthPoint
darwin-glass,9.197 Grams NATURAL DARWIN GLASS From METEORITE Impact AUSTRALIA,18.4,2023-04-20,9.197,2.0,WorthPoint
darwin-glass,"Darwin Glass 6.38g Impactite - Gooey, Stringy Melt Created By Meteorite Impact",25.0,2023-04-18,6.38,3.92,WorthPoint
darwin-glass,"Darwin Glass, Near Mt. Darwin, Tasmania Australia Weight: 7.18 Grams",26.75,2023-04-17,7.18,3.73,WorthPoint
darwin-glass,Darwin Glass - 8g - Austalite - Darwinite - Tektite - Impactite #big47,16.19,2023-03-17,8.0,2.02,WorthPoint
darwin-glass,Darwin Glass - 23g - Austalite - Darwinite - Tektite - Impactite #big92,59.49,2023-03-17,23.0,2.59,WorthPoint
darwin-glass,3.982 Grams As Found Natural DARWIN GLASS From METEORITE Impact In AUSTRALIA,6.99,2023-03-06,3.982,1.76,WorthPoint
darwin-glass,14.8 Grams As Found Natural DARWIN GLASS From METEORITE Impact In AUSTRALIA,19.99,2023-03-05,14.8,1.35,WorthPoint
darwin-glass,5.06 Grams As Found Natural DARWIN GLASS From METEORITE Impact In AUSTRALIA,10.99,2023-02-26,5.06,2.17,WorthPoint
darwin-glass,5.55 Grams As Found Natural DARWIN GLASS From METEORITE Impact In AUSTRALIA,18.99,2023-02-18,5.55,3.42,WorthPoint
darwin-glass,Darwin Glass -- 5g -- Austalite - Darwinite - Tektite - Impactite #win96,16.68,2023-02-09,5.0,3.34,WorthPoint
darwin-glass,3.98 Grams As Found Natural DARWIN GLASS From METEORITE Impact In AUSTRALIA,9.99,2023-02-05,3.98,2.51,WorthPoint
darwin-glass,6.946 Grams NATURAL DARWIN GLASS From METEORITE Impact AUSTRALIA,16.64,2023-01-21,6.946,2.4,WorthPoint
darwin-glass,9.1 Grams NATURAL DARWIN GLASS From METEORITE Impact AUSTRALIA,36.8,2023-01-21,9.1,4.04,WorthPoint
darwin-glass,10.9 Grams As Found Natural DARWIN GLASS From METEORITE Impact In AUSTRALIA,19.99,2023-01-21,10.9,1.83,WorthPoint
darwin-glass,Darwin Glass - 9g - Austalite - Darwinite - Tektite - Impactite #big29,21.41,2023-01-20,9.0,2.38,WorthPoint
darwin-glass,Darwin Glass - 11g - Austalite - Darwinite - Tektite - Impactite #big42,26.0,2023-01-20,11.0,2.36,WorthPoint
darwin-glass,6.13 Grams As Found Natural DARWIN GLASS From METEORITE Impact In AUSTRALIA,13.99,2023-01-14,6.13,2.28,WorthPoint
darwin-glass,Darwin Glass -- 27g - Austalite - Darwinite - Tektite - Impactite #gls21,45.59,2023-01-13,27.0,1.69,WorthPoint
darwin-glass,3.41 Grams As Found Natural DARWIN GLASS From METEORITE Impact In AUSTRALIA,10.5,2023-01-04,3.41,3.08,WorthPoint
darwin-glass,17 Grams As Found Natural DARWIN GLASS From METEORITE Impact In AUSTRALIA,27.99,2023-01-01,17.0,1.65,WorthPoint
darwin-glass,2.92 Grams As Found Natural DARWIN GLASS From METEORITE Impact In AUSTRALIA,5.99,2022-12-18,2.92,2.05,WorthPoint
darwin-glass,Archie McPhee Charles Darwin Glass Christmas Ornament NIP,15.0,2022-11-29,,,WorthPoint
darwin-glass,4.42 Grams As Found Natural DARWIN GLASS From METEORITE Impact In AUSTRALIA,10.99,2022-11-28,4.42,2.49,WorthPoint
darwin-glass,4.87 Grams As Found Natural DARWIN GLASS From METEORITE Impact In AUSTRALIA,9.99,2022-11-28,4.87,2.05,WorthPoint
darwin-glass,8.12 Grams As Found Natural DARWIN GLASS From METEORITE Impact In AUSTRALIA,23.99,2022-11-25,8.12,2.95,WorthPoint
darwin-glass,4.639 Grams NATURAL DARWIN GLASS From METEORITE Impact AUSTRALIA,9.27,2022-11-15,4.639,2.0,WorthPoint
darwin-glass,3.1 Grams NATURAL DARWIN GLASS From METEORITE Impact AUSTRALIA,12.4,2022-11-15,3.1,4.0,WorthPoint
darwin-glass,Darwin Glass - 28g - Austalite - Darwinite - Tektite - Impactite #big100,72.24,2022-10-25,28.0,2.58,WorthPoint
darwin-glass,2.81 Grams As Found Natural DARWIN GLASS From METEORITE Impact In AUSTRALIA,5.99,2022-10-21,2.81,2.13,WorthPoint
darwin-glass,5.98 Grams NATURAL DARWIN GLASS From METEORITE Impact AUSTRALIA,17.99,2022-09-28,5.98,3.01,WorthPoint
darwin-glass,2.84 Grams As Found Natural DARWIN GLASS From METEORITE Impact In AUSTRALIA,8.49,2022-09-13,2.84,2.99,WorthPoint
darwin-glass,13.7 Grams As Found Natural DARWIN GLASS From METEORITE Impact In AUSTRALIA,39.0,2022-08-31,13.7,2.85,WorthPoint
darwin-glass,7.11 Grams As Found Natural DARWIN GLASS From METEORITE Impact In AUSTRALIA,11.99,2022-08-31,7.11,1.69,WorthPoint
darwin-glass,7.80 Grams As Found Natural DARWIN GLASS From METEORITE Impact In AUSTRALIA,11.99,2022-08-24,7.8,1.54,WorthPoint
darwin-glass,8.29 Grams As Found Natural DARWIN GLASS From METEORITE Impact In AUSTRALIA,12.99,2022-08-24,8.29,1.57,WorthPoint
darwin-glass,4.862 Grams NATURAL DARWIN GLASS From METEORITE Impact AUSTRALIA,9.6,2022-08-03,4.862,1.97,WorthPoint
darwin-glass,5.393 Grams As Found Natural DARWIN GLASS From METEORITE Impact In AUSTRALIA,12.99,2022-07-30,5.393,2.41,WorthPoint
darwin-glass,3.03 Grams As Found Natural DARWIN GLASS From METEORITE Impact In AUSTRALIA,8.99,2022-07-22,3.03,2.97,WorthPoint
darwin-glass,5.77 Grams As Found Natural DARWIN GLASS From METEORITE Impact In AUSTRALIA,10.99,2022-07-18,5.77,1.9,WorthPoint
darwin-glass,3.92 Grams As Found Natural DARWIN GLASS From METEORITE Impact In AUSTRALIA,7.99,2022-07-06,3.92,2.04,WorthPoint
darwin-glass,2.38 Grams As Found Natural DARWIN GLASS From METEORITE Impact In AUSTRALIA,5.5,2022-07-06,2.38,2.31,WorthPoint
darwin-glass,3.16 Grams As Found Natural DARWIN GLASS From METEORITE Impact In AUSTRALIA,9.99,2022-07-02,3.16,3.16,WorthPoint
darwin-glass,10.2 Grams As Found Natural DARWIN GLASS From METEORITE Impact In AUSTRALIA,17.99,2022-06-28,10.2,1.76,WorthPoint
darwin-glass,2.29 Grams As Found Natural DARWIN GLASS From METEORITE Impact In AUSTRALIA,5.49,2022-06-28,2.29,2.4,WorthPoint
darwin-glass,3 Grams NATURAL DARWIN GLASS From METEORITE Impact AUSTRALIA,9.6,2022-06-25,3.0,3.2,WorthPoint
darwin-glass,5.14 Grams NATURAL DARWIN GLASS From METEORITE Impact AUSTRALIA,15.99,2022-06-17,5.14,3.11,WorthPoint
darwin-glass,2.11 Grams As Found Natural DARWIN GLASS From METEORITE Impact In AUSTRALIA,5.99,2022-06-16,2.11,2.84,WorthPoint
darwin-glass,3.25 Grams NATURAL DARWIN GLASS From METEORITE Impact AUSTRALIA,10.39,2022-06-09,3.25,3.2,WorthPoint
darwin-glass,8.04 Grams As Found Natural DARWIN GLASS From METEORITE Impact In AUSTRALIA,25.99,2022-06-09,8.04,3.23,WorthPoint
darwin-glass,10.5 Grams As Found Natural DARWIN GLASS From METEORITE Impact In AUSTRALIA,29.99,2022-06-09,10.5,2.86,WorthPoint
darwin-glass,1900 British Assn Advancement Of Science George Francis Darwin Glass Negative #4,47.0,2022-06-05,,,WorthPoint
darwin-glass,4 Grams As Found Natural DARWIN GLASS From METEORITE Impact In AUSTRALIA,9.99,2022-06-03,4.0,2.5,WorthPoint
darwin-glass,2.35 Grams As Found Natural DARWIN GLASS From METEORITE Impact In AUSTRALIA,5.99,2022-06-03,2.35,2.55,WorthPoint
darwin-glass,With Spider Web Glass 8.89 Grams Natural DARWIN GLASS From METEORITE - AUSTRALIA,24.99,2022-05-30,8.89,2.81,WorthPoint
darwin-glass,7.06 Grams As Found Natural DARWIN GLASS From METEORITE Impact In AUSTRALIA,16.99,2022-05-28,7.06,2.41,WorthPoint
darwin-glass,3.76 Grams As Found Natural DARWIN GLASS From METEORITE Impact In AUSTRALIA,12.5,2022-05-28,3.76,3.32,WorthPoint
darwin-glass,1.74 Grams As Found Natural HOLE - DARWIN GLASS From METEORITE Impact AUSTRALIA,5.99,2022-05-27,1.74,3.44,WorthPoint
darwin-glass,5.16 Grams As Found Natural DARWIN GLASS From METEORITE Impact In AUSTRALIA,20.49,2022-05-26,5.16,3.97,WorthPoint
darwin-glass,3.11 Grams As Found Natural DARWIN GLASS From METEORITE Impact In AUSTRALIA,10.5,2022-05-26,3.11,3.38,WorthPoint
darwin-glass,4.73 Grams As Found Natural DARWIN GLASS From METEORITE Impact In AUSTRALIA,14.0,2022-05-24,4.73,2.96,WorthPoint
darwin-glass,2.03 Grams As Found Natural DARWIN GLASS From METEORITE Impact In AUSTRALIA,17.5,2022-05-24,2.03,8.62,WorthPoint
darwin-glass,2.59 Grams As Found Natural DARWIN GLASS From METEORITE Impact In AUSTRALIA,7.99,2022-05-22,2.59,3.08,WorthPoint
darwin-glass,5.58 Grams As Found Natural DARWIN GLASS From METEORITE Impact In AUSTRALIA,9.99,2022-05-21,5.58,1.79,WorthPoint
darwin-glass,6.49 Grams As Found Natural DARWIN GLASS From METEORITE Impact In AUSTRALIA,12.99,2022-05-21,6.49,2.0,WorthPoint
darwin-glass,7.62 Grams As Found Natural DARWIN GLASS From METEORITE Impact In AUSTRALIA,12.99,2022-05-14,7.62,1.7,WorthPoint
darwin-glass,5.02 Grams As Found Natural DARWIN GLASS From METEORITE Impact In AUSTRALIA,8.99,2022-05-14,5.02,1.79,WorthPoint
darwin-glass,1.71 Grams As Found Natural DARWIN GLASS From METEORITE Impact In AUSTRALIA,6.5,2022-05-14,1.71,3.8,WorthPoint
darwin-glass,2.71 Grams NATURAL DARWIN GLASS From METEORITE Impact AUSTRALIA,8.99,2022-05-14,2.71,3.32,WorthPoint
darwin-glass,2.83 Grams NATURAL DARWIN GLASS From METEORITE Impact AUSTRALIA,9.2,2022-05-14,2.83,3.25,WorthPoint
darwin-glass,2.29 Grams NATURAL DARWIN GLASS From METEORITE Impact AUSTRALIA,7.99,2022-05-14,2.29,3.49,WorthPoint
darwin-glass,2.43 Grams NATURAL DARWIN GLASS From METEORITE Impact AUSTRALIA,7.99,2022-05-14,2.43,3.29,WorthPoint
darwin-glass,6.21 Grams As Found Natural DARWIN GLASS From METEORITE Impact In AUSTRALIA,10.99,2022-05-14,6.21,1.77,WorthPoint
darwin-glass,9.08 Grams As Found Natural DARWIN GLASS From METEORITE Impact In AUSTRALIA,17.99,2022-05-09,9.08,1.98,WorthPoint
darwin-glass,25.5 Grams As Found Natural DARWIN GLASS From METEORITE Impact In AUSTRALIA,39.99,2022-05-06,25.5,1.57,WorthPoint
darwin-glass,3.15 Grams As Found Natural DARWIN GLASS From METEORITE Impact In AUSTRALIA,8.99,2022-05-04,3.15,2.85,WorthPoint
darwin-glass,4.81 Grams NATURAL DARWIN GLASS From METEORITE Impact AUSTRALIA,14.99,2022-04-29,4.81,3.12,WorthPoint
darwin-glass,1.89 Grams NATURAL DARWIN GLASS From METEORITE Impact AUSTRALIA,6.39,2022-04-21,1.89,3.38,WorthPoint
darwin-glass,6.41 Grams As Found Natural DARWIN GLASS From METEORITE Impact In AUSTRALIA,18.0,2022-04-13,6.41,2.81,WorthPoint
darwin-glass,3.02 Grams As Found Natural DARWIN GLASS From METEORITE Impact In AUSTRALIA,9.0,2022-04-12,3.02,2.98,WorthPoint
darwin-glass,3.43 Grams As Found Natural DARWIN GLASS From METEORITE Impact In AUSTRALIA,10.99,2022-04-06,3.43,3.2,WorthPoint
darwin-glass,1.85 Grams As Found Natural DARWIN GLASS From METEORITE Impact In AUSTRALIA,6.5,2022-04-05,1.85,3.51,WorthPoint
darwin-glass,3.682 Grams As Found Natural DARWIN GLASS From METEORITE Impact In AUSTRALIA,10.0,2022-04-02,3.682,2.72,WorthPoint
darwin-glass,12 Grams As Found Natural DARWIN GLASS From METEORITE Impact In AUSTRALIA,35.99,2022-04-01,12.0,3.0,WorthPoint
darwin-glass,4.15 Grams As Found Natural DARWIN GLASS From METEORITE Impact In AUSTRALIA,12.5,2022-03-26,4.15,3.01,WorthPoint
darwin-glass,3.8 Grams NATURAL DARWIN GLASS From METEORITE Impact AUSTRALIA,15.95,2022-03-20,3.8,4.2,WorthPoint
darwin-glass,6.81 Grams As Found Natural DARWIN GLASS From METEORITE Impact In AUSTRALIA,18.5,2022-03-14,6.81,2.72,WorthPoint
darwin-glass,23.8 Grams As Found Natural DARWIN GLASS From METEORITE Impact In AUSTRALIA,70.0,2022-03-11,23.8,2.94,WorthPoint
darwin-glass,15.6 Grams As Found Natural DARWIN GLASS From METEORITE Impact In AUSTRALIA,29.99,2022-03-11,15.6,1.92,WorthPoint
darwin-glass,4.04 Grams As Found Natural DARWIN GLASS From METEORITE Impact In AUSTRALIA,12.0,2022-03-11,4.04,2.97,WorthPoint
darwin-glass,15.8 Grams As Found Natural DARWIN GLASS From METEORITE Impact In AUSTRALIA,48.0,2022-03-11,15.8,3.04,WorthPoint
darwin-glass,2.58 Grams NATURAL DARWIN GLASS From METEORITE Impact AUSTRALIA,10.99,2022-03-08,2.58,4.26,WorthPoint
darwin-glass,"Exquisite DARWIN GLASS Impactite, TWISTED, 3.0-grams 1st Museum Specimen",24.95,2022-02-25,3.0,8.32,WorthPoint
darwin-glass,Darwin Glass -- 11g - Austalite - Darwinite - Tektite - Impactite #gls10,33.99,2022-02-22,11.0,3.09,WorthPoint
darwin-glass,Darwin Glass -- 6g -- Austalite - Darwinite - Tektite - Impactite #win85,34.99,2022-02-22,6.0,5.83,WorthPoint
darwin-glass,1.97 Grams As Found Natural DARWIN GLASS From METEORITE Impact In AUSTRALIA,6.8,2022-02-21,1.97,3.45,WorthPoint
darwin-glass,1.10 Grams As Found Natural DARWIN GLASS From METEORITE Impact In AUSTRALIA,5.9,2022-02-17,1.1,5.36,WorthPoint
darwin-glass,10.7 Grams As Found Natural DARWIN GLASS From METEORITE Impact In AUSTRALIA,34.99,2022-02-17,10.7,3.27,WorthPoint
darwin-glass,3.08 Grams As Found Natural DARWIN GLASS From METEORITE Impact In AUSTRALIA,9.5,2022-02-17,3.08,3.08,WorthPoint
darwin-glass,Darwin Glass -- 34g - Austalite - Darwinite - Tektite - Impactite #gls4,99.99,2022-02-13,34.0,2.94,WorthPoint
darwin-glass,2.06 Grams As Found Natural DARWIN GLASS From METEORITE Impact In AUSTRALIA,8.8,2022-02-08,2.06,4.27,WorthPoint
darwin-glass,üëç THINGS IMPORTANT By DARWIN GLASS HB/DJ SERMONS ON THE CROSS,10.0,2022-02-07,,,WorthPoint
darwin-glass,1.73 Grams As Found Natural DARWIN GLASS From METEORITE Impact In AUSTRALIA,6.5,2022-01-31,1.73,3.76,WorthPoint
darwin-glass,4.72 Grams As Found Natural DARWIN GLASS From METEORITE Impact In AUSTRALIA,14.0,2022-01-28,4.72,2.97,WorthPoint
darwin-glass,Darwin Glass 25 Gm Specimen,30.0,2022-01-28,25.0,1.2,WorthPoint
darwin-glass,1.27 Grams As Found Natural DARWIN GLASS From METEORITE Impact In AUSTRALIA,5.9,2022-01-23,1.27,4.65,WorthPoint
darwin-glass,Darwin Glass -- 8g - Austalite - Darwinite - Tektite - Impactite #nud14,14.99,2022-01-19,8.0,1.87,WorthPoint
darwin-glass,Darwin Glass -- 5.8g - Austalite - Darwinite - Tektite - Impactite #dg10,14.99,2022-01-19,5.8,2.58,WorthPoint
darwin-glass,1.68 Grams NATURAL DARWIN GLASS From METEORITE Impact AUSTRALIA,7.0,2022-01-19,1.68,4.17,WorthPoint
darwin-glass,2.06 Grams NATURAL DARWIN GLASS From METEORITE Impact AUSTRALIA,8.25,2022-01-12,2.06,4.0,WorthPoint
darwin-glass,1.69 Grams As Found Natural DARWIN GLASS From METEORITE Impact In AUSTRALIA,6.5,2022-01-06,1.69,3.85,WorthPoint
darwin-glass,1.29 Grams As Found Natural DARWIN GLASS From METEORITE Impact In AUSTRALIA,6.3,2022-01-06,1.29,4.88,WorthPoint
darwin-glass,Darwin Glass -- 26g - Austalite - Darwinite - Tektite - Impactite #gls1,78.99,2022-01-06,26.0,3.04,WorthPoint
darwin-glass,11.24 Grams NATURAL DARWIN GLASS From METEORITE Impact AUSTRALIA,25.0,2021-12-23,11.24,2.22,WorthPoint
darwin-glass,Darwin Glass -- 5g PALE - Austalite - Darwinite - Tektite - Impactite #gls3,29.99,2021-12-02,5.0,6.0,WorthPoint
darwin-glass,3.34 Grams As Found Natural DARWIN GLASS From METEORITE Impact In AUSTRALIA,9.99,2021-12-02,3.34,2.99,WorthPoint
darwin-glass,2.51 Grams As Found Natural DARWIN GLASS From METEORITE Impact In AUSTRALIA,6.99,2021-12-02,2.51,2.78,WorthPoint
darwin-glass,14 Grams As Found Natural DARWIN GLASS From METEORITE Impact In AUSTRALIA,37.99,2021-11-25,14.0,2.71,WorthPoint
darwin-glass,4.86 Grams As Found Natural DARWIN GLASS From METEORITE Impact In AUSTRALIA,14.0,2021-11-25,4.86,2.88,WorthPoint
darwin-glass,3.31 Grams As Found Natural DARWIN GLASS From METEORITE Impact In AUSTRALIA,9.99,2021-11-25,3.31,3.02,WorthPoint
darwin-glass,5.60 Grams As Found Natural DARWIN GLASS From METEORITE Impact In AUSTRALIA,15.0,2021-11-15,5.6,2.68,WorthPoint
darwin-glass,Wholesale Lot - Darwin Glass - Meteorite / Mineral / Crystal Specimens 150g,11.11,2021-11-15,150.0,0.07,WorthPoint
darwin-glass,Wholesale Lot - Darwin Glass - Meteorite / Crystal / Mineral Specimens 50g,16.0,2021-11-15,50.0,0.32,WorthPoint
darwin-glass,4.46 Grams NATURAL DARWIN GLASS From METEORITE Impact AUSTRALIA,18.0,2021-11-14,4.46,4.04,WorthPoint
darwin-glass,1.53 Grams As Found Natural DARWIN GLASS From METEORITE Impact In AUSTRALIA,10.5,2021-11-13,1.53,6.86,WorthPoint
darwin-glass,1.79 Grams As Found Natural DARWIN GLASS From METEORITE Impact In AUSTRALIA,6.8,2021-11-11,1.79,3.8,WorthPoint
darwin-glass,3.89 Grams As Found Natural DARWIN GLASS From METEORITE Impact In AUSTRALIA,10.99,2021-11-10,3.89,2.83,WorthPoint
darwin-glass,2.73 Grams As Found Natural DARWIN GLASS From METEORITE Impact In AUSTRALIA,6.99,2021-11-10,2.73,2.56,WorthPoint
darwin-glass,2.95 Grams As Found Natural DARWIN GLASS From METEORITE Impact In AUSTRALIA,9.5,2021-11-06,2.95,3.22,WorthPoint
darwin-glass,1.85 Grams NATURAL DARWIN GLASS From METEORITE Impact AUSTRALIA,7.99,2021-11-02,1.85,4.32,WorthPoint
darwin-glass,5.86 Grams As Found Natural DARWIN GLASS From METEORITE Impact In AUSTRALIA,16.0,2021-11-02,5.86,2.73,WorthPoint
darwin-glass,6.18 Grams As Found Natural DARWIN GLASS From METEORITE Impact In AUSTRALIA,18.0,2021-10-29,6.18,2.91,WorthPoint
darwin-glass,6 Grams As Found Natural DARWIN GLASS From METEORITE Impact In AUSTRALIA,18.0,2021-10-23,6.0,3.0,WorthPoint
darwin-glass,7.7 Grams NATURAL DARWIN GLASS From METEORITE Impact AUSTRALIA,49.95,2021-10-10,7.7,6.49,WorthPoint
darwin-glass,3.61 Grams As Found Natural DARWIN GLASS From METEORITE Impact In AUSTRALIA,10.99,2021-09-30,3.61,3.04,WorthPoint
darwin-glass,3.42 Grams As Found Natural DARWIN GLASS From METEORITE Impact In AUSTRALIA,10.0,2021-09-28,3.42,2.92,WorthPoint
darwin-glass,4.511 Grams NATURAL DARWIN GLASS From METEORITE Impact AUSTRALIA,10.25,2021-09-25,4.511,2.27,WorthPoint
darwin-glass,4.764 Grams NATURAL DARWIN GLASS From METEORITE Impact AUSTRALIA,10.25,2021-09-18,4.764,2.15,WorthPoint
darwin-glass,2.4 Grams NATURAL DARWIN GLASS From METEORITE Impact AUSTRALIA,12.99,2021-09-06,2.4,5.41,WorthPoint
darwin-glass,"Darwin Glass. Impact, Tektite..3pcs. 8g. Total",6.99,2021-09-06,8.0,0.87,WorthPoint
darwin-glass,5.465 Grams NATURAL DARWIN GLASS From METEORITE Impact AUSTRALIA,16.5,2021-08-15,5.465,3.02,WorthPoint
darwin-glass,4.671 Grams NATURAL DARWIN GLASS From METEORITE Impact AUSTRALIA,11.65,2021-08-11,4.671,2.49,WorthPoint
darwin-glass,1.7 Grams NATURAL DARWIN GLASS From METEORITE Impact AUSTRALIA,8.5,2021-08-02,1.7,5.0,WorthPoint
darwin-glass,5.259 Grams NATURAL DARWIN GLASS From METEORITE Impact AUSTRALIA,13.0,2021-07-26,5.259,2.47,WorthPoint
darwin-glass,8.8 Grams NATURAL DARWIN GLASS From METEORITE Impact AUSTRALIA,26.25,2021-07-24,8.8,2.98,WorthPoint
darwin-glass,3.5 Grams NATURAL DARWIN GLASS From METEORITE Impact AUSTRALIA,18.0,2021-07-21,3.5,5.14,WorthPoint
darwin-glass,2.5 Grams NATURAL DARWIN GLASS From METEORITE Impact AUSTRALIA,12.5,2021-07-02,2.5,5.0,WorthPoint
darwin-glass,4 Grams NATURAL DARWIN GLASS From METEORITE Impact AUSTRALIA,20.0,2021-07-02,4.0,5.0,WorthPoint
darwin-glass,3.3 Grams NATURAL DARWIN GLASS From METEORITE Impact AUSTRALIA,16.5,2021-07-02,3.3,5.0,WorthPoint
darwin-glass,5.453 Grams NATURAL DARWIN GLASS From METEORITE Impact AUSTRALIA,13.65,2021-06-27,5.453,2.5,WorthPoint
darwin-glass,Darwin Glass -- 6.7g - Austalite - Darwinite - Tektite - Impactite #dg19,19.99,2021-06-27,6.7,2.98,WorthPoint
darwin-glass,Darwin Glass -- 7.5g - Austalite - Darwinite - Tektite - Impactite #dg17,24.93,2021-06-24,7.5,3.32,WorthPoint
darwin-glass,Darwin Glass -- 10g - Austalite - Darwinite - Tektite - Impactite #GD20,26.03,2021-06-24,10.0,2.6,WorthPoint
darwin-glass,Darwin Glass -- 9g - Austalite - Darwinite - Tektite - Impactite #nud7,23.72,2021-06-24,9.0,2.64,WorthPoint
darwin-glass,4.527 Grams NATURAL DARWIN GLASS From METEORITE Impact AUSTRALIA,11.3,2021-06-12,4.527,2.5,WorthPoint
darwin-glass,8.34 Grams Darwin Glass (Darwinite) Tektite As Found Meteorite Impact Australia,23.0,2021-06-11,8.34,2.76,WorthPoint
darwin-glass,12.74 Grams NATURAL DARWIN GLASS From METEORITE Impact AUSTRALIA,38.0,2021-06-07,12.74,2.98,WorthPoint
darwin-glass,4.563 Grams NATURAL DARWIN GLASS From METEORITE Impact AUSTRALIA,11.4,2021-05-25,4.563,2.5,WorthPoint
darwin-glass,12.16 Grams NATURAL DARWIN GLASS From METEORITE Impact AUSTRALIA,30.4,2021-05-24,12.16,2.5,WorthPoint
darwin-glass,4.710 Grams NATURAL DARWIN GLASS From METEORITE Impact AUSTRALIA,11.75,2021-05-24,4.71,2.49,WorthPoint
darwin-glass,7.113 Grams NATURAL DARWIN GLASS From METEORITE Impact AUSTRALIA,17.5,2021-05-10,7.113,2.46,WorthPoint
darwin-glass,19.7 Grams Darwin Glass (Darwinite) Tektite From Meteorite Impact In Australia,50.0,2021-05-05,19.7,2.54,WorthPoint
darwin-glass,12.23 Grams NATURAL DARWIN GLASS From METEORITE Impact AUSTRALIA,25.0,2021-05-03,12.23,2.04,WorthPoint
darwin-glass,3.697 Grams NATURAL DARWIN GLASS From METEORITE Impact AUSTRALIA,7.0,2021-05-01,3.697,1.89,WorthPoint
darwin-glass,14.66 Grams NATURAL DARWIN GLASS From METEORITE Impact AUSTRALIA,36.6,2021-05-01,14.66,2.5,WorthPoint
darwin-glass,3.869 Grams NATURAL DARWIN GLASS From METEORITE Impact AUSTRALIA,9.65,2021-05-01,3.869,2.49,WorthPoint
darwin-glass,2.649 Grams NATURAL DARWIN GLASS From METEORITE Impact AUSTRALIA,6.75,2021-05-01,2.649,2.55,WorthPoint
darwin-glass,3.603 Grams NATURAL DARWIN GLASS From METEORITE Impact AUSTRALIA,8.99,2021-04-27,3.603,2.5,WorthPoint
darwin-glass,4.998 Grams NATURAL DARWIN GLASS From METEORITE Impact AUSTRALIA,12.5,2021-04-26,4.998,2.5,WorthPoint
darwin-glass,3.399 Grams NATURAL DARWIN GLASS From METEORITE Impact AUSTRALIA,8.5,2021-04-25,3.399,2.5,WorthPoint
darwin-glass,5.397 Grams NATURAL DARWIN GLASS From METEORITE Impact AUSTRALIA,13.5,2021-04-25,5.397,2.5,WorthPoint
darwin-glass,9 Grams Darwin Glass (Darwinite) Tektite From Meteorite Impact In Australia,24.0,2021-04-18,9.0,2.67,WorthPoint
darwin-glass,Darwin Glass -- 12.3g - Austalite - Darwinite - Tektite - Impactite #dg12,47.49,2021-04-14,12.3,3.86,WorthPoint
darwin-glass,7.04 Grams Darwin Glass (Darwinite) Tektite As Found Meteorite Impact Australia,15.0,2021-04-13,7.04,2.13,WorthPoint
darwin-glass,6.161 Grams NATURAL DARWIN GLASS From METEORITE Impact AUSTRALIA,15.25,2021-04-11,6.161,2.48,WorthPoint
darwin-glass,6.62 Grams Darwin Glass (Darwinite) Tektite As Found Meteorite Impact Australia,16.95,2021-04-08,6.62,2.56,WorthPoint
darwin-glass,6.48 Grams Darwin Glass (Darwinite) Tektite As Found Meteorite Impact Australia,15.0,2021-04-08,6.48,2.31,WorthPoint
darwin-glass,2.68 Grams Darwin Glass (Darwinite) Tektite As Found Meteorite Impact Australia,6.8,2021-04-08,2.68,2.54,WorthPoint
darwin-glass,20 Grams Darwin Glass (Darwinite) Tektite As Found Meteorite Impact Australia,44.0,2021-04-08,20.0,2.2,WorthPoint
darwin-glass,2.97 Grams Darwin Glass (Darwinite) Tektite As Found Meteorite Impact Australia,11.0,2021-04-08,2.97,3.7,WorthPoint
darwin-glass,2.81 Grams Darwin Glass (Darwinite) Tektite As Found Meteorite Impact Australia,9.0,2021-04-08,2.81,3.2,WorthPoint
darwin-glass,2.20 Grams Darwin Glass (Darwinite) Tektite As Found Meteorite Impact Australia,5.9,2021-04-08,2.2,2.68,WorthPoint
darwin-glass,6.01 Grams Darwin Glass (Darwinite) Tektite As Found Meteorite Impact Australia,13.0,2021-04-08,6.01,2.16,WorthPoint
darwin-glass,9.05 Grams Darwin Glass (Darwinite) Tektite As Found Meteorite Impact Australia,24.0,2021-04-08,9.05,2.65,WorthPoint
darwin-glass,5.73 Grams Darwin Glass (Darwinite) Tektite As Found Meteorite Impact Australia,17.0,2021-04-07,5.73,2.97,WorthPoint
darwin-glass,2.009 Grams NATURAL DARWIN GLASS From METEORITE Impact AUSTRALIA,6.0,2021-04-07,2.009,2.99,WorthPoint
darwin-glass,3.18 Grams Darwin Glass (Darwinite) Tektite As Found Meteorite Impact Australia,7.0,2021-04-06,3.18,2.2,WorthPoint
darwin-glass,20 Grams Darwin Glass (Darwinite) Tektite From Meteorite Impact In Australia,53.0,2021-04-05,20.0,2.65,WorthPoint
darwin-glass,2.66 Grams Darwin Glass (Darwinite) Tektite As Found Meteorite Impact Australia,7.9,2021-04-05,2.66,2.97,WorthPoint
darwin-glass,3.70 Grams Darwin Glass (Darwinite) Tektite As Found Meteorite Impact Australia,9.0,2021-04-04,3.7,2.43,WorthPoint
darwin-glass,2.892 Grams NATURAL DARWIN GLASS From METEORITE Impact AUSTRALIA,6.99,2021-04-03,2.892,2.42,WorthPoint
darwin-glass,2.982 Grams NATURAL DARWIN GLASS From METEORITE Impact AUSTRALIA,7.45,2021-04-03,2.982,2.5,WorthPoint
darwin-glass,2.449 Grams NATURAL DARWIN GLASS From METEORITE Impact AUSTRALIA,6.5,2021-04-03,2.449,2.65,WorthPoint
darwin-glass,8.850 Grams NATURAL DARWIN GLASS From METEORITE Impact AUSTRALIA,22.0,2021-04-03,8.85,2.49,WorthPoint
darwin-glass,Darwin Glass 7.38g Impactite - Created By Meteorite Impact,19.0,2021-04-03,7.38,2.57,WorthPoint
darwin-glass,5.24 Grams Darwin Glass (Darwinite) Tektite As Found Meteorite Impact Australia,9.99,2021-03-30,5.24,1.91,WorthPoint
darwin-glass,9.26 Grams Darwin Glass (Darwinite) Tektite As Found Meteorite Impact Australia,22.0,2021-03-22,9.26,2.38,WorthPoint
darwin-glass,3.24 Grams Darwin Glass (Darwinite) Tektite As Found Meteorite Impact Australia,12.0,2021-03-21,3.24,3.7,WorthPoint
darwin-glass,2.67 Grams Darwin Glass (Darwinite) Tektite As Found Meteorite Impact Australia,7.0,2021-03-16,2.67,2.62,WorthPoint
darwin-glass,3.15 Grams Darwin Glass (Darwinite) Tektite As Found Meteorite Impact Australia,7.9,2021-03-13,3.15,2.51,WorthPoint
darwin-glass,4.92 Grams Darwin Glass (Darwinite) Tektite As Found Meteorite Impact Australia,13.0,2021-03-13,4.92,2.64,WorthPoint
darwin-glass,3.86 Grams Darwin Glass (Darwinite) Tektite As Found Meteorite Impact Australia,7.9,2021-03-13,3.86,2.05,WorthPoint
darwin-glass,7.26 Grams Darwin Glass (Darwinite) Tektite As Found Meteorite Impact Australia,18.0,2021-03-13,7.26,2.48,WorthPoint
darwin-glass,12.8 Grams Darwin Glass (Darwinite) Tektite From Meteorite Impact In Australia,39.0,2021-03-09,12.8,3.05,WorthPoint
darwin-glass,8.08 Grams Darwin Glass (Darwinite) Tektite As Found Meteorite Impact Australia,16.99,2021-03-04,8.08,2.1,WorthPoint
darwin-glass,6.86 Grams Darwin Glass (Darwinite) Tektite As Found Meteorite Impact Australia,15.5,2021-03-04,6.86,2.26,WorthPoint
darwin-glass,3.76 Grams Darwin Glass (Darwinite) Tektite As Found Meteorite Impact Australia,6.99,2021-03-04,3.76,1.86,WorthPoint
darwin-glass,5.15 Grams Darwin Glass (Darwinite) Tektite As Found Meteorite Impact Australia,21.0,2021-03-03,5.15,4.08,WorthPoint
darwin-glass,3.245 Grams NATURAL DARWIN GLASS From METEORITE Impact AUSTRALIA,9.99,2021-03-03,3.245,3.08,WorthPoint
darwin-glass,Darwin Glass -- 6.8g - Austalite - Darwinite - Tektite - Impactite #dg2,27.99,2021-03-01,6.8,4.12,WorthPoint
darwin-glass,Darwin Glass -- 8.2g - Austalite - Darwinite - Tektite - Impactite #dg7,32.99,2021-03-01,8.2,4.02,WorthPoint
darwin-glass,Darwin Glass -- 6.3g - Austalite - Darwinite - Tektite - Impactite #dg6,25.99,2021-03-01,6.3,4.13,WorthPoint
darwin-glass,3.519 Grams NATURAL DARWIN GLASS From METEORITE Impact AUSTRALIA,8.79,2021-02-26,3.519,2.5,WorthPoint
darwin-glass,My BEST 9.77 Grams Darwin Glass (Darwinite) Tektite - Meteorite Impact Australia,59.0,2021-02-26,9.77,6.04,WorthPoint
darwin-glass,11.2 Grams Darwin Glass (Darwinite) Tektite As Found Meteorite Impact Australia,22.0,2021-02-25,11.2,1.96,WorthPoint
darwin-glass,12.6 Grams Darwin Glass (Darwinite) Tektite As Found Meteorite Impact Australia,24.0,2021-02-23,12.6,1.9,WorthPoint
darwin-glass,16.03 Grams NATURAL DARWIN GLASS From METEORITE Impact AUSTRALIA,48.0,2021-02-22,16.03,2.99,WorthPoint
darwin-glass,2.628 Grams NATURAL DARWIN GLASS From METEORITE Impact AUSTRALIA,7.95,2021-02-22,2.628,3.03,WorthPoint
darwin-glass,8.936 Grams NATURAL DARWIN GLASS From METEORITE Impact AUSTRALIA,22.35,2021-02-22,8.936,2.5,WorthPoint
darwin-glass,Darwin Glass -- 6.2g - Austalite - Darwinite - Tektite - Impactite #dg16,20.79,2021-02-18,6.2,3.35,WorthPoint
darwin-glass,2.27 Grams Darwin Glass (Darwinite) Tektite As Found Meteorite Impact Australia,5.99,2021-02-15,2.27,2.64,WorthPoint
darwin-glass,3.71 Grams Darwin Glass (Darwinite) Tektite As Found Meteorite Impact Australia,6.8,2021-02-15,3.71,1.83,WorthPoint
darwin-glass,2.99 Grams Darwin Glass (Darwinite) Tektite As Found Meteorite Impact Australia,5.9,2021-02-15,2.99,1.97,WorthPoint
darwin-glass,2.80 Grams Darwin Glass (Darwinite) Tektite As Found Meteorite Impact Australia,5.5,2021-02-15,2.8,1.96,WorthPoint
darwin-glass,2.74 Grams Darwin Glass (Darwinite) Tektite As Found Meteorite Impact Australia,5.5,2021-02-15,2.74,2.01,WorthPoint
darwin-glass,3.29 Grams Darwin Glass (Darwinite) Tektite As Found Meteorite Impact Australia,6.5,2021-02-15,3.29,1.98,WorthPoint
darwin-glass,3.80 Grams Darwin Glass (Darwinite) Tektite As Found Meteorite Impact Australia,7.0,2021-02-15,3.8,1.84,WorthPoint
darwin-glass,Darwin Glass -- 8.3g - Austalite - Darwinite - Tektite - Impactite #dg9,26.39,2021-02-13,8.3,3.18,WorthPoint
darwin-glass,10.18g DARWIN GLASS - Impactite - TOP,38.0,2021-02-10,10.18,3.73,WorthPoint
darwin-glass,4.44 Grams Darwin Glass (Darwinite) Tektite As Found Meteorite Impact Australia,9.5,2021-02-07,4.44,2.14,WorthPoint
darwin-glass,9g DARWIN GLASS - Impactite - TOP,35.0,2021-02-03,9.0,3.89,WorthPoint
darwin-glass,Darwin Glass -- 9.1g - Austalite - Darwinite - Tektite - Impactite #dg14,36.99,2021-02-01,9.1,4.06,WorthPoint
darwin-glass,4.45 Grams Darwin Glass (Darwinite) Tektite As Found Meteorite Impact Australia,8.5,2021-01-29,4.45,1.91,WorthPoint
darwin-glass,7.10 Grams Darwin Glass (Darwinite) Tektite As Found Meteorite Impact Australia,17.0,2021-01-29,7.1,2.39,WorthPoint
darwin-glass,4.52 Grams Darwin Glass (Darwinite) Tektite As Found Meteorite Impact Australia,8.5,2021-01-27,4.52,1.88,WorthPoint
darwin-glass,12.52 Grams NATURAL DARWIN GLASS From METEORITE Impact AUSTRALIA,26.0,2021-01-25,12.52,2.08,WorthPoint
darwin-glass,Darwin Glass -- 6.4g - Austalite - Darwinite - Tektite - Impactite #dg5,25.99,2021-01-23,6.4,4.06,WorthPoint
darwin-glass,10 Grams Darwin Glass (Darwinite) Tektite As Found Meteorite Impact Australia,19.99,2021-01-22,10.0,2.0,WorthPoint
darwin-glass,8.637 Grams NATURAL DARWIN GLASS From METEORITE Impact AUSTRALIA,26.0,2021-01-17,8.637,3.01,WorthPoint
darwin-glass,3.67 Grams Darwin Glass (Darwinite) Tektite As Found Meteorite Impact Australia,7.5,2021-01-15,3.67,2.04,WorthPoint
darwin-glass,3.317 Grams NATURAL DARWIN GLASS From METEORITE Impact AUSTRALIA,9.95,2021-01-12,3.317,3.0,WorthPoint
darwin-glass,3.760 Grams NATURAL DARWIN GLASS From METEORITE Impact AUSTRALIA,9.0,2021-01-08,3.76,2.39,WorthPoint
darwin-glass,13.79 Grams NATURAL DARWIN GLASS From METEORITE Impact AUSTRALIA,34.5,2021-01-07,13.79,2.5,WorthPoint
darwin-glass,6.941 Grams NATURAL DARWIN GLASS From METEORITE Impact AUSTRALIA,17.35,2021-01-07,6.941,2.5,WorthPoint
darwin-glass,Darwin Glass -- 5.2g - Austalite - Darwinite - Tektite - Impactite #dg1,20.99,2020-12-18,5.2,4.04,WorthPoint
darwin-glass,7.942 Grams NATURAL DARWIN GLASS From METEORITE Impact AUSTRALIA,15.0,2020-12-17,7.942,1.89,WorthPoint
darwin-glass,4.24 Grams Darwin Glass (Darwinite) Tektite As Found Meteorite Impact Australia,8.5,2020-12-17,4.24,2.0,WorthPoint
darwin-glass,Darwin Glass -- 8.8g - Austalite - Darwinite - Tektite - Impactite #dg20,35.99,2020-12-11,8.8,4.09,WorthPoint
darwin-glass,2.571 Grams NATURAL DARWIN GLASS From METEORITE Impact AUSTRALIA,6.4,2020-12-09,2.571,2.49,WorthPoint
darwin-glass,7.321 Grams NATURAL DARWIN GLASS From METEORITE Impact AUSTRALIA,18.3,2020-11-30,7.321,2.5,WorthPoint
darwin-glass,7.23 Grams Darwin Glass (Darwinite) Tektite As Found Meteorite Impact Australia,17.0,2020-11-28,7.23,2.35,WorthPoint
darwin-glass,5.55 Grams Darwin Glass (Darwinite) Tektite As Found Meteorite Impact Australia,9.99,2020-11-28,5.55,1.8,WorthPoint
darwin-glass,11.57 Grams NATURAL DARWIN GLASS From METEORITE Impact AUSTRALIA,25.0,2020-11-09,11.57,2.16,WorthPoint
darwin-glass,12.79g DARWIN GLASS - Impactite - TOP,45.0,2020-11-08,12.79,3.52,WorthPoint
darwin-glass,6.07 Grams Darwin Glass (Darwinite) Tektite As Found Meteorite Impact Australia,18.0,2020-11-07,6.07,2.97,WorthPoint
darwin-glass,3.244 Grams NATURAL DARWIN GLASS From METEORITE Impact AUSTRALIA,8.15,2020-10-29,3.244,2.51,WorthPoint
darwin-glass,3.386 Grams NATURAL DARWIN GLASS From METEORITE Impact AUSTRALIA,8.45,2020-10-29,3.386,2.5,WorthPoint
darwin-glass,7.064 Grams NATURAL DARWIN GLASS From METEORITE Impact AUSTRALIA,21.2,2020-10-29,7.064,3.0,WorthPoint
darwin-glass,3.794 Grams NATURAL DARWIN GLASS From METEORITE Impact AUSTRALIA,8.99,2020-10-29,3.794,2.37,WorthPoint
darwin-glass,6.53 Grams Darwin Glass (Darwinite) Tektite As Found Meteorite Impact Australia,11.0,2020-10-28,6.53,1.68,WorthPoint
darwin-glass,4.281 Grams NATURAL DARWIN GLASS From METEORITE Impact AUSTRALIA,9.99,2020-10-22,4.281,2.33,WorthPoint
darwin-glass,49.2 Grams Darwin Glass (Darwinite) Tektite As Found Meteorite Impact Australia,169.0,2020-10-16,49.2,3.43,WorthPoint
darwin-glass,1.724 Grams NATURAL DARWIN GLASS From METEORITE Impact AUSTRALIA,5.25,2020-10-15,1.724,3.05,WorthPoint
darwin-glass,"Darwin Glass, West Coast, Tasmania - 3.4 Grams",5.51,2020-09-29,3.4,1.62,WorthPoint
darwin-glass,3.219 Grams NATURAL DARWIN GLASS From METEORITE Impact AUSTRALIA,8.0,2020-09-27,3.219,2.49,WorthPoint
darwin-glass,3.356 Grams NATURAL DARWIN GLASS From METEORITE Impact AUSTRALIA,10.0,2020-09-27,3.356,2.98,WorthPoint
darwin-glass,6.056 Grams NATURAL DARWIN GLASS From METEORITE Impact AUSTRALIA,15.0,2020-09-27,6.056,2.48,WorthPoint
darwin-glass,2.525 Grams NATURAL DARWIN GLASS From METEORITE Impact AUSTRALIA,7.75,2020-09-27,2.525,3.07,WorthPoint
darwin-glass,7.69 Grams Darwin Glass (Darwinite) Tektite As Found Meteorite Impact Australia,13.0,2020-09-22,7.69,1.69,WorthPoint
darwin-glass,6.98 Grams Darwin Glass (Darwinite) Tektite As Found Meteorite Impact Australia,16.0,2020-09-22,6.98,2.29,WorthPoint
darwin-glass,3.452 Grams NATURAL DARWIN GLASS From METEORITE Impact AUSTRALIA,10.3,2020-09-21,3.452,2.98,WorthPoint
darwin-glass,5.36 Grams Darwin Glass (Darwinite) Tektite As Found Meteorite Impact Australia,9.99,2020-09-20,5.36,1.86,WorthPoint
darwin-glass,"Darwin Glass, West Coast, Tasmania - 4.0 Grams",9.38,2020-09-08,4.0,2.35,WorthPoint
darwin-glass,6.158 Grams NATURAL DARWIN GLASS From METEORITE Impact AUSTRALIA,15.35,2020-09-02,6.158,2.49,WorthPoint
darwin-glass,3.170 Grams NATURAL DARWIN GLASS From METEORITE Impact AUSTRALIA,7.95,2020-08-30,3.17,2.51,WorthPoint
darwin-glass,2.25 Grams Darwin Glass (Darwinite) Tektite As Found Meteorite Impact Australia,5.99,2020-08-29,2.25,2.66,WorthPoint
darwin-glass,1.92 Grams Darwin Glass (Darwinite) Tektite As Found Meteorite Impact Australia,5.0,2020-08-27,1.92,2.6,WorthPoint
darwin-glass,21.70 Grams NATURAL DARWIN GLASS From METEORITE Impact AUSTRALIA,45.0,2020-08-25,21.7,2.07,WorthPoint
darwin-glass,8.747 Grams NATURAL DARWIN GLASS From METEORITE Impact AUSTRALIA,21.85,2020-08-25,8.747,2.5,WorthPoint
darwin-glass,2.93 Grams Darwin Glass (Darwinite) Tektite As Found Meteorite Impact Australia,6.5,2020-08-23,2.93,2.22,WorthPoint
darwin-glass,3.187 Grams NATURAL DARWIN GLASS From METEORITE Impact AUSTRALIA,7.95,2020-08-22,3.187,2.49,WorthPoint
darwin-glass,6.572 Grams NATURAL DARWIN GLASS From METEORITE Impact AUSTRALIA,16.3,2020-08-19,6.572,2.48,WorthPoint
darwin-glass,8.299 Grams NATURAL DARWIN GLASS From METEORITE Impact AUSTRALIA,20.75,2020-08-19,8.299,2.5,WorthPoint
darwin-glass,2.345 Grams NATURAL DARWIN GLASS From METEORITE Impact AUSTRALIA,5.95,2020-08-19,2.345,2.54,WorthPoint
darwin-glass,13.53 Grams NATURAL DARWIN GLASS From METEORITE Impact AUSTRALIA,33.8,2020-08-10,13.53,2.5,WorthPoint
darwin-glass,3.785 Grams NATURAL DARWIN GLASS From METEORITE Impact AUSTRALIA,9.45,2020-08-08,3.785,2.5,WorthPoint
darwin-glass,4.200 Grams NATURAL DARWIN GLASS From METEORITE Impact AUSTRALIA,10.5,2020-08-06,4.2,2.5,WorthPoint
darwin-glass,15.36 Grams NATURAL DARWIN GLASS From METEORITE Impact AUSTRALIA,35.0,2020-07-31,15.36,2.28,WorthPoint
darwin-glass,9.40 Grams Darwin Glass (Darwinite) Tektite As Found Meteorite Impact Australia,17.99,2020-07-27,9.4,1.91,WorthPoint
darwin-glass,5.086 Grams NATURAL DARWIN GLASS From METEORITE Impact AUSTRALIA,12.25,2020-07-23,5.086,2.41,WorthPoint
darwin-glass,6.240 Grams NATURAL DARWIN GLASS From METEORITE Impact AUSTRALIA,12.45,2020-07-23,6.24,2.0,WorthPoint
darwin-glass,6.008 Grams NATURAL DARWIN GLASS From METEORITE Impact AUSTRALIA,12.0,2020-07-23,6.008,2.0,WorthPoint
darwin-glass,6.37 Grams Darwin Glass (Darwinite) Tektite As Found Meteorite Impact Australia,13.99,2020-07-21,6.37,2.2,WorthPoint
darwin-glass,16.09 Grams NATURAL DARWIN GLASS From METEORITE Impact AUSTRALIA,32.99,2020-07-19,16.09,2.05,WorthPoint
darwin-glass,4.333 Grams NATURAL DARWIN GLASS From METEORITE Impact AUSTRALIA,10.8,2020-07-18,4.333,2.49,WorthPoint
darwin-glass,18.62 Grams NATURAL DARWIN GLASS From METEORITE Impact AUSTRALIA,37.25,2020-07-18,18.62,2.0,WorthPoint
darwin-glass,HUGE 77.9 Gram Darwin Glass (Darwinite) Tektite Meteorite Impact Australia,350.0,2020-07-18,77.9,4.49,WorthPoint
darwin-glass,7.84 Grams Darwin Glass (Darwinite) Tektite As Found Meteorite Impact Australia,14.9,2020-07-16,7.84,1.9,WorthPoint
darwin-glass,"Exquisite DARWIN GLASS, Twisted, Bulbous IMPACTITE, 5-gram (0.2-oz.)",12.95,2020-07-16,5.0,2.59,WorthPoint
darwin-glass,8.19 Grams Darwin Glass (Darwinite) Tektite As Found Meteorite Impact Australia,15.9,2020-07-11,8.19,1.94,WorthPoint
darwin-glass,9.56 Grams Darwin Glass (Darwinite) Tektite As Found Meteorite Impact Australia,21.0,2020-07-05,9.56,2.2,WorthPoint
darwin-glass,6.156 Grams NATURAL DARWIN GLASS From METEORITE Impact AUSTRALIA,14.99,2020-06-29,6.156,2.44,WorthPoint
darwin-glass,6 Grams Darwin Glass (Darwinite) Tektite As Found Meteorite Impact Australia,11.99,2020-06-27,6.0,2.0,WorthPoint
darwin-glass,8.11 Grams Darwin Glass (Darwinite) Tektite As Found Meteorite Impact Australia,17.0,2020-06-17,8.11,2.1,WorthPoint
darwin-glass,4.98 Grams Darwin Glass (Darwinite) Tektite As Found Meteorite Impact Australia,10.9,2020-06-16,4.98,2.19,WorthPoint
darwin-glass,11.80 Grams NATURAL DARWIN GLASS From METEORITE Impact AUSTRALIA,23.6,2020-06-11,11.8,2.0,WorthPoint
darwin-glass,4.18 Grams Darwin Glass (Darwinite) Tektite As Found Meteorite Impact Australia,10.5,2020-06-08,4.18,2.51,WorthPoint
darwin-glass,8.279 Grams NATURAL DARWIN GLASS From METEORITE Impact AUSTRALIA,16.99,2020-06-07,8.279,2.05,WorthPoint
darwin-glass,6.872 Grams NATURAL DARWIN GLASS From METEORITE Impact AUSTRALIA,17.0,2020-05-31,6.872,2.47,WorthPoint
darwin-glass,5.57 Grams Darwin Glass (Darwinite) Tektite As Found Meteorite Impact Australia,18.28,2020-05-30,5.57,3.28,WorthPoint
darwin-glass,2.07 Grams Darwin Glass (Darwinite) Tektite As Found Meteorite Impact Australia,12.28,2020-05-30,2.07,5.93,WorthPoint
darwin-glass,4.797 Grams NATURAL DARWIN GLASS From METEORITE Impact AUSTRALIA,11.99,2020-05-29,4.797,2.5,WorthPoint
darwin-glass,5.124 Grams NATURAL DARWIN GLASS From METEORITE Impact AUSTRALIA,12.8,2020-05-24,5.124,2.5,WorthPoint
darwin-glass,5.926 Grams NATURAL DARWIN GLASS From METEORITE Impact AUSTRALIA,12.0,2020-05-20,5.926,2.02,WorthPoint
darwin-glass,23.2 Grams Darwin Glass (Darwinite) Tektite As Found Meteorite Impact Australia,41.0,2020-05-20,23.2,1.77,WorthPoint
darwin-glass,6.19 Grams Darwin Glass (Darwinite) Tektite As Found Meteorite Impact Australia,13.0,2020-05-19,6.19,2.1,WorthPoint
darwin-glass,6.58 Grams Darwin Glass (Darwinite) Tektite As Found Meteorite Impact Australia,13.0,2020-05-19,6.58,1.98,WorthPoint
darwin-glass,19.7 Grams Darwin Glass (Darwinite) Tektite As Found Meteorite Impact Australia,36.0,2020-05-07,19.7,1.83,WorthPoint
darwin-glass,7.81 Grams Darwin Glass (Darwinite) Tektite As Found Meteorite Impact Australia,21.0,2020-05-01,7.81,2.69,WorthPoint
darwin-glass,5.262 Grams NATURAL DARWIN GLASS From METEORITE Impact AUSTRALIA,13.0,2020-04-27,5.262,2.47,WorthPoint
darwin-glass,7.600 Grams NATURAL DARWIN GLASS From METEORITE Impact AUSTRALIA,19.0,2020-04-27,7.6,2.5,WorthPoint
darwin-glass,7.28 Grams Darwin Glass (Darwinite) Tektite As Found Meteorite Impact Australia,22.0,2020-04-22,7.28,3.02,WorthPoint
darwin-glass,9.89 Grams Darwin Glass (Darwinite) Tektite As Found Meteorite Impact Australia,17.99,2020-04-22,9.89,1.82,WorthPoint
darwin-glass,7.475 Grams NATURAL DARWIN GLASS From METEORITE Impact AUSTRALIA,18.0,2020-04-12,7.475,2.41,WorthPoint
darwin-glass,6.525 Grams NATURAL DARWIN GLASS From METEORITE Impact AUSTRALIA,16.3,2020-04-12,6.525,2.5,WorthPoint
darwin-glass,9.478 Grams NATURAL DARWIN GLASS From METEORITE Impact AUSTRALIA,23.69,2020-04-08,9.478,2.5,WorthPoint
darwin-glass,9.44 Grams Darwin Glass (Darwinite) Tektite As Found Meteorite Impact Australia,17.0,2020-04-04,9.44,1.8,WorthPoint
darwin-glass,11.17 Grams Darwin Glass (Darwinite) Tektite As Found Meteorite Impact Australia,22.0,2020-04-03,11.17,1.97,WorthPoint
darwin-glass,15 Grams Darwin Glass (Darwinite) Tektite As Found Meteorite Impact Australia,31.0,2020-03-29,15.0,2.07,WorthPoint
darwin-glass,8.37 Grams Darwin Glass (Darwinite) Tektite As Found Meteorite Impact Australia,18.0,2020-03-29,8.37,2.15,WorthPoint
darwin-glass,10.5 Grams Darwin Glass (Darwinite) Tektite As Found Meteorite Impact Australia,20.0,2020-03-29,10.5,1.9,WorthPoint
darwin-glass,6.63 Grams Darwin Glass (Darwinite) Tektite As Found Meteorite Impact Australia,17.99,2020-03-29,6.63,2.71,WorthPoint
darwin-glass,14.5 Grams Darwin Glass (Darwinite) Tektite As Found Meteorite Impact Australia,27.99,2020-03-26,14.5,1.93,WorthPoint
darwin-glass,4.917 Grams NATURAL DARWIN GLASS From METEORITE Impact AUSTRALIA,12.0,2020-03-24,4.917,2.44,WorthPoint
darwin-glass,8.09 Grams Darwin Glass (Darwinite) Tektite As Found Meteorite Impact Australia,26.0,2020-03-11,8.09,3.21,WorthPoint
darwin-glass,8.51 Grams Darwin Glass (Darwinite) Tektite As Found Meteorite Impact Australia,23.0,2020-03-11,8.51,2.7,WorthPoint
darwin-glass,8.45 Grams Darwin Glass (Darwinite) Tektite As Found Meteorite Impact Australia,18.0,2020-03-10,8.45,2.13,WorthPoint
darwin-glass,4 Grams Darwin Glass (Darwinite) Tektite As Found Meteorite Impact Australia,11.5,2020-03-05,4.0,2.88,WorthPoint
darwin-glass,6.118 Grams NATURAL DARWIN GLASS From METEORITE Impact AUSTRALIA,12.0,2020-02-27,6.118,1.96,WorthPoint
darwin-glass,1.24 Grams Darwin Glass (Darwinite) Tektite As Found Meteorite Impact Australia,14.5,2020-02-26,1.24,11.69,WorthPoint
darwin-glass,5.164 Grams NATURAL DARWIN GLASS From METEORITE Impact AUSTRALIA,10.3,2020-02-26,5.164,1.99,WorthPoint
darwin-glass,4.42 Grams Darwin Glass (Darwinite) Tektite As Found Meteorite Impact Australia,15.0,2020-02-21,4.42,3.39,WorthPoint
darwin-glass,4.35 Grams Darwin Glass (Darwinite) Tektite As Found Meteorite Impact Australia,11.0,2020-02-18,4.35,2.53,WorthPoint
darwin-glass,Rare Fulgurite Darwin Glass Meteorite Specimen 78 Gram All Natural,170.0,2019-08-18,78.0,2.18,WorthPoint
darwin-glass,Darwin Glass 2.8 Grams From Tasmania),10.4,2019-03-21,2.8,3.71,WorthPoint
darwin-glass,Darwin Glass 4.5 Grams From Tasmania),12.8,2019-03-18,4.5,2.84,WorthPoint
darwin-glass,Darwin Glass 2.9 Grams From Tasmania,13.0,2019-03-17,2.9,4.48,WorthPoint
darwin-glass,Darwin Glass 3.5 Grams From Tasmania),14.0,2019-03-09,3.5,4.0,WorthPoint
darwin-glass,Darwin Glass 1.2 Grams From Tasmania,10.0,2019-03-09,1.2,8.33,WorthPoint
darwin-glass,Darwin Glass 4.04g Flowing Form Impactite - Created By Meteorite Impact,12.0,2019-01-26,4.04,2.97,WorthPoint
darwin-glass,Darwin Glass 7.45g Flowing Form Impactite - Created By Meteorite Impact,29.0,2019-01-19,7.45,3.89,WorthPoint
darwin-glass,Darwin Glass 10.14g Flowing Form Impactite - Created By Meteorite Impact,26.0,2019-01-12,10.14,2.56,WorthPoint
darwin-glass,Darwin Glass 4.25g Flowing Form Impactite - Created By Meteorite Impact,20.0,2019-01-04,4.25,4.71,WorthPoint
darwin-glass,Darwin Glass 15.09g Flowing Form Impactite - Created By Meteorite Impact,47.0,2018-12-08,15.09,3.11,WorthPoint
darwin-glass,Darwin Glass 9.31g Flowing Form Impactite - Created By Meteorite Impact,26.0,2018-10-27,9.31,2.79,WorthPoint
darwin-glass,Darwin Glass 6.98g Flowing Form Impactite - Created By Meteorite Impact,47.0,2018-10-13,6.98,6.73,WorthPoint
darwin-glass,Darwin Glass 16.38g Flowing Form Impactite - Created By Meteorite Impact,41.0,2018-09-29,16.38,2.5,WorthPoint
darwin-glass,25.73 Grams Natural Darwin Glass Meteorite Rock Specimen Australia 34,20.0,2018-08-21,25.73,0.78,WorthPoint
darwin-glass,27.72 Grams Natural Darwin Glass Meteorite Rock Specimen Australia 35,30.0,2018-08-08,27.72,1.08,WorthPoint
darwin-glass,17.55 Grams Natural Darwin Glass Meteorite Rock Specimen Australia Ab,30.0,2018-08-08,17.55,1.71,WorthPoint
darwin-glass,37.18 Grams Natural Darwin Glass Meteorite Rock Specimen Australia 43,35.0,2018-08-08,37.18,0.94,WorthPoint
darwin-glass,Darwin Glass 4.74g Flowing Form Impactite - Created By Meteorite Impact,16.0,2018-06-16,4.74,3.38,WorthPoint
darwin-glass,Darwin Glass 7.34g Flowing Form Impactite - Created By Meteorite Impact,20.5,2018-06-09,7.34,2.79,WorthPoint
darwin-glass,28.15 Grams Natural Darwin Glass Meteorite Rock Specimen Australia 39,28.0,2018-06-02,28.15,0.99,WorthPoint
darwin-glass,Darwin Glass 4.18g ~ 'V' Form Impactite ~ Created By Meteorite Impact,25.0,2018-05-31,4.18,5.98,WorthPoint
darwin-glass,Darwin Glass 9.78g Flowing Form Impactite - Created By Meteorite Impact,25.0,2018-05-19,9.78,2.56,WorthPoint
darwin-glass,Darwin Glass 4.77g Flowing Form Impactite - Created By Meteorite Impact,10.0,2018-05-12,4.77,2.1,WorthPoint
darwin-glass,Darwin Glass 10.37g Flowing Form Impactite - Created By Meteorite Impact,26.0,2018-05-05,10.37,2.51,WorthPoint
darwin-glass,Darwin Glass 6.91g Flowing Form Impactite - Created By Meteorite Impact,15.0,2018-04-28,6.91,2.17,WorthPoint
darwin-glass,Darwin Glass 3.58g Flowing Form Impactite - Created By Meteorite Impact,13.0,2018-04-07,3.58,3.63,WorthPoint
darwin-glass,61 Grams Natural Darwin Glass Meteorite Rock Specimen Australia 59,337.5,2018-03-22,61.0,5.53,WorthPoint
darwin-glass,Darwin Glass 5.75g Flowing Form Impactite - Created By Meteorite Impact,20.0,2018-03-19,5.75,3.48,WorthPoint
darwin-glass,Darwin Glass 11.26g Flowing Form Impactite - Created By Meteorite Impact,30.0,2018-03-17,11.26,2.66,WorthPoint
darwin-glass,37.87 Grams Natural Darwin Glass Meteorite Rock Specimen Australia 42,30.0,2018-03-01,37.87,0.79,WorthPoint
darwin-glass,28.04 Grams Natural Darwin Glass Meteorite Rock Specimen Australia 30,20.0,2018-02-16,28.04,0.71,WorthPoint
darwin-glass,44.52 Grams Natural Darwin Glass Meteorite Rock Specimen Australia 4,34.0,2018-02-09,44.52,0.76,WorthPoint
darwin-glass,Darwin Glass 4.18g Flowing 'V' Form Impactite - Created By Meteorite Impact,20.0,2018-02-05,4.18,4.78,WorthPoint
darwin-glass,Darwin Glass 5.52g Flowing Form Impactite - Created By Meteorite Impact,24.0,2018-02-04,5.52,4.35,WorthPoint
darwin-glass,Darwin Glass 4.84g Impactite - Created By Meteorite Impact,13.0,2018-01-27,4.84,2.69,WorthPoint
darwin-glass,Darwin Glass 5.97g Ropey Form Impactite - Created By Meteorite Impact,25.09,2018-01-27,5.97,4.2,WorthPoint
darwin-glass,Darwin Glass 9.96g Impactite - Created By Meteorite Impact,26.0,2018-01-13,9.96,2.61,WorthPoint
darwin-glass,32.18 Grams Darwin Glass Meteorite Rock Specimen Australia 9a For Sale,148.5,2017-12-23,32.18,4.61,WorthPoint
darwin-glass,34.30 Grams Natural Darwin Glass Meteorite Rock Specimen Australia 6,21.36,2017-12-12,34.3,0.62,WorthPoint
darwin-glass,"Moldavite, Saffordite, Libyan Desert Glass, Darwin Glass, Atacamaite, Bediasite!",175.0,2017-10-11,,,WorthPoint
darwin-glass,"Darwin Glass 3.27g Impactite - Gooey, Stringy Melt Created By Meteorite Impact",13.0,2017-07-15,3.27,3.98,WorthPoint
darwin-glass,NATURAL DARWIN GLASS METEORITE ROCK SPECIMEN From Australia - 71 Carats!,30.0,2017-05-14,14.2,2.11,WorthPoint
darwin-glass,Australite And Darwin Glass Slices - Australian Tektite And Impact Glass Set,24.99,2017-04-18,,,WorthPoint
darwin-glass,"Darwin Glass 5.42g Impactite - Gooey, Stringy Melt Created By Meteorite Impact",27.0,2017-03-25,5.42,4.98,WorthPoint
darwin-glass,1.66 Ins Natural Darwin Glass Meteorite Rock Specimen Australia 10,60.0,2017-01-27,,,WorthPoint
darwin-glass,"DARWIN GLASS - Impactite Glass From Mount Darwin, Tasmania - 6.1grams",14.99,2016-10-22,6.1,2.46,WorthPoint
darwin-glass,"DARWIN GLASS Set Of 2 - Impactite Glass- Mount Darwin, Tasmania - 5.7grams Total",24.49,2016-08-27,5.7,4.3,WorthPoint
darwin-glass,DARWIN GLASS TEKTITE - Impactite Glass- TRI-TONE SWRIL - 5.2grams Total- Rare!,37.89,2016-01-12,5.2,7.29,WorthPoint
darwin-glass,Lovely Darwin Glass Specimen- Vintage Estate Find- 36.8 Grams.,66.0,2016-01-10,36.8,1.79,WorthPoint
darwin-glass,"Darwin Glass - 51.5 Carats, Tasmania, Australia",33.51,2015-12-29,10.3,3.25,WorthPoint
darwin-glass,21 Grams Natural Darwin Glass Meteorite Rock Specimen Australia 13,50.0,2014-11-06,21.0,2.38,WorthPoint
darwin-glass,Darwin Glass,18.79,2014-07-14,,,WorthPoint
darwin-glass,51.40grams Natural Darwin Glass Meteorite Rock Specimen Australia 3,50.0,2014-04-08,51.4,0.97,WorthPoint
darwin-glass,Darwin Glass 8.64g Impactite - Created By Meteorite Impact,39.85,2014-03-15,8.64,4.61,WorthPoint
darwin-glass,10.78g NATURAL DARWIN GLASS METEORITE ROCK SPECIMEN AUSTRALIA,44.0,2014-02-26,10.78,4.08,WorthPoint
darwin-glass,37.80 Grams NATURAL DARWIN GLASS METEORITE ROCK SPECIMEN AUSTRALIA 1,29.99,2014-02-13,37.8,0.79,WorthPoint
darwin-glass,DARWIN GLASS Meteorite Impact Rock 6.4 Grams,17.23,2014-02-10,6.4,2.69,WorthPoint
darwin-glass,Darwin Glass Impactite Is 8.6 Grams Rarest Of Impactite,14.01,2014-01-08,8.6,1.63,WorthPoint
darwin-glass,8.00 Grams Natural Darwin Glass Meteorite Rock Specimen Australia 8,50.0,2014-01-05,8.0,6.25,WorthPoint
darwin-glass,16.87g NATURAL DARWIN GLASS METEORITE ROCK SPECIMEN AUSTRALIA,68.0,2013-12-18,16.87,4.03,WorthPoint
darwin-glass,46.27 Grams Natural Darwin Glass Meteorite Rock Specimen Australia 6,46.0,2013-11-24,46.27,0.99,WorthPoint
darwin-glass,44.47 Grams Natural Darwin Glass Meteorite Rock Specimen Australia 4,45.0,2013-11-24,44.47,1.01,WorthPoint
darwin-glass,Libyan Desert Glass & Darwin Glass Specimen Trio.,115.0,2013-11-20,,,WorthPoint
darwin-glass,186.00 Grams Natural Darwin Glass Meteorite Rock Specimen Australia 9,99.99,2013-11-12,186.0,0.54,WorthPoint
darwin-glass,Darwin Glass Blob - 5.2 Grams - Tasmania Impactite / Tektite,15.0,2013-11-01,5.2,2.88,WorthPoint
darwin-glass,Darwin Glass Blob - 1.5 Grams - Tasmania Impactite / Tektite,12.0,2013-10-24,1.5,8.0,WorthPoint
darwin-glass,Darwin Glass 10.88g Impactite - Created By Meteorite Impact,27.0,2013-09-28,10.88,2.48,WorthPoint
darwin-glass,5.45g NATURAL DARWIN GLASS METEORITE ROCK SPECIMEN AUSTRALIA,24.99,2013-06-26,5.45,4.59,WorthPoint
darwin-glass,Darwin Glass Blob - 4.8 Grams - Tasmania Impactite Tektite,15.0,2013-06-20,4.8,3.12,WorthPoint
darwin-glass,Darwin Glass Blob - 4.4 Grams - Tasmania Impactite Tektite,15.0,2013-06-20,4.4,3.41,WorthPoint
darwin-glass,Darwin Glass Blob - 7.4 Grams - Tasmania Impactite / Tektite,20.0,2013-06-20,7.4,2.7,WorthPoint
darwin-glass,Darwin Glass Blob - 4.6 Grams - Tasmania Impactite Tektite,15.0,2013-06-16,4.6,3.26,WorthPoint
darwin-glass,Darwin Glass Blob - 6.4 Grams - Tasmania Impactite Tektite,25.0,2013-06-16,6.4,3.91,WorthPoint
darwin-glass,Darwin Glass Blob - 7.6 Grams - Tasmania Impactite Tektite,20.0,2013-06-16,7.6,2.63,WorthPoint
darwin-glass,Darwin Glass Blob - 7.2 Grams - Tasmania Impactite / Tektite,18.0,2013-06-16,7.2,2.5,WorthPoint
darwin-glass,Darwin Glass Blob - 9.3 Grams - Tasmania Impactite / Tektite,20.0,2013-06-16,9.3,2.15,WorthPoint
darwin-glass,Darwin Glass Blob - 8.8 Grams - Tasmania Impactite Tektite,25.0,2013-06-14,8.8,2.84,WorthPoint
darwin-glass,Darwin Glass Blob - 4.5 Grams - Tasmania Impactite / Tektite,15.0,2013-06-12,4.5,3.33,WorthPoint
darwin-glass,50 Gram Darwin Glass Lot Of 15 Pieces - Tasmania Impactite Tektite,175.0,2013-06-12,50.0,3.5,WorthPoint
darwin-glass,Darwin Glass Blob - 5.2 Grams - Tasmania Impactite Tektite,12.0,2013-04-24,5.2,2.31,WorthPoint
darwin-glass,Darwin Glass Lot Of 100 Grams - Tasmania Impactite / Tektite,150.0,2013-04-12,100.0,1.5,WorthPoint
darwin-glass,Darwin Glass 9.05g Impactite - Created By Meteorite Impact,30.0,2013-04-06,9.05,3.31,WorthPoint
darwin-glass,Darwin Glass 15.62g Impactite - Created By Meteorite Impact,39.0,2013-04-06,15.62,2.5,WorthPoint
darwin-glass,Darwin Glass Blob - 4.0 Grams - Tasmania Impactite / Tektite,12.0,2013-03-28,4.0,3.0,WorthPoint
darwin-glass,9.70g NATURAL DARWIN GLASS METEORITE ROCK SPECIMEN AUSTRALIA,40.0,2013-03-26,9.7,4.12,WorthPoint
darwin-glass,DARWIN GLASS Meteorite Impact Rock 7.9 Grams,20.43,2013-03-24,7.9,2.59,WorthPoint
darwin-glass,Darwin Glass 6.38g Impactite - Created By Meteorite,22.0,2013-03-23,6.38,3.45,WorthPoint
darwin-glass,DARWIN GLASS Meteorite Impact Rock 4.6 Grams,12.42,2013-03-22,4.6,2.7,WorthPoint
darwin-glass,Darwin Glass Blob - 8.0 Grams - Tasmania Impactite / Tektite,15.0,2013-03-19,8.0,1.88,WorthPoint
darwin-glass,Darwin Glass Blob - 1.7 Grams - Tasmania Impactite Tektite,10.0,2013-03-11,1.7,5.88,WorthPoint
darwin-glass,S.V.F - Darwin Glass - Tektite Specimen 7.03 Grams,13.87,2013-03-01,7.03,1.97,WorthPoint
darwin-glass,DARWIN GLASS Meteorite Impact Rock 5.6 Grams,15.07,2013-02-22,5.6,2.69,WorthPoint
darwin-glass,Darwin Glass Blob - 4.7 Grams - Tasmania Impactite Tektite,15.0,2013-02-18,4.7,3.19,WorthPoint
darwin-glass,Darwin Glass Blob - 5.9 Grams - Tasmania Impactite Tektite,12.0,2013-01-18,5.9,2.03,WorthPoint
darwin-glass,Darwin Glass Blob - 6.5 Grams - Tasmania Impactite Tektite,20.0,2013-01-12,6.5,3.08,WorthPoint
darwin-glass,Natural Darwin Glass Meteorite Rock Specimen Australia,22.99,2012-12-30,,,WorthPoint
darwin-glass,DARWIN GLASS Meteorite Impact Rock 5.5 Grams,14.8,2012-12-17,5.5,2.69,WorthPoint
darwin-glass,9.15g NATURAL DARWIN GLASS METEORITE ROCK SPECIMEN AUSTRALIA,36.0,2012-12-15,9.15,3.93,WorthPoint
darwin-glass,Darwin Glass Blob - 10.2 Grams - Tasmania Impactite Tektite,24.0,2012-12-10,10.2,2.35,WorthPoint
darwin-glass,Darwin Glass Blob - 7.2 Grams - Tasmania Impactite Tektite,12.0,2012-12-10,7.2,1.67,WorthPoint
darwin-glass,Darwin Glass Blob - 5.7 Grams - Tasmania Impactite Tektite,12.0,2012-12-10,5.7,2.11,WorthPoint
darwin-glass,Darwin Glass Blob - 4.5 Grams - Tasmania Impactite Tektite,21.12,2012-12-09,4.5,4.69,WorthPoint
darwin-glass,Darwin Glass Blob - 3.1 Grams - Tasmania Impactite Tektite,10.0,2012-12-08,3.1,3.23,WorthPoint
darwin-glass,Darwin Glass Blob - 7.8 Grams - Tasmania Impactite Tektite,15.0,2012-12-06,7.8,1.92,WorthPoint
darwin-glass,Darwin Glass Blob - 8.9 Grams - Tasmania Impactite Tektite,20.0,2012-11-08,8.9,2.25,WorthPoint
darwin-glass,173.45 Ct Natural Darwin Glass Meteorite Rock Specimen Australia,120.0,2012-04-19,34.69,3.46,WorthPoint
darwin-glass,Darwin Glass Blob - 6.9 Grams - Tasmania Impactite,25.0,2012-04-14,6.9,3.62,WorthPoint
darwin-glass,Darwin Glass Unusual Blob - 6.9 Grams - Tasmania Impactite,30.0,2012-04-14,6.9,4.35,WorthPoint
darwin-glass,180.80 Ct Natural Darwin Glass Meteorite Rock Specimen Australia,100.0,2012-04-06,36.16,2.77,WorthPoint
darwin-glass,Darwin Glass Unusual Piece With Globules - 5.6 Grams - Tasmania Impactite,24.1,2012-03-18,5.6,4.3,WorthPoint
darwin-glass,Darwin Glass Translucent Piece - 3.8 Grams - Tasmania Impactite,15.0,2012-03-18,3.8,3.95,WorthPoint
darwin-glass,Darwin Glass Lot Of 11 Tektites - Tasmania 11.2 Grams,30.0,2011-12-18,11.2,2.68,WorthPoint
darwin-glass,Darwin Glass Lot Of 9 Tektites - Tasmania 6.1 Grams,10.0,2011-07-24,6.1,1.64,WorthPoint
darwin-glass,Darwin Glass Tektite - Tasmania - 6.3 Grams,18.0,2011-07-23,6.3,2.86,WorthPoint
darwin-glass,"Darwin Glass, Meteorite Impact Rock 6.7 Grams",17.45,2011-04-09,6.7,2.6,WorthPoint
darwin-glass,Darwin Glass Tektite - Tasmania - 1.8 Grams,10.0,2011-04-08,1.8,5.56,WorthPoint
darwin-glass,"Darwin Glass, Meteorite Impact Rock 6.6 Grams",17.19,2011-03-20,6.6,2.6,WorthPoint
darwin-glass,"Darwin Glass, Meteorite Impact Rock 5.2 Grams",13.98,2010-11-20,5.2,2.69,WorthPoint
darwin-glass,"Darwin Glass, Meteorite Impact Rock 8 Grams",18.54,2010-07-28,8.0,2.32,WorthPoint
darwin-glass,"Darwin Glass, Meteorite Impact Rock 8.3 Grams",19.15,2010-06-23,8.3,2.31,WorthPoint
darwin-glass,"Darwin Glass, Meteorite Impact Rock 10.4 Grams",23.98,2010-06-05,10.4,2.31,WorthPoint
darwin-glass,"Darwin Glass, Meteorite Impact Rock 8.8 Grams",20.29,2010-06-05,8.8,2.31,WorthPoint
darwin-glass,"Darwin Glass, Meteorite Impact Rock 11.3 Grams",25.3,2010-04-30,11.3,2.24,WorthPoint
darwin-glass,"Darwin Glass, Meteorite Impact Rock 9.8 Grams",18.99,2009-06-29,9.8,1.94,WorthPoint
darwin-glass,"Tektite ""Darwin Glass"" (Darwin, N.T., Australia)",23.49,2009-04-01,,,WorthPoint
darwin-glass,"Darwin Glass, Meteorite Impact Rock 13.8 Grams",22.59,2008-07-12,13.8,1.64,WorthPoint
darwin-glass,"Darwin Glass, Meteorite Impact Rock 7.4 Grams",12.59,2008-04-30,7.4,1.7,WorthPoint
darwin-glass,"Darwin Glass, Meteorite Impact Rock 8.7 Grams",14.82,2008-04-01,8.7,1.7,WorthPoint
darwin-glass,"Darwin Glass, Meteorite Impact Rock 9.9 Grams",16.82,2008-03-03,9.9,1.7,WorthPoint
darwin-glass,"Darwin Glass, Meteorite Impact Rock 11.1 Grams",18.85,2007-10-29,11.1,1.7,WorthPoint
darwin-glass,"Darwin Glass, Meteorite Impact Rock 8.6 Grams",12.1,2007-10-07,8.6,1.41,WorthPoint
darwin-glass,"Darwin Glass, Meteorite Impact Rock 32.4 Grams",35.94,2007-08-14,32.4,1.11,WorthPoint
darwin-glass,Tasmanian Impactite Darwin Glassgreen Tektite Meteorite,14.49,2007-07-05,,,WorthPoint
darwin-glass,"Darwin Glass, Meteorite Impact Rock 13.1 Grams",18.65,2007-06-18,13.1,1.42,WorthPoint
darwin-glass,Impactite: Darwin Glass From Tasmania Meteorite Crater,37.99,2007-06-11,,,WorthPoint
darwin-glass,"Darwin Glass, Meteorite Impact Rock 9 Grams",12.89,2007-03-24,9.0,1.43,WorthPoint
darwin-glass,Darwin Glass #1 Impactite From Meteorite Impact,11.5,2007-02-25,,,WorthPoint
darwin-glass,"Darwin Glass, Meteorite Impact Rock 21 Grams",28.85,2006-12-17,21.0,1.37,WorthPoint
darwin-glass,"Darwin Glass, Meteorite Impact Rock 30.6 Grams",41.89,2006-11-09,30.6,1.37,WorthPoint
allende-meteorite,"Meteorite**Allende, CV3 Carbonaceous**5.684 Gram, Extremely Fresh W/CAI'S, ASU!!",199.0,2026-01-16,5.684,35.01,WorthPoint
allende-meteorite,"Allende Stone, CC, CV3.2 Fell Feb. 8, 1969 Allende, Mexico 1.32 G",26.0,2026-01-08,1.32,19.7,WorthPoint
allende-meteorite,"Meteorite**Allende, CV3 Carbonaceous**5.059 Gram, Extremely Fresh W/CAI'S, ASU!!",102.51,2026-01-04,5.059,20.26,WorthPoint
allende-meteorite,"Meteorite: Allende CV3 Carbonaceous , Weight 0.444 Grams",30.0,2025-12-30,0.444,67.57,WorthPoint
allende-meteorite,"Meteorite**Allende, CV3 Carbonaceous**7.849 Gram, Extremely Fresh W/CAI'S, ASU!!",156.0,2025-12-29,7.849,19.88,WorthPoint
allende-meteorite,"Meteorite**Allende, CV3 Carbonaceous**0.332 Gram, Extremely Fresh W/CAI'S, ASU!!",18.99,2025-12-24,0.332,57.2,WorthPoint
allende-meteorite,Allende - CV3 Carbonaceous Chondrite - 25.6g - Meteorite Slice,699.0,2025-12-12,25.6,27.3,WorthPoint
allende-meteorite,17g Allende 41x28x3-4mm Meteorite Fragment Cut (CV3)Type Mexico Fractures üëΩ,29.0,2025-12-11,17.0,1.71,WorthPoint
allende-meteorite,".369 Grams Allende 7x6x5mm Meteorite Fragment (CV3) Mexico Fell Feb 8, 1969",12.99,2025-12-08,369.0,0.04,WorthPoint
allende-meteorite,"2 Gram Allende 27x17x3mm Meteorite Fragment (CV3)Type Mexico Feb 8, 1969 Cut",40.0,2025-12-06,2.0,20.0,WorthPoint
allende-meteorite,"Allende Stone, CC, CV3.2 Fell Feb. 8, 1969 Allende, Mexico 2.28 G",45.0,2025-12-04,2.28,19.74,WorthPoint
allende-meteorite,ALLENDE METEORITE 43 Grams - PRICE JUST REDUCED!,800.0,2025-12-01,43.0,18.6,WorthPoint
allende-meteorite,"Meteorite Lot Of 6, Allende-Bilanga-Campo‚ÄîCanyon Diablo-Djoumine-Seymchan",54.95,2025-11-24,,,WorthPoint
allende-meteorite,".298 Grams Allende 10x7x2mm Meteorite Fragment (CV3) Mexico Fell Feb 8, 1969",9.99,2025-11-10,298.0,0.03,WorthPoint
allende-meteorite,".325 Grams Allende 10x7x5mm Meteorite Fragment (CV3) Mexico Fell Feb 8, 1969",9.99,2025-11-08,325.0,0.03,WorthPoint
allende-meteorite,".569 Grams Allende 14x7x5mm Meteorite Fragment (CV3) Mexico Fell Feb 8, 1969",14.99,2025-11-08,569.0,0.03,WorthPoint
allende-meteorite,".420 Grams Allende 10x6x5mm Meteorite Fragment (CV3) Mexico Fell Feb 8, 1969",12.5,2025-11-06,420.0,0.03,WorthPoint
allende-meteorite,Allende Meteorite Fall February 8 1969 CV3 Weight 1.09g,49.95,2025-11-04,1.09,45.83,WorthPoint
allende-meteorite,Allende Meteorite Thin Section I CV3 Carbonaceous Chondrite,99.0,2025-10-11,,,WorthPoint
allende-meteorite,Allende Meteorite ~ Carbonaceous CV3 Crusted Fragment ~ 5.032 Grams ~ Many CAIs,45.0,2025-10-04,5.032,8.94,WorthPoint
allende-meteorite,"ALLENDE Meteorite (2) Pcs. Chihuahua, Mexico #4982",44.0,2025-09-27,,,WorthPoint
allende-meteorite,High Quality! Historic Witnessed Fall! Best Allende Cv3 Meteorite! 16.7 Gms,374.25,2025-09-08,16.7,22.41,WorthPoint
allende-meteorite,".442 Grams Allende 12x9x2mm Meteorite Fragment CV3 Mexico Fell Feb 8, 1969 +COA",13.99,2025-08-26,442.0,0.03,WorthPoint
allende-meteorite,".481 Grams Allende 9x8x3mm Meteorite Fragment (CV3) Mexico Fell Feb 8, 1969 +COA",13.99,2025-08-16,481.0,0.03,WorthPoint
allende-meteorite,".559 Grams Allende 11x8x5mm Meteorite Fragment (CV3) Mexico Fell Feb 8, 1969",16.01,2025-08-16,559.0,0.03,WorthPoint
allende-meteorite,".501 Grams Allende 9x6x5mm Meteorite Fragment (CV3) Mexico Fell Feb 8, 1969",16.51,2025-08-14,501.0,0.03,WorthPoint
allende-meteorite,"5.0 Gr PIECE OF ALLENDE CV3 CABONACEOUS CHONDRITE METEORITE, 1969 OBSERVED FALL",150.0,2025-08-09,5.0,30.0,WorthPoint
allende-meteorite,Mitterling Meteorites March 2001 Meteorite Catalog Allende Sikhote-Alin Zag,6.0,2025-07-15,,,WorthPoint
allende-meteorite,"0.42Gr PIECE OF ALLENDE CV3 CABONACEOUS CHONDRITE METEORITE, 1969 OBSERVED FALL",20.0,2025-07-13,0.42,47.62,WorthPoint
allende-meteorite,Crusted .329 Grams Allende 8x6x5mm Meteorite Fragment (CV3) Mexico Fell Feb 1969,14.5,2025-06-27,329.0,0.04,WorthPoint
allende-meteorite,Crusted .301 Grams Allende 9x8x2mm Meteorite Fragment (CV3) Mexico Fell Feb 1969,21.5,2025-06-23,301.0,0.07,WorthPoint
allende-meteorite,".730 Grams Allende 9x8x6mm Meteorite Fragment (CV3) Mexico Fell Feb 8, 1969 COA",26.02,2025-06-23,730.0,0.04,WorthPoint
allende-meteorite,"Allende Class CV3 Meteorite (Aerolite) Carbonaceous Chondrite, New, Box Unopen",40.0,2025-06-11,,,WorthPoint
allende-meteorite,".535 Grams Allende 12x9x4mm Meteorite Fragment (CV3) Mexico Fell Feb 8, 1969",17.51,2025-06-04,535.0,0.03,WorthPoint
allende-meteorite,".630 Grams Allende 12x10x6mm Meteorite Fragment (CV3) Mexico Fell Feb 8, 1969",47.0,2025-06-01,630.0,0.07,WorthPoint
allende-meteorite,"6.6 Gr PIECE OF ALLENDE CV3 CABONACEOUS CHONDRITE METEORITE, 1969 OBSERVED FALL",150.0,2025-05-28,6.6,22.73,WorthPoint
allende-meteorite,Allende Meteorite ~ Carbonaceous CV3 ~ Crusted End-Cut ~ 19.9 G ~ RARE Feature,930.0,2025-05-15,19.9,46.73,WorthPoint
allende-meteorite,Rare Allende Meteorite Mexico 9.75 Gram 2x2x1 Cm CV3 Carbonaceous Chrondite,325.0,2025-05-11,9.75,33.33,WorthPoint
allende-meteorite,"Allende Meteorite Carbonaceous Chondrite CV3, Famous Fall, Crusted Fragm, 20.9gr",599.99,2025-05-09,20.9,28.71,WorthPoint
allende-meteorite,Meteorite For Sale -Allende- Mexico- Fell 1969- 9 Grams,50.0,2025-04-30,9.0,5.56,WorthPoint
allende-meteorite,"Allende Meteorite Carbonaceous Chondrite CV3, Famous Fall, Mexico, Fragm, 1.7 Gr",42.49,2025-04-20,1.7,24.99,WorthPoint
allende-meteorite,"Allende Stone, CC, CV3.2 Fell Feb. 8, 1969 Allende, Mexico 4.43 G",88.0,2025-04-10,4.43,19.86,WorthPoint
allende-meteorite,Allende ~ Carbonaceous Chondrite CV3 ~ 7.10 Grams End-Cut ~ Interesting Feature!,235.0,2025-04-10,7.1,33.1,WorthPoint
allende-meteorite,"Allende Carbonaceous Chondrite, CV3, 44.38g, Authentic Meteorite, COA, Space",967.2,2025-03-29,44.38,21.79,WorthPoint
allende-meteorite,"Meteorite: Allende CV3 Carbonaceous , Weight 5.431 Grams",275.0,2025-03-29,5.431,50.64,WorthPoint
allende-meteorite,"Allende 3.0 G Stone, CC, CV3.2 Allende, Mexico Fell Feb. 8, 1969 3.24 G Fragment",48.0,2025-03-27,3.0,16.0,WorthPoint
allende-meteorite,"Allende Stone, CC, CV3.2 Allende, Mexico Fell Feb. 8, 1969 Fragment 1.86 G",37.0,2025-03-27,1.86,19.89,WorthPoint
allende-meteorite,Meteorite Allende CV3 12.1 Gm - Complete Individual - Fusion Crust All Around,150.0,2025-03-15,12.1,12.4,WorthPoint
allende-meteorite,".720 Grams Allende 14x9x4mm Meteorite Fragment (CV3) Mexico Fell Feb 8, 1969 COA",19.99,2025-03-11,720.0,0.03,WorthPoint
allende-meteorite,"Crusted Side .746 Grams Allende 9x8x6mm Meteorite (CV3) Mexico Fell Febr 8, 1969",23.99,2025-02-26,746.0,0.03,WorthPoint
allende-meteorite,".350 Grams Allende 9x9x3mm Meteorite (CV3) Mexico Fell Febr. 8, 1969 With A COA",9.99,2025-02-24,350.0,0.03,WorthPoint
allende-meteorite,Allende Meteorite Carbonaceous Chondrite 18 Gram Individual,280.0,2025-02-23,18.0,15.56,WorthPoint
allende-meteorite,"Allende Meteorite, Most Researched, Dated Over 4.5 Billion Years Old",66.0,2025-02-13,,,WorthPoint
allende-meteorite,"Allende Carbonaceous Chondrite Slice, CV3, 16.77g, Authentic Meteorite, COA",314.25,2025-02-12,16.77,18.74,WorthPoint
allende-meteorite,Meteorite Allende CV3 25.5 Gm - Partial Slice Polished - Fusion Crust Two Edges,250.0,2025-02-02,25.5,9.8,WorthPoint
allende-meteorite,"Meteorite: Allende CV3 Carbonaceous , Weight 2.300 Grams",140.0,2025-01-08,2.3,60.87,WorthPoint
allende-meteorite,"Meteorite**Allende, CV3 Carbonaceous**4.414 Gram, Extremely Fresh W/CAI'S, ASU!!",169.99,2025-01-05,4.414,38.51,WorthPoint
allende-meteorite,"Allende CV3 Meteorite Found In Chihuahua, Mexico 1969, 1.51 Gram Fragment",27.0,2025-01-01,1.51,17.88,WorthPoint
allende-meteorite,"Allende CV3 Meteorite Found In Chihuahua, Mexico 1969, 1.99 Gram Fragment",35.0,2025-01-01,1.99,17.59,WorthPoint
allende-meteorite,"Allende Carbonaceous Chondrite Slice, CV3, 16.89g, Authentic Meteorite, COA",337.6,2024-12-25,16.89,19.99,WorthPoint
allende-meteorite,"Allende Stone, CC, CV3.2 Allende, Mexico Fell Feb. 8, 1969 4.06 Grams",81.0,2024-12-12,4.06,19.95,WorthPoint
allende-meteorite,"Meteorite**Allende, CV3 Carbonaceous**1.740 Gram, Extremely Fresh W/CAI'S, ASU!!",17.5,2024-12-09,1.74,10.06,WorthPoint
allende-meteorite,"Meteorite**Allende, CV3 Carbonaceous**6.306 Gram, Extremely Fresh W/CAI'S, ASU!!",86.0,2024-11-28,6.306,13.64,WorthPoint
allende-meteorite,"Allende 0.43g CV3 Carbonaceous Chondrite End Cut With Crust, IMCA Sellers",25.0,2024-11-26,0.43,58.14,WorthPoint
allende-meteorite,"Allende 0.415g CV3 Carbonaceous Chondrite End Cut With Crust, IMCA Sellers",25.0,2024-11-26,0.415,60.24,WorthPoint
allende-meteorite,"Allende 0.48g CV3 Carbonaceous Chondrite End Cut With Crust, IMCA Sellers",25.0,2024-11-21,0.48,52.08,WorthPoint
allende-meteorite,Allende Meteorite End Cut,2700.0,2024-11-20,,,WorthPoint
allende-meteorite,Allende Meteorite 2.5 Gram Slice,50.0,2024-11-19,2.5,20.0,WorthPoint
allende-meteorite,.511 Grams Allende Meteorite ( CV3 ) Fragment In A Glass Top Case With A COA,14.99,2024-11-16,511.0,0.03,WorthPoint
allende-meteorite,.833 Grams Allende Meteorite ( CV3 ) Fragment In A Glass Top Case With A COA,21.99,2024-11-15,833.0,0.03,WorthPoint
allende-meteorite,"Allende 0.53g CV3 Carbonaceous Chondrite End Cut With Crust, IMCA Sellers",26.0,2024-11-14,0.53,49.06,WorthPoint
allende-meteorite,"Meteorite**Allende, CV3 Carbonaceous**4.455 Gram, Extremely Fresh W/CAI'S, ASU!!",142.45,2024-11-14,4.455,31.98,WorthPoint
allende-meteorite,"The Allende Mexico Meteorite Shower Book 1970, From Smthsonian Institution Press",34.0,2024-11-11,,,WorthPoint
allende-meteorite,2.69 Gr PIECE OF ALLENDE CV3 CARBONACEOUS CHONDRITE METEORITE,70.0,2024-11-10,2.69,26.02,WorthPoint
allende-meteorite,.354 Grams Allende Meteorite ( CV3 ) Fragment In A Glass Top Case With A COA,14.7,2024-11-10,354.0,0.04,WorthPoint
allende-meteorite,Allende Meteorite 0.5 Grams,9.95,2024-11-07,0.5,19.9,WorthPoint
allende-meteorite,"Allende 0.605g CV3 Carbonaceous Chondrite End Cut With Crust, IMCA Sellers",29.0,2024-11-07,0.605,47.93,WorthPoint
allende-meteorite,Allende 0.745g CV3 Carbonaceous Chondrite End Cut IMCA Sellers,36.0,2024-11-02,0.745,48.32,WorthPoint
allende-meteorite,"Allende Carbonaceous Chondrite Slice, CV3, 16.63g, Authentic Meteorite, COA",416.0,2024-10-19,16.63,25.02,WorthPoint
allende-meteorite,THE BEST - 10.98 Gram - ALLENDE METEORITE W/crust - CV3 CARBONACEOUS With CAI's,269.5,2024-10-04,10.98,24.54,WorthPoint
allende-meteorite,Allende Meteorite 4.9 Gram Slice,98.0,2024-09-15,4.9,20.0,WorthPoint
allende-meteorite,"Allende Meteorite ( CV3 ) Fragments, Authentic Meteorite, Chondrules, COA, 0.57g",11.99,2024-09-12,0.57,21.04,WorthPoint
allende-meteorite,Nice Thin Slice - 3.68 Gram - ALLENDE METEORITE - CV3 CARBONACEOUS With CAI's,180.0,2024-09-10,3.68,48.91,WorthPoint
allende-meteorite,Allende Meteorite ~ 95% FC ~ Huss Numbers And Signed 'Bill Of Sale' ~ 107 Grams,3950.0,2024-09-10,107.0,36.92,WorthPoint
allende-meteorite,ALLENDE Meteorite Small Specimen Lot Of 17 In Capsules,129.0,2024-09-06,,,WorthPoint
allende-meteorite,Allende Meteorite 1.7 Gram Slice,39.0,2024-08-31,1.7,22.94,WorthPoint
allende-meteorite,"ALLENDE 2.346g CV3 Carbonaceous Meteorite Fragment, Witnessed Fall, IMCA Sellers",135.0,2024-08-30,2.346,57.54,WorthPoint
allende-meteorite,.641 Grams Allende Meteorite ( CV3 ) Fragment In A Glass Top Case With A COA,16.99,2024-08-27,641.0,0.03,WorthPoint
allende-meteorite,THE BEST - 8.63 Gram - ALLENDE METEORITE W/crust - CV3 CARBONACEOUS With CAI's,299.0,2024-08-26,8.63,34.65,WorthPoint
allende-meteorite,"Meteorite**Allende, CV3 Carbonaceous**2.767 Gram, Extremely Fresh W/Fusion Crust",39.0,2024-08-26,2.767,14.09,WorthPoint
allende-meteorite,.390 Grams Allende Meteorite ( CV3 ) Fragment In A Glass Top Case With A COA,10.99,2024-08-24,390.0,0.03,WorthPoint
allende-meteorite,.289 Grams Allende Meteorite ( CV3 ) Fragment In A Glass Top Case With A COA,7.99,2024-08-22,289.0,0.03,WorthPoint
allende-meteorite,.269 Grams Allende Meteorite ( CV3 ) Fragment In A Glass Top Case With A COA,7.99,2024-08-17,269.0,0.03,WorthPoint
allende-meteorite,.456 Grams Allende Meteorite ( CV3 ) Fragment In A Glass Top Case With A COA,13.99,2024-08-16,456.0,0.03,WorthPoint
allende-meteorite,.387 Grams Allende Meteorite ( CV3 ) Fragment In A Glass Top Case With A COA,11.99,2024-08-15,387.0,0.03,WorthPoint
allende-meteorite,THE BEST - 9.83 Gram - ALLENDE METEORITE Slice - CV3 CARBONACEOUS With CAI's,258.75,2024-08-14,9.83,26.32,WorthPoint
allende-meteorite,.821 Grams Allende Meteorite ( CV3 ) Fragment In A Glass Top Case With A COA,19.99,2024-08-11,821.0,0.02,WorthPoint
allende-meteorite,Polished Allende Meteorite Specimen In Gem Jar- Vintage Estate Find,17.5,2024-08-11,,,WorthPoint
allende-meteorite,.272 Grams Allende Meteorite ( CV3 ) Fragment In A Glass Top Case With A COA,8.99,2024-08-09,272.0,0.03,WorthPoint
allende-meteorite,13.06 Gram - ALLENDE - CV3 CARBONACEOUS METEORITE - 1969 Witnessed Fall Mexico,325.0,2024-07-24,13.06,24.89,WorthPoint
allende-meteorite,1.48 Gram Allende Meteorite W/ Fusion Crust (Cv3 Carbonaceous Chondrite) Mexico,84.99,2024-07-21,1.48,57.43,WorthPoint
allende-meteorite,2.98 Gram ALLENDE (CV3 CARBONACEOUS) METEORITE End Cut - 1969 Witnessed Fall,72.0,2024-07-11,2.98,24.16,WorthPoint
allende-meteorite,2.69 Gram ALLENDE (CV3 CARBONACEOUS) METEORITE End Cut - 1969 Witnessed Fall,80.0,2024-07-03,2.69,29.74,WorthPoint
allende-meteorite,Allende Meteorite; Most Researched; Dated More Than 4.6 Billion Years Old,29.0,2024-06-28,,,WorthPoint
allende-meteorite,NICE THIN SLICE - 2.12 Gram - ALLENDE METEORITE - CV3 CARBONACEOUS With CAI's,70.0,2024-06-11,2.12,33.02,WorthPoint
allende-meteorite,"ALLENDE 2.134g CV3 Carbonaceous Meteorite CRUSTED Fragment, Witnessed Fall",145.0,2024-06-11,2.134,67.95,WorthPoint
allende-meteorite,"Allende Carbonaceous Chondrite, CV3, 82.4 Grams",1860.0,2024-06-01,82.4,22.57,WorthPoint
allende-meteorite,THE BEST - 7.98 Gram - ALLENDE METEORITE W/crust - CV3 CARBONACEOUS With CAI's,238.0,2024-06-01,7.98,29.82,WorthPoint
allende-meteorite,NICE THIN SLICE - 1.85 Gram - ALLENDE METEORITE - CV3 CARBONACEOUS With CAI's,55.25,2024-06-01,1.85,29.86,WorthPoint
allende-meteorite,.306 Grams Allende Meteorite ( Carbonaceous Chondrite CV3 ) Fragment With A COA,13.5,2024-05-22,306.0,0.04,WorthPoint
allende-meteorite,NICE THIN SLICE - 1.14 Gram - ALLENDE METEORITE - CV3 CARBONACEOUS With CAI's,34.0,2024-05-15,1.14,29.82,WorthPoint
allende-meteorite,Allende Meteorite,43.75,2024-05-14,,,WorthPoint
allende-meteorite,NICE THIN SLICE - 0.60 Gram - ALLENDE METEORITE - CV3 CARBONACEOUS With CAI's,20.75,2024-04-27,0.6,34.58,WorthPoint
allende-meteorite,NICE THIN SLICE - 1.35 Gram - ALLENDE METEORITE - CV3 CARBONACEOUS With CAI's,39.01,2024-04-27,1.35,28.9,WorthPoint
allende-meteorite,Allende Meteorite Slice,1562.5,2024-04-24,,,WorthPoint
allende-meteorite,7.10 Gr PIECE OF ALLENDE CV3 CARBONACEOUS CHONDRITE METEORITE,195.0,2024-04-23,7.1,27.46,WorthPoint
allende-meteorite,Allende Carbonaceous CV3 Meteorite 2.59 Grams Fragments~ Exceptional Historic!,20.5,2024-04-22,2.59,7.92,WorthPoint
allende-meteorite,AWESOME CHONDRULE - 2.70 Gram - ALLENDE METEORITE - CV3 CARBONACEOUS With CAI's,99.0,2024-04-21,2.7,36.67,WorthPoint
allende-meteorite,NICE THIN SLICE - 0.94 Gram - ALLENDE METEORITE - CV3 CARBONACEOUS With CAI's,39.0,2024-04-04,0.94,41.49,WorthPoint
allende-meteorite,Allende Carbonaceous CV3 Meteorite ~ 44.07 Grams ~ Individual ~ Exceptional,1300.0,2024-04-01,44.07,29.5,WorthPoint
allende-meteorite,Allende Meteorite ~ Carbonaceous CV3 ~ 0.073 ~ Nice Features!,5.0,2024-03-29,,,WorthPoint
allende-meteorite,HUGE CAI/Chondrule - 4.59 Gram - ALLENDE METEORITE - CV3 CARBONACEOUS With CAI's,124.64,2024-03-24,4.59,27.15,WorthPoint
allende-meteorite,16.8 Gram - ALLENDE METEORITE - CV3 CARBONACEOUS With CAI's - PERFECT THIN SLICE,424.15,2024-03-22,16.8,25.25,WorthPoint
allende-meteorite,HUGE CAI/Chondrule - 5.49 Gram - ALLENDE METEORITE - CV3 CARBONACEOUS With CAI's,162.0,2024-03-12,5.49,29.51,WorthPoint
allende-meteorite,Crusted .758 Grams Allende Meteorite ( Carbonaceous Chondrite CV3 ) Fragment COA,17.99,2024-03-11,758.0,0.02,WorthPoint
allende-meteorite,"Allende! Witnessed Fall, Carbonaceous Chondrite Meteorite 20.9g Crusted Slice!",375.0,2024-03-11,20.9,17.94,WorthPoint
allende-meteorite,NICE THIN SLICE - 0.28 Gram - ALLENDE METEORITE - CV3 CARBONACEOUS With CAI's,25.0,2024-03-08,0.28,89.29,WorthPoint
allende-meteorite,.501 Grams Allende Meteorite ( Carbonaceous Chondrite CV3 ) Fragment With A COA,11.99,2024-03-08,501.0,0.02,WorthPoint
allende-meteorite,.417 Grams Allende Meteorite ( Carbonaceous Chondrite CV3 ) Fragment With A COA,9.99,2024-03-05,417.0,0.02,WorthPoint
allende-meteorite,.442 Grams Allende Meteorite ( Carbonaceous Chondrite CV3 ) Fragment With A COA,9.99,2024-03-03,442.0,0.02,WorthPoint
allende-meteorite,5.95 Gram - ALLENDE METEORITE - CV3 CARBONACEOUS With CAI's - 1969 MEXICO FALL,134.1,2024-03-02,5.95,22.54,WorthPoint
allende-meteorite,5.16 Gram - ALLENDE METEORITE - CV3 CARBONACEOUS With CAI's And Fusion Crust,148.5,2024-02-27,5.16,28.78,WorthPoint
allende-meteorite,"Meteorite**Allende,CV3 Carb.**5.441 Gram,Extremely Fresh Fragment,Old Collection",147.5,2024-02-26,5.441,27.11,WorthPoint
allende-meteorite,"Allende Carbonaceous Chondrite, CV3, 0.24, Authentic Meteorite, COA, Space",20.0,2024-02-25,,,WorthPoint
allende-meteorite,1.85 Gram - ALLENDE METEORITE - CV3 CARBONACEOUS With CAI's - 1969 MEXICO FALL,54.0,2024-02-24,1.85,29.19,WorthPoint
allende-meteorite,3.06 Gram - ALLENDE METEORITE - CV3 CARBONACEOUS With CAI's And Fusion Crust,81.0,2024-02-23,3.06,26.47,WorthPoint
allende-meteorite,4.95 Gr PIECE OF ALLENDE CV3 CARBONACEOUS CHONDRITE METEORITE,135.0,2024-02-19,4.95,27.27,WorthPoint
allende-meteorite,"Meteorite**Allende,CV3 Carb.**1.404 Gram,Extremely Fresh Fragment,Old Collection",36.0,2024-02-19,1.404,25.64,WorthPoint
allende-meteorite,0.48 Gram - ALLENDE - CV3 CARBONACEOUS METEORITE - 1969 Witnessed Fall Mexico,19.0,2024-02-16,0.48,39.58,WorthPoint
allende-meteorite,.514 Grams Allende Meteorite ( Carbonaceous Chondrite CV3 ) Fragment With A COA,11.99,2024-02-16,514.0,0.02,WorthPoint
allende-meteorite,.247 Grams Allende Meteorite ( Carbonaceous Chondrite CV3 ) Fragment With A COA,7.99,2024-02-16,247.0,0.03,WorthPoint
allende-meteorite,.329 Grams Allende Meteorite ( Carbonaceous Chondrite CV3 ) Fragment With A COA,9.99,2024-02-16,329.0,0.03,WorthPoint
allende-meteorite,1.26 Gram - ALLENDE - CV3 CARBONACEOUS METEORITE - 1969 Witnessed Fall Mexico,38.0,2024-02-16,1.26,30.16,WorthPoint
allende-meteorite,3.07 Gram - ALLENDE - CV3 CARBONACEOUS METEORITE - 1969 Witnessed Fall Mexico,92.0,2024-02-16,3.07,29.97,WorthPoint
allende-meteorite,"Allende Carbonaceous Chondrite, CV3, 0.35, Authentic Meteorite, COA, Space",20.0,2024-02-15,,,WorthPoint
allende-meteorite,6.36 Gram - ALLENDE - CV3 CARBONACEOUS METEORITE - 1969 Witnessed Fall Mexico,190.0,2024-02-13,6.36,29.87,WorthPoint
allende-meteorite,0.95 Gram - ALLENDE - CV3 CARBONACEOUS METEORITE - 1969 Witnessed Fall Mexico,30.0,2024-02-11,0.95,31.58,WorthPoint
allende-meteorite,1.46 Gram - ALLENDE - CV3 CARBONACEOUS METEORITE - 1969 Witnessed Fall Mexico,45.0,2024-02-10,1.46,30.82,WorthPoint
allende-meteorite,.294 Grams Allende Meteorite ( Carbonaceous Chondrite CV3 ) Fragment With A COA,8.99,2024-02-10,294.0,0.03,WorthPoint
allende-meteorite,"Allende Carbonaceous Chondrite, CV3, 0.41, Authentic Meteorite, COA, Space",22.0,2024-02-09,,,WorthPoint
allende-meteorite,ALLENDE CV3 CARBONACEOUS CHONDRITE METEORITE King Collection,5.0,2024-02-08,,,WorthPoint
allende-meteorite,"Allende Carbonaceous Chondrite, CV3, 5.85 Grams, Authentic Meteorite, COA, Space",139.0,2024-02-05,5.85,23.76,WorthPoint
allende-meteorite,6.58 Gram - ALLENDE - CV3 CARBONACEOUS METEORITE - 1969 Witnessed Fall Mexico,200.0,2024-02-02,6.58,30.4,WorthPoint
allende-meteorite,0.87 Gram - ALLENDE - CV3 CARBONACEOUS METEORITE - 1969 Witnessed Fall Mexico,28.0,2024-01-29,0.87,32.18,WorthPoint
allende-meteorite,"Mexico 2016 Libertad ""OUNCE OF SPACE-ALLENDE METEORITE"" 1 Oz .999 Silver",103.98,2024-01-26,28.35,3.67,WorthPoint
allende-meteorite,"Allende Carbonaceous Chondrite, CV3, 2.59g, Authentic Meteorite, COA, Space",52.0,2024-01-22,2.59,20.08,WorthPoint
allende-meteorite,Allende Meteorite 16.53g With Fusion Crust ELKK Specimen 90% Fusion Crust,265.0,2024-01-18,16.53,16.03,WorthPoint
allende-meteorite,"Allende Carbonaceous Chondrite, CV3, 8.34 Grams, Authentic Meteorite, COA, Space",199.0,2024-01-14,8.34,23.86,WorthPoint
allende-meteorite,Allende CV3 4.24g Fusion Crusted Carbonaceous Meteorite 'Pea',125.0,2024-01-06,4.24,29.48,WorthPoint
allende-meteorite,"Allende Carbonaceous Chondrite, CV3, 44.07 Grams, Authentic Meteorite, COA",999.0,2024-01-01,44.07,22.67,WorthPoint
allende-meteorite,1.46 G CRUSTED ALLENDE METEORITE W/CAI's - CARBONACEOUS (CV3) 1969 Mexico Fall,43.5,2024-01-01,1.46,29.79,WorthPoint
allende-meteorite,0.56 G CRUSTED ALLENDE METEORITE W/CAI's - CARBONACEOUS (CV3) 1969 Mexico Fall,17.5,2023-12-30,0.56,31.25,WorthPoint
allende-meteorite,1.13 G CRUSTED ALLENDE METEORITE W/CAI's - CARBONACEOUS (CV3) 1969 Mexico Fall,40.68,2023-12-21,1.13,36.0,WorthPoint
allende-meteorite,0.65 G CRUSTED ALLENDE METEORITE W/CAI's - CARBONACEOUS (CV3) 1969 Mexico Fall,24.0,2023-12-21,0.65,36.92,WorthPoint
allende-meteorite,2.11 G CRUSTED ALLENDE METEORITE W/CAI's - CARBONACEOUS (CV3) 1969 Mexico Fall,51.0,2023-12-21,2.11,24.17,WorthPoint
allende-meteorite,1.23 G CRUSTED ALLENDE METEORITE W/CAI's - CARBONACEOUS (CV3) 1969 Mexico Fall,39.6,2023-12-21,1.23,32.2,WorthPoint
allende-meteorite,5.85 G CRUSTED ALLENDE METEORITE W/CAI's - CARBONACEOUS (CV3) 1969 Mexico Fall,122.4,2023-12-21,5.85,20.92,WorthPoint
allende-meteorite,0.96 G CRUSTED ALLENDE METEORITE W/CAI's - CARBONACEOUS (CV3) 1969 Mexico Fall,34.56,2023-12-21,0.96,36.0,WorthPoint
allende-meteorite,0.87 G CRUSTED ALLENDE METEORITE W/CAI's - CARBONACEOUS (CV3) 1969 Mexico Fall,31.8,2023-12-21,0.87,36.55,WorthPoint
allende-meteorite,1.39 G CRUSTED ALLENDE METEORITE W/CAI's - CARBONACEOUS (CV3) 1969 Mexico Fall,49.8,2023-12-21,1.39,35.83,WorthPoint
allende-meteorite,.278 Grams Allende Meteorite ( Carbonaceous Chondrite CV3 ) Fragment With A COA,8.99,2023-12-15,278.0,0.03,WorthPoint
allende-meteorite,Large Allende Meteorite 207 Grams,5999.0,2023-12-14,207.0,28.98,WorthPoint
allende-meteorite,3.75 G CRUSTED ALLENDE METEORITE W/CAI's - CARBONACEOUS (CV3) 1969 Mexico Fall,78.0,2023-12-11,3.75,20.8,WorthPoint
allende-meteorite,0.54 G CRUSTED ALLENDE METEORITE W/CAI's - CARBONACEOUS (CV3) 1969 Mexico Fall,21.0,2023-12-08,0.54,38.89,WorthPoint
allende-meteorite,"Allende Carbonaceous Chondrite, CV3, 0.53 Grams, Authentic Meteorite, COA, Space",20.0,2023-12-07,0.53,37.74,WorthPoint
allende-meteorite,6.87 G CRUSTED ALLENDE METEORITE W/CAI's - CARBONACEOUS (CV3) 1969 Mexico Fall,135.6,2023-12-06,6.87,19.74,WorthPoint
allende-meteorite,"Allende Carbonaceous Chondrite, CV3, 11.70g, Authentic Meteorite, COA, Space",293.0,2023-12-04,11.7,25.04,WorthPoint
allende-meteorite,2016 Libertad Allende Meteorite 1 Oz Silver Coin,99.99,2023-12-01,28.35,3.53,WorthPoint
allende-meteorite,1.20 G CRUSTED ALLENDE METEORITE W/CAI's - CARBONACEOUS (CV3) 1969 Mexico Fall,32.4,2023-12-01,1.2,27.0,WorthPoint
allende-meteorite,12.87 Gram ALLENDE METEORITE -1969 MEXICO FALL - CARBONACEOUS (CV3) With CAI's,233.4,2023-12-01,12.87,18.14,WorthPoint
allende-meteorite,1.87 G CRUSTED ALLENDE METEORITE W/CAI's - CARBONACEOUS (CV3) 1969 Mexico Fall,35.96,2023-11-25,1.87,19.23,WorthPoint
allende-meteorite,"Allende Carbonaceous Chondrite, CV3, 8.82g, Authentic Meteorite, COA, Space",202.0,2023-11-24,8.82,22.9,WorthPoint
allende-meteorite,4.95 G CRUSTED ALLENDE METEORITE W/CAI's - CARBONACEOUS (CV3) 1969 Mexico Fall,88.8,2023-11-22,4.95,17.94,WorthPoint
allende-meteorite,"Allende Carbonaceous Chondrite, CV3, 2.61 Grams, Authentic Meteorite, COA, Space",65.0,2023-11-20,2.61,24.9,WorthPoint
allende-meteorite,9.79 G ALLENDE METEORITE Endcut 1969 MEXICO FALL - CARBONACEOUS (CV3) With CAI's,180.0,2023-11-17,9.79,18.39,WorthPoint
allende-meteorite,0.47 G CRUSTED ALLENDE METEORITE W/CAI's - CARBONACEOUS (CV3) 1969 Mexico Fall,18.0,2023-11-11,0.47,38.3,WorthPoint
allende-meteorite,"Allende Carbonaceous Chondrite, CV3, 9.26g, Authentic Meteorite, COA, Space",232.0,2023-11-07,9.26,25.05,WorthPoint
allende-meteorite,7.59 G CRUSTED ALLENDE METEORITE W/CAI's - CARBONACEOUS (CV3) 1969 Mexico Fall,162.5,2023-11-02,7.59,21.41,WorthPoint
allende-meteorite,"Allende Carbonaceous Chondrite, CV3, 0.85 Grams, Authentic Meteorite, COA, Space",28.0,2023-10-29,0.85,32.94,WorthPoint
allende-meteorite,"Allende Carbonaceous Chondrite, CV3, 13.76g, Authentic Meteorite, COA, Space",344.0,2023-10-29,13.76,25.0,WorthPoint
allende-meteorite,"Allende Carbonaceous Chondrite, CV3, 9.48 Grams, Authentic Meteorite, COA, Space",237.0,2023-10-29,9.48,25.0,WorthPoint
allende-meteorite,4.41 G CRUSTED ALLENDE METEORITE W/CAI's - CARBONACEOUS (CV3) 1969 Mexico Fall,99.45,2023-10-28,4.41,22.55,WorthPoint
allende-meteorite,4.49 G CRUSTED ALLENDE METEORITE W/CAI's - CARBONACEOUS (CV3) 1969 Mexico Fall,88.8,2023-10-26,4.49,19.78,WorthPoint
allende-meteorite,"Allende Carbonaceous Chondrite, CV3, 1.95g, Authentic Meteorite, COA, Space",55.0,2023-10-25,1.95,28.21,WorthPoint
allende-meteorite,1.16 Grams Allende Meteorite (CV3) Cut Fragment Fell Feb 8 1969 With Dealer Card,19.99,2023-10-24,1.16,17.23,WorthPoint
allende-meteorite,ALLENDE COMBO ~ Carbonaceous CV3 Meteorite ~ 1 AOA Inclusion And 2 Chondrules,19.0,2023-10-18,,,WorthPoint
allende-meteorite,.398 Grams Allende Meteorite ( Carbonaceous Chondrite CV3 ) Fragment With A COA,9.99,2023-10-10,398.0,0.03,WorthPoint
allende-meteorite,2.12 G CRUSTED ALLENDE METEORITE W/CAI's - CARBONACEOUS (CV3) 1969 Mexico Fall,55.25,2023-09-23,2.12,26.06,WorthPoint
allende-meteorite,7.94 G CRUSTED ALLENDE METEORITE W/CAI's - CARBONACEOUS (CV3) 1969 Mexico Fall,183.4,2023-09-19,7.94,23.1,WorthPoint
allende-meteorite,Allende Meteorite ~ Carbonaceous Chondrite CV3 ~ Total 4.086 Grams,56.0,2023-09-02,4.086,13.71,WorthPoint
allende-meteorite,0.44 G CRUSTED ALLENDE METEORITE W/CAI's - CARBONACEOUS (CV3) 1969 Mexico Fall,18.2,2023-08-25,0.44,41.36,WorthPoint
allende-meteorite,5.73 G CRUSTED ALLENDE METEORITE W/CAI's - CARBONACEOUS (CV3) 1969 Mexico Fall,112.45,2023-08-24,5.73,19.62,WorthPoint
allende-meteorite,0.38 G CRUSTED ALLENDE METEORITE W/CAI's - CARBONACEOUS (CV3) 1969 Mexico Fall,19.76,2023-08-17,0.38,52.0,WorthPoint
allende-meteorite,4.38 G CRUSTED ALLENDE METEORITE Dust/crumbs CARBONACEOUS (CV3) 1969 Mexico Fall,50.0,2023-08-16,4.38,11.42,WorthPoint
allende-meteorite,10.42 G CRUSTED ALLENDE METEORITE W/CAI's - CARBONACEOUS (CV3) 1969 Mexico Fall,224.25,2023-08-16,10.42,21.52,WorthPoint
allende-meteorite,2.36 Gram - ALLENDE METEORITE Specimen - 1969 MEXICO FALL CARBONACEOUS (CV3),45.5,2023-08-10,2.36,19.28,WorthPoint
allende-meteorite,Awesome 1.23 Gram - ALLENDE METEORITE - 1969 MEXICO FALL CARBONACEOUS (CV3),24.05,2023-08-10,1.23,19.55,WorthPoint
allende-meteorite,1.17 Gram - ALLENDE METEORITE Specimen - 1969 MEXICO FALL CARBONACEOUS (CV3),22.75,2023-08-09,1.17,19.44,WorthPoint
allende-meteorite,NICE 0.56 Gram ALLENDE METEORITE - 1969 MEXICO WITNESSED FALL CARBONACEOUS (CV3),16.25,2023-08-09,0.56,29.02,WorthPoint
allende-meteorite,1.10 Gram - ALLENDE METEORITE Specimen - 1969 MEXICO FALL CARBONACEOUS (CV3),22.75,2023-08-09,1.1,20.68,WorthPoint
allende-meteorite,Press Photo Allende Meteorite On Display At The Museum Of Science - Lra57888,16.88,2023-07-18,,,WorthPoint
allende-meteorite,5.0g ALLENDE METEORITE Specimen- CV3 Carbonaceous Chondrite,95.0,2023-07-17,5.0,19.0,WorthPoint
allende-meteorite,Allende CV3 4.89g Fusion Crusted Carbonaceous Meteorite 'Pea',147.0,2023-07-15,4.89,30.06,WorthPoint
allende-meteorite,14.44 G ALLENDE METEORITE Specimen- 1969 CV3 Carbonaceous Witnessed Fall Mexico,475.0,2023-07-03,14.44,32.89,WorthPoint
allende-meteorite,55.0 Grams - ALLENDE (CV3 Carbonaceous) Meteorite - 1969 Witnessed Fall W/CAI's,2200.0,2023-07-03,55.0,40.0,WorthPoint
allende-meteorite,Allende CV3 4.06g Fusion Crusted Carbonaceous Meteorite 'Pea',163.0,2023-07-01,4.06,40.15,WorthPoint
allende-meteorite,Allende CV3 4.13g Fusion Crusted Carbonaceous Meteorite 'Pea',166.0,2023-06-25,4.13,40.19,WorthPoint
allende-meteorite,86.8 Grams - ALLENDE (CV3 Carbonaceous) Meteorite - 1969 Witnessed Fall W/CAI's,1950.0,2023-06-23,86.8,22.47,WorthPoint
allende-meteorite,0.665 Gr PIECE OF ALLENDE CV3 CARBONACEOUS CHONDRITE METEORITE,20.0,2023-06-11,0.665,30.08,WorthPoint
allende-meteorite,"Meteorite, Allende, 16.8g CV3 Carbonaceous Chondrite",275.0,2023-06-05,16.8,16.37,WorthPoint
allende-meteorite,3.24 Gr PIECE OF ALLENDE CV3 CARBONACEOUS CHONDRITE METEORITE,85.0,2023-06-02,3.24,26.23,WorthPoint
allende-meteorite,5.868 Gr PIECE OF ALLENDE CV3 CARBONACEOUS CHONDRITE METEORITE,150.0,2023-06-02,5.868,25.56,WorthPoint
allende-meteorite,Allende Meteorite Fragments 0.42g,16.5,2023-05-30,0.42,39.29,WorthPoint
allende-meteorite,.300 Grams Allende Meteorite 7mm Fragment In A Plastic Display Case With COA,5.99,2023-05-26,300.0,0.02,WorthPoint
allende-meteorite,"Allende Carbonaceous Meteorite. Three Pieces, Each 1/4 Inch.",5.0,2023-05-26,,,WorthPoint
allende-meteorite,33.58 G ALLENDE METEORITE Specimen- 1969 CV3 Carbonaceous Witnessed Fall Mexico,656.5,2023-05-16,33.58,19.55,WorthPoint
allende-meteorite,Allende Meteorite Slice! 23.5g!,318.35,2023-05-14,23.5,13.55,WorthPoint
allende-meteorite,Allende Meteorite: Contains Micro-Diamonds From An Exploding Sun! 2.0 Grams,41.0,2023-05-10,2.0,20.5,WorthPoint
allende-meteorite,"Meteorite, Allende, 16.53g With Fusion Crust",217.5,2023-05-07,16.53,13.16,WorthPoint
allende-meteorite,Allende CV3 Meteorite 1.58g Mr Meteorite Collection Fusion Crusted Fragment,45.0,2023-04-08,1.58,28.48,WorthPoint
allende-meteorite,Valle De Allende Meteorite Thin Section With 2 Gram Specimen.,45.0,2023-04-08,2.0,22.5,WorthPoint
allende-meteorite,ALLENDE - CARBONACEOUS CV3 - HISTORIC WITNESSED FALL - METEORITE - Mexico 1969,34.0,2023-03-29,,,WorthPoint
allende-meteorite,10.5 G ALLENDE METEORITE Specimen- 1969 CV3 Carbonaceous Witnessed Fall Mexico,242.2,2023-03-23,10.5,23.07,WorthPoint
allende-meteorite,11.3 Gram ALLENDE METEORITE - Mexico 1969 CV3 Aerolite Carbonaceous Chondrite!,320.0,2023-03-13,11.3,28.32,WorthPoint
allende-meteorite,.251 Grams Allende Meteorite 8mm Fragment In A Plastic Display Case With COA,6.5,2023-03-06,251.0,0.03,WorthPoint
allende-meteorite,.401 Grams Allende Meteorite 6mm Fragment In A Plastic Display Case With COA,11.5,2023-03-03,401.0,0.03,WorthPoint
allende-meteorite,8.33 G ALLENDE METEORITE Specimen- 1969 CV3 Carbonaceous Witnessed Fall Mexico,300.0,2023-03-01,8.33,36.01,WorthPoint
allende-meteorite,.221 Grams Allende Meteorite 6mm Fragment In A Plastic Display Case With COA,10.5,2023-02-27,221.0,0.05,WorthPoint
allende-meteorite,4.0 Gram ALLENDE METEORITE Specimen- 1969 CV3 Carbonaceous Witnessed Fall Mexico,120.0,2023-02-25,4.0,30.0,WorthPoint
allende-meteorite,6.0 Gram ALLENDE METEORITE - Mexico 1969 CV3 Aerolite Carbonaceous Chondrite!,139.99,2023-02-24,6.0,23.33,WorthPoint
allende-meteorite,.278 Grams Allende Meteorite 7mm Fragment In A Plastic Display Case With COA,5.5,2023-02-22,278.0,0.02,WorthPoint
allende-meteorite,Allende CV3 Meteorite 7.77g Elbert King Collection Fusion Crusted Fragment,228.0,2023-02-17,7.77,29.34,WorthPoint
allende-meteorite,Allende CV3 Meteorite 1.3g Fusion Crusted Elbert King Collection Slice,42.0,2023-02-11,1.3,32.31,WorthPoint
allende-meteorite,3.97 Gram ALLENDE METEORITE Specimen 1969 CV3 Carbonaceous Witnessed Fall Mexico,98.0,2023-02-02,3.97,24.69,WorthPoint
allende-meteorite,Unique Item! Historic Allende Cv3 Meteorite Cutting Dust! 23.2 Gms,446.25,2023-01-20,23.2,19.23,WorthPoint
allende-meteorite,6.45 G ALLENDE METEORITE Specimen- 1969 CV3 Carbonaceous Witnessed Fall Mexico,136.5,2023-01-08,6.45,21.16,WorthPoint
allende-meteorite,Allende - Observed Fall 1969 - Carbonaceous CV3 Meteorite - ALN-0035 - COA/RARE,5.5,2023-01-08,,,WorthPoint
allende-meteorite,5.308 Gr PIECE OF ALLENDE CV3 CARBONACEOUS CHONDRITE METEORITE,135.0,2023-01-05,5.308,25.43,WorthPoint
allende-meteorite,0.97 G ALLENDE METEORITE Specimen- 1969 CV3 Carbonaceous Witnessed Fall Mexico,28.0,2023-01-02,0.97,28.87,WorthPoint
allende-meteorite,8.9 G ALLENDE METEORITE Specimen- 1969 CV3 Carbonaceous Witnessed Fall Mexico,224.0,2022-12-22,8.9,25.17,WorthPoint
allende-meteorite,10.16 G ALLENDE METEORITE Specimen- 1969 CV3 Carbonaceous Witnessed Fall Mexico,242.2,2022-12-15,10.16,23.84,WorthPoint
allende-meteorite,36.9 G ALLENDE METEORITE Specimen- 1969 CV3 Carbonaceous Witnessed Fall Mexico,777.0,2022-12-15,36.9,21.06,WorthPoint
allende-meteorite,23.97g ALLENDE METEORITE Specimen- 1969 CV3 Carbonaceous Witnessed Fall Mexico,553.0,2022-12-15,23.97,23.07,WorthPoint
allende-meteorite,21.2 G ALLENDE METEORITE Specimen- 1969 CV3 Carbonaceous Witnessed Fall Mexico,490.0,2022-12-15,21.2,23.11,WorthPoint
allende-meteorite,20.0 G ALLENDE METEORITE Specimen- 1969 CV3 Carbonaceous Witnessed Fall Mexico,508.2,2022-12-15,20.0,25.41,WorthPoint
allende-meteorite,14.05 G ALLENDE METEORITE Specimen- 1969 CV3 Carbonaceous Witnessed Fall Mexico,325.5,2022-12-15,14.05,23.17,WorthPoint
allende-meteorite,12.17 G ALLENDE METEORITE Specimen- 1969 CV3 Carbonaceous Witnessed Fall Mexico,279.3,2022-12-15,12.17,22.95,WorthPoint
allende-meteorite,27.9 G ALLENDE METEORITE Specimen- 1969 CV3 Carbonaceous Witnessed Fall Mexico,588.0,2022-12-15,27.9,21.08,WorthPoint
allende-meteorite,0.90 G ALLENDE METEORITE Specimen- 1969 CV3 Carbonaceous Witnessed Fall Mexico,25.2,2022-12-14,0.9,28.0,WorthPoint
allende-meteorite,Allende CV3 Carbonaceous Chondrite Meteorite Chihuahua Mexico 2.35 Grams,35.25,2022-12-14,2.35,15.0,WorthPoint
allende-meteorite,2.58 G ALLENDE METEORITE Specimen- 1969 CV3 Carbonaceous Witnessed Fall Mexico,54.18,2022-12-13,2.58,21.0,WorthPoint
allende-meteorite,"Allende. 13.8g CV3 Carbonaceous Chondrite, Witnessed Meteorite Fall, Full Slice",362.0,2022-12-05,13.8,26.23,WorthPoint
allende-meteorite,44.4 G ALLENDE METEORITE Specimen- 1969 CV3 Carbonaceous Witnessed Fall Mexico,1080.0,2022-12-01,44.4,24.32,WorthPoint
allende-meteorite,Allende Meteorite - 13.4 Grams,190.0,2022-11-27,13.4,14.18,WorthPoint
allende-meteorite,1.87 Gram ALLENDE METEORITE Specimen 1969 CV3 Carbonaceous Witnessed Fall Mexico,70.0,2022-11-24,1.87,37.43,WorthPoint
allende-meteorite,3.20 G ALLENDE METEORITE Specimen- 1969 CV3 Carbonaceous Witnessed Fall Mexico,76.8,2022-11-20,3.2,24.0,WorthPoint
allende-meteorite,.305 Grams Allende Meteorite 9mm Fragment In A Plastic Display Case With COA,5.99,2022-11-20,305.0,0.02,WorthPoint
allende-meteorite,.476 Grams Allende Meteorite 9mm Fragment In A Plastic Display Case With COA,8.99,2022-11-18,476.0,0.02,WorthPoint
allende-meteorite,1.07 Grams Allende Meteorite 13x12x4mm Fragment In A Plastic Display Case W/ COA,18.99,2022-11-17,1.07,17.75,WorthPoint
allende-meteorite,.301 Grams Allende Meteorite 9mm Fragment In A Plastic Display Case With COA,5.99,2022-11-17,301.0,0.02,WorthPoint
allende-meteorite,2.20 G ALLENDE METEORITE Specimen- 1969 CV3 Carbonaceous Witnessed Fall Mexico,52.8,2022-11-17,2.2,24.0,WorthPoint
allende-meteorite,0.38 G ALLENDE METEORITE Specimen- 1969 CV3 Carbonaceous Witnessed Fall Mexico,15.2,2022-11-07,0.38,40.0,WorthPoint
allende-meteorite,3.84 G ALLENDE METEORITE Specimen- 1969 CV3 Carbonaceous Witnessed Fall Mexico,124.0,2022-10-30,3.84,32.29,WorthPoint
allende-meteorite,1.83 G ALLENDE METEORITE Specimen- 1969 CV3 Carbonaceous Witnessed Fall Mexico,36.0,2022-10-14,1.83,19.67,WorthPoint
allende-meteorite,3.38 G ALLENDE METEORITE Specimen- 1969 CV3 Carbonaceous Witnessed Fall Mexico,112.0,2022-10-10,3.38,33.14,WorthPoint
allende-meteorite,1.92 G ALLENDE METEORITE Specimen- 1969 CV3 Carbonaceous Witnessed Fall Mexico,43.5,2022-10-06,1.92,22.66,WorthPoint
allende-meteorite,34 Gm ALLENDE Carbonaceous Chondrite Meteorite Slice - 1969 Fall - 5 Mm Thick.,610.0,2022-10-03,34.0,17.94,WorthPoint
allende-meteorite,1.99 G ALLENDE METEORITE Specimen- 1969 CV3 Carbonaceous Witnessed Fall Mexico,45.0,2022-10-03,1.99,22.61,WorthPoint
allende-meteorite,9.73 G ALLENDE METEORITE Specimen- 1969 CV3 Carbonaceous Witnessed Fall Mexico,340.0,2022-10-01,9.73,34.94,WorthPoint
allende-meteorite,.481 Grams Allende Meteorite 9mm Fragment In A Glass Top Display Case With COA,11.99,2022-09-23,481.0,0.02,WorthPoint
allende-meteorite,0.70 G ALLENDE METEORITE Specimen- 1969 CV3 Carbonaceous Witnessed Fall Mexico,24.0,2022-09-12,0.7,34.29,WorthPoint
allende-meteorite,1.68 G ALLENDE METEORITE Specimen- 1969 CV3 Carbonaceous Witnessed Fall Mexico,40.8,2022-08-31,1.68,24.29,WorthPoint
allende-meteorite,3.28 G ALLENDE METEORITE Specimen- 1969 CV3 Carbonaceous Witnessed Fall Mexico,78.4,2022-08-30,3.28,23.9,WorthPoint
allende-meteorite,6.12 G ALLENDE METEORITE Specimen- 1969 CV3 Carbonaceous Witnessed Fall Mexico,146.4,2022-08-29,6.12,23.92,WorthPoint
allende-meteorite,3.39 G ALLENDE METEORITE Specimen- 1969 CV3 Carbonaceous Witnessed Fall Mexico,80.8,2022-08-22,3.39,23.83,WorthPoint
allende-meteorite,2.55 G ALLENDE METEORITE Specimen- 1969 CV3 Carbonaceous Witnessed Fall Mexico,60.8,2022-08-22,2.55,23.84,WorthPoint
allende-meteorite,0.74 G ALLENDE METEORITE Specimen- 1969 CV3 Carbonaceous Witnessed Fall Mexico,23.2,2022-08-22,0.74,31.35,WorthPoint
allende-meteorite,0.67 G ALLENDE METEORITE Specimen- 1969 CV3 Carbonaceous Witnessed Fall Mexico,24.0,2022-08-22,0.67,35.82,WorthPoint
allende-meteorite,.240 Grams Allende Meteorite 6mm Fragment In A Plastic Display Case With COA,6.99,2022-08-21,240.0,0.03,WorthPoint
allende-meteorite,13.5 G ALLENDE METEORITE Crusted - 1969 CV3 Carbonaceous Witnessed Fall Mexico,312.0,2022-08-17,13.5,23.11,WorthPoint
allende-meteorite,1.13 G ALLENDE METEORITE Specimen- 1969 CV3 Carbonaceous Witnessed Fall Mexico,31.2,2022-08-17,1.13,27.61,WorthPoint
allende-meteorite,.241 Grams Allende Meteorite 9mm Fragment In A Plastic Display Case With COA,6.99,2022-08-16,241.0,0.03,WorthPoint
allende-meteorite,8.56 Gram Allende Meteorite Very Nice Fresh Endcut,180.0,2022-08-04,8.56,21.03,WorthPoint
allende-meteorite,1.56 G ALLENDE METEORITE Specimen- 1969 CV3 Carbonaceous Witnessed Fall Mexico,37.6,2022-08-04,1.56,24.1,WorthPoint
allende-meteorite,3.29 G ALLENDE METEORITE Specimen- 1969 CV3 Carbonaceous Witnessed Fall Mexico,98.0,2022-08-03,3.29,29.79,WorthPoint
allende-meteorite,1.10 G ALLENDE METEORITE Specimen- 1969 CV3 Carbonaceous Witnessed Fall Mexico,32.0,2022-08-03,1.1,29.09,WorthPoint
allende-meteorite,1.24 G ALLENDE METEORITE Specimen- 1969 CV3 Carbonaceous Witnessed Fall Mexico,37.0,2022-07-27,1.24,29.84,WorthPoint
allende-meteorite,2.36 G ALLENDE METEORITE Specimen- 1969 CV3 Carbonaceous Witnessed Fall Mexico,70.0,2022-07-27,2.36,29.66,WorthPoint
allende-meteorite,1.80 G ALLENDE METEORITE Specimen- 1969 CV3 Carbonaceous Witnessed Fall Mexico,55.0,2022-07-27,1.8,30.56,WorthPoint
allende-meteorite,8.43 G ALLENDE METEORITE Crusted - 1969 CV3 Carbonaceous Witnessed Fall Mexico,260.0,2022-07-17,8.43,30.84,WorthPoint
allende-meteorite,.512 Grams Allende Meteorite 10mm Fragment In A Glass Top Display Case With COA,10.99,2022-07-16,512.0,0.02,WorthPoint
allende-meteorite,.318 Grams Allende Meteorite 8mm Fragment In A Glass Top Display Case With COA,8.5,2022-07-16,318.0,0.03,WorthPoint
allende-meteorite,.181 Grams Allende Meteorite 8mm Fragment In A Glass Top Display Case With COA,5.5,2022-07-16,181.0,0.03,WorthPoint
allende-meteorite,.441 Grams Allende Meteorite 10mm Fragment In A Glass Top Display Case With COA,11.5,2022-07-14,441.0,0.03,WorthPoint
allende-meteorite,.397 Grams Allende Meteorite 11mm Fragment In A Glass Top Display Case With COA,10.5,2022-07-14,397.0,0.03,WorthPoint
allende-meteorite,Awesome 2.08 G ALLENDE METEORITE 1969 MEXICO FALL CARBONACEOUS (CV3),52.0,2022-07-02,2.08,25.0,WorthPoint
allende-meteorite,Allende Meteorite Carbonaceous Chondrite CV3 Mexico 1969 Certified Limited Ed.,141.03,2022-06-23,,,WorthPoint
allende-meteorite,Allende Meteorite Slice & Vial,4250.0,2022-06-22,,,WorthPoint
allende-meteorite,Crusted 9.0 G ALLENDE METEORITE 1969 MEXICO FALL CARBONACEOUS (CV3),240.0,2022-06-12,9.0,26.67,WorthPoint
allende-meteorite,Awesome 5.11 G ALLENDE METEORITE 1969 MEXICO FALL CARBONACEOUS (CV3),132.0,2022-06-07,5.11,25.83,WorthPoint
allende-meteorite,.352 Grams Allende Meteorite 9mm Fragment In A Case With A COA - From Mexico,6.99,2022-05-25,352.0,0.02,WorthPoint
allende-meteorite,"Allende Meteorite, 1.5 Gram Slice",80.0,2022-05-03,1.5,53.33,WorthPoint
allende-meteorite,ALLENDE Meteorite 0.8 Grams Carbonaceous Chondrite CV3 Mexico 1969,25.0,2022-04-27,0.8,31.25,WorthPoint
allende-meteorite,ALLENDE Meteorite 0.9 Grams Carbonaceous Chondrite CV3 Mexico 1969,25.0,2022-04-23,0.9,27.78,WorthPoint
allende-meteorite,ALLENDE - WITNESSED FALL - HISTORIC METEORITE - Carbonaceous CV3 - Mexico 1969,44.0,2022-04-10,,,WorthPoint
allende-meteorite,5.4 Gram ALLENDE CV3 Carbonaceous METEORITE FALL,165.0,2022-04-06,5.4,30.56,WorthPoint
allende-meteorite,6.3 Gram ALLENDE CV3 Carbonaceous METEORITE FALL,189.0,2022-03-07,6.3,30.0,WorthPoint
allende-meteorite,.390 Grams Allende Meteorite 7mm Fragment In A Case With A COA - From Mexico,8.5,2022-02-27,390.0,0.02,WorthPoint
allende-meteorite,.316 Grams Allende Meteorite 7mm Fragment In A Case With A COA - From Mexico,8.06,2022-02-24,316.0,0.03,WorthPoint
allende-meteorite,.387 Grams Allende Meteorite 11mm Fragment In A Case With A COA - From Mexico,9.05,2022-02-22,387.0,0.02,WorthPoint
allende-meteorite,.198 Grams Allende Meteorite 6mm Fragment In A Case With A COA - From Mexico,8.5,2022-02-22,198.0,0.04,WorthPoint
allende-meteorite,Awesome 16.3g ALLENDE METEORITE 1969 MEXICO FALL CARBONACEOUS (CV3),450.0,2022-02-07,16.3,27.61,WorthPoint
allende-meteorite,Awesome 4.46 G ALLENDE METEORITE (fragment) 1969 MEXICO FALL CARBONACEOUS (CV3),111.2,2022-01-15,4.46,24.93,WorthPoint
allende-meteorite,ALLENDE METEORITE 6.4g CV3 Carbonaceous Chondrite CAI Observed Fall Genuine IMCA,199.99,2022-01-01,6.4,31.25,WorthPoint
allende-meteorite,Allende 5.94g CAI's Stardust CV3 Type Carbonaceous Meteorite Mexico 1969,178.0,2021-12-25,5.94,29.97,WorthPoint
allende-meteorite,Awesome 18.7g ALLENDE METEORITE 1969 MEXICO FALL CARBONACEOUS (CV3),380.0,2021-12-25,18.7,20.32,WorthPoint
allende-meteorite,Meteorite Collection Lot 35 Pieces Allende Moldavite Gibeon Henbury GAO 4+ Lbs!,910.0,2021-12-20,,,WorthPoint
allende-meteorite,Allende 13.41g Bursting With CAI's Stardust CV3 Type Carbonaceous Meteorite,350.0,2021-12-19,13.41,26.1,WorthPoint
allende-meteorite,.534 Grams Allende Meteorite 9mm Fragment In A Case With A COA - From Mexico,11.0,2021-11-30,534.0,0.02,WorthPoint
allende-meteorite,.699 Grams Allende Meteorite 9mm Fragment In A Case With A COA - From Mexico,12.0,2021-11-30,699.0,0.02,WorthPoint
allende-meteorite,.531 Grams Allende Meteorite 9mm Fragment In A Case With A COA - From Mexico,9.9,2021-11-24,531.0,0.02,WorthPoint
allende-meteorite,Awesome 8.8 G ALLENDE METEORITE (1/2 Stone) 1969 MEXICO FALL CARBONACEOUS (CV3),225.25,2021-11-20,8.8,25.6,WorthPoint
allende-meteorite,Allende Meteorite 91 Grams Complete Piece From Marvin Killgore At U Of Arizona,650.0,2021-11-15,91.0,7.14,WorthPoint
allende-meteorite,Awesome 6.3 G ALLENDE METEORITE (end Cut) 1969 MEXICO FALL CARBONACEOUS (CV3),160.65,2021-11-12,6.3,25.5,WorthPoint
allende-meteorite,"Carbon Chondrite Meteorite Possible Allende CV3 24.76g, Fusion Crust Great Item",299.0,2021-10-27,24.76,12.08,WorthPoint
allende-meteorite,Awesome 3.6 G - ALLENDE METEORITE - 1969 MEXICO FALL CARBONACEOUS (CV3),74.8,2021-10-25,3.6,20.78,WorthPoint
allende-meteorite,Allende Carbonaceous CV3 - Observed Fall 69' - ALN-0027 - 0.54g COA - Part Slice,21.95,2021-10-24,0.54,40.65,WorthPoint
allende-meteorite,Allende Carbonaceous CV3 - Observed Fall 69' - ALN-0026 - 0.55g COA - Part Slice,21.95,2021-10-20,0.55,39.91,WorthPoint
allende-meteorite,Awesome 10.6 G ALLENDE METEORITE 1969 MEXICO FALL CARBONACEOUS (CV3),274.5,2021-10-08,10.6,25.9,WorthPoint
allende-meteorite,"Allende, 22.4g, 1969 Witnessed Meteorite Fall! Carbonaceous Chondrite",485.0,2021-09-26,22.4,21.65,WorthPoint
allende-meteorite,.791 Grams Allende Meteorite 10mm Fragment In A Case With A COA - From Mexico,15.5,2021-09-05,791.0,0.02,WorthPoint
allende-meteorite,.406 Grams Allende Meteorite 8mm Fragment In A Case With A COA - From Mexico,12.5,2021-09-02,406.0,0.03,WorthPoint
allende-meteorite,.361 Grams Allende Meteorite 9mm Fragment In A Case With A COA - From Mexico,7.99,2021-08-31,361.0,0.02,WorthPoint
allende-meteorite,Allende Carbonaceous CV3 - Observed Fall 69' - ALN-0028 - 0.75g COA - Part Slice,29.95,2021-08-23,0.75,39.93,WorthPoint
allende-meteorite,Allende Meteorites. Lot 7 Pcs. Chondrite. Holidays Are Almost Here !,440.0,2021-08-15,,,WorthPoint
allende-meteorite,2.99g ALLENDE Carbonaceous Chondrite Meteorite Slice - 1969 Fall - TOP METEORITE,150.0,2021-06-29,2.99,50.17,WorthPoint
allende-meteorite,.376 Grams Allende Meteorite 9mm Fragment In A Case With A COA - From Mexico,9.0,2021-06-18,376.0,0.02,WorthPoint
allende-meteorite,Valle De Allende Meteorite Thin Section,29.99,2021-06-05,,,WorthPoint
allende-meteorite,2.33g ALLENDE Carbonaceous Chondrite Meteorite Slice - 1969 Fall - TOP METEORITE,117.0,2021-05-15,2.33,50.21,WorthPoint
allende-meteorite,3.09g ALLENDE Carbonaceous Chondrite Meteorite Slice - 1969 Fall - TOP METEORITE,155.0,2021-05-07,3.09,50.16,WorthPoint
allende-meteorite,2016 Libertad Allende Meteorite 1oz Silver Meteorite Coin,249.99,2021-04-19,28.35,8.82,WorthPoint
allende-meteorite,Fantastic 4.12 Gram ALLENDE METEORITE - 1969 MEXICO FALL- CARBONACEOUS (CV3),119.0,2021-04-12,4.12,28.88,WorthPoint
allende-meteorite,"Allende G CV3.2 Fell Feb. 8, 1969 Allende, Mexico 9.40 Grams",127.5,2021-04-08,9.4,13.56,WorthPoint
allende-meteorite,"Allende G CV3.2 Fell Feb. 8, 1969 Allende, Mexico 11.1 Gram Whole Stone",182.5,2021-04-08,11.1,16.44,WorthPoint
allende-meteorite,"Chiapas Amber 1.97g Carved Cross From Simojovel De Allende, MX",15.0,2021-04-03,1.97,7.61,WorthPoint
allende-meteorite,2.04g ALLENDE Carbonaceous Chondrite Meteorite Slice - 1969 Fall - TOP METEORITE,102.0,2021-04-01,2.04,50.0,WorthPoint
allende-meteorite,Awesome 4.08 G ALLENDE METEORITE (fragment) 1969 MEXICO FALL CARBONACEOUS (CV3),130.0,2021-03-22,4.08,31.86,WorthPoint
allende-meteorite,Fantastic 11.7g ALLENDE METEORITE Individual 1969 MEXICO FALL CARBONACEOUS (CV3),335.0,2021-03-21,11.7,28.63,WorthPoint
allende-meteorite,1.27g ALLENDE Carbonaceous Chondrite Meteorite Slice - 1969 Fall - TOP METEORITE,65.0,2021-03-18,1.27,51.18,WorthPoint
allende-meteorite,"Allende CV3.2 Fell Feb. 8, 1969 Allende, Mexico 6.76 Grams",85.0,2021-03-18,6.76,12.57,WorthPoint
allende-meteorite,Fantastic 2.9 G ALLENDE METEORITE Fragment 1969 MEXICO FALL CARBONACEOUS (CV3),59.0,2021-03-13,2.9,20.34,WorthPoint
allende-meteorite,"Allende G CV3.2 Fell Feb. 8, 1969 Allende, Mexico 7.77 Grams",97.0,2021-03-11,7.77,12.48,WorthPoint
allende-meteorite,.729 Grams Allende Meteorite 1-3mm Crumb Fragments In A Plastic Gem Case -Mexico,15.5,2021-03-07,729.0,0.02,WorthPoint
allende-meteorite,Fantastic 8.76 Gram ALLENDE METEORITE - 1969 MEXICO FALL- CARBONACEOUS (CV3),219.0,2021-03-06,8.76,25.0,WorthPoint
allende-meteorite,Allende CV3 Meteorite 6.94g Fusion Crusted Carbonaceous Endcut,181.28,2021-03-06,6.94,26.12,WorthPoint
allende-meteorite,.460 Grams Allende Meteorite 11mm Fragment In A Glass Top Case - Mexico,14.99,2021-03-01,460.0,0.03,WorthPoint
allende-meteorite,.767 Grams Allende Meteorite 12mm Fragment In A Glass Top Case - Mexico,21.0,2021-03-01,767.0,0.03,WorthPoint
allende-meteorite,AWESOME 0.78 G ALLENDE METEORITE SLICE - 1969 MEXICO FALL CARBONACEOUS (CV3),39.0,2021-02-27,0.78,50.0,WorthPoint
allende-meteorite,Allende Meteorite Jewelry Pendant Necklace Sunburst Sterling Silver,225.0,2021-02-25,,,WorthPoint
allende-meteorite,"Allende G CV3.2 Fell Feb. 8, 1969 Allende, Mexico 6.54 Grams",98.0,2021-02-25,6.54,14.98,WorthPoint
allende-meteorite,"Chiapas Amber 13.24g Polished Pendant From Simojovel De Allende, MX",38.0,2021-02-19,13.24,2.87,WorthPoint
allende-meteorite,"Allende G CV3.2 Fell Feb. 8, 1969 Allende, Mexico 6.36 Grams Whole Stone",100.0,2021-02-11,6.36,15.72,WorthPoint
allende-meteorite,"Allende G CV3.2 Fell Feb. 8, 1969 Allende, Mexico 6.39 Grams",95.0,2021-02-11,6.39,14.87,WorthPoint
allende-meteorite,Nice 1.65 Gram ALLENDE METEORITE Fragment - 1969 MEXICO FALL- CARBONACEOUS (CV3),55.0,2021-02-09,1.65,33.33,WorthPoint
allende-meteorite,.267 Grams Allende Meteorite About 7x6x5mm Fragment In A Glass Top Case - Mexico,8.99,2021-02-08,267.0,0.03,WorthPoint
allende-meteorite,Meteorite: 17.15 Gram Allende Slice,217.5,2021-02-06,17.15,12.68,WorthPoint
allende-meteorite,0.80g ALLENDE Carbonaceous Chondrite Meteorite Slice - 1969 Fall - TOP METEORITE,45.0,2021-02-03,0.8,56.25,WorthPoint
allende-meteorite,Meteorite:65.11 Gram Allende Slice,800.0,2021-01-30,65.11,12.29,WorthPoint
allende-meteorite,.192 Grams Allende Meteorite About 8mm Fragment In A Glass Top Case -Mexico 1969,5.99,2021-01-26,192.0,0.03,WorthPoint
allende-meteorite,"Allende Meteorite, Large, Thin Slice. 16.17g Witnessed Carbonaceous Fall.",395.0,2021-01-23,16.17,24.43,WorthPoint
allende-meteorite,.420 Grams Allende Meteorite About 8x6x6mm Fragment In A Glass Top Case - Mexico,12.99,2021-01-12,420.0,0.03,WorthPoint
allende-meteorite,.496 Grams Allende Meteorite About 8x6x6mm Fragment In A Glass Top Case - Mexico,15.99,2021-01-07,496.0,0.03,WorthPoint
allende-meteorite,AWESOME 2.61 G ALLENDE METEORITE SLICE - 1969 MEXICO FALL CARBONACEOUS (CV3),95.0,2021-01-02,2.61,36.4,WorthPoint
allende-meteorite,"Allende Meteorite, Large, Thin Slice. 17.0g Witnessed Carbonaceous Fall.",365.0,2020-12-11,17.0,21.47,WorthPoint
allende-meteorite,AWESOME 0.81 G ALLENDE METEORITE SLICE - 1969 MEXICO FALL CARBONACEOUS (CV3),35.0,2020-12-11,0.81,43.21,WorthPoint
allende-meteorite,Meteorite Allende (CV3) 4-piece Lot,7.99,2020-12-11,,,WorthPoint
allende-meteorite,"Allende CV3.2 Fell Feb. 8, 1969 Allende, Mexico 3.10 Grams",32.0,2020-12-10,3.1,10.32,WorthPoint
allende-meteorite,Allende Meteorite (CV3) Famous Fall Mexico 2.2 Grams Ex. Schooler Ex. Garcia,20.5,2020-11-28,2.2,9.32,WorthPoint
allende-meteorite,"294.2 Grams Allende CV3 Meteorite 1969 Allende, Mexico",2057.0,2020-11-21,294.2,6.99,WorthPoint
allende-meteorite,Fantastic 7.5 Gram ALLENDE METEORITE - 1969 MEXICO FALL- CARBONACEOUS (CV3),111.75,2020-11-08,7.5,14.9,WorthPoint
allende-meteorite,Fantastic 2.8 G ALLENDE METEORITE Fragment 1969 MEXICO FALL CARBONACEOUS (CV3),44.25,2020-11-03,2.8,15.8,WorthPoint
allende-meteorite,Awesome 6.11 G ALLENDE METEORITE (fragment) 1969 MEXICO FALL CARBONACEOUS (CV3),180.0,2020-10-22,6.11,29.46,WorthPoint
allende-meteorite,Nice 4.61 Gram ALLENDE METEORITE Fragment - 1969 MEXICO FALL- CARBONACEOUS (CV3),138.0,2020-10-22,4.61,29.93,WorthPoint
allende-meteorite,Nice 1.45 Gram ALLENDE METEORITE Fragment - 1969 MEXICO FALL- CARBONACEOUS (CV3),45.0,2020-10-18,1.45,31.03,WorthPoint
allende-meteorite,AWESOME 0.90 G ALLENDE METEORITE SLICE - 1969 MEXICO FALL CARBONACEOUS (CV3),33.6,2020-09-25,0.9,37.33,WorthPoint
allende-meteorite,"Allende G CV3.2 Mexico Fell Feb. 8, 1969 Goldich Collection",381.0,2020-09-24,1969.0,0.19,WorthPoint
allende-meteorite,AWESOME 3.11 G ALLENDE METEORITE ENDCUT - 1969 MEXICO FALL CARBONACEOUS (CV3),138.75,2020-09-09,3.11,44.61,WorthPoint
allende-meteorite,Fantastic 3 G ALLENDE METEORITE Fragment 1969 MEXICO FALL CARBONACEOUS (CV3),44.25,2020-09-04,3.0,14.75,WorthPoint
allende-meteorite,"Allende CV3.2 Mexico Fell Feb. 8, 1969 Goldich Collection 12.3 Grams",153.0,2020-09-03,1969.0,0.08,WorthPoint
allende-meteorite,Ounce Of Space - Allende - 1 Oz Silver & Gold Plated Coin - Libertad Mexico 2016,79.0,2020-08-25,28.35,2.79,WorthPoint
allende-meteorite,Awesome 1.67 G ALLENDE METEORITE (dust/frag) 1969 MEXICO FALL CARBONACEOUS (CV3),35.0,2020-08-15,1.67,20.96,WorthPoint
allende-meteorite,0.18 G ALLENDE METEORITE Fragments 1969 MEXICO FALL CARBONACEOUS (CV3),15.0,2020-08-14,0.18,83.33,WorthPoint
allende-meteorite,18.5g Allende CV3 Meteorite Full Slice,575.0,2020-08-12,18.5,31.08,WorthPoint
allende-meteorite,Nice 2.86 Gram ALLENDE METEORITE Fragment - 1969 MEXICO FALL- CARBONACEOUS (CV3),60.0,2020-08-08,2.86,20.98,WorthPoint
allende-meteorite,Fantastic 4.5 Gram ALLENDE METEORITE - 1969 MEXICO FALL- CARBONACEOUS (CV3),66.75,2020-07-23,4.5,14.83,WorthPoint
allende-meteorite,Meteorite Allende Mexico Carbonaceous 8g,90.0,2020-07-22,8.0,11.25,WorthPoint
allende-meteorite,AWESOME 1.57 G ALLENDE METEORITE SLICE - 1969 MEXICO FALL CARBONACEOUS (CV3),55.0,2020-07-16,1.57,35.03,WorthPoint
allende-meteorite,AWESOME 1.56 G ALLENDE METEORITE SLICE - 1969 MEXICO FALL CARBONACEOUS (CV3),38.5,2020-07-03,1.56,24.68,WorthPoint
allende-meteorite,Awesome 10.4g ALLENDE METEORITE 1969 MEXICO FALL CARBONACEOUS (CV3),213.5,2020-07-03,10.4,20.53,WorthPoint
allende-meteorite,Fantastic 5.48 G ALLENDE METEORITE ENDCUT 1969 MEXICO FALL CARBONACEOUS (CV3),189.0,2020-06-19,5.48,34.49,WorthPoint
allende-meteorite,AWESOME 1.36 G ALLENDE METEORITE SLICE - 1969 MEXICO FALL CARBONACEOUS (CV3),52.0,2020-06-19,1.36,38.24,WorthPoint
allende-meteorite,Nice 2.34 Gram ALLENDE METEORITE Fragment - 1969 MEXICO FALL- CARBONACEOUS (CV3),56.25,2020-05-17,2.34,24.04,WorthPoint
allende-meteorite,Awesome 5.1 G ALLENDE METEORITE (fragment) 1969 MEXICO FALL CARBONACEOUS (CV3),97.5,2020-05-03,5.1,19.12,WorthPoint
allende-meteorite,"ALLENDE Chihuahua Mexico Carbonaceous Chondrite Meteorite, Fell In 1969!",140.0,2020-05-01,,,WorthPoint
allende-meteorite,Fantastic 2.2 G ALLENDE METEORITE Fragment 1969 MEXICO FALL CARBONACEOUS (CV3),36.75,2020-04-26,2.2,16.7,WorthPoint
allende-meteorite,Fantastic 2.9 Gram ALLENDE METEORITE - 1969 MEXICO FALL- CARBONACEOUS (CV3),51.75,2020-04-08,2.9,17.84,WorthPoint
allende-meteorite,Fantastic 3.0 Gram ALLENDE METEORITE - 1969 MEXICO FALL- CARBONACEOUS (CV3),51.75,2020-03-30,3.0,17.25,WorthPoint
allende-meteorite,Fantastic 3.5 Gram ALLENDE METEORITE - 1969 MEXICO FALL- CARBONACEOUS (CV3),55.0,2020-03-15,3.5,15.71,WorthPoint
allende-meteorite,"Allende 15.4 G Stone CV3.2 Mexico Fell Feb. 8, 1969 Goldich Collection",193.0,2020-02-25,15.4,12.53,WorthPoint
allende-meteorite,FINE SPECIMEN OF 31.3 G ALLENDE METEORITE 1969 MEXICO FALL CARBONACEOUS (CV3),440.0,2020-02-24,31.3,14.06,WorthPoint
allende-meteorite,Allende Meteorite Slab 8.2g,36.0,2020-02-24,8.2,4.39,WorthPoint
allende-meteorite,Fantastic 4.1 Gram ALLENDE METEORITE - 1969 MEXICO FALL- CARBONACEOUS (CV3),63.2,2020-02-19,4.1,15.41,WorthPoint
allende-meteorite,Nice 1.89 Gram ALLENDE METEORITE Fragment - 1969 MEXICO FALL- CARBONACEOUS (CV3),55.0,2020-02-05,1.89,29.1,WorthPoint
allende-meteorite,"2016 Libertad Allende Meteorite 999 Silver Coin, Mint Condition With COA",90.0,2020-02-02,,,WorthPoint
allende-meteorite,ALLENDE Chihuahua Mexico Carbonaceous Chondrite Supernova METEORITE 160g Haag,2995.0,2020-01-29,160.0,18.72,WorthPoint
allende-meteorite,"10,000 Gram - 1969 Allende Meteorite!",1000.0,2020-01-18,,,WorthPoint
allende-meteorite,"ALLENDE METEORITE 61.6g Feb 8, 1969 MEXICO FALL- (CV3) HAMMER STONE, BEAUTIFUL",999.0,2020-01-12,61.6,16.22,WorthPoint
allende-meteorite,Fantastic 4.7 Gram ALLENDE METEORITE - 1969 MEXICO FALL- CARBONACEOUS (CV3),71.2,2019-12-21,4.7,15.15,WorthPoint
allende-meteorite,Fantastic 2.4 Gram ALLENDE METEORITE - 1969 MEXICO FALL- CARBONACEOUS (CV3),31.2,2019-12-07,2.4,13.0,WorthPoint
allende-meteorite,"Allende G CV3.2 Fell Feb. 8, 1969 Allende, Mexico 71.3 Grams",800.0,2019-11-17,71.3,11.22,WorthPoint
allende-meteorite,"Allende Meteorite 5.0 Grams, Stone Carbonaceous Chondrite CV3 Mexico 1969",29.99,2019-11-09,5.0,6.0,WorthPoint
allende-meteorite,"Allende Meteorite End Slice , 70.7g, Carbonaceous Chondrite",720.0,2019-11-08,70.7,10.18,WorthPoint
allende-meteorite,Fantastic 1.4 Gram ALLENDE METEORITE - 1969 MEXICO FALL- CARBONACEOUS (CV3),29.0,2019-11-01,1.4,20.71,WorthPoint
allende-meteorite,"Goldich Collection Allende G CV3.2 Mexico Fell Feb. 8, 1969 20.7 Grams",240.0,2019-10-23,20.7,11.59,WorthPoint
allende-meteorite,"4.0 Gram ALLENDE METEORITE - 1969 MEXICO FALL- (CV3) HAMMER STONE, Slice",41.0,2019-10-14,4.0,10.25,WorthPoint
allende-meteorite,"Meteorites: Allende, Gibeon, Canyon Diablo, Indochinite, Moldavite",35.0,2019-10-11,,,WorthPoint
allende-meteorite,Fantastic 1.9 Gram ALLENDE METEORITE - 1969 MEXICO FALL- CARBONACEOUS (CV3),47.2,2019-09-29,1.9,24.84,WorthPoint
allende-meteorite,Fantastic 2.1 Gram ALLENDE METEORITE - 1969 MEXICO FALL- CARBONACEOUS (CV3),42.0,2019-09-22,2.1,20.0,WorthPoint
allende-meteorite,Fantastic 1.5 Gram ALLENDE METEORITE - 1969 MEXICO FALL- CARBONACEOUS (CV3),29.0,2019-09-12,1.5,19.33,WorthPoint
allende-meteorite,"Allende Meteorite - Beautiful Large 36.44 Gram Slice - Fell February 8, 1969",400.0,2019-09-04,36.44,10.98,WorthPoint
allende-meteorite,Fantastic 3.17 Gram ALLENDE METEORITE - 1969 MEXICO FALL- CARBONACEOUS (CV3),59.0,2019-08-27,3.17,18.61,WorthPoint
allende-meteorite,Fantastic 1.58g ALLENDE METEORITE Fragments 1969 MEXICO FALL CARBONACEOUS (CV3),37.6,2019-08-10,1.58,23.8,WorthPoint
allende-meteorite,Meteorite Allende 58.8 Grams,474.0,2019-08-05,58.8,8.06,WorthPoint
allende-meteorite,Nice 1.51 Gram ALLENDE METEORITE Fragment - 1969 MEXICO FALL- CARBONACEOUS (CV3),36.0,2019-08-03,1.51,23.84,WorthPoint
allende-meteorite,Awesome 18.62 G ALLENDE METEORITE (end Cut) 1969 MEXICO FALL CARBONACEOUS (CV3),372.0,2019-07-30,18.62,19.98,WorthPoint
allende-meteorite,Allende CV3 Meteorite 10.09g Fresh Fragrant Fragment W/ Fusion Crust,150.0,2019-07-27,10.09,14.87,WorthPoint
allende-meteorite,Allende Carbonaceous Chondrite Section With Oldest Inclusions In The Solar System.,384.0,2019-07-27,,,WorthPoint
allende-meteorite,Allende CV3 Meteorite 3.58g Captivating Crust On This Carbonaceous Chondrite,81.0,2019-07-21,3.58,22.63,WorthPoint
allende-meteorite,Low Price! Historic Witnessed Fall! Best Allende Cv3 Meteorite End Cut! 4.31 Gms,96.75,2019-07-16,4.31,22.45,WorthPoint
allende-meteorite,Allende Official Carbonaceous CV3 Chondrite - ALN-0002 - 1.80g - COA - Part Slce,29.95,2019-07-14,1.8,16.64,WorthPoint
allende-meteorite,ALLENDE METEORITE 2.90 Gram Endcut. Stone Carbonaceous Chondrite (CV3),50.0,2019-07-08,2.9,17.24,WorthPoint
allende-meteorite,Awesome 4.1 G ALLENDE METEORITE (end Cut) 1969 MEXICO FALL CARBONACEOUS (CV3),111.2,2019-07-05,4.1,27.12,WorthPoint
allende-meteorite,Allende Meteorite - 2.10 Grams - CV3 Mexico Fell 1969 Carbonaceous,60.0,2019-07-02,2.1,28.57,WorthPoint
allende-meteorite,Allende Meteorite Full Slice - Very Large 44.7 Grams Cais,799.99,2019-06-06,44.7,17.9,WorthPoint
allende-meteorite,Allende Meteorite - 3.65 Grams - CV3 Mexico Fell 1969 Carbonaceous,80.0,2019-06-04,3.65,21.92,WorthPoint
allende-meteorite,Meteorite Allende CV3 Mexico,65.0,2019-05-27,,,WorthPoint
allende-meteorite,Nice 1.24 Gram ALLENDE METEORITE Fragment - 1969 MEXICO FALL- CARBONACEOUS (CV3),32.3,2019-05-05,1.24,26.05,WorthPoint
allende-meteorite,Allende CV3 Meteorite 11.62g Fresh Fusion Crusted Carbonaceous Chondrite Slice,175.0,2019-05-04,11.62,15.06,WorthPoint
allende-meteorite,My Largest And LAST 194.0 G ALLENDE METEORITE Individual/1969 FALL CARBONACEOUS,2250.0,2019-05-03,194.0,11.6,WorthPoint
allende-meteorite,Fantastic 1.6 Gr ALLENDE METEORITE Fragment 1969 MEXICO FALL CARBONACEOUS (CV3),38.25,2019-05-03,1.6,23.91,WorthPoint
allende-meteorite,BEAUTIFUL Allende Meteorite Full Slice ~ CV3.2 ~ 9.04g ~ Very Fresh!!,225.0,2019-05-01,9.04,24.89,WorthPoint
allende-meteorite,Allende CV3 Meteorite 4.12g Fresh Fragrant Endcut,81.0,2019-04-23,4.12,19.66,WorthPoint
allende-meteorite,Awesome 2.65 G ALLENDE METEORITE (end Cut) 1969 MEXICO FALL CARBONACEOUS (CV3),84.15,2019-04-19,2.65,31.75,WorthPoint
allende-meteorite,Awesome 5.01 G ALLENDE METEORITE (end Cut) 1969 MEXICO FALL CARBONACEOUS (CV3),127.5,2019-04-09,5.01,25.45,WorthPoint
allende-meteorite,Allende 4.6 Grams Part Slice,115.0,2019-04-08,4.6,25.0,WorthPoint
allende-meteorite,Meteorite Allende,25.0,2019-04-03,,,WorthPoint
allende-meteorite,Nice 1.22 Gram ALLENDE METEORITE Fragment - 1969 MEXICO FALL- CARBONACEOUS (CV3),31.45,2019-03-09,1.22,25.78,WorthPoint
allende-meteorite,Fantastic 2.19g ALLENDE METEORITE Fragment 1969 MEXICO FALL - CARBONACEOUS (CV3),46.75,2019-03-06,2.19,21.35,WorthPoint
allende-meteorite,Allende Meteorite Fragments: Fell 8 Feb 1969,38.0,2019-02-17,,,WorthPoint
allende-meteorite,Reach For The Stars Stainless Locket W/ Allende CV3 (b) By Meteorite Men Steve,49.99,2019-02-09,,,WorthPoint
allende-meteorite,Nice 2.41 Gram ALLENDE METEORITE Fragment - 1969 MEXICO FALL- CARBONACEOUS (CV3),75.0,2019-02-08,2.41,31.12,WorthPoint
allende-meteorite,Reach For The Stars Stainless Locket W/ Allende CV3 (a) By Meteorite Men Steve,49.99,2019-02-01,,,WorthPoint
allende-meteorite,Meteorite Allende Fell Feb 8th 1969 Mexico 2.01 Grams Slice Nr Patches Of Crust,35.0,2019-01-29,2.01,17.41,WorthPoint
allende-meteorite,Nice 1.29 Gram ALLENDE METEORITE Fragment - 1969 MEXICO FALL- CARBONACEOUS (CV3),30.4,2019-01-18,1.29,23.57,WorthPoint
allende-meteorite,"Allende G CV3.2 Allende, Mexico Fell Feb. 8, 1969 4.95 Gram Slice",74.0,2019-01-17,4.95,14.95,WorthPoint
allende-meteorite,Allende Mexico Type 3 Carbonaceous Chondrite CV3 Meteorite,49.99,2019-01-08,,,WorthPoint
allende-meteorite,Chondrules! -102 Gram ALLENDE METEORITE End Cut- 1969 MEXICO FALL- CARBONACEOUS,1425.0,2019-01-04,102.0,13.97,WorthPoint
allende-meteorite,Nice 2.40 Gram ALLENDE METEORITE Fragment - 1969 MEXICO FALL- CARBONACEOUS (CV3),75.0,2018-12-30,2.4,31.25,WorthPoint
allende-meteorite,"Allende Meteorite: Feb 8, 1969 Fall In Mexico",18.0,2018-12-29,,,WorthPoint
allende-meteorite,Fantastic .21g ALLENDE METEORITE Fragments 1969 MEXICO FALL - CARBONACEOUS (CV3),12.0,2018-12-20,21.0,0.57,WorthPoint
allende-meteorite,Nice 1.15 Gram ALLENDE METEORITE Fragment - 1969 MEXICO FALL- CARBONACEOUS (CV3),28.0,2018-12-11,1.15,24.35,WorthPoint
allende-meteorite,"Nice Allende, Mexico Carbonaceous Chondrite Meteorite-Museum Quality - 71 Grams",666.55,2018-12-07,71.0,9.39,WorthPoint
allende-meteorite,Allende Carbonaceous Chondrite: Fell 8 Feb 1969 In Mexico,30.0,2018-12-03,,,WorthPoint
allende-meteorite,My Largest And LAST 222.4.g ALLENDE METEORITE Individual/1969 FALL CARBONACEOUS,2846.4,2018-11-30,4.0,711.6,WorthPoint
allende-meteorite,My Largest And LAST 145.5 G ALLENDE METEORITE Individual/1969 FALL CARBONACEOUS,1862.4,2018-11-30,145.5,12.8,WorthPoint
allende-meteorite,Low Price! Historic Witnessed Fall! Amazing Allende Cv3 Meteorites! 1.044 Gms,36.75,2018-11-10,1.044,35.2,WorthPoint
allende-meteorite,Fantastic 1.08g ALLENDE METEORITE Fragments 1969 MEXICO FALL CARBONACEOUS (CV3),33.15,2018-11-07,1.08,30.69,WorthPoint
allende-meteorite,Fantastic .20 Gram ALLENDE METEORITE Endcut 1969 MEXICO FALL- CARBONACEOUS (CV3),21.25,2018-11-05,20.0,1.06,WorthPoint
allende-meteorite,Fantastic 6.3 Gram ALLENDE METEORITE - 1969 MEXICO FALL- CARBONACEOUS (CV3),148.75,2018-11-01,6.3,23.61,WorthPoint
allende-meteorite,Nice 1.0 Gram ALLENDE METEORITE Fragment - 1969 MEXICO FALL- CARBONACEOUS (CV3),37.0,2018-10-28,1.0,37.0,WorthPoint
allende-meteorite,Fantastic 3.3 Gram ALLENDE METEORITE - 1969 MEXICO FALL- CARBONACEOUS (CV3),84.15,2018-10-11,3.3,25.5,WorthPoint
allende-meteorite,"Allende 10.57 G CV3.2 Allende, Mexico Fell Feb. 8, 1969",158.0,2018-09-27,10.57,14.95,WorthPoint
allende-meteorite,"Allende 12.3 G Stone CV3.2 Mexico Fell Feb. 8, 1969 Goldich Collection",185.0,2018-09-16,12.3,15.04,WorthPoint
allende-meteorite,"Allende, Mexico Meteorite Faceted Star Paperweight (approx. 5"" Across)",100.0,2018-09-09,,,WorthPoint
allende-meteorite,Nice 2.28 Gram ALLENDE METEORITE Fragment - 1969 MEXICO FALL- CARBONACEOUS (CV3),59.5,2018-08-29,2.28,26.1,WorthPoint
allende-meteorite,Nice 2.91 Gram ALLENDE METEORITE Fragment - 1969 MEXICO FALL- CARBONACEOUS (CV3),68.0,2018-08-29,2.91,23.37,WorthPoint
allende-meteorite,"HISTORIC METEORITES: Allende Stones, Jar & Label, Ex. Arizona State University",1250.0,2018-08-23,,,WorthPoint
allende-meteorite,Allende Meteorite Fragment - 6.3 Grams - Internal Fragment CV3 Mexico Fell 1969,120.0,2018-08-11,6.3,19.05,WorthPoint
allende-meteorite,Fantastic 8.2 Gram ALLENDE METEORITE - 1969 MEXICO FALL- CARBONACEOUS (CV3),143.65,2018-08-07,8.2,17.52,WorthPoint
allende-meteorite,"Allende 19.3 G Stone CV3.2 Mexico Fell Feb. 8, 1969 Goldich Collection",241.0,2018-07-30,19.3,12.49,WorthPoint
allende-meteorite,*** Meteorite Allende (CV3) - 1.2 G ***,24.5,2018-07-25,1.2,20.42,WorthPoint
allende-meteorite,Fantastic 1.04 Gram ALLENDE METEORITE - 1969 MEXICO FALL- CARBONACEOUS (CV3),29.75,2018-07-18,1.04,28.61,WorthPoint
allende-meteorite,"Allende 7.93 G CV3.2 Allende, Mexico Fell Feb. 8, 1969",105.0,2018-07-16,7.93,13.24,WorthPoint
allende-meteorite,Fantastic 0.7 Gram ALLENDE METEORITE - 1969 MEXICO FALL- CARBONACEOUS (CV3),16.15,2018-07-16,0.7,23.07,WorthPoint
allende-meteorite,Fantastic 0.4 Gram ALLENDE METEORITE - 1969 MEXICO FALL- CARBONACEOUS (CV3),16.15,2018-07-16,0.4,40.37,WorthPoint
allende-meteorite,Fantastic 0.75 Gram ALLENDE METEORITE - 1969 MEXICO FALL- CARBONACEOUS (CV3),19.0,2018-06-18,0.75,25.33,WorthPoint
allende-meteorite,Fantastic 1.02 Gram ALLENDE METEORITE - 1969 MEXICO FALL- CARBONACEOUS (CV3),35.0,2018-06-12,1.02,34.31,WorthPoint
allende-meteorite,Allende CV3 Meteorite 15.38g ASU Collection Fresh Carbonaceous Slice,259.0,2018-06-11,15.38,16.84,WorthPoint
allende-meteorite,Allende CV3 Meteorite 12.67g ASU Collection Fresh Carbonaceous Slice,177.5,2018-06-09,12.67,14.01,WorthPoint
allende-meteorite,"ALLENDE Meteorite, 44g HAAG/FARMER Provenance! CV3 Witnessed Fall!",690.0,2018-06-06,44.0,15.68,WorthPoint
allende-meteorite,Allende CV3 Meteorite 43.44g ASU Collection Crusted Slice W/ Dark Inclusion,550.0,2018-06-02,43.44,12.66,WorthPoint
allende-meteorite,Allende CV3 Meteorite 6.02g ASU Collection Fusion Crusted Carbonaceous Slice,117.0,2018-05-28,6.02,19.44,WorthPoint
allende-meteorite,Allende CV3 Meteorite 3.15g ASU Collection Fresh Carbonaceous Slice,62.0,2018-05-26,3.15,19.68,WorthPoint
allende-meteorite,Full Slice Allende CV3 Meteorite 48x39mm GREAT CAIs,157.57,2018-05-23,,,WorthPoint
allende-meteorite,OUNCE OF SPACE - LIBERTAD - 2016 1 Oz Mexican Silver Coin With Allende Meteorite,54.1,2018-05-12,28.35,1.91,WorthPoint
allende-meteorite,"Allende 24.7 G CV3.2 Mexico Fell Feb. 8, 1969 Goldich Collection",309.0,2018-05-10,24.7,12.51,WorthPoint
allende-meteorite,Fantastic 1.48g ALLENDE METEORITE Fragments 1969 MEXICO FALL CARBONACEOUS (CV3),50.15,2018-05-02,1.48,33.89,WorthPoint
allende-meteorite,"Thin Section Allende CV3.2 Fell Feb. 8, 1969 Thin Section",50.0,2018-04-21,,,WorthPoint
allende-meteorite,ALLENDE Meteorite CV3 Witnessed Fall Mexico Carbonaceous 1.8 Gr,29.0,2018-04-11,1.8,16.11,WorthPoint
allende-meteorite,Fantastic 1.0 Gram ALLENDE METEORITE Slice- 1969 MEXICO FALL- CARBONACEOUS (CV3),45.0,2018-03-25,1.0,45.0,WorthPoint
allende-meteorite,"ALLENDE Meteorite CV3 Witnessed Fall Mexico, Carbonaceous 11.1 Gr",165.0,2018-03-23,11.1,14.86,WorthPoint
allende-meteorite,"1969 Feb. 8, Allende CV3.2 Ox Meteorite, Chihuahua, Mexico, 24.8 Grams",375.0,2018-03-14,24.8,15.12,WorthPoint
allende-meteorite,ALLENDE Meteorite CV3 Witnessed Fall Mexico Carbonaceous 3.6 Gr,45.0,2018-03-11,3.6,12.5,WorthPoint
allende-meteorite,Valle De Allende 11.1g L4 1983 Chihuahua Mexico JayPiatek Meteorite Collection,184.0,2018-03-10,11.1,16.58,WorthPoint
allende-meteorite,Fantastic 1.01g ALLENDE METEORITE Fragments 1969 MEXICO FALL CARBONACEOUS (CV3),29.75,2018-03-09,1.01,29.46,WorthPoint
allende-meteorite,Valle De Allende 40.5g L4 1983 Chihuahua Mexico JayPiatek Meteorite Collection,425.0,2018-03-06,40.5,10.49,WorthPoint
allende-meteorite,ALLENDE Meteorite CV3 Witnessed Fall Mexico Carbonaceous,12.67,2018-02-25,,,WorthPoint
allende-meteorite,Allende CV3 Carbonaceous Meteorite - Witnessed Fall Feb 8 1969 - 3.76 Grams,75.0,2018-02-17,3.76,19.95,WorthPoint
allende-meteorite,Huge CAI! Allende CV3 Carbonaceous Meteorite Crusted Part Slice 5.7g 1969 Fall,169.0,2018-02-07,5.7,29.65,WorthPoint
allende-meteorite,ALLENDE Meteorite CV3 Witnessed Fall Mexico Carbonaceous 1.6 Grams,26.0,2018-02-07,1.6,16.25,WorthPoint
allende-meteorite,Allende CV3 Carbonaceous Meteorite Parially Crusted Part Slice 8.9g 1969 Fall,149.0,2018-02-02,8.9,16.74,WorthPoint
allende-meteorite,*** Meteorite Allende (CV3) - 0.84 G ***,14.5,2018-01-31,0.84,17.26,WorthPoint
allende-meteorite,"Allende, Mexico CV3 Meteorite Fragment 5.08 Grams Very Fresh",60.0,2018-01-30,5.08,11.81,WorthPoint
allende-meteorite,*** Meteorite Allende (CV3) - 0.96 G ***,15.65,2018-01-23,0.96,16.3,WorthPoint
allende-meteorite,Fantastic .61 Gram ALLENDE METEORITE Slice- 1969 MEXICO FALL- CARBONACEOUS (CV3),25.0,2018-01-22,61.0,0.41,WorthPoint
allende-meteorite,"Allende, Mexico CV3 Meteorite 5.75 Gram",75.0,2018-01-17,5.75,13.04,WorthPoint
allende-meteorite,Allende CV3 Meteorite 37.07g Fusion Crusted Carbonaceous Endcut,515.0,2018-01-13,37.07,13.89,WorthPoint
allende-meteorite,Fantastic .70 Gram ALLENDE METEORITE Endcut 1969 MEXICO FALL- CARBONACEOUS (CV3),25.0,2018-01-09,70.0,0.36,WorthPoint
allende-meteorite,Fantastic 1.18 Gm ALLENDE METEORITE Slice- 1969 MEXICO FALL- CARBONACEOUS (CV3),39.0,2018-01-06,1.18,33.05,WorthPoint
allende-meteorite,"2016 1 Oz Silver Coin Mexican Libertad, Allende Meteorite, 1 Oz Of Space..",119.95,2018-01-01,28.35,4.23,WorthPoint
allende-meteorite,"Allende, Mexico CV3 Meteorite 3.35 Gram With Crust",45.0,2017-12-31,3.35,13.43,WorthPoint
allende-meteorite,Allende Meteorite Fragment - 11.0 Grams - Internal Fragment CV3 Mexico Fell 1969,117.0,2017-12-22,11.0,10.64,WorthPoint
allende-meteorite,Fantastic 27.5 Gram ALLENDE METEORITE - 1969 MEXICO FALL- CARBONACEOUS (CV3),650.0,2017-12-17,27.5,23.64,WorthPoint
allende-meteorite,"Allende, Mexico CV3 Meteorite 1.00 Gram",15.0,2017-12-13,1.0,15.0,WorthPoint
allende-meteorite,Fantastic 10.4 Gram ALLENDE METEORITE - 1969 MEXICO FALL- CARBONACEOUS (CV3),200.0,2017-12-12,10.4,19.23,WorthPoint
allende-meteorite,"Meteorite**Allende; Carbonaceous Chondrite**7.03 Grams, W/Fusion Crust!!",73.0,2017-12-11,7.03,10.38,WorthPoint
allende-meteorite,"Allende, Mexico CV3 Meteorite",44.0,2017-12-02,,,WorthPoint
allende-meteorite,"Outstanding Allende Cv-3 182 G Meteorite, Whole Individual! With Fusion Crust!",1750.0,2017-12-01,182.0,9.62,WorthPoint
allende-meteorite,10.83g ALLENDE METEORITE End Cut - 1969 MEXICO FALL- CARBONACEOUS (CV3),220.0,2017-11-30,10.83,20.31,WorthPoint
allende-meteorite,Fantastic 2.0 Gram ALLENDE METEORITE Slice- 1969 MEXICO FALL- CARBONACEOUS (CV3),67.15,2017-11-30,2.0,33.58,WorthPoint
allende-meteorite,"Stoney Meteorite (Aerolite) From Allende, Mexico",49.99,2017-11-25,,,WorthPoint
allende-meteorite,2.11g ALLENDE METEORITE Slice- 1969 MEXICO FALL- CARBONACEOUS (CV3),50.0,2017-11-25,2.11,23.7,WorthPoint
allende-meteorite,"Meteorite Collection Allende, Nuevo Mercurio, Mundrabilla Henbury Canyon Diablo",39.99,2017-11-23,,,WorthPoint
allende-meteorite,"Allende, Mexico CV3 Meteorite 10.07 Gram",125.0,2017-11-17,10.07,12.41,WorthPoint
allende-meteorite,"1969 Feb. 8, Allende CV3.2 Ox Meteorite, Chihuahua, Mexico 6.2 Grams Great Gift",58.4,2017-11-17,6.2,9.42,WorthPoint
allende-meteorite,Allende CV3 Carbonaceous Meteorite Polished End Cut 4.8g 1969 Fall,67.0,2017-11-14,4.8,13.96,WorthPoint
allende-meteorite,"Allende, Mexico CV3 Meteorite 5.68 Gram",70.0,2017-11-12,5.68,12.32,WorthPoint
allende-meteorite,"Meteorite**Allende; Carbonaceous Chondrite**11.20 Grams, W/Fusion Crust",132.5,2017-11-10,11.2,11.83,WorthPoint
allende-meteorite,Allende Slice,2250.0,2017-11-04,,,WorthPoint
allende-meteorite,"Scarce ALLENDE, CHIHUAHUA MEXICO METEORITE-Certified & Hand Signed ROBERT HAAG",97.0,2017-10-27,,,WorthPoint
allende-meteorite,Fantastic 2.3 Gram ALLENDE METEORITE Slice- 1969 MEXICO FALL- CARBONACEOUS (CV3),69.0,2017-10-25,2.3,30.0,WorthPoint
allende-meteorite,"Meteorite**Allende; Carbonaceous Chondrite**8.75 Grams, W/Fusion Crust",57.0,2017-10-23,8.75,6.51,WorthPoint
allende-meteorite,Fantastic .51 Gram ALLENDE METEORITE Slice- 1969 MEXICO FALL- CARBONACEOUS (CV3),17.1,2017-10-19,51.0,0.34,WorthPoint
allende-meteorite,Allende Meteorite Fragment - 4.8 Grams - Internal Fragment CV3 Mexico Fell 1969,94.5,2017-10-13,4.8,19.69,WorthPoint
allende-meteorite,Fantastic .38 Gram ALLENDE METEORITE Slice- 1969 MEXICO FALL- CARBONACEOUS (CV3),15.0,2017-10-10,38.0,0.39,WorthPoint
allende-meteorite,Allende CV3 2.5g | Witnessed Fall Feb. 8th 1969 | Fresh Carbonaceous Meteorite,50.0,2017-10-05,2.5,20.0,WorthPoint
allende-meteorite,"Meteorite**Allende; Carbonaceous Chondrite**14.80 Grams, W/Fusion Crust",150.0,2017-10-04,14.8,10.14,WorthPoint
allende-meteorite,ALLENDE Meteorite CV3 Witnessed Fall Mexico Carbonaceous 2.5 Grams,30.0,2017-10-02,2.5,12.0,WorthPoint
allende-meteorite,0.67 Gram ALLENDE METEORITE Fragments - 1969 MEXICO FALL- CARBONACEOUS (CV3),15.0,2017-09-29,0.67,22.39,WorthPoint
allende-meteorite,Meteorite**Allende; Carbonaceous Chondrite**12.20 Grams!!ASU Specimen!!!!,122.5,2017-09-26,12.2,10.04,WorthPoint
allende-meteorite,Meteorite**Allende; Carbonaceous Chondrite**18.42 Grams!!!W/Crust,199.0,2017-09-26,18.42,10.8,WorthPoint
allende-meteorite,Allende CV3 Meteorite 37.16g ASU Fusion Crusted Carbonaceous Slice,550.0,2017-09-23,37.16,14.8,WorthPoint
allende-meteorite,Allende CV3 1.5g | Witnessed Fall Feb. 8th 1969 | Fresh Carbonaceous Meteorite,30.0,2017-09-21,1.5,20.0,WorthPoint
allende-meteorite,ALLENDE Meteorite CV3 Witnessed Fall Mexico Carbonaceous 2.3 Grams,28.0,2017-09-03,2.3,12.17,WorthPoint
allende-meteorite,Allende CV3 Meteorite 2.32g. Beautiful End Cut With Huge CAI,30.0,2017-08-20,2.32,12.93,WorthPoint
allende-meteorite,Allende CV3 Meteorite 23.60g Fusion Crusted Carbonaceous Individual,330.0,2017-08-19,23.6,13.98,WorthPoint
allende-meteorite,Low Cost! Historic Witnessed Fall! Amazing Allende Cv3 Meteorite End Cut! 1.3 Gm,26.25,2017-08-18,1.3,20.19,WorthPoint
allende-meteorite,Allende CV3 Meteorite 9.31g Crusted Carbonaceous Endcut W/ Dark Inclusions,150.0,2017-08-12,9.31,16.11,WorthPoint
allende-meteorite,Fantastic 15 Gram ALLENDE METEORITE - 1969 MEXICO FALL- CARBONACEOUS (CV3),300.0,2017-08-11,15.0,20.0,WorthPoint
allende-meteorite,"Libertad - Allende Meteorite - Series Of ""Ounce Of Space"" 2016 1 Oz Silver Coin",56.0,2017-08-09,28.35,1.98,WorthPoint
allende-meteorite,Fantastic 6.48 Gram ALLENDE METEORITE - 1969 MEXICO FALL- CARBONACEOUS (CV3),169.0,2017-08-06,6.48,26.08,WorthPoint
allende-meteorite,Allende CV3 Meteorite 9.18g Crusted Carbonaceous Corner Cut,138.0,2017-08-05,9.18,15.03,WorthPoint
allende-meteorite,1969 Carbonaceous ALLENDE Meteorite 22.4 Gr.,200.0,2017-08-04,22.4,8.93,WorthPoint
allende-meteorite,5.44 Gram ALLENDE METEORITE Endcut W/crust- 1969 MEXICO FALL- CARBONACEOUS (CV3),100.0,2017-08-03,5.44,18.38,WorthPoint
allende-meteorite,3.58 Gram ALLENDE METEORITE End Cut - 1969 MEXICO FALL- CARBONACEOUS (CV3),109.99,2017-08-01,3.58,30.72,WorthPoint
allende-meteorite,ALLENDE Meteorite CV3 Witnessed Fall Mexico Carbonaceous 1.2 Grams,19.0,2017-07-30,1.2,15.83,WorthPoint
allende-meteorite,Allende CV3 Meteorite 21.54g ASU Fusion Crusted Carbonaceous Slice,323.0,2017-07-29,21.54,15.0,WorthPoint
allende-meteorite,3.54g ALLENDE METEORITE End Cut - 1969 MEXICO FALL- CARBONACEOUS (CV3),89.0,2017-07-25,3.54,25.14,WorthPoint
allende-meteorite,.730 Grams ALLENDE Meteorite CV3 Fragment Mexico 1969,10.0,2017-07-22,730.0,0.01,WorthPoint
allende-meteorite,"2016 1 Oz Silver Coin Mexican Libertad, Allende Meteorite, Ounce Of Space..",84.5,2017-07-21,28.35,2.98,WorthPoint
allende-meteorite,Allende CV3 1.4g | Witnessed Fall Feb. 8th 1969 | Fresh Carbonaceous Meteorite,28.0,2017-07-20,1.4,20.0,WorthPoint
allende-meteorite,Allende CV3 Meteorite 23.86g Crusted Carbonaceous Endcut W/ Dark Inclusion,375.0,2017-07-15,23.86,15.72,WorthPoint
allende-meteorite,Allende CV3 2.2g | Witnessed Fall Feb. 8th 1969 | Fresh Carbonaceous Meteorite,44.0,2017-07-07,2.2,20.0,WorthPoint
allende-meteorite,1969 / 1977 35mm Slides Allende Meteorite 196 Photos ORIGINAL Meteor ALBUM,129.5,2017-07-05,,,WorthPoint
allende-meteorite,Allende CV3 0.9g | Witnessed Fall Feb. 8th 1969 | Fresh Carbonaceous Meteorite,18.0,2017-07-01,0.9,20.0,WorthPoint
allende-meteorite,Allende Meteorite 13.3. Gram Half. CV3 Carbonaceous Chondrite. Very Nice...,249.95,2017-06-27,3.0,83.32,WorthPoint
allende-meteorite,Allende CV3 1.7g | Witnessed Fall Feb. 8th 1969 | Fresh Carbonaceous Meteorite,34.0,2017-06-22,1.7,20.0,WorthPoint
allende-meteorite,2.53 Gram ALLENDE METEORITE End Cut - 1969 MEXICO FALL- CARBONACEOUS (CV3),75.99,2017-06-21,2.53,30.04,WorthPoint
allende-meteorite,Allende CV3 Meteorite 11.31g Cool Carbonaceous W/ Crackly Crust,220.0,2017-06-18,11.31,19.45,WorthPoint
allende-meteorite,Fantastic 11.1 Gram ALLENDE METEORITE - 1969 MEXICO FALL- CARBONACEOUS (CV3),170.0,2017-06-09,11.1,15.32,WorthPoint
allende-meteorite,"1969 Feb. 8, Allende CV3.2 Ox Meteorite, Chihuahua, Mexico 7.8 Grams, Great Gift",70.0,2017-06-07,7.8,8.97,WorthPoint
allende-meteorite,ALLENDE CV3 Carbonaceous End Slice With Fusion Crust Of Meteorite Feb 1969 Rare,76.0,2017-06-05,,,WorthPoint
allende-meteorite,Mexico 2016 1 Onza Libertad Ounce Of Space Allende Meteorite 1oz BU Au Plated Ag,78.0,2017-05-24,28.35,2.75,WorthPoint
allende-meteorite,Allende CV3 Meteorite 5.48g Fusion Crusted Carbonaceous Individual,95.0,2017-05-20,5.48,17.34,WorthPoint
allende-meteorite,Valle De Allende 9.7g L4 1983 Chihuahua Mexico JayPiatek Meteorite Collection,119.0,2017-05-19,9.7,12.27,WorthPoint
allende-meteorite,"8.10 Gram Allende, Mexico CV3 Meteorite",66.0,2017-05-18,8.1,8.15,WorthPoint
allende-meteorite,Allende CV3 Meteorite 3.47g Fusion Crusted Carbonaceous Half Stone,61.0,2017-05-13,3.47,17.58,WorthPoint
allende-meteorite,Fantastic 9.38 Gram ALLENDE METEORITE - 1969 MEXICO FALL- CARBONACEOUS (CV3),219.0,2017-05-10,9.38,23.35,WorthPoint
allende-meteorite,Allende CV3 0.8g | Witnessed Fall Feb. 8th 1969 | Fresh Carbonaceous Meteorite,16.0,2017-05-08,0.8,20.0,WorthPoint
allende-meteorite,Extra- Thin 1.49 G ALLENDE METEORITE Slice- 1969 MEXICO FALL- CARBONACEOUS (CV3),49.99,2017-05-07,1.49,33.55,WorthPoint
allende-meteorite,.61 Gram ALLENDE METEORITE Slice - 1969 MEXICO FALL- CARBONACEOUS (CV3),19.0,2017-05-06,61.0,0.31,WorthPoint
allende-meteorite,GEOPHYSICAL RESEARCH LETTERS Allende Meteorite Anomalies Wave-Turbulence 10 1974,17.99,2017-05-02,,,WorthPoint
allende-meteorite,Allende CV3 1.3g | Witnessed Fall Feb. 8th 1969 | Fresh Carbonaceous Meteorite,26.0,2017-04-23,1.3,20.0,WorthPoint
allende-meteorite,"Allende, Mexico CV3 Carbonaceous Chondrite Meteorite",75.0,2017-04-10,,,WorthPoint
allende-meteorite,"ALLENDE, Mexico Meteorite: 12.4 Grams, Nice Fresh Complete Specimen!",125.0,2017-04-09,12.4,10.08,WorthPoint
allende-meteorite,"ALLENDE, Mexico Meteorite: 17.2 Grams, Nice Fresh Complete Specimen!",175.0,2017-04-07,17.2,10.17,WorthPoint
allende-meteorite,2.5 Gram ALLENDE METEORITE Individual - 1969 MEXICO FALL- CARBONACEOUS (CV3),79.99,2017-03-30,2.5,32.0,WorthPoint
allende-meteorite,Allende Official Carbonaceous CV3 Chondrite - ALN-0015 - 0.76g COA - Part Slice,15.2,2017-03-24,0.76,20.0,WorthPoint
allende-meteorite,3.47 Gram ALLENDE METEORITE 1/2 Stone - 1969 MEXICO FALL- CARBONACEOUS (CV3),99.99,2017-03-08,3.47,28.82,WorthPoint
allende-meteorite,"1969 Feb. 8, Allende CV3.2 Ox Meteorite, Chihuahua, Mexico 159 Grams, Great Deal",1649.0,2017-03-07,159.0,10.37,WorthPoint
allende-meteorite,"ALLENDE, Mexico Meteorite: 18.2 Grams, Nice Fresh Complete Specimen!",185.0,2017-03-06,18.2,10.16,WorthPoint
allende-meteorite,2.54 Gram ALLENDE METEORITE Individual - 1969 MEXICO FALL- CARBONACEOUS (CV3),79.99,2017-03-04,2.54,31.49,WorthPoint
allende-meteorite,ALLENDE Meteorite CV3 Witnessed Fall Mexico Carbonaceous 3.2 Grams,42.0,2017-02-28,3.2,13.12,WorthPoint
allende-meteorite,Allende CV3 Meteorite 0.42g Fresh Fragrant Carbonaceous Fragment Lot,18.79,2017-02-18,0.42,44.74,WorthPoint
allende-meteorite,6.09 Gram ALLENDE METEORITE Individual - 1969 MEXICO FALL- CARBONACEOUS (CV3),129.99,2017-02-14,6.09,21.34,WorthPoint
allende-meteorite,ALLENDE Meteorite CV3 Witnessed Fall Mexico Carbonaceous 4.8 Grams,56.69,2017-02-13,4.8,11.81,WorthPoint
allende-meteorite,1 Peso 2016 Mexico - Ounce Of Space. Allende Meteorite - 1 Oz Silver,79.0,2017-02-12,28.35,2.79,WorthPoint
allende-meteorite,Meteorite ALLENDE - Fall 1969 Mexico Carbonaceous CV3 - Nice Slice 4.320g,66.0,2017-02-12,4.32,15.28,WorthPoint
allende-meteorite,Allende Official Carbonaceous CV3 Chondrite - ALN-0005 - 2.84g W/COA - End Cut,71.0,2017-02-10,2.84,25.0,WorthPoint
allende-meteorite,Meteorite ALLENDE - Fall 1969 Mexico Carbonaceous CV3 - Large Endcut 11.2g,123.55,2017-01-29,11.2,11.03,WorthPoint
allende-meteorite,Mexico 2016 1 Onza Libertad Ounce Space With Real Allende Meteorite Silver Coin,57.02,2017-01-28,,,WorthPoint
allende-meteorite,"Allende Meteorite, CV3 Carbonaceous Chondrite, Fragment, 2.70 Grams",47.99,2017-01-15,2.7,17.77,WorthPoint
allende-meteorite,Allende Meteorite Whole Stone -Fusion Crusted - Apollo Lab,34.55,2016-12-28,,,WorthPoint
allende-meteorite,"Allende Meteorite, CV3 Carbonaceous Chondrite, Fragment, 2.30 Grams",39.99,2016-12-26,2.3,17.39,WorthPoint
allende-meteorite,"Allende Meteorite, CV3 Carbonaceous Chondrite, Fragment, 1.90 Grams",32.99,2016-12-26,1.9,17.36,WorthPoint
allende-meteorite,"Allende Meteorite, CV3 Carbonaceous Chondrite, Fragment, 2.91 Grams",50.99,2016-12-23,2.91,17.52,WorthPoint
allende-meteorite,1.08 Gram ALLENDE METEORITE End Cut - 1969 MEXICO FALL- CARBONACEOUS (CV3),35.99,2016-12-16,1.08,33.32,WorthPoint
allende-meteorite,2.54 Gram ALLENDE METEORITE Endcut- 1969 MEXICO FALL- CARBONACEOUS (CV3),79.99,2016-12-12,2.54,31.49,WorthPoint
allende-meteorite,"Allende, Stone Cv3 Carbonaceous Chondrite With FUSION CRUST- Fell In 1969 Mexico",495.0,2016-12-11,,,WorthPoint
allende-meteorite,Allende Meteorite Fragment - 6.2 Grams - Internal Fragment CV3 Mexico Fell 1969,120.0,2016-12-07,6.2,19.35,WorthPoint
allende-meteorite,ALLENDE Meteorite CV3 Witnessed Fall Ex. ASU Specimen 4.5 Grams,59.0,2016-12-06,4.5,13.11,WorthPoint
allende-meteorite,4.78 Gram ALLENDE METEORITE Individual - 1969 MEXICO FALL- CARBONACEOUS (CV3),99.99,2016-12-02,4.78,20.92,WorthPoint
allende-meteorite,4.05 Gram ALLENDE METEORITE Individual - 1969 MEXICO FALL- CARBONACEOUS (CV3),79.99,2016-11-30,4.05,19.75,WorthPoint
allende-meteorite,ALLENDE Meteorite CV3 Witnessed Fall Ex. ASU Specimen 2.8 Grams,38.0,2016-11-29,2.8,13.57,WorthPoint
allende-meteorite,ALLENDE METEORITE Slice - 1969 MEXICO FALL - CARBONACEOUS (CV3) - IMCA 1633,319.95,2016-11-24,,,WorthPoint
allende-meteorite,2.13 Gram Crusted ALLENDE METEORITE Endcut- 1969 MEXICO FALL- CARBONACEOUS (CV3),69.0,2016-11-23,2.13,32.39,WorthPoint
allende-meteorite,"Allende Meteorite, CV3 Carbonaceous Chondrite, Fragment, 2.65 Grams",46.99,2016-11-14,2.65,17.73,WorthPoint
allende-meteorite,9.0 Gram Crusted ALLENDE METEORITE Endcut- 1969 MEXICO FALL- CARBONACEOUS (CV3),250.0,2016-11-13,9.0,27.78,WorthPoint
allende-meteorite,"Mexico 2016 Allende Meteorite A Series Of ""Ounce Of Space"" 1 OZ Silver Coin",78.0,2016-11-09,28.35,2.75,WorthPoint
allende-meteorite,1.11 Gram ALLENDE METEORITE Slice - 1969 MEXICO FALL- CARBONACEOUS (CV3),29.99,2016-10-29,1.11,27.02,WorthPoint
allende-meteorite,ALLENDE CARBONACEUS CHONDRITE CV3 CHIHUAHUA MEXICO 13.2 Gr,175.0,2016-10-25,13.2,13.26,WorthPoint
allende-meteorite,Huge Rare Calcium Aluminum Inclusion - .405 Grams - ALLENDE Meteorite CV3 Mexico,12.5,2016-10-23,405.0,0.03,WorthPoint
allende-meteorite,Allende Meteorite Fragment - 14 Grams - Part Slice And A Chip Mexico Fell 1969,182.5,2016-10-19,14.0,13.04,WorthPoint
allende-meteorite,"Allende Meteorite, CV3 Carbonaceous Chondrite, Fragment, 1.39 Grams",24.99,2016-10-15,1.39,17.98,WorthPoint
allende-meteorite,.70 Gram ALLENDE METEORITE Slice - 1969 MEXICO FALL- CARBONACEOUS (CV3),20.99,2016-10-14,70.0,0.3,WorthPoint
allende-meteorite,.62 Gram ALLENDE METEORITE Endcut- 1969 MEXICO FALL- CARBONACEOUS (CV3),19.99,2016-10-14,62.0,0.32,WorthPoint
allende-meteorite,Allende Meteorite Whole Stone Fully Fusion Crusted Apollo Lab,45.0,2016-10-09,,,WorthPoint
allende-meteorite,3.4 Gram Crusted ALLENDE METEORITE Endcut- 1969 MEXICO FALL- CARBONACEOUS (CV3),85.0,2016-10-05,3.4,25.0,WorthPoint
allende-meteorite,Allende Stone Meteorite,413.32,2016-10-05,,,WorthPoint
allende-meteorite,Allende CV3 Meteorite 0.55g Fresh Fragrant Carbonaceous Fragment Lot,10.49,2016-10-01,0.55,19.07,WorthPoint
allende-meteorite,2.15 Gram Crusted ALLENDE METEORITE - 1969 MEXICO FALL- CARBONACEOUS (CV3),65.0,2016-09-30,2.15,30.23,WorthPoint
allende-meteorite,4.56 Gram Crusted ALLENDE METEORITE Endcut- 1969 MEXICO FALL- CARBONACEOUS (CV3),115.0,2016-09-28,4.56,25.22,WorthPoint
allende-meteorite,3.15 Gram Crusted ALLENDE METEORITE Endcut- 1969 MEXICO FALL- CARBONACEOUS (CV3),99.0,2016-09-26,3.15,31.43,WorthPoint
allende-meteorite,Allende Meteorite Fragment - 8.9 Grams - Internal Fragment CV3 Mexico Fell 1969,120.0,2016-09-26,8.9,13.48,WorthPoint
allende-meteorite,Allende CV3 Meteorite 0.87g Fresh Fragrant Carbonaceous Frag/Slice Lot,18.5,2016-09-24,0.87,21.26,WorthPoint
allende-meteorite,"Allende Meteorite, CV3 Carbonaceous Chondrite, Fragment, 5.8 Grams",93.99,2016-09-23,5.8,16.21,WorthPoint
allende-meteorite,"Ward's Science Meteorite Starter Kit Allende, Tektite, Pallisite, Iron, & Stony",70.0,2016-09-18,,,WorthPoint
allende-meteorite,"Meteorite**Allende, Mexico**47.6 Grams From ASU",599.0,2016-09-13,47.6,12.58,WorthPoint
allende-meteorite,Allende Meteorite Fragment - 1.5 Grams - Internal Fragment CV3 Mexico Fell 1969,25.0,2016-08-28,1.5,16.67,WorthPoint
allende-meteorite,ALLENDE METEORITE SPECIMEN - 10.7g With Micromount & Professional Label,111.01,2016-08-28,10.7,10.37,WorthPoint
allende-meteorite,Allende Meteorite Fragment - 1.9 Grams - Internal Fragment CV3 Mexico Fell 1969,28.0,2016-08-23,1.9,14.74,WorthPoint
allende-meteorite,Allende Meteorite - Cv3 - 1.2 Grams,30.99,2016-08-20,1.2,25.82,WorthPoint
allende-meteorite,Allende Meteorite Fragment - 2.1 Grams - Internal Fragment CV3 Mexico Fell 1969,18.0,2016-08-01,2.1,8.57,WorthPoint
allende-meteorite,Allende Meteorite Fragment - 3.2 Grams - Internal Fragment CV3 Mexico Fell 1969,25.0,2016-08-01,3.2,7.81,WorthPoint
allende-meteorite,Allende CV3 Meteorite 0.52g Fresh Fragrant Carbonaceous Fragment,12.0,2016-07-30,0.52,23.08,WorthPoint
allende-meteorite,3.8 Gram Crusted ALLENDE METEORITE - 1969 MEXICO FALL - CARBONACEOUS,75.0,2016-07-27,3.8,19.74,WorthPoint
allende-meteorite,ALLENDE Meteorite CV3 Witnessed Fall Ex. ASU Specimen 2.9 Grams,30.0,2016-07-26,2.9,10.34,WorthPoint
allende-meteorite,Allende Carbonaceous Chondrite CV3 Nanodiamond Star Dust By Meteorite Men Steve,14.99,2016-07-25,,,WorthPoint
allende-meteorite,Allende Meteorite - Cv3 - 7 Grams *** Fall From Mexico ***,67.0,2016-07-23,7.0,9.57,WorthPoint
allende-meteorite,Allende CV3 Meteorite 0.11g Fresh Fragrant Carbonaceous Chondrule Lot,10.5,2016-07-23,0.11,95.45,WorthPoint
allende-meteorite,Allende CV3 Meteorite 0.53g Fresh Fragrant Carbonaceous Fragment,16.0,2016-07-17,0.53,30.19,WorthPoint
allende-meteorite,ALLENDE Meteorite CV3 Witnessed Fall Ex. ASU Specimen 3.3 Grams,43.0,2016-07-08,3.3,13.03,WorthPoint
allende-meteorite,"Allende Meteorite, CV3 Carbonaceous Chondrite, Fragment, 1.79 Grams",30.99,2016-07-03,1.79,17.31,WorthPoint
allende-meteorite,"Allende Meteorite, CV3 Carbonaceous Chondrite, Fragment, 5.6 Grams",83.99,2016-07-03,5.6,15.0,WorthPoint
allende-meteorite,12 Gram Small Crusted ALLENDE Meteorite -CV3 With CAI'S - Fall In Mexico 1969,195.0,2016-07-02,12.0,16.25,WorthPoint
allende-meteorite,"Allende Meteorite, CV3 Carbonaceous Chondrite, Fragment, 1.42 Grams",24.99,2016-06-20,1.42,17.6,WorthPoint
allende-meteorite,13.7 Gram Small Crusted ALLENDE Meteorite -CV3 With CAI'S - Fall In Mexico 1969,165.75,2016-06-11,13.7,12.1,WorthPoint
allende-meteorite,Meteorite - Allende Carbonaceous Chondrite (CV3) - Awesome Large Specimen - 131g,1950.0,2016-05-11,131.0,14.89,WorthPoint
allende-meteorite,4.78 Gram Small Crusted ALLENDE Meteorite -CV3 With CAI'S - Fall In Mexico 1969,69.0,2016-05-05,4.78,14.44,WorthPoint
allende-meteorite,6.7 Gram Small Crusted ALLENDE Meteorite -CV3 With CAI'S - Fall In Mexico 1969,84.15,2016-04-20,6.7,12.56,WorthPoint
allende-meteorite,"Allende Meteorite, CV3 Carbonaceous Chondrite, Fragment, 2.0 Grams",33.99,2016-04-06,2.0,17.0,WorthPoint
allende-meteorite,121.2 Gram Or 4.23oz Crusted W/Inclusion ALLENDE Meteorite Fall In Mexico 1969,790.0,2016-04-03,121.2,6.52,WorthPoint
allende-meteorite,Allende Meteorite - Cv3 - 5.3 Grams *** Fall From Mexico ***,30.0,2016-04-02,5.3,5.66,WorthPoint
allende-meteorite,10.4 Gram Allende Meteorite Wedge - CV3 - Mexico Fall 1969,200.0,2016-03-23,10.4,19.23,WorthPoint
allende-meteorite,"Allende Meteorite, CV3 Carbonaceous Chondrite, Fragment, 1.6 Grams",27.99,2016-03-23,1.6,17.49,WorthPoint
allende-meteorite,"Allende Meteorite, CV3 Carbonaceous Chondrite, Fragment, 1.5 Grams",10.0,2016-03-17,1.5,6.67,WorthPoint
allende-meteorite,"Allende Meteorite, CV3 Carbonaceous Chondrite, Fragment, 5.3 Grams",79.99,2016-03-13,5.3,15.09,WorthPoint
allende-meteorite,ALLENDE Meteorite CV3 Witnessed Fall Ex. ASU Specimen 2.2 Grams,29.0,2016-03-11,2.2,13.18,WorthPoint
allende-meteorite,5.1 Gram Allende Meteorite Internal Specimen - CV3 - Mexico Fall 1969,100.0,2016-02-17,5.1,19.61,WorthPoint
allende-meteorite,Allende CV3 Meteorite 1.11g Fresh Fragrant Carbonaceous Slice Lot,11.49,2016-02-06,1.11,10.35,WorthPoint
allende-meteorite,Allende CV3 Meteorite 822g Fresh Fusion Crusted Carbonaceous Individual,8000.0,2016-02-05,822.0,9.73,WorthPoint
allende-meteorite,3 Gram (individual) ALLENDE Meteorite -CV3 With CAI'S - Fall In Mexico 1969,49.0,2016-01-14,3.0,16.33,WorthPoint
allende-meteorite,Meteorite - Allende Carbonaceous Chondrite (CV3) - Nice Specimen - 6.2g,90.0,2016-01-11,6.2,14.52,WorthPoint
allende-meteorite,Allende CV3 Meteorite 10.43g Fresh Carbonaceous 92% Crusted Individual,185.5,2016-01-09,10.43,17.79,WorthPoint
allende-meteorite,4.9 Gram Fragment Of ALLENDE Mexico Witnessed Fall Carbonaceous METEORITE,12.5,2015-10-05,4.9,2.55,WorthPoint
allende-meteorite,"Lot: Meteorite Books. 8 Volumes. Allende, Murchison, Tektites, Schreibersite.",52.0,2015-06-05,,,WorthPoint
allende-meteorite,A Small ALLENDE Meteorite Fragment! Feb 8 1969 Fall Mexico 0.95gr,14.99,2014-11-25,0.95,15.78,WorthPoint
allende-meteorite,"2005 ALLENDE METEORITE Mexico Stamp Mineral Series, Mint NH, Rare Item Thus!",29.78,2014-11-21,,,WorthPoint
allende-meteorite,Allende CV3 Meteorite 2.81g Fresh Fragrant Fragment,37.0,2014-11-19,2.81,13.17,WorthPoint
allende-meteorite,Allende Cv3 Meteorite A Lovely 2.68 Gram Piece,31.27,2014-11-19,2.68,11.67,WorthPoint
allende-meteorite,.836 Grams Allende - ( Class CV3 ) METEORITE Fragment Found In Mexico,10.0,2014-11-18,836.0,0.01,WorthPoint
allende-meteorite,Allende CV3 Carbonaceous Meteorite 3.6g,24.55,2014-11-15,3.6,6.82,WorthPoint
allende-meteorite,Allende CV3 Meteorite 3.06g Fresh Fragrant Fragment,39.0,2014-11-03,3.06,12.75,WorthPoint
allende-meteorite,"Allende, Mexico Meteorite (CV3)",36.0,2014-11-02,,,WorthPoint
allende-meteorite,Allende CV3 Meteorite 3.33g Fresh Fusion Crusted Fragment,35.0,2014-11-01,3.33,10.51,WorthPoint
allende-meteorite,"Three Rare Meteorites, Vaca Muerta, Allende And Tatahouine",8.0,2014-10-31,,,WorthPoint
allende-meteorite,ALLENDE CV3 Meteorite Fresh Fragment 2.2 Grams CAI,20.0,2014-10-26,2.2,9.09,WorthPoint
allende-meteorite,Allende CV3 Meteorite 2.33g Fresh Fusion Crusted Fragment,24.0,2014-10-25,2.33,10.3,WorthPoint
allende-meteorite,Allende CV3 Meteorite 0.46g Fresh Crusted Carbonaceous Slice W/ CAIs,19.49,2014-10-18,0.46,42.37,WorthPoint
allende-meteorite,Allende A Rare CV3 Meteorite From Mexico 1.65 Grams,16.15,2014-10-10,1.65,9.79,WorthPoint
allende-meteorite,"Allende Slice - The Cosmic Cruise Missle From - ""before""",937.5,2014-09-28,,,WorthPoint
allende-meteorite,Allende Slice - Some Of The Oldest Material In The Universe,3500.0,2014-09-28,,,WorthPoint
allende-meteorite,"Allende, A Rare CV3 Type Meteorite From Mexico, 3 Grams",34.09,2014-09-12,3.0,11.36,WorthPoint
allende-meteorite,Allende CV3 Meteorite 0.81g Fresh Carbonaceous Full Slice,20.0,2014-07-05,0.81,24.69,WorthPoint
allende-meteorite,"Meteorite! Witnessed Fall! Allende, Mexico - CV3 - 1.78g - CAI + Fusion Crust!!!",31.5,2014-07-05,1.78,17.7,WorthPoint
allende-meteorite,Allende CV3 Meteorite 12.15g Fresh Fusion Crusted Fragment,133.0,2014-07-05,12.15,10.95,WorthPoint
allende-meteorite,ALLENDE Meteorite Fragment Fell Feb 8 1969 In Mexico 1.3 Gr,19.99,2014-07-03,1.3,15.38,WorthPoint
allende-meteorite,Allende Cv3 Meteorite Slice 28x36mm Ships From US,52.5,2014-07-01,,,WorthPoint
allende-meteorite,Allende CV3 Meteorite 1.60g Fresh Carbonaceous Full Slice,33.0,2014-06-30,1.6,20.62,WorthPoint
allende-meteorite,Allende CV3 Meteorite 2.07g Fresh Carbonaceous Full Slice,31.0,2014-06-28,2.07,14.98,WorthPoint
allende-meteorite,Nice Black ALLENDE Meteorite Fragment 1.6gr! Fell Feb 8 1969 In Mexico,22.99,2014-06-16,1.6,14.37,WorthPoint
allende-meteorite,Allende CV3 Meteorite 0.58g Fresh Carbonaceous Slice W/ Dark Inclusion,17.0,2014-06-14,0.58,29.31,WorthPoint
allende-meteorite,ALLENDE CV3 Meteorite Fresh Fragment 5.1 Grams CAIs,41.0,2014-06-08,5.1,8.04,WorthPoint
allende-meteorite,"Meteorite Thin Section ALLENDE (CV3), Fell 1969 In Mexico! - Very Nice !",72.0,2014-06-01,,,WorthPoint
allende-meteorite,Allende CV3 Meteorite 1.70g Fresh Fragrant Fragment,15.5,2014-05-24,1.7,9.12,WorthPoint
allende-meteorite,"Allende CV3 Meteorite: Beautiful Half Stone With Fusion Crust, 28.23 G!",355.0,2014-04-23,28.23,12.58,WorthPoint
allende-meteorite,Allende CV3 Meteorite 1.28g Fresh Fragrant Carbonaceous Full Slice,26.0,2014-04-21,1.28,20.31,WorthPoint
allende-meteorite,Allende CV3 Meteorite 2.43g Fresh Fragrant Fragment,29.0,2014-04-18,2.43,11.93,WorthPoint
allende-meteorite,Allende CV3 Meteorite Slice 29 X 20mm Ships From The UK,19.5,2014-04-17,,,WorthPoint
allende-meteorite,Allende CV3 Meteorite 0.74g Fresh Fragrant Carbonaceous Full Slice,20.0,2014-04-13,0.74,27.03,WorthPoint
allende-meteorite,A Little ALLENDE Meteorite Fragment! Feb 8 1969 Fall Mexico 1.4gr,29.99,2014-04-04,1.4,21.42,WorthPoint
allende-meteorite,Allende CV3 Meteorite 0.81g Fresh Fragrant Carbonaceous Endcut,20.0,2014-04-03,0.81,24.69,WorthPoint
allende-meteorite,Meteorite - Carbonaceous Chondrite CV3 - Allende - 1969 Mexico - W Certificate,88.89,2014-04-02,,,WorthPoint
allende-meteorite,Allende CV3 Meteorite 3.14g Fresh Fusion Crusted Fragment,37.0,2014-04-02,3.14,11.78,WorthPoint
allende-meteorite,Allende CV3 1.5grams,45.0,2014-03-30,1.5,30.0,WorthPoint
allende-meteorite,1.07 Grams Allende -Class CV3 Meteorite Fragment In A Gem Case - Found In Mexico,13.5,2014-03-30,1.07,12.62,WorthPoint
allende-meteorite,1.45 Grams Allende -Class CV3 Meteorite Fragment In A Gem Case - Found In Mexico,13.99,2014-03-30,1.45,9.65,WorthPoint
allende-meteorite,‚òÖ‚òÜ ALLENDE CV3 Meteorite Fresh Fragment 4.2 Grams,35.0,2014-03-30,4.2,8.33,WorthPoint
allende-meteorite,Allende 53.74g CRUSTED Fragment Carbonaceous Meteorite Former ASU,550.0,2014-03-29,53.74,10.23,WorthPoint
allende-meteorite,Allende CV3 Meteorite 32.58g Fresh Fusion Crusted Fragment,320.0,2014-03-29,32.58,9.82,WorthPoint
allende-meteorite,.919 Grams Allende -Class CV3 Meteorite Fragment In A Gem Case - Found In Mexico,15.25,2014-03-28,919.0,0.02,WorthPoint
allende-meteorite,.718 Grams Allende -Class CV3 Meteorite Fragment In A Gem Case - Found In Mexico,11.5,2014-03-28,718.0,0.02,WorthPoint
allende-meteorite,Allende CV3 Meteorite 1.36g Fresh Fragrant Carbonaceous Full Slice,28.0,2014-03-27,1.36,20.59,WorthPoint
allende-meteorite,"2005 ALLENDE METEORITE Mexico Stamp Mineral Series, MNH",19.98,2014-03-27,,,WorthPoint
allende-meteorite,Meteorite ALLENDE - Fall Mexico - CV3 Carbonaceous - Fresh Crusted Endcut 3.7g,74.0,2014-03-26,3.7,20.0,WorthPoint
allende-meteorite,"Meteorite Thin Section ALLENDE (CV3.2), Fell 1969 In Mexico! - Very Nice !",99.0,2014-03-23,,,WorthPoint
allende-meteorite,Allende CV3 Meteorite 4.38g Fresh Fusion Crusted Fragment,52.0,2014-03-23,4.38,11.87,WorthPoint
allende-meteorite,Allende CV3 Meteorite 1.79g Fresh Fragrant Carbonaceous Full Slice,35.0,2014-03-22,1.79,19.55,WorthPoint
allende-meteorite,1.27 Grams With A 7x3mm CAI - Allende - CV3 Meteorite Fragment- Found In Mexico,14.99,2014-03-21,1.27,11.8,WorthPoint
allende-meteorite,‚òÖ‚òÜ ALLENDE CV3 Meteorite Fresh Fragment 3.96 Grams,34.0,2014-03-16,3.96,8.59,WorthPoint
allende-meteorite,Allende CV3 Meteorite 3.17g Fresh Fragrant Carbonaceous Endcut,73.0,2014-03-15,3.17,23.03,WorthPoint
allende-meteorite,Allende 14.96g Fragment Carbonaceous Meteorite Former ASU,170.0,2014-03-12,14.96,11.36,WorthPoint
allende-meteorite,‚òÖ‚òÜ ALLENDE NICE CAI CV3 Meteorite Fresh Fragment 4.6 Grams,38.0,2014-03-09,4.6,8.26,WorthPoint
allende-meteorite,"Meteorite ALLENDE CV3.2 - Mexico, Fell 1969, 0.789 G - Very Thin Full Slice!",57.06,2014-03-09,0.789,72.32,WorthPoint
allende-meteorite,"Meteorite ALLENDE CV 3.2 - Polished Slice - TKW 999kg - 1969 Mexico, 0.18 G",12.5,2014-03-09,0.18,69.44,WorthPoint
allende-meteorite,A Small ALLENDE Meteorite Fragment! Feb 8 1969 Fall Mexico 1.1gr,22.99,2014-03-05,1.1,20.9,WorthPoint
allende-meteorite,Allende CV3 Meteorite 0.60g Fresh Fragrant Carbonaceous Full Slice,16.0,2014-03-03,0.6,26.67,WorthPoint
allende-meteorite,Allende CV3 Meteorite 2.68g Fresh Fragrant Fragment W/ Impact Markings,23.0,2014-03-01,2.68,8.58,WorthPoint
allende-meteorite,"Meteorite ALLENDE CV3.2 - Mexico, Fell 1969, 0.509 G - Very Thin Full Slice!",12.6,2014-02-23,0.509,24.75,WorthPoint
allende-meteorite,Meteorite Thin Section ALLENDE (CV3) - Stunning!!!,96.0,2014-02-23,,,WorthPoint
allende-meteorite,ALLENDE Meteorite Fragment Fell Feb 8 1969 In Mexico 1.8gr,24.99,2014-02-06,1.8,13.88,WorthPoint
allende-meteorite,Allende CV3 Carbonaceous Chondrite Meteorite - ALN-0024 - 0.83g Part Slice,16.6,2014-02-04,0.83,20.0,WorthPoint
allende-meteorite,Allende CV3 Carbonaceous Chondrite Meteorite - ALN-0023 - 0.63g Part Slice,12.6,2014-01-31,0.63,20.0,WorthPoint
allende-meteorite,"Meteorite! Witnessed Fall! Allende, Mexico - CV3 - 6.04g - CAI + Fusion Crust!!!",108.0,2014-01-12,6.04,17.88,WorthPoint
allende-meteorite,Allende - Carbonaceous Chondrite Meteorite From Mexico - 1.636 Grams,30.0,2014-01-09,1.636,18.34,WorthPoint
allende-meteorite,"Meteorite - Allende, 15g Individual",130.48,2014-01-04,15.0,8.7,WorthPoint
allende-meteorite,Allende CV3 Meteorite 1.90g Fresh Fragrant Carbonaceous Endcut,30.0,2014-01-04,1.9,15.79,WorthPoint
allende-meteorite,Allende CV3 Meteorite 0.43g Fresh Fragrant Carbonaceous Full Slice,15.0,2014-01-04,0.43,34.88,WorthPoint
allende-meteorite,Allende CV3 Meteorite 1.97g Fresh Fragrant Fragment W/ Large CAI,23.0,2014-01-04,1.97,11.68,WorthPoint
allende-meteorite,Untouched Allende Meteorite - 3.5 Grams,21.5,2013-12-22,3.5,6.14,WorthPoint
allende-meteorite,Allende CV3 Meteorite 0.37g Fresh Fragrant Carbonaceous Full Slice,10.0,2013-12-21,0.37,27.03,WorthPoint
allende-meteorite,Allende CV3 Meteorite 0.34g Fresh Fragrant Carbonaceous Full Slice,12.0,2013-12-19,0.34,35.29,WorthPoint
allende-meteorite,Allende CV3 Meteorite 2.16g Fresh Fusion Crusted Fragment W/ Large CAI,25.0,2013-12-15,2.16,11.57,WorthPoint
allende-meteorite,Allende CV3 Meteorite 7.26g Fresh Fragrant Fragment W/ Large CAI,62.0,2013-12-14,7.26,8.54,WorthPoint
allende-meteorite,Allende CV3 Meteorite 2.47g Fresh Fragrant Fragment W/ Large CAI,29.0,2013-12-14,2.47,11.74,WorthPoint
allende-meteorite,"Meteorite Allende. CV3 Nice End Cut 28,2 G",280.0,2013-12-08,2.0,140.0,WorthPoint
allende-meteorite,"Meteorite: 1969 Feb. 8, Allende, Mexico 1.7 Grams From Mark Bostick Collection",15.0,2013-12-08,1.7,8.82,WorthPoint
allende-meteorite,"Meteorite: 1969 Feb. 8, Allende, Mexico 1.3 Grams From Mark Bostick Collection",14.01,2013-12-07,1.3,10.78,WorthPoint
allende-meteorite,Allende CV3 Meteorite 0.33g Fresh Fragrant Carbonaceous Full Slice,12.0,2013-12-07,0.33,36.36,WorthPoint
allende-meteorite,Allende CV3 Meteorite 0.68g Fresh Fragrant Carbonaceous Full Slice,19.0,2013-12-01,0.68,27.94,WorthPoint
allende-meteorite,Allende CV3 Meteorite 0.53g Fresh Fragrant Carbonaceous Full Slice,15.0,2013-11-25,0.53,28.3,WorthPoint
allende-meteorite,‚òÖ‚òÜ ALLENDE CV3 Meteorite Fresh Fragment 3.6 Grams,29.0,2013-11-24,3.6,8.06,WorthPoint
allende-meteorite,Allende Meteorite. 5.8 Gm Quarter-stone. Polished Faces. Nice Crust.,50.0,2013-11-23,5.8,8.62,WorthPoint
allende-meteorite,Allende CV3 Meteorite 2.35g Fresh Fusion Crusted Fragment W/ Large CAI,27.0,2013-11-23,2.35,11.49,WorthPoint
allende-meteorite,Allende CV3 Carbonaceous Chondrite Meteorite - ALN-0020 - 0.90g Part Slice,17.95,2013-11-22,0.9,19.94,WorthPoint
allende-meteorite,Allende Meteorite. 6.2 Gm Quarter-stone. Polished Faces. Nice Crust.,65.0,2013-11-18,6.2,10.48,WorthPoint
allende-meteorite,Allende CV3 Carbonaceous Chondrite Meteorite - ALN-0025 - 0.84g Part Slice,16.8,2013-11-18,0.84,20.0,WorthPoint
allende-meteorite,Allende CV3 Meteorite 3.63g Fresh Fragrant Fragment W/ Large CAI,28.0,2013-11-16,3.63,7.71,WorthPoint
allende-meteorite,Allende - Carbonaceous Chondrite Meteorite From Mexico - 2.282 Grams,40.0,2013-11-16,2.282,17.53,WorthPoint
allende-meteorite,Allende CV3 Meteorite 2.32g Fresh Fragrant Carbonaceous Full Slice,54.0,2013-11-14,2.32,23.28,WorthPoint
allende-meteorite,Allende Meteorite. 7.4 Gm Quarter-stone. Polished Faces. Nice Crust. Metal Bleb.,81.0,2013-11-13,7.4,10.95,WorthPoint
allende-meteorite,*** Meteorite Allende (CV3) - 3.78 G ***,43.0,2013-11-13,3.78,11.38,WorthPoint
allende-meteorite,ALLENDE Meteorite Fragment Fell Feb 8 1969 In Mexico .8 Gr,10.99,2013-11-12,8.0,1.37,WorthPoint
allende-meteorite,Untouched Allende Meteorite - 8.4 Grams,71.0,2013-11-10,8.4,8.45,WorthPoint
allende-meteorite,Allende CV3 Meteorite 3.34g Fresh Fragrant Fragment W/ Large CAI,26.0,2013-11-09,3.34,7.78,WorthPoint
allende-meteorite,Allende Meteorite. 9.1 Gm Quarter-stone. Polished Faces. Nice Crust. Metal Bleb.,93.0,2013-11-05,9.1,10.22,WorthPoint
allende-meteorite,Allende CV3 Meteorite 2.72g Fresh Fragrant Fragment W/ Large CAI,31.0,2013-11-02,2.72,11.4,WorthPoint
allende-meteorite,"Meteorite! Witnessed Fall! - Allende, Mexico - CV3 - 0.578g - Beautiful CAI",16.0,2013-10-28,0.578,27.68,WorthPoint
allende-meteorite,Allende CV3 Meteorite 0.92g Fresh Fragrant Carbonaceous Full Slice,21.0,2013-10-27,0.92,22.83,WorthPoint
allende-meteorite,Allende CV3 Meteorite 1.14g Fresh Fragrant Carbonaceous Full Slice,20.5,2013-10-26,1.14,17.98,WorthPoint
allende-meteorite,Nice Almost Black 1.1 Gr ALLENDE Meteorite Feb 8 1969 Fall Mexico,24.99,2013-10-26,1.1,22.72,WorthPoint
allende-meteorite,Allende CV3 Meteorite 2.60g Fresh Fragrant Fragment W/ Large CAI,29.0,2013-10-22,2.6,11.15,WorthPoint
allende-meteorite,Allende CV3 Meteorite 6.53g Fresh Fragrant Fragment W/ Large CAI,38.0,2013-10-19,6.53,5.82,WorthPoint
allende-meteorite,Allende CV3 Meteorite 0.82g Fresh Fragrant Carbonaceous Full Slice,19.0,2013-10-19,0.82,23.17,WorthPoint
allende-meteorite,Allende Meteorite. 11.9 Gram Half Stone. Polished Face. Nice Crust.,185.5,2013-10-17,11.9,15.59,WorthPoint
allende-meteorite,*** Meteorite Allende (CV3) - 3.74 G ***,44.0,2013-10-17,3.74,11.76,WorthPoint
allende-meteorite,ALLENDE METEORITE RARE CV3 CARBONACEOUS 5.03gr POLISHED SLICE,40.5,2013-10-15,5.03,8.05,WorthPoint
allende-meteorite,"Meteorite - Allende, 18.4g Partially Crusted CV3 Individual",142.5,2013-10-13,18.4,7.74,WorthPoint
allende-meteorite,"Chondrite CV3 / Mexico : ALLENDE Meteorite 15.9 Grams (fell Feb 8,1969)",100.0,2013-10-06,15.9,6.29,WorthPoint
allende-meteorite,Nice Almost Black 1.4 Gr ALLENDE Meteorite Feb 8 1969 Fall Mexico,22.99,2013-10-06,1.4,16.42,WorthPoint
allende-meteorite,"METEORITE Allende, Mexico, 1969 - Boxed Display Card",8.03,2013-10-03,,,WorthPoint
allende-meteorite,Allende CV3 Meteorite 6.91g Fresh Fragrant Fragment W/ Large CAI,54.0,2013-09-28,6.91,7.81,WorthPoint
allende-meteorite,ALLENDE Meteorite - CV3 3.88g - Ex-Fujihara Ex-Haag,55.0,2013-09-26,3.88,14.18,WorthPoint
allende-meteorite,Allende CV3 Meteorite 0.97g Fresh Fragrant Carbonaceous Full Slice,20.0,2013-09-21,0.97,20.62,WorthPoint
allende-meteorite,Allende CV3 Meteorite 4.06g Fresh Fusion Crusted Complete Individual,69.0,2013-09-21,4.06,17.0,WorthPoint
allende-meteorite,Allende CV3 Meteorite 2.44g Fresh Fragrant Carbonaceous Full Slice,39.0,2013-09-21,2.44,15.98,WorthPoint
allende-meteorite,Allende Meteorite. 12.5 Gram Quarter Stone. Two Polished Faces. Nice Crust.,129.0,2013-09-07,12.5,10.32,WorthPoint
allende-meteorite,Allende CV3 Meteorite 6.74g Fresh Fusion Crusted Complete Individual,153.0,2013-09-02,6.74,22.7,WorthPoint
allende-meteorite,Allende(CV3)Carbonaceous Chondrite Meteorite 17.4 Gram Specimen!!!,133.5,2013-08-28,17.4,7.67,WorthPoint
allende-meteorite,‚òÖ‚òÜ‚òÖ ALLENDE CV3 Meteorite Fresh Fragment 5.07 Grams,54.0,2013-08-28,5.07,10.65,WorthPoint
allende-meteorite,‚òÖ‚òÜ‚òÖ ALLENDE CV3 Meteorite Fresh Fragment 2.81 Grams,23.0,2013-08-25,2.81,8.19,WorthPoint
allende-meteorite,‚òÖ‚òÜ‚òÖ ALLENDE CV3 Meteorite Fresh Fragment 4.49 Grams,47.0,2013-08-21,4.49,10.47,WorthPoint
allende-meteorite,Allende CV3 Meteorite 7.26g Fresh Fragrant Fragment,53.0,2013-07-13,7.26,7.3,WorthPoint
allende-meteorite,Allende Meteorite. 12.3 Gram Half Stone. Polished Faces.,160.0,2013-07-12,12.3,13.01,WorthPoint
allende-meteorite,Allende Carbonaceous Chondrite Meteorite Fusion Crust Uncut Stone 17.72g 35mm,100.0,2013-07-09,17.72,5.64,WorthPoint
allende-meteorite,Allende Meteorite CV3 Carbonaceous Chondrite 31.85 Gram Mexico Fell Feb 8th 1969,275.0,2013-07-06,31.85,8.63,WorthPoint
allende-meteorite,Allende CV3 Meteorite 2.52g Fresh Fragrant Carbonaceous Partial Slice,39.0,2013-07-06,2.52,15.48,WorthPoint
allende-meteorite,14.44gram ALLENDE -End Cut - RARE CARBONACEOUS METEORITE With CAI's,190.27,2013-07-05,14.44,13.18,WorthPoint
allende-meteorite,Allende CV3 Meteorite 1.98g Fresh Fragrant Fragment W/ Large CAI,15.0,2013-07-04,1.98,7.58,WorthPoint
allende-meteorite,Allende Meteorite. 8.6 Gram Quarter Stone. Two Polished Faces.,110.0,2013-07-02,8.6,12.79,WorthPoint
allende-meteorite,*** ALLENDE CV3 Nice CAI Meteorite Fresh Fragment 5.99 Grams,52.78,2013-06-30,5.99,8.81,WorthPoint
allende-meteorite,*** ALLENDE CV3 Meteorite Fresh Fragment 2.60 Grams,20.0,2013-06-30,2.6,7.69,WorthPoint
allende-meteorite,Allende CV3 Meteorite 14.26g Fresh Fragrant Endcut Of A Carbonaceous Fall,175.0,2013-06-29,14.26,12.27,WorthPoint
allende-meteorite,Allende CV3 Meteorite 1.84g Fresh Fragrant Carbonaceous Partial Slice,37.11,2013-06-29,1.84,20.17,WorthPoint
allende-meteorite,Allende CV3 Meteorite 2.09g Fresh Fragrant Fragment W/ Large CAI,15.11,2013-06-29,2.09,7.23,WorthPoint
allende-meteorite,Allende Meteorite 39.5 Gram - Leonard Collection Markings - CV3 Carbonaceous,1000.0,2013-06-25,39.5,25.32,WorthPoint
allende-meteorite,Allende CV3 Meteorite 19.60g Fresh Fusion Crusted Endcut W/ Impact Markings,225.0,2013-06-22,19.6,11.48,WorthPoint
allende-meteorite,Allende CV3 Meteorite 2.29g Fresh Fragrant Carbonaceous Partial Slice,32.0,2013-06-22,2.29,13.97,WorthPoint
allende-meteorite,Allende CV3 Meteorite 1.87g Fresh Fragrant Fragment W/ Large CAI,10.5,2013-06-22,1.87,5.61,WorthPoint
allende-meteorite,Allende Meteorite. 7.7 Gram Quarter Stone. Two Polished Faces.,99.0,2013-06-22,7.7,12.86,WorthPoint
allende-meteorite,Allende CV3 Meteorite 9.72g Fresh Fragrant Fragment,91.0,2013-06-15,9.72,9.36,WorthPoint
allende-meteorite,Observed Fall 1969 Allende Cv3 Carbonaceous Chondrite Meteorite Mexico 31,11.5,2013-06-12,,,WorthPoint
allende-meteorite,"Allende Meteorite CV3 Carbonaceous Chondrite 5.3 Gram Mexico Fell Feb. 8th, 1969",29.95,2013-06-08,5.3,5.65,WorthPoint
allende-meteorite,Allende CV3 Meteorite 1.93g Fresh Fusion Crusted Partial Slice,41.0,2013-06-08,1.93,21.24,WorthPoint
allende-meteorite,Allende Meteorite 1.8 G,18.0,2013-06-06,1.8,10.0,WorthPoint
allende-meteorite,"Meteorite: 1969 Feb. 8, Allende CV3.2 Ox, Chihuahua, Mexico 1.16 Grams",21.0,2013-06-05,1.16,18.1,WorthPoint
allende-meteorite,Allende CV3 Meteorite 2.80g Fresh Fusion Crusted Partial Slice,41.0,2013-05-25,2.8,14.64,WorthPoint
allende-meteorite,Allende - Carbonaceous Chondrite (CV3) Meteorite From Mexico - 1.809 Grams,22.0,2013-05-25,1.809,12.16,WorthPoint
allende-meteorite,"Allende Meteorite CV3 Carbonaceous Chondrite 5.2 Gram Mexico Fell Feb. 8th, 1969",49.95,2013-05-22,5.2,9.61,WorthPoint
allende-meteorite,Inclusions In The Allende Meteorite - Meteorites Asteroids Space Scarce 1st Ed,24.5,2013-05-20,,,WorthPoint
allende-meteorite,*** ALLENDE CV3 Meteorite Fresh Fragment 6.86 Grams,72.0,2013-05-13,6.86,10.5,WorthPoint
allende-meteorite,Allende CV3 Meteorite 2.31g Fresh Fusion Crusted Partial Slice,35.0,2013-05-11,2.31,15.15,WorthPoint
allende-meteorite,Allende Meteorite Carbonaceous Chondrite Type III CV3 Acrylic PaperWeight,50.0,2013-05-09,,,WorthPoint
allende-meteorite,Nice Black ALLENDE Meteorite Fragment 3.0gr! Fell Feb 8 1969 In Mexico,59.99,2013-05-08,3.0,20.0,WorthPoint
allende-meteorite,NWA 5546 CV3 Carbonaceous Meteorite Like Allende 35.8g Slice 4/g!!,141.0,2013-04-26,35.8,3.94,WorthPoint
allende-meteorite,Allende Meteorite. 7.8 Gram Quarter Stone. Two Polished Faces.,115.0,2013-04-24,7.8,14.74,WorthPoint
allende-meteorite,*** ALLENDE CV3 Meteorite Fresh Fragment 7.23 Grams,73.0,2013-04-21,7.23,10.1,WorthPoint
allende-meteorite,*** ALLENDE CV3 Meteorite Fresh Fragment 3.78 Grams,34.0,2013-04-21,3.78,8.99,WorthPoint
allende-meteorite,Allende CV3 Meteorite 2.45g Fresh Fragrant Partial Slice,45.0,2013-04-20,2.45,18.37,WorthPoint
allende-meteorite,Allende CV3 Meteorite 4.53g Fresh Fragrant Fragment,47.0,2013-04-20,4.53,10.38,WorthPoint
allende-meteorite,Allende CV3 Meteorite 1.96g Fresh Fragrant Fragment,17.0,2013-04-20,1.96,8.67,WorthPoint
allende-meteorite,Meteorite Thin Section Allende (CV3),49.99,2013-04-17,,,WorthPoint
allende-meteorite,Allende Meteorite. Half Stone. 4.2 Grams. Good Fusion Crust.,81.0,2013-04-17,4.2,19.29,WorthPoint
allende-meteorite,Allende Meteorite Fragment - 1.56 Grams - CV3 Carbonaceous Chondrite,25.0,2013-04-13,1.56,16.03,WorthPoint
allende-meteorite,Allende CV3 Meteorite 3.03g Fresh Fusion Crusted Fragment,35.0,2013-04-13,3.03,11.55,WorthPoint
allende-meteorite,Big ALLENDE Meteorite Carbonaceous Chondrite Meteorite FALL 185g CAI,2000.0,2013-04-07,185.0,10.81,WorthPoint
allende-meteorite,1.11 Gram Uncut Fragment Allende CAI Meteorite In A Free Glass Top Display Case,11.0,2013-04-06,1.11,9.91,WorthPoint
allende-meteorite,Allende CV3 Meteorite 2.30g Fresh Fragrant Partial Slice,35.0,2013-04-06,2.3,15.22,WorthPoint
allende-meteorite,Allende CV3 Meteorite 2.86g Fresh Fusion Crusted Fragment,35.0,2013-04-06,2.86,12.24,WorthPoint
allende-meteorite,Allende Meteorite. Half Stone. 4.5 Grams. Good Fusion Crust.,84.0,2013-04-05,4.5,18.67,WorthPoint
allende-meteorite,*** ALLENDE W/ 3-D Chondrule! Meteorite Fresh Fragment 2.96 Grams,36.0,2013-03-31,2.96,12.16,WorthPoint
allende-meteorite,*** ALLENDE Meteorite Fresh Fragment 3.03 Grams,31.0,2013-03-31,3.03,10.23,WorthPoint
allende-meteorite,Allende CV3 Meteorite 2.17g Fresh Fragrant Partial Slice,33.0,2013-03-30,2.17,15.21,WorthPoint
allende-meteorite,Allende Meteorite. Half Stone. 8.7 Grams. Nice Crust.,122.5,2013-03-29,8.7,14.08,WorthPoint
allende-meteorite,"Meteorite! Witnessed Fall! - Allende, Mexico - CV3 - 3.19g - Beautiful",29.0,2013-03-26,3.19,9.09,WorthPoint
allende-meteorite,Meteorite! Allende - CV3 - 2.19g Fragment - Witnessed Fall!,19.5,2013-03-25,2.19,8.9,WorthPoint
allende-meteorite,Allende CV3 Meteorite 12.16g Fresh Fragrant Fragment,127.0,2013-03-23,12.16,10.44,WorthPoint
allende-meteorite,Allende CV3 Meteorite 2.64g Fresh Fusion Crusted Partial Slice,49.0,2013-03-23,2.64,18.56,WorthPoint
allende-meteorite,Allende CV3 Meteorite 1.58g Fresh Fragrant Partial Slice,24.0,2013-03-23,1.58,15.19,WorthPoint
allende-meteorite,Allende Meteorite. Half Stone. 7.2 Grams. Nice Crust.,86.0,2013-03-23,7.2,11.94,WorthPoint
allende-meteorite,Allende CV3 Meteorite 1.92g Fresh Fragrant Fragment,25.0,2013-03-21,1.92,13.02,WorthPoint
allende-meteorite,Allende CV3 Meteorite 4.44g Fresh Fragrant Fragment,49.0,2013-03-21,4.44,11.04,WorthPoint
allende-meteorite,Allende CV3 Meteorite 1.91g Fresh Fusion Crusted Fragment,23.0,2013-03-16,1.91,12.04,WorthPoint
allende-meteorite,Allende CV3 Meteorite 10.58g Fresh Fragrant Fragment,115.0,2013-03-09,10.58,10.87,WorthPoint
allende-meteorite,Nice Almost Black 1.9 Gr ALLENDE Meteorite Fell Feb 8 1969 In Mexico,19.99,2013-03-08,1.9,10.52,WorthPoint
allende-meteorite,*** ALLENDE Meteorite Fresh Fragment 2.74 Grams,28.0,2013-03-04,2.74,10.22,WorthPoint
allende-meteorite,Allende CV3 Meteorite 5.29g Fresh Fragrant Fragment,42.0,2013-03-02,5.29,7.94,WorthPoint
allende-meteorite,*** ALLENDE Meteorite Fresh Fragment 3.46 Grams,35.0,2013-03-02,3.46,10.12,WorthPoint
allende-meteorite,.745 Gram Uncut Fragment Allende CAI Meteorite In Free Plastic Top Display Case,10.0,2013-02-28,745.0,0.01,WorthPoint
allende-meteorite,NWA 5546 CV3 Carbonaceous Meteorite Like Allende 32.3 G Slice 4/g!!,129.0,2013-02-26,32.3,3.99,WorthPoint
allende-meteorite,Allende CV3 Meteorite 10.75g Fresh Fragrant Fragment,172.5,2013-02-23,10.75,16.05,WorthPoint
allende-meteorite,Allende CV3 Meteorite 2.49g Fresh Fusion Crusted Fragment W/ CAIs,20.5,2013-02-23,2.49,8.23,WorthPoint
allende-meteorite,Allende CV3 Meteorite 8.68g Fresh Fragrant Fragment,65.0,2013-02-22,8.68,7.49,WorthPoint
allende-meteorite,"The Allende Mexico Meteorite Shower Smithsonian Earth Sciences Feb 17, 1971 No 5",71.0,2013-02-21,,,WorthPoint
allende-meteorite,"Meteorite: 1969 Feb 8, Allende, Chihuahua, Mexico .70 Grams",17.75,2013-02-17,70.0,0.25,WorthPoint
allende-meteorite,Allende CV3 Carbonaceous Chondrite Meteorite Slice 14.6 Grams,112.5,2013-02-16,14.6,7.71,WorthPoint
allende-meteorite,Allende CV3 Meteorite 11.59g Fresh Fusion Crusted Fragment W/ CAIs,89.0,2013-02-16,11.59,7.68,WorthPoint
allende-meteorite,Allende CV3 Meteorite 6.05g Fresh Fusion Crusted Fragment W/ CAIs,48.0,2013-02-16,6.05,7.93,WorthPoint
allende-meteorite,Allende CV3 Meteorite 1.63g Fresh Fusion Crusted Fragment W/ CAIs,15.0,2013-02-16,1.63,9.2,WorthPoint
allende-meteorite,*** ALLENDE Meteorite Fusion Crust Fresh Fragment 3.66 Grams,37.0,2013-02-11,3.66,10.11,WorthPoint
allende-meteorite,"Meteorite: ALLENDE, Chihuahua, Mexico - Carbonaceous Chondrite CM3 (13.9g)",170.0,2013-02-10,13.9,12.23,WorthPoint
allende-meteorite,Allende CV3 Meteorite 11.43g Fresh Fragrant Fragment,82.0,2013-02-09,11.43,7.17,WorthPoint
allende-meteorite,ALLENDE CV3 METEORITE 4.5g BEAUTIFUL HUGE SLICE WITNESSED FALL 2-8-1969,49.99,2013-02-07,4.5,11.11,WorthPoint
allende-meteorite,Allende CV3 Meteorite 1.45g Fresh Fragrant Partial Slice,30.0,2013-02-04,1.45,20.69,WorthPoint
allende-meteorite,Allende CV3 Meteorite 4.48g Fresh Fragrant Fragment,36.0,2013-02-02,4.48,8.04,WorthPoint
allende-meteorite,Allende CV3 22.41g Haag Provenance Fusion Crusted Endcut Meteorite,299.0,2013-01-31,22.41,13.34,WorthPoint
allende-meteorite,.331 Gram Uncut Fragment Allende CAI Meteorite In A Free Glass Top Display Case,10.5,2013-01-29,331.0,0.03,WorthPoint
allende-meteorite,Allende CV3 Meteorite 2.39g Fresh Fragrant Partial Slice,35.0,2013-01-27,2.39,14.64,WorthPoint
allende-meteorite,Allende CV3 Meteorite 0.77g Fresh Fusion Crusted Endcut,15.0,2013-01-27,0.77,19.48,WorthPoint
allende-meteorite,Allende CV3 Meteorite 4.42g Fresh Fragrant Fragment,32.0,2013-01-26,4.42,7.24,WorthPoint
allende-meteorite,Allende CV3 Meteorite 6.53g Fresh Fragrant Endcut,83.0,2013-01-26,6.53,12.71,WorthPoint
allende-meteorite,Allende CV3 Meteorite 7.49g Fresh Fragrant Fragment,44.0,2013-01-26,7.49,5.87,WorthPoint
allende-meteorite,Allende Cv3 Meteorite From Mexico (#c5218),16.27,2013-01-24,,,WorthPoint
allende-meteorite,Allende CV3 Carbonaceous Chondrite Meteorite Slice Fresh 4.5G,36.0,2013-01-22,4.5,8.0,WorthPoint
allende-meteorite,Allende CV3 Meteorite 3.21g Fresh Fragrant Fragment,25.0,2013-01-19,3.21,7.79,WorthPoint
allende-meteorite,Allende CV3 Meteorite 7.30g Fresh Fragrant Fragment,44.0,2013-01-19,7.3,6.03,WorthPoint
allende-meteorite,Allende CV3 Meteorite 1.73g Fresh Fragrant Fragment,15.0,2013-01-19,1.73,8.67,WorthPoint
allende-meteorite,Allende Meteorite Fragment - 2.40 Grams - CV3 Carbonaceous Chondrite,30.0,2013-01-14,2.4,12.5,WorthPoint
allende-meteorite,Allende CV3 Meteorite 16.84g Fresh Fragment W/ CAIs,115.0,2013-01-14,16.84,6.83,WorthPoint
allende-meteorite,Carbonaceous Chondrite Meteorite Pueblito De Allende Mexico,58.0,2013-01-12,,,WorthPoint
allende-meteorite,Allende CV3 Meteorite 16.53g Fresh Fusion Crusted Fragment W/ CAIs,100.0,2013-01-12,16.53,6.05,WorthPoint
allende-meteorite,Allende CV3 Meteorite 1.99g Fresh Fragrant Partial Slice W/ Large Inclusion,39.0,2013-01-05,1.99,19.6,WorthPoint
allende-meteorite,Allende CV3 Meteorite 1.78g Fresh Fragrant Partial Slice W/ Large Inclusion,29.0,2013-01-05,1.78,16.29,WorthPoint
allende-meteorite,Allende CV3 Meteorite 5.45g Fresh Fragrant Fragment,34.0,2013-01-05,5.45,6.24,WorthPoint
allende-meteorite,Allende Meteorite Endcut - 14.4 Grams - CV3 Carbonaceous Chondrite,300.0,2013-01-04,14.4,20.83,WorthPoint
allende-meteorite,"Meteorite ALLENDE, Carboneceous Chondrite Type CV3.2, Fell 1969",16.66,2013-01-02,,,WorthPoint
allende-meteorite,Allende CV3 Meteorite 17.45g Fresh Fusion Crusted Fragment W/ CAIs,125.0,2012-12-30,17.45,7.16,WorthPoint
allende-meteorite,Allende CV3 Meteorite 1.22g Fresh Fragrant Fragment,10.0,2012-12-29,1.22,8.2,WorthPoint
allende-meteorite,"Superb 8.46 Gram AAA++ ALLENDE CV3 (S1,W0) Stone Meteorite (Mexico) Hit-1969",135.0,2012-12-26,8.46,15.96,WorthPoint
allende-meteorite,Allende CV3 Meteorite 1.88g Fresh Fragrant Partial Slice,38.0,2012-12-25,1.88,20.21,WorthPoint
allende-meteorite,Allende CV3 Meteorite 1.13g Fresh Fragrant Fragment W/ Huge CAIs,15.0,2012-12-22,1.13,13.27,WorthPoint
allende-meteorite,Allende CV3 Meteorite 7.03g Fresh Fragrant Fragment,59.0,2012-12-22,7.03,8.39,WorthPoint
allende-meteorite,Allende Meteorite UCLA Leonard Collection #LC 857 W/Card 98.9g! Orientation Lip!,1100.0,2012-12-17,98.9,11.12,WorthPoint
allende-meteorite,Allende CV3 Meteorite 1.79g Fresh Fragrant Partial Slice,35.0,2012-12-17,1.79,19.55,WorthPoint
allende-meteorite,Untouched Allende Meteorite - 2.3 Grams,17.16,2012-12-16,2.3,7.46,WorthPoint
allende-meteorite,Allende Meteorite Fragment --ultra Rare- A Classic Fall!,12.9,2012-12-16,,,WorthPoint
allende-meteorite,Allende CV3 Meteorite 1.16g Fresh Fragrant Fragment,10.0,2012-12-15,1.16,8.62,WorthPoint
allende-meteorite,Allende CV3 Meteorite 2.26g Fresh Fusion Crusted Fragment W/ CAIs,25.0,2012-12-15,2.26,11.06,WorthPoint
allende-meteorite,Allende CV3 Meteorite 0.87g Fresh Fragrant Fragment,10.5,2012-12-15,0.87,12.07,WorthPoint
allende-meteorite,NWA 5546 CV3 Carbonaceous Meteorite Like Allende 10.3 G Slice 4/g!!,42.4,2012-12-14,10.3,4.12,WorthPoint
allende-meteorite,*** ALLENDE Meteorite Fresh Fragment CAI 1.89 Grams,19.0,2012-12-12,1.89,10.05,WorthPoint
allende-meteorite,Allende CV3 Meteorite 12.88g Fresh Fragrant Fragment,115.0,2012-12-11,12.88,8.93,WorthPoint
allende-meteorite,Allende CV3 Meteorite 2.04g Fresh Fragrant Partial Slice,38.0,2012-12-08,2.04,18.63,WorthPoint
allende-meteorite,Allende CV3 Meteorite 1.74g Fresh Fragrant Partial Slice,27.0,2012-12-08,1.74,15.52,WorthPoint
allende-meteorite,Allende CV3 Meteorite 5.12g Fresh Fragrant Fragment,43.0,2012-12-08,5.12,8.4,WorthPoint
allende-meteorite,Allende Meteorite Fragment - 1.64 Grams - CV3 Carbonaceous Chondrite,20.0,2012-12-08,1.64,12.2,WorthPoint
allende-meteorite,"A Meteorite Sample 1969 Cv3 From Allende Mexico, Boxed",25.63,2012-12-02,,,WorthPoint
allende-meteorite,ALLENDE Meteorite Fragment Fell Feb 8 1969 In Mexico .7 Gr,10.99,2012-11-29,7.0,1.57,WorthPoint
allende-meteorite,ALLENDE Meteorite Carbonaceous Chondrite Meteorite FALL 4.6g CAI,49.99,2012-11-26,4.6,10.87,WorthPoint
allende-meteorite,Allende CV3 Meteorite 3.55g Fresh Fragrant Fragment,32.0,2012-11-25,3.55,9.01,WorthPoint
allende-meteorite,Allende CV3 57.19g Haag Provenance Fusion Crusted Individual Meteorite,630.0,2012-11-20,57.19,11.02,WorthPoint
allende-meteorite,Allende CV3 Meteorite 0.85g Fresh Fragrant Partial Slice,31.0,2012-11-17,0.85,36.47,WorthPoint
allende-meteorite,Four Allende Meteorite Fragments Fell Feb 8 1969 In Mexico 1.9 Gr With Case,29.99,2012-11-13,1.9,15.78,WorthPoint
allende-meteorite,Allende CV3 2.35g Haag Provenance Fusion Crusted Individual Meteorite,33.0,2012-11-10,2.35,14.04,WorthPoint
allende-meteorite,Allende Meteorite Fragment - 2.08 Grams - CV3 Carbonaceous Chondrite,22.0,2012-11-05,2.08,10.58,WorthPoint
allende-meteorite,"Allende Meteorite,Mexico Oriented With 80% Crust Oriened Lipping Ex Big Kahuna",150.0,2012-10-27,,,WorthPoint
allende-meteorite,Allende Mexico Meteorite Slice Class: (CV3) 1.3 Grams In Small Display Box,17.19,2012-10-22,1.3,13.22,WorthPoint
allende-meteorite,Allende Meteorite - Containing The Oldest Matter Mankind Can Touch...true Stardust,5000.0,2012-10-14,,,WorthPoint
allende-meteorite,Allende Meteorite - The Oldest Matter On Earth In One Of The Largest Complete Slices Of The World''s Most Studied Meteorite,20000.0,2012-10-14,,,WorthPoint
allende-meteorite,Allende CV3 5.65g Haag Provenance Fusion Crusted Individual Meteorite,85.0,2012-10-13,5.65,15.04,WorthPoint
allende-meteorite,Allende CV3 Meteorite 1.09g Fresh Fragrant Partial Slice,20.0,2012-10-12,1.09,18.35,WorthPoint
allende-meteorite,*** ALLENDE Meteorite Fresh Fragment CAI 5.68 Grams,49.0,2012-10-02,5.68,8.63,WorthPoint
allende-meteorite,Allende CV3 Meteorite 0.53g Fresh Fragrant Partial Slice,15.35,2012-09-22,0.53,28.96,WorthPoint
allende-meteorite,Allende CV3 Meteorite 5.96g Fresh Fragrant Fragment,39.0,2012-09-15,5.96,6.54,WorthPoint
allende-meteorite,Allende CV3 Carbonaceous Meteorite: 4.8 Gram Fragment,51.58,2012-09-01,4.8,10.75,WorthPoint
allende-meteorite,Allende CV3 Meteorite 2.92g Fresh Fusion Crusted Slice,45.0,2012-08-25,2.92,15.41,WorthPoint
allende-meteorite,Allende Meteorite Fragment - 2.81 Grams - CV3 Carbonaceous Chondrite,20.0,2012-08-23,2.81,7.12,WorthPoint
allende-meteorite,Allende CV3 Meteorite 13.23g Fresh Fusion Crusted Individual,135.0,2012-08-18,13.23,10.2,WorthPoint
allende-meteorite,Allende CV3 Meteorite 7.41g Fresh Fusion Crusted Slice,99.0,2012-08-18,7.41,13.36,WorthPoint
allende-meteorite,Allende Meteorite Fragment - 2.46 Grams - CV3 Carbonaceous Chondrite,18.0,2012-08-12,2.46,7.32,WorthPoint
allende-meteorite,*** ALLENDE Meteorite Fresh Fragment W/ Big CAI 5.4 Grams,54.0,2012-08-11,5.4,10.0,WorthPoint
allende-meteorite,Allende CV3 Meteorite 3.35g Fresh Fusion Crusted Fragment,25.0,2012-07-21,3.35,7.46,WorthPoint
allende-meteorite,Allende CV3 Meteorite 1.21g Fresh Fusion Crusted Slice,25.0,2012-07-15,1.21,20.66,WorthPoint
allende-meteorite,Allende CV3 Meteorite 6.31g Fresh Fragrant Fragment,40.0,2012-07-14,6.31,6.34,WorthPoint
allende-meteorite,Allende Meteorite UCLA Leonard Collection #LC 852 W/ Card 109.6g! Last One!,1320.0,2012-07-07,109.6,12.04,WorthPoint
allende-meteorite,"Meteorite ALLENDE, Contains Oldest Solar System Mineral",17.11,2012-07-05,,,WorthPoint
allende-meteorite,"Meteorite: 1969 Feb 8, Allende Mexico CV3.2 Ox 1.23 G",13.49,2012-07-05,1.23,10.97,WorthPoint
allende-meteorite,Allende CV3 Meteorite 2.90g Fresh Fusion Crusted Fragment,30.0,2012-07-01,2.9,10.34,WorthPoint
allende-meteorite,Nice Almost Black 1.3 Gr ALLENDE Meteorite Fell Feb 8 1969 In Mexico,20.99,2012-06-30,1.3,16.15,WorthPoint
allende-meteorite,Allende CV3 Meteorite 6.66g Fresh Fusion Crusted Fragment,56.0,2012-06-30,6.66,8.41,WorthPoint
allende-meteorite,Allende Meteorite Fragment 1.747 Grams!,19.0,2012-06-28,1.747,10.88,WorthPoint
allende-meteorite,Allende CV3 Meteorite 1.78g Fresh Fusion Crusted Fragment,18.0,2012-06-28,1.78,10.11,WorthPoint
allende-meteorite,Nice Almost Black 4.6 Gr ALLENDE Meteorite Feb 8 1969 Fall Mexico,49.99,2012-06-28,4.6,10.87,WorthPoint
allende-meteorite,ALLENDE Meteorite 10 Grams,115.0,2012-06-20,10.0,11.5,WorthPoint
allende-meteorite,Allende CV3 Meteorite 1.75g Fresh Fragrant Slice,30.0,2012-06-16,1.75,17.14,WorthPoint
allende-meteorite,Allende Meteorites UCLA Leonard Collection #LC496 W/Card&Case 3pcs 50g Total!,550.0,2012-06-08,50.0,11.0,WorthPoint
allende-meteorite,Allende Meteorite Fragment --ultra Rare- A Classic Fall! -,8.05,2012-05-12,,,WorthPoint
allende-meteorite,Untouched Allende Meteorite - 1.9 Grams,16.17,2012-04-22,1.9,8.51,WorthPoint
allende-meteorite,"Meteorite ALLENDE CV3.2 - Mexico, Fell 1969, 1.1 G - Nice!",12.01,2012-04-22,1.1,10.92,WorthPoint
allende-meteorite,Allende CV3 Meteorite 2.57g Fresh Fragrant Slice,26.0,2012-04-21,2.57,10.12,WorthPoint
allende-meteorite,Allende CV3 Meteorite 3.29g Fresh Fragrant Fragment,21.5,2012-04-21,3.29,6.53,WorthPoint
allende-meteorite,Allende CV3 Meteorite 14.68g Fresh Fragrant Fragment,110.0,2012-04-21,14.68,7.49,WorthPoint
allende-meteorite,Allende CV3 Meteorite 3.18g Fresh Fragrant Fragment,28.0,2012-04-21,3.18,8.81,WorthPoint
allende-meteorite,"Allende Meteorite Smithsonian Report 1971, 1982, 1987",25.95,2012-04-18,,,WorthPoint
allende-meteorite,Allende CV3 Meteorite 0.90g Fresh Small Slice In Case,18.0,2012-04-15,0.9,20.0,WorthPoint
allende-meteorite,Meteorite Thin Section ALLENDE (CV3) - Stunning!,152.5,2012-04-15,,,WorthPoint
allende-meteorite,Allende CV3 Carbonaceous Meteorite: 3.8 Gram Fragment,11.02,2012-04-14,3.8,2.9,WorthPoint
allende-meteorite,Allende CV3 Meteorite 3.45g Fresh Fragrant Slice,36.0,2012-04-14,3.45,10.43,WorthPoint
allende-meteorite,Allende CV3 Meteorite 20.17g Fresh Crusted Fragment W/ Dark Inclusion,400.0,2012-04-10,20.17,19.83,WorthPoint
allende-meteorite,Allende CV3 Meteorite 2.26g Fresh Crusted Slice In Case,32.5,2012-04-07,2.26,14.38,WorthPoint
allende-meteorite,Allende CV3 Meteorite 2.56g Fresh Fragrant Fragment,17.0,2012-04-07,2.56,6.64,WorthPoint
allende-meteorite,Allende CV3 Meteorite 3.63g Fresh Fragrant Slice In Case,38.0,2012-03-31,3.63,10.47,WorthPoint
allende-meteorite,Allende CV3 Meteorite 1.15g Fresh Crusted Slice In Case,19.49,2012-03-31,1.15,16.95,WorthPoint
allende-meteorite,Allende CV3 Meteorite 2.21g Fresh Fragrant Fragment,15.5,2012-03-31,2.21,7.01,WorthPoint
allende-meteorite,Allende Meteorite Historic Fall CV3 Carbonaceous 24g Fresh With Large CAI (ASU),360.0,2012-03-18,24.0,15.0,WorthPoint
allende-meteorite,Allende Meteorite Fragment --ultra Rare- A Classic Fall! - Largest Piece,15.24,2012-03-06,,,WorthPoint
allende-meteorite,Allende CV3 Carbonaceous Meteorite: 8.3 Gram Fragment,68.75,2012-01-03,8.3,8.28,WorthPoint
allende-meteorite,Allende CV3 Meteorite 0.50g Fresh Fragrant Slice In Case,10.0,2012-01-02,0.5,20.0,WorthPoint
allende-meteorite,ALLENDE: Carbonaceous Chondrite Meteorite,2000.0,2011-12-30,,,WorthPoint
allende-meteorite,Allende CV3 Meteorite 2.26g Fresh Fragrant Fragment,20.0,2011-12-28,2.26,8.85,WorthPoint
allende-meteorite,METEORITE- Carbonaceous Fall From Mexico-ALLENDE - CV3 -Pristine Material- 1.05g,12.6,2011-12-26,1.05,12.0,WorthPoint
allende-meteorite,Allende CV3 Meteorite 2.23g Fresh Fragrant Slice In Case,27.0,2011-12-24,2.23,12.11,WorthPoint
allende-meteorite,Allende CV3 Meteorite 50.44g Lot Of Fresh Fragrant Fragments,300.0,2011-12-24,50.44,5.95,WorthPoint
allende-meteorite,Allende Meteorite Fragment 2.973 Grams!,31.0,2011-12-24,2.973,10.43,WorthPoint
allende-meteorite,Allende Carbonaceous Meteorite Slice - 12.7 Grams,150.0,2011-12-20,12.7,11.81,WorthPoint
allende-meteorite,Allende CV3 Meteorite 4.28g Fresh Fragrant Fragment,30.0,2011-12-17,4.28,7.01,WorthPoint
allende-meteorite,Allende CV3 Meteorite 1.97g Fresh Fragrant Fragment,10.0,2011-12-17,1.97,5.08,WorthPoint
allende-meteorite,Allende Mexico CV3.2 Ox Meteorite 12 Grams,108.6,2011-12-13,12.0,9.05,WorthPoint
allende-meteorite,Allende CV3 Meteorite 5.43g Fresh Crusted Endcut,66.0,2011-12-10,5.43,12.15,WorthPoint
allende-meteorite,"*** ALLENDE Meteorite ""Fresh"" Material With A Nice CAI Crust Ex. ASU 1.9 Grams",20.0,2011-12-07,1.9,10.53,WorthPoint
allende-meteorite,"*** ALLENDE Meteorite ""Fresh"" Material With A Nice CAI - Ex. ASU 3.69 Grams",37.0,2011-12-06,3.69,10.03,WorthPoint
allende-meteorite,Allende CV3 Meteorite 1.83g Fresh Fragrant Slice In Case,22.0,2011-12-03,1.83,12.02,WorthPoint
allende-meteorite,Rare Carbonaceous Meteorite Allende (CV3) From Mexico,85.0,2011-09-15,,,WorthPoint
allende-meteorite,"Meteorite Allende, Mexico 1969 CV3 3.14g Witnessed Fall",40.0,2011-07-31,3.14,12.74,WorthPoint
allende-meteorite,Allende CV3 Meteorite 4.85g Fresh Crusted Slice In Case,62.0,2011-07-23,4.85,12.78,WorthPoint
allende-meteorite,Allende CV3 Meteorite 2.14g Fresh Small Slice In Case,25.0,2011-07-19,2.14,11.68,WorthPoint
allende-meteorite,Allende Carbonaceous Meteorite Slice - 25.0 Grams,200.0,2011-07-17,25.0,8.0,WorthPoint
allende-meteorite,Allende CV3 Meteorite 1.10g Fresh Crusted Fragment,12.0,2011-07-17,1.1,10.91,WorthPoint
allende-meteorite,Allende CV3 Meteorite 2.74g Fresh Fragment,25.0,2011-07-10,2.74,9.12,WorthPoint
allende-meteorite,Allende CV3 Meteorite 6.09g Fresh Crusted Slice In Case,58.0,2011-07-09,6.09,9.52,WorthPoint
allende-meteorite,Allende CV3 Meteorite 1.89g Fresh Small Slice In Case,22.5,2011-07-09,1.89,11.9,WorthPoint
allende-meteorite,Allende CV3 Meteorite 0.96g Fresh Crusted Fragment,10.5,2011-07-09,0.96,10.94,WorthPoint
allende-meteorite,Meteorite- Allende (1/2 Individual) 1969 Fall - 9.33 G,69.99,2011-07-02,9.33,7.5,WorthPoint
allende-meteorite,Allende CV3 Meteorite 5.13g Fresh Crusted Slice In Case,49.0,2011-07-02,5.13,9.55,WorthPoint
allende-meteorite,"ALLENDE Rare Meteorite, 2.6 Grams",30.89,2011-07-02,2.6,11.88,WorthPoint
allende-meteorite,Allende CV3 Meteorite 1.63g Fresh Slice In Case,20.0,2011-07-02,1.63,12.27,WorthPoint
allende-meteorite,Esquel Allende Henbury 3 Meteorite Lot 14g 12g 97g,425.0,2011-06-21,14.0,30.36,WorthPoint
allende-meteorite,Allende CV3 Meteorite 4.12g Fresh Small Slice In Case,45.0,2011-06-21,4.12,10.92,WorthPoint
allende-meteorite,Allende CV3 Meteorite Thin Section Slide,80.0,2011-06-18,,,WorthPoint
allende-meteorite,Allende CV3 Meteorite 2.65g Fresh Crusted Fragment,25.0,2011-06-18,2.65,9.43,WorthPoint
allende-meteorite,Allende CV3 Meteorite 5.89g Fresh Crusted Slice In Cas,56.0,2011-06-18,5.89,9.51,WorthPoint
allende-meteorite,Allende CV3 Meteorite 1.53g Fresh Crusted Fragment,12.5,2011-06-04,1.53,8.17,WorthPoint
allende-meteorite,Allende CV3 Meteorite 2.51g Fresh Crusted Slice In Case,30.0,2011-05-28,2.51,11.95,WorthPoint
allende-meteorite,Thin Section - Meteorite Allende Carbonaceous CV3,56.26,2011-05-24,,,WorthPoint
allende-meteorite,Allende CV3 Meteorite 11.21g Fresh Crusted Cornercut,100.0,2011-05-16,11.21,8.92,WorthPoint
allende-meteorite,Allende CV3 Meteorite 1.78g Fresh Crusted Fragment,17.0,2011-05-16,1.78,9.55,WorthPoint
allende-meteorite,ALLENDE CV3 METEORITE 3g. FUSION CRUSTED WITH CAI'S,36.99,2011-05-13,3.0,12.33,WorthPoint
allende-meteorite,ALLENDE CV3 METEORITE 21.6g. FUSION CRUSTED Ex/HAAG,219.99,2011-05-08,21.6,10.18,WorthPoint
allende-meteorite,Allende CV3 Meteorite 2.07g Fresh Crusted Fragment,15.5,2011-05-07,2.07,7.49,WorthPoint
allende-meteorite,Allende CV3 Meteorite 10.67g Fresh Slice In Case,95.0,2011-05-06,10.67,8.9,WorthPoint
allende-meteorite,Allende Stone Meteorite Cv3: Beautiful Crust; 296 Gram,2969.95,2011-05-05,296.0,10.03,WorthPoint
allende-meteorite,Allende CV3 Meteorite 5.16g Fresh Small Slice In Case,49.0,2011-04-30,5.16,9.5,WorthPoint
allende-meteorite,Allende CV3 Meteorite 5.32g Fresh Small Slice In Case,47.0,2011-04-30,5.32,8.83,WorthPoint
allende-meteorite,"Meteorite ALLENDE Carbonaceous, CV3 56.80 Grams",610.0,2011-04-29,56.8,10.74,WorthPoint
allende-meteorite,Allende CV3 Meteorite 1.73g Fresh Crusted Fragment,18.0,2011-04-25,1.73,10.4,WorthPoint
allende-meteorite,"Meteorite ALLENDE CV3.2, Mexico, Fell 1969, 12.3 G!",99.0,2011-04-24,12.3,8.05,WorthPoint
allende-meteorite,Carbonaceous Chondrite CV3 Allende Meteorite Thin Slice,92.0,2011-04-23,,,WorthPoint
allende-meteorite,Allende CV3 Meteorite 1.59g Fresh Crusted Fragment,17.0,2011-04-23,1.59,10.69,WorthPoint
allende-meteorite,Allende CV3 Meteorite 4.95g Fresh Small Slice In Case,41.0,2011-04-23,4.95,8.28,WorthPoint
allende-meteorite,Allende CV3 Meteorite 1.35g Fresh Fragrant Fragment,11.0,2011-04-23,1.35,8.15,WorthPoint
allende-meteorite,Allende Type 3 Carbonaceous Chondrite Stone Meteorite,17.02,2011-04-20,,,WorthPoint
allende-meteorite,Allende CV3 Meteorite 5.41g Fresh Small Slice In Case,47.0,2011-04-16,5.41,8.69,WorthPoint
allende-meteorite,Allende CV3 Meteorite 1.40g Fresh Crusted Fragment,15.0,2011-04-12,1.4,10.71,WorthPoint
allende-meteorite,Allende CV3 Meteorite 4.70g Fresh Small Slice In Case,56.0,2011-04-11,4.7,11.91,WorthPoint
allende-meteorite,Allende CV3 Meteorite 4.60g Fresh Small Slice In Case,55.0,2011-04-09,4.6,11.96,WorthPoint
allende-meteorite,Allende CV3 Meteorite 4.31g Fresh Small Slice In Case,50.0,2011-04-05,4.31,11.6,WorthPoint
allende-meteorite,Allende CV3 Meteorite 4.03g Fresh Small Slice In Case,47.0,2011-04-02,4.03,11.66,WorthPoint
allende-meteorite,Allende CV3 Meteorite 1.34g Fresh Crusted Fragment,15.0,2011-04-02,1.34,11.19,WorthPoint
allende-meteorite,Allende CV3 Meteorite 25.4g,222.5,2011-04-01,25.4,8.76,WorthPoint
allende-meteorite,Allende CV3 Meteorite 3.87g Fresh Small Slice In Case,46.0,2011-03-30,3.87,11.89,WorthPoint
allende-meteorite,Allende CV3 Meteorite 6.95g Aromatic Full Slice,67.0,2011-03-26,6.95,9.64,WorthPoint
allende-meteorite,Allende CV3 Meteorite 3.34g Fresh Small Slice In Case,28.0,2011-03-26,3.34,8.38,WorthPoint
allende-meteorite,"Meteorite Allende, CV3 Chondrite, Observed Fall",21.5,2011-03-20,,,WorthPoint
allende-meteorite,*** VALLE DE ALLENDE Meteorite Mexico Rare 1983 Find!,17.6,2011-03-20,,,WorthPoint
allende-meteorite,Allende CV3 Meteorite 3.77g Fresh Small Slice In Case,45.0,2011-03-14,3.77,11.94,WorthPoint
allende-meteorite,"Meteorite Allende, CV3 Chondrite",15.5,2011-03-13,,,WorthPoint
allende-meteorite,"Meteorite ALLENDE CV3.2, Mexico, Fell 1969, 15.7 G!",199.0,2011-03-13,15.7,12.68,WorthPoint
allende-meteorite,Allende CV3 Meteorite 2.73g Fresh Small Slice In Case,32.0,2011-03-08,2.73,11.72,WorthPoint
allende-meteorite,Allende CV3 Meteorite 3.55g Fresh Crusted Fragment,30.0,2011-03-06,3.55,8.45,WorthPoint
allende-meteorite,Allende CV3 Meteorite 6.27g Fresh Crusted Fragment,45.0,2011-03-04,6.27,7.18,WorthPoint
allende-meteorite,4.95 Gram Thick Slice Allende Meteorite In Display Case,60.0,2011-02-28,4.95,12.12,WorthPoint
allende-meteorite,"Meteorite ALLENDE, CV 3.2, Mexico, Slice 0.2g",11.52,2011-02-27,0.2,57.6,WorthPoint
allende-meteorite,Allende CV3 Meteorite 2.59g Fresh Small Slice In Case,20.0,2011-02-26,2.59,7.72,WorthPoint
allende-meteorite,"Meteorite Allende,Mexico,CV 3, Fall 08.Febr.1969",15.0,2011-02-23,,,WorthPoint
allende-meteorite,"Meteorite Valle De Allende, Mexico L4 Found 1983 49.7g",75.0,2011-02-21,49.7,1.51,WorthPoint
allende-meteorite,Allende CV3 Meteorite 2.55g Fresh Small Slice In Case,26.0,2011-02-19,2.55,10.2,WorthPoint
allende-meteorite,Allende CV3 Meteorite 6.05g Fragrant Fresh Fragment,60.0,2011-02-13,6.05,9.92,WorthPoint
allende-meteorite,Allende CV3 Meteorite 5.37g Fragrant Fresh Fragment,46.0,2011-02-12,5.37,8.57,WorthPoint
allende-meteorite,Allende CV3 Meteorite 2.19g Gorgeous Small Slice,27.5,2011-02-12,2.19,12.56,WorthPoint
allende-meteorite,"Allende CV3 Meteorite 4.57g Nice Slice W/ CAI, Troilite",60.11,2010-11-20,4.57,13.15,WorthPoint
allende-meteorite,Allende CV3 Meteorite 2.99g AAA Primo Crusted Endcut,40.0,2010-11-13,2.99,13.38,WorthPoint
allende-meteorite,"Meteorite Allende, Mexico 1969 CV3.2 19.7g Witnes. Fall",150.0,2010-11-03,19.7,7.61,WorthPoint
allende-meteorite,Allende CV3 Meteorite 2.00g Beautiful Crusted Pea,30.0,2010-11-01,2.0,15.0,WorthPoint
allende-meteorite,ALLENDE Rare Meteorite 7.3 Grams,75.0,2010-10-30,7.3,10.27,WorthPoint
allende-meteorite,Allende CV3 Meteorite 5.79g Gorgeous Crusted Slice,56.0,2010-10-30,5.79,9.67,WorthPoint
allende-meteorite,Allende CV3 Meteorite 1.35g Beautiful Crusted Pea,17.1,2010-10-30,1.35,12.67,WorthPoint
allende-meteorite,13.6 Allende Cv3 Individual Approx. 90% Crust,103.5,2010-08-23,,,WorthPoint
allende-meteorite,Allende CV3 Meteorite 4.24g Fragment W/ HUGE CAI,37.0,2010-08-14,4.24,8.73,WorthPoint
allende-meteorite,Allende Meteorite Crusted Individual - 32.7 Grams,279.5,2010-08-12,32.7,8.55,WorthPoint
allende-meteorite,ALLENDE CV3 METEORITE 2.88g. BEAUTIFUL FRAGMENT,22.99,2010-08-11,2.88,7.98,WorthPoint
allende-meteorite,Allende CV3 Meteorite 3.22g Gorgeous Crusted Slice,31.0,2010-08-07,3.22,9.63,WorthPoint
allende-meteorite,Allende CV3 Meteorite 3.25g Crusted Slice Dk Inclusion,57.0,2010-08-07,3.25,17.54,WorthPoint
allende-meteorite,Allende CV3 Meteorite 3.47g Fresh Windowed Fragment,29.04,2010-08-07,3.47,8.37,WorthPoint
allende-meteorite,Allende CV3 Meteorite 6.21g Large Crusted Slab,68.0,2010-08-06,6.21,10.95,WorthPoint
allende-meteorite,Allende CV3 Meteorite 5.32g Fresh Crusted Fragment,53.0,2010-07-31,5.32,9.96,WorthPoint
allende-meteorite,Allende CV3 Meteorite 4.29g Gorgeous Slice W/ CAI,40.99,2010-07-31,4.29,9.55,WorthPoint
allende-meteorite,Allende CV3 Meteorite 3.49g Gorgeous Slice W/ CAI,42.0,2010-07-26,3.49,12.03,WorthPoint
allende-meteorite,Allende CV3 Meteorite Historic Witnessed Fall 5.78 Gram,63.33,2010-07-13,5.78,10.96,WorthPoint
allende-meteorite,Allende Carbonaceous Chondrite CV3 Meteorite Slice 1.6G,12.0,2010-07-06,1.6,7.5,WorthPoint
allende-meteorite,"Meteorite Allende, Mexico CV3 2/8/69 Witnessed Fall",60.0,2010-07-05,,,WorthPoint
allende-meteorite,METEORITE ALLENDE-One Of The Most Impressive 2.71 Grams,43.36,2010-06-21,2.71,16.0,WorthPoint
allende-meteorite,Allende CV3 Meteorite 28.09g AAA 90% Fusion Crusted!,340.0,2010-06-19,28.09,12.1,WorthPoint
allende-meteorite,Allende CV3 Meteorite 1.94g Fresh Fragment,12.5,2010-06-19,1.94,6.44,WorthPoint
allende-meteorite,Allende CV3 Meteorite 4.07g Fresh Crusted Fragment,50.0,2010-06-05,4.07,12.29,WorthPoint
allende-meteorite,Allende CV3 Meteorite 2.43g Gorgeous Slice,30.0,2010-06-05,2.43,12.35,WorthPoint
allende-meteorite,METEORITE ALLENDE-One Of The Most Impressive 1.16 Grams,20.0,2010-06-01,1.16,17.24,WorthPoint
allende-meteorite,METEORITE ALLENDE-One Of The Most Impressive 2.04 Grams,40.8,2010-06-01,2.04,20.0,WorthPoint
allende-meteorite,METEORITE ALLENDE-One Of The Most Impressive 2.81 Grams,56.2,2010-06-01,2.81,20.0,WorthPoint
allende-meteorite,METEORITE ALLENDE-One Of The Most Impressive 0.50 Grams,10.0,2010-05-28,0.5,20.0,WorthPoint
allende-meteorite,METEORITE THIN SECTION ALLENDE CV3 Mexico,79.0,2010-04-06,,,WorthPoint
allende-meteorite,METEORITE ALLENDE-One Of The Most Impressive 3.67 Grams,36.7,2010-03-27,3.67,10.0,WorthPoint
allende-meteorite,METEORITE ALLENDE-One Of The Most Impressive 2.94 Grams,29.4,2010-03-27,2.94,10.0,WorthPoint
allende-meteorite,"Allende Meteorite - End Piece Contains The Oldest Matter That Can Be Touched - True ""stardust""",956.0,2010-01-17,,,WorthPoint
allende-meteorite,Allende - An Individual That Broke Apart In Flight Containing The Oldest Known Matter,1912.0,2010-01-17,,,WorthPoint
allende-meteorite,"Meteorite, Rare Allende Meteorite From Mexico",21.5,2009-07-16,,,WorthPoint
allende-meteorite,ALLENDE End Cut 1.8 Grams METEORITE + Glass Top Display,24.99,2009-07-14,1.8,13.88,WorthPoint
allende-meteorite,"Valle De Allende, Mexico, Meteorite Thin Section",29.95,2009-07-03,,,WorthPoint
allende-meteorite,"Allende Meteorite - An End Piece That Contains The Oldest Matter That Can Be Touched, True Stardust",1487.78,2009-01-18,,,WorthPoint
allende-meteorite,Allende Slice HUGE! 275 Grams-Robert Haag Collection,1200.0,2008-12-19,275.0,4.36,WorthPoint
allende-meteorite,Allende Meteorite 5.8 Gr. Cuted End Piece 0248,31.0,2008-12-19,5.8,5.34,WorthPoint
allende-meteorite,Allende Meteorite 6.91gr. Lot Of 5 Individuals 0188,25.32,2008-11-25,6.91,3.66,WorthPoint
allende-meteorite,Allende Meteorite 7.12 Gr. Lot Of 5 Individuals 0181,43.0,2008-11-25,7.12,6.04,WorthPoint
allende-meteorite,Allende Meteorite Fusion Crust Oldest Matter On Earth !,50.0,2008-11-24,,,WorthPoint
allende-meteorite,ALLENDE METEORITE INDIVIDUAL LOT 15.3g C11,63.0,2008-08-31,15.3,4.12,WorthPoint
allende-meteorite,ALLENDE METEORITE CRUSTED VERY NICE 17.4g C10,150.99,2008-08-31,17.4,8.68,WorthPoint
allende-meteorite,Allende CV3.2 Fall 3.99 G Fragment Meteorite,38.99,2008-08-31,3.99,9.77,WorthPoint
allende-meteorite,Allende CV3.2 Fall 2.34 G Fragment Meteorite,22.99,2008-08-21,2.34,9.82,WorthPoint
allende-meteorite,Allende Meteorite 3.82 Gr. Nice Individual 0049,26.99,2008-08-15,3.82,7.07,WorthPoint
allende-meteorite,Allende Meteorite - Complete Individual 21.6g Ex Haag,176.1,2008-08-05,21.6,8.15,WorthPoint
allende-meteorite,Allende Meteorite Individual Oldest Matter On Earth !,33.0,2008-07-13,,,WorthPoint
allende-meteorite,Allende CV3.2 Fall 5.96 G Windowed Fragment Meteorite,53.5,2008-07-04,5.96,8.98,WorthPoint
allende-meteorite,Allende CV3.2 Fall 9.00 G Whole Meteorite,81.0,2008-06-13,9.0,9.0,WorthPoint
allende-meteorite,Allende CV3.2 Fall 4.27 G Fragment Meteorite,38.5,2008-06-11,4.27,9.02,WorthPoint
allende-meteorite,Allende - Large Complete Slice Containing The Oldest Matter Known To Exist,5377.5,2008-06-08,,,WorthPoint
allende-meteorite,Allende CV3.2 Fall 22.36 G Fragment Meteorite,199.99,2008-05-30,22.36,8.94,WorthPoint
allende-meteorite,ALLENDE/76 Gram Full Slice,575.0,2008-05-09,76.0,7.57,WorthPoint
allende-meteorite,"Meteorite Allende, CV3 Chondrite, Slice 2.6 G",11.5,2008-04-06,2.6,4.42,WorthPoint
allende-meteorite,"Meteorite ALLENDE, Carbonaceous Chondrite, Half Indiv.",62.9,2008-03-30,,,WorthPoint
allende-meteorite,Allende Meteorite Slice 28 Grams,144.91,2008-03-22,28.0,5.18,WorthPoint
allende-meteorite,Allende CV3.2 Fall 10.21 G Whole Meteorite,91.0,2008-03-21,10.21,8.91,WorthPoint
allende-meteorite,"METEORITE Allende,fall 1969 Feb 8 ,Mexico,CV 3,slice",51.0,2008-03-04,,,WorthPoint
allende-meteorite,ALLENDE Rare Meteorite 15.4 Grams,139.86,2008-02-20,15.4,9.08,WorthPoint
allende-meteorite,Allende CV3.2 Fall 2.65 G Fragment Meteorite,12.67,2008-01-29,2.65,4.78,WorthPoint
allende-meteorite,"Meteorite, Allende, Large 40 Grams, Rare CV3",249.28,2008-01-29,40.0,6.23,WorthPoint
allende-meteorite,Meteorite Allende Big Slice With Crust,500.0,2007-11-22,,,WorthPoint
allende-meteorite,"Meteorite Allende, CV3 Chondrite, Slice 1.9 G",22.0,2007-11-18,1.9,11.58,WorthPoint
allende-meteorite,Allende Meteorite End Piece W16,56.0,2007-11-18,,,WorthPoint
allende-meteorite,"Meteorite ALLENDE, Carbonaceous CV 3.2, 9.5 Grams!",86.0,2007-11-18,9.5,9.05,WorthPoint
allende-meteorite,Meteorite Allende CV3 Chondrite 3.54 Ultra Thin Slice,59.99,2007-11-05,,,WorthPoint
allende-meteorite,Allende CV3.2 Fall 4.49 G Fragment Meteorite,31.0,2007-10-18,4.49,6.9,WorthPoint
allende-meteorite,ALLENDE Meteorite - RESEARCH VIAL - Dr. King Collection,32.0,2007-10-14,,,WorthPoint
allende-meteorite,Allende CV3.2 Fall 5.78 G Fragment Meteorite,40.0,2007-10-06,5.78,6.92,WorthPoint
allende-meteorite,"Meteorite ALLENDE, Carbonaceous Chondrite CV3, 6.7g",43.0,2007-09-30,6.7,6.42,WorthPoint
allende-meteorite,Allende Meteorite - FRESH Dr. E. King Collection,19.99,2007-09-02,,,WorthPoint
allende-meteorite,"Meteorite Allende, CV3 Chondrite, Endcut 2.6 G",18.49,2007-09-02,2.6,7.11,WorthPoint
allende-meteorite,Allende CV3.2 Fall 2.03 G Fragment Meteorite,14.5,2007-08-31,2.03,7.14,WorthPoint
allende-meteorite,Allende CV3.2 Fall 6.20 G Fragment Meteorite,35.0,2007-08-25,6.2,5.65,WorthPoint
allende-meteorite,Allende CV3.2 Fall 2.92 G Fragment Meteorite,15.09,2007-08-02,2.92,5.17,WorthPoint
allende-meteorite,Allende CV3.2 Fall 2.1 G Fragment Meteorite King Colln,24.99,2007-08-02,2.1,11.9,WorthPoint
allende-meteorite,Allende CV3.2 Fall 2.51 G Fragment Meteorite,11.27,2007-07-26,2.51,4.49,WorthPoint
allende-meteorite,"Meteorite ALLENDE, Carbonaceous Chondrite CV3.2, Slice",34.0,2007-07-15,,,WorthPoint
allende-meteorite,Allende Meteorite - Fresh Crust! LAST & BEST 10.8 Grams,88.0,2007-07-08,10.8,8.15,WorthPoint
allende-meteorite,Allende Meteorite - Fresh Crusted Specimen! 16.8 Grams,135.5,2007-07-01,16.8,8.07,WorthPoint
allende-meteorite,Allende Meteorite - Fresh Crusted Specimen! 15 Grams,91.0,2007-06-17,15.0,6.07,WorthPoint
allende-meteorite,Allende Meteorite 5 Gram Endcut,31.99,2007-05-07,5.0,6.4,WorthPoint
allende-meteorite,Allende Mexico Meteorite CV3 (Fall) 28 Grams,150.0,2007-05-04,28.0,5.36,WorthPoint
allende-meteorite,"Meteorite Allende, CV3 Chondrite, Endcut 5.3 G",48.0,2007-04-29,5.3,9.06,WorthPoint
allende-meteorite,Allende Meteorite - Beautiful Fresh Individual Specimen,33.5,2007-04-29,,,WorthPoint
allende-meteorite,"Meteorite Allende, CV3 Chondrite, Endcut 2.7 G",11.37,2007-04-15,2.7,4.21,WorthPoint
allende-meteorite,"Meteorite Allende, CV3 Chondrite, Endcut 6.2 G",42.27,2007-04-08,6.2,6.82,WorthPoint
allende-meteorite,"METEORITE Allende,fall 1969 Feb 8 ,Mexico, CV 3",10.5,2007-04-05,,,WorthPoint
allende-meteorite,"Meteorite Allende, CV3 Chondrite, Slice 2.4 G",34.56,2007-04-01,2.4,14.4,WorthPoint
allende-meteorite,"Meteorite Slice, Allende, CV3 Chondrite, 2.6g",32.0,2007-03-25,2.6,12.31,WorthPoint
allende-meteorite,Allende Meteorite 6.08 Gm - Slice,31.5,2007-03-24,6.08,5.18,WorthPoint
allende-meteorite,Allende Meteorite 13.0 Gm - Complete Individual,57.5,2007-03-24,13.0,4.42,WorthPoint
allende-meteorite,Allende Meteorite - Complete Individual 8.5g,44.0,2007-03-23,8.5,5.18,WorthPoint
allende-meteorite,ALLENDE Rare Meteorite 13.6 Grams,100.29,2007-03-11,13.6,7.37,WorthPoint
allende-meteorite,Allende CV3 Meteorite Fall 1969 Mexico 15.2 Gram - NR,82.0,2007-03-10,15.2,5.39,WorthPoint
allende-meteorite,Allende Meteorite - Beautiful Fresh Crusted Half Stone,71.0,2007-03-03,,,WorthPoint
allende-meteorite,Allende/46 Gram Fragment,225.0,2007-02-12,46.0,4.89,WorthPoint
allende-meteorite,Meteorite Allende Mexico CV3 1969 Witnessed Fall!,910.0,2007-02-08,,,WorthPoint
allende-meteorite,ALLENDE Rare Meteorite 10.9 Grams,68.89,2007-01-28,10.9,6.32,WorthPoint
allende-meteorite,Allende Meteorite 20.4 Grams CV3,127.5,2007-01-20,20.4,6.25,WorthPoint
allende-meteorite,ALLENDE Rare Meteorite 7.1 Grams,52.35,2007-01-05,7.1,7.37,WorthPoint
allende-meteorite,Meteorite Allende Fall 1969 CV3.2 Mexico,84.22,2007-01-01,,,WorthPoint
allende-meteorite,"Meteorite Allende, Carbonaceous Chondrite CV3.2",37.2,2006-11-26,,,WorthPoint
allende-meteorite,Allende Carbonaceous Meteorite Slice 15.6g,100.0,2006-11-11,15.6,6.41,WorthPoint
allende-meteorite,Allende CV3.2 Fall 3.03 G Fragment Meteorite,17.5,2006-11-10,3.03,5.78,WorthPoint
australite,Western Australian North Eastern Goldfields Australite/Meteorite Tektites,97.07,2026-01-03,,,WorthPoint
australite,"Australite,Tektite Button Shaped From Goldfields Western Australia 9.77g",33.01,2025-12-20,9.77,3.38,WorthPoint
australite,"Flanged Button Replica - Australite Tektite, From Meteorite Impact",26.0,2025-10-11,,,WorthPoint
australite,"3pc. 77g Australite Tektite Meteorite Impact Glass Mineral Specimens, Australia",14.99,2025-07-24,77.0,0.19,WorthPoint
australite,"""Tektite (""""Australite"""") - Darwin, Northern Territory, Australia""",10.0,2025-02-09,,,WorthPoint
australite,"Meteorite**Australite, Tektite**2.410 Gram Partial Flanged Button!!! Top Quality",699.99,2024-09-20,2.41,290.45,WorthPoint
australite,"Australian Meteorite + Australite Lot- Oriented Camel Donga, Partial Australite",500.0,2024-08-12,,,WorthPoint
australite,"Australite Tektite - 7.1 Gram - Plug Shape - Likely Motpena Station, Australia",90.0,2023-10-11,7.1,12.68,WorthPoint
australite,"Australite Tektite - 2.53 Gram - Shield - Likely Motpena Station, Australia",50.0,2023-10-10,2.53,19.76,WorthPoint
australite,"Australite Tektite - Kalgoorlie, Australia 5.1g",39.99,2023-06-16,5.1,7.84,WorthPoint
australite,Set Of 2 Tektites! Indochinite & Australite!,36.0,2023-06-11,,,WorthPoint
australite,"Flanged Button Replica LAST ONE - Australite Tektite, From Meteorite Impact",25.0,2023-01-21,,,WorthPoint
australite,"SUPER RARE - AUSTRALITE ""METEORITE TEKTITE BUTTON"" From Australia",400.0,2022-08-10,,,WorthPoint
australite,7 Orig Offprints TEKTITES - AUSTRALITES By Baker 1960-69 Australia Meteorites,99.0,2022-05-06,,,WorthPoint
australite,"Flanged Australite Button Partial - 0.6 G - Motpena Station, Australia Tektite",300.0,2022-04-25,0.6,500.0,WorthPoint
australite,Collection Of AUSTRALITE TEKTITES - Flanged Button And Core Types,295.0,2022-01-27,,,WorthPoint
australite,"Australite Tektite 0.77 Grams Nullarbor Plain Hughes, South Australia",89.0,2021-09-13,0.77,115.58,WorthPoint
australite,AUSTRALIA TEKTITE Australite From Meteorite Impact Collectible AT-6,62.0,2021-04-29,,,WorthPoint
australite,"Australite Tektite - 3.02 Gram - Motpena Station, Australia",60.0,2021-04-27,3.02,19.87,WorthPoint
australite,"Australite Tektite 0.4 Grams Nullarbor Plain Hughes, South Australia",50.0,2021-02-23,0.4,125.0,WorthPoint
australite,Australite Tektite Australia Partial Flanged Button 2.30 Grams,152.5,2020-12-17,2.3,66.3,WorthPoint
australite,Australite Tektite Australia 1.63 Grams Partial Flanged Button,66.0,2020-11-12,1.63,40.49,WorthPoint
australite,"Australite Core Tektite Faint Flange - 1.46 G - Motpena Station, Australia",120.0,2020-11-11,1.46,82.19,WorthPoint
australite,"Flanged Australite Button Partial - 2.0 G - Motpena Station, Australia Tektite",499.0,2020-08-23,2.0,249.5,WorthPoint
australite,"Australite Core Tektite With Faint Rim - 1.3 G - Motpena Station, Australia",60.0,2020-07-10,1.3,46.15,WorthPoint
australite,"Meteorite**Tektite, Australite**8.998 Gram Flang Buttons; Old Estate Lot!!!",499.0,2020-07-08,8.998,55.46,WorthPoint
australite,"Australite Core Tektite - 1.01 G - Motpena Station, Australia",30.0,2020-06-12,1.01,29.7,WorthPoint
australite,"Australite Core Tektite - 1.57 G - Motpena Station, Australia",40.0,2020-06-11,1.57,25.48,WorthPoint
australite,"Australite Core Tektite - 0.83 G - Motpena Station, Australia",30.0,2020-06-09,0.83,36.14,WorthPoint
australite,Three Australite Button Tektite Specimens 9 Grams Total,24.5,2020-04-23,9.0,2.72,WorthPoint
australite,"AUSTRALITE-Australian Tektite- Extremely Rare Shape- 4.25"" X 3.75"" X 7/16"" DISC",400.0,2019-09-27,,,WorthPoint
australite,Australite- Tektite From Australia Complete 4.3 Grams Nice!,15.99,2019-05-05,4.3,3.72,WorthPoint
australite,Australite- Tektite From Australia Complete 4.4 Grams Really Nice!,21.99,2019-05-05,4.4,5.0,WorthPoint
australite,Australite- Tektite From Australia Complete 2.9 Grams Nice!,15.99,2019-05-05,2.9,5.51,WorthPoint
australite,Australite Tektite Meteorite,49.99,2019-05-01,,,WorthPoint
australite,Australite- Tektite From Australia Complete 4.2 Grams Nice!,15.99,2019-05-01,4.2,3.81,WorthPoint
australite,Australite Tektite - Button With Flange Remnants And Ring Waves,85.0,2018-11-30,,,WorthPoint
australite,"Australite Core - 3.6 Grams - Motpena Station, Australia Tektite",100.0,2018-09-26,3.6,27.78,WorthPoint
australite,* Australite* RARE AUSTRALIAN TEKTITE HIGH VIBE Core SPACE Rock,72.22,2018-09-11,,,WorthPoint
australite,"HISTORIC TEKTITE: Australites Described As ""molten Chips From The Moon""",300.0,2018-07-18,,,WorthPoint
australite,"Tektite Australite: Port Campbell, Western Victoria, Australia. Weight = 2,14 G",118.5,2018-07-09,14.0,8.46,WorthPoint
australite,"HISTORIC TEKTITE: 5 Australites, Ex. South Australian Museum, Kennett, Bartlett",490.0,2018-06-30,,,WorthPoint
australite,Tektite Australite: Boat Core 10.5g,262.5,2018-05-22,10.5,25.0,WorthPoint
australite,"Australite Core - 2.3 Grams - Motpena Station, Australia Tektite",30.0,2018-01-21,2.3,13.04,WorthPoint
australite,"Australite Core - 1.5 Grams - Motpena Station, Australia Tektite",30.0,2018-01-21,1.5,20.0,WorthPoint
australite,Australite Tektite - Boat Shape With Remnant Flange And Ring Waves,21.5,2017-12-16,,,WorthPoint
australite,"Australite Tektite's, 4.5 Grams, Australia ( 22.5 Ct )",19.95,2017-12-01,4.5,4.43,WorthPoint
australite,"2 Australite Tektite's, 21.9 Grams & 4.3 Grams, Australia",24.08,2017-12-01,21.9,1.1,WorthPoint
australite,Historic Kennett Australite Charlotte Waters Boat Tektite Ex Museum Meteorite,45.0,2017-09-03,,,WorthPoint
australite,"Australite Core - 3.1 Grams - Motpena Station, Australia Tektite",60.0,2017-06-15,3.1,19.35,WorthPoint
australite,Australite Flange Section - Associated - Lake Eyre - Australia Tektite,400.0,2017-06-15,,,WorthPoint
australite,"Flanged Button Partial 1.11g Australite Tektite Lot, From Meteorite Impact",22.5,2017-03-25,1.11,20.27,WorthPoint
australite,"Australite Core - 1.9 Grams - Motpena Station, Australia Tektite",30.0,2016-12-17,1.9,15.79,WorthPoint
australite,"Flanged Button Partial 0.24g Australite Tektite, From Meteorite Impact",102.0,2016-12-03,0.24,425.0,WorthPoint
australite,"Australite Core - 2.2 Grams - Motpena Station, Australia Tektite",45.0,2016-11-03,2.2,20.45,WorthPoint
australite,Australite Tektite - Core With Partial Flange And Ring Wave,40.0,2016-10-20,,,WorthPoint
australite,"T. Lot Of 8 MISC METEORITES CHERGACH, GIBEON, DONG UJIMQIN AUSTRALITE, IRGIZITE",64.0,2016-10-14,,,WorthPoint
australite,16 Misc Lot Of Meteorites SOME CHIPS OTHERS A LITTLE BIGGER AUSTRALITE ECT...,133.5,2016-10-10,,,WorthPoint
australite,"7.0-gram Australite Tektite Nosecone Button, Nullarbor Plains, Australia",68.0,2016-09-28,7.0,9.71,WorthPoint
australite,"Australite , Australian Tektite Button Core From Meteorite. 3.690 Grams",20.5,2016-09-27,3.69,5.56,WorthPoint
australite,"1830's Australite Tektite, SOUTH AUSTRALIA .76 Grams",12.0,2014-11-26,76.0,0.16,WorthPoint
australite,Australite Tektite 1/3 Button Rare Roll Over Edge 1.64,149.0,2014-11-24,,,WorthPoint
australite,Flanged Oval Australite Tektite Meningina Station Australia,100.0,2014-10-14,,,WorthPoint
australite,6.32 Grams RARE AUSTRALITE TEKTITE NULLABOR PLAINS WESTERN AUSTRALIA,30.0,2014-04-21,6.32,4.75,WorthPoint
australite,"S.V.F - Australite Tektite, 1.28g, Australia - Orientated",28.05,2013-08-24,1.28,21.91,WorthPoint
australite,TEKTITE 3 CORE Sections Australite VERY Rare Meteorite Australia,32.0,2013-08-18,,,WorthPoint
australite,"Australite Tektite 7.0 Grams , Great Shape And Flow!",23.75,2013-05-05,7.0,3.39,WorthPoint
australite,"Flanged Button Partial 2.6g Australite Tektite, From Meteorite Impact",150.0,2013-03-30,2.6,57.69,WorthPoint
australite,Large Australite Tektite 13.4 Gm With Flight Rim Shows Oriented Flight Meteorite,40.0,2013-03-29,13.4,2.99,WorthPoint
australite,"S.V.F - Australite Tektite, 5.20g, Australia",30.22,2013-03-06,5.2,5.81,WorthPoint
australite,"S.V.F - Australite Tektite, 2.61g, Australia Partial Button",67.53,2013-03-02,2.61,25.87,WorthPoint
australite,"S.V.F - Australite Tektite, 1.10g, Australia",6.28,2013-02-02,1.1,5.71,WorthPoint
australite,"S.V.F - Australite Tektite, 1.49g, Australia",12.67,2013-02-01,1.49,8.5,WorthPoint
australite,"S.V.F - Australite Tektite, 0.84g, Australia",6.32,2012-11-18,0.84,7.52,WorthPoint
australite,"S.V.F - Australite Tektite, 1.44g, Australia",6.37,2012-11-06,1.44,4.42,WorthPoint
australite,"S.V.F - Australite Tektite, 1.80g, Australia",11.1,2012-09-02,1.8,6.17,WorthPoint
australite,"S.V.F - Australite Tektite, 1.41g, Australia",9.4,2012-07-03,1.41,6.67,WorthPoint
australite,"S.V.F - Australite Tektite, 1.91g, Australia",10.72,2012-06-02,1.91,5.61,WorthPoint
australite,"S.V.F - Australite Tektite, 2.55g, Australia",12.25,2012-06-02,2.55,4.8,WorthPoint
australite,"S.V.F - Australite Tektite, 1.71g, Australia",11.05,2012-05-20,1.71,6.46,WorthPoint
australite,"S.V.F - Australite Tektite, 1.69g, Australia",11.05,2012-05-20,1.69,6.54,WorthPoint
australite,"S.V.F - Australite Tektite, 1.98g, Australia",11.05,2012-05-20,1.98,5.58,WorthPoint
australite,"S.V.F - Australite Tektite, 2.06g, Australia",13.31,2012-05-07,2.06,6.46,WorthPoint
australite,"S.V.F - Australite Tektite, 2.80g, Australia",9.68,2012-05-07,2.8,3.46,WorthPoint
australite,"S.V.F - Australite Tektite, 1.20g, Australia",6.45,2012-05-05,1.2,5.38,WorthPoint
australite,"S.V.F - Australite Tektite, 0.91g, Australia",6.48,2012-04-28,0.91,7.12,WorthPoint
australite,30.75 Ct Rare Tektite Meteorite Australite Nullabor Plain Western Australia,29.0,2012-04-22,6.15,4.72,WorthPoint
australite,Super Little Boxed Australite - A Rare Australian Tektite. ONLY A FEW AVAILABLE,19.02,2012-03-22,,,WorthPoint
australite,"Australite Tektite, 2.46g, Australia",12.64,2012-02-19,2.46,5.14,WorthPoint
australite,"Australite Tektite, 4.40g, Australia",17.02,2012-01-11,4.4,3.87,WorthPoint
australite,"Australite Tektite, 7.29g, Australia",23.1,2012-01-08,7.29,3.17,WorthPoint
australite,"Australite Tektite, 6.96g, Australia",23.1,2012-01-07,6.96,3.32,WorthPoint
australite,Australite: Rare Australian Meteorite Tektite 6 Grams,11.5,2011-12-31,6.0,1.92,WorthPoint
australite,Australite: Rare Aust. Meteorite Tektite W/rim Gram,11.05,2011-12-02,,,WorthPoint
australite,Australite: 8 Rare Aust. Meteorite Tektites 21 Grams,11.5,2011-12-02,21.0,0.55,WorthPoint
australite,Australite: 8 Rare Aust. Meteorite Tektites 25 Grams,18.5,2011-12-02,25.0,0.74,WorthPoint
australite,AUSTRALITE! Lot Of 11!! W/ PARTIALLY FLANGED BUTTON,65.0,2011-07-10,,,WorthPoint
australite,Australite: Rare Australian Meteorite Tektite 10 Grams,14.49,2011-03-17,10.0,1.45,WorthPoint
australite,Australite: 6 Rare Aust. Meteorite Tektites 74 Grams,27.0,2011-02-26,74.0,0.36,WorthPoint
australite,Australite: 8 Rare Aust. Meteorite Tektites 41 Grams,13.99,2011-02-26,41.0,0.34,WorthPoint
australite,Australite: 8 Rare Aust. Meteorite Tektites 39 Grams,12.99,2011-02-26,39.0,0.33,WorthPoint
australite,Australite: 8 Rare Aust. Meteorite Tektites 31 Grams,11.99,2011-02-26,31.0,0.39,WorthPoint
australite,Australite: 8 Rare Aust. Meteorite Tektites 15 Grams,27.1,2011-02-26,15.0,1.81,WorthPoint
australite,Australite: Rare Australian Meteorite Tektite 11 Grams,12.06,2011-02-26,11.0,1.1,WorthPoint
australite,Flanged Button Australite--Very Rare Tektite...2.1 Grms,750.0,2011-02-20,2.1,357.14,WorthPoint
australite,Australite: 10 Rare Aust. Meteorite Tektites 45 Grams,20.5,2011-02-11,45.0,0.46,WorthPoint
australite,Australite: Rare Australian Meteorite Tektite 15 Grams,21.5,2011-02-11,15.0,1.43,WorthPoint
australite,Australite: Rare Australian Meteorite Tektite 2 Grams,10.5,2011-02-11,2.0,5.25,WorthPoint
australite,Australite: Rare Aust. Meteorite Tektite W/rim 3 Grams,16.0,2011-02-11,3.0,5.33,WorthPoint
australite,Australite: Rare Aust. Meteorite Tektite W/rim 4 Grams,27.56,2011-02-11,4.0,6.89,WorthPoint
australite,Australite: Rare Aust. Meteorite Tektite W/rim 2 Grams,10.99,2011-02-11,2.0,5.5,WorthPoint
australite,Australite: 8 Rare Aust. Meteorite Tektites 11 Grams,10.01,2010-08-12,11.0,0.91,WorthPoint
australite,Australite: 8 Rare Aust. Meteorite Tektites 30 Grams,14.5,2010-08-12,30.0,0.48,WorthPoint
australite,Australite: 5 Rare Aust. Meteorite Tektites 50 Grams,54.0,2010-08-12,50.0,1.08,WorthPoint
australite,Australite: Rare Aust. Meteorite Tektite W/rim 1 Gram,13.3,2010-08-12,1.0,13.3,WorthPoint
australite,Australite: Rare Aust. Meteorite Tektite W/rim 6 Grams,29.88,2010-08-12,6.0,4.98,WorthPoint
australite,Australite: Rare Aust. Meteorite Tektite W/rim 5 Grams,139.5,2010-08-12,5.0,27.9,WorthPoint
australite,Australite: Rare Australian Meteorite Tektite 5 Grams,59.8,2010-08-12,5.0,11.96,WorthPoint
australite,Australite: Rare Australian Meteorite Tektite 23 Grams,42.56,2010-08-12,23.0,1.85,WorthPoint
australite,Australite: Rare Australian Meteorite Tektite 24 Grams,20.28,2010-08-12,24.0,0.85,WorthPoint
australite,AUSTRALITE FULLY FLANGED BUTTON Tektite Meteorite 3.95g,2999.0,2010-07-16,3.95,759.24,WorthPoint
australite,1 Australian Meteorite Flanged Australite Replica Pair,12.5,2008-12-29,,,WorthPoint
australite,Australite: Rare Australian Meteorite Tektite 7 Grams,12.5,2008-09-03,7.0,1.79,WorthPoint
australite,Australite: Rare Australian Meteorite Tektite 13 Grams,13.5,2008-07-24,13.0,1.04,WorthPoint
australite,Australite: Rare Aust. Meteorite Tektite W/rim 1 Grams,11.49,2008-07-18,1.0,11.49,WorthPoint
australite,Australite: Rare Aust. Meteorite Tektite W/rim < 1 Gram,10.63,2008-07-05,1.0,10.63,WorthPoint
australite,Australite: Rare Australian Meteorite Tektite 1 Gram,28.0,2008-06-25,1.0,28.0,WorthPoint
australite,"Tektite - Exceedingly Rare, Complete Flanged-button Australite",4481.25,2008-06-08,,,WorthPoint
australite,Australite: Rare Australian Meteorite Tektite 4 Grams,10.0,2008-05-29,4.0,2.5,WorthPoint
australite,Australite: Rare Australian Meteorite Tektite 3 Grams,18.5,2008-05-21,3.0,6.17,WorthPoint
australite,Australite: 5 Rare Aust. Meteorite Tektites 30 Grams,16.26,2008-05-06,30.0,0.54,WorthPoint
australite,Australite: Rare Aust. Meteorite Tektite W/rim <1 Gram,213.5,2008-04-20,1.0,213.5,WorthPoint
australite,Australite: 5 Rare Aust. Meteorite Tektites 9 Grams,15.5,2008-04-02,9.0,1.72,WorthPoint
australite,Australite: 5 Rare Aust. Meteorite Tektites 20 Grams,17.7,2008-04-02,20.0,0.89,WorthPoint
australite,Australite: Rare Australian Meteorite Tektite 17 Grams,19.5,2008-03-25,17.0,1.15,WorthPoint
australite,Australite: 5 Rare Aust. Meteorite Tektites 39 Grams,13.05,2008-01-05,39.0,0.33,WorthPoint
australite,Australite: 5 Rare Aust. Meteorite Tektites 28 Grams,11.5,2007-12-18,28.0,0.41,WorthPoint
australite,Australite: Rare Australian Meteorite Tektite 8 Grams,15.53,2007-12-10,8.0,1.94,WorthPoint
australite,Choice Pair Of Australite Tektite Meteorite 7.48 Grams,10.5,2007-11-25,7.48,1.4,WorthPoint
australite,Australite Rare Australian Tektites,18.5,2007-09-01,,,WorthPoint
australite,Australite: 5 Rare Aust. Meteorite Tektites 15 Grams,10.1,2007-08-13,15.0,0.67,WorthPoint
australite,Australite: Rare Aust. Meteorite Tektite W/tim 2 Grams,21.76,2007-07-29,2.0,10.88,WorthPoint
australite,Australite: 10 Rare Aust. Meteorite Tektites 11 Gms,10.49,2007-06-23,11.0,0.95,WorthPoint
australite,Australite: 3 Rare Aust. Meteorite Tektites W/rim 9 Gms,10.49,2007-06-23,9.0,1.17,WorthPoint
australite,Australite: 5 Rare Aust. Meteorite Tektites 7 Grams,22.5,2007-06-23,7.0,3.21,WorthPoint
australite,Australite: 3 Rare Aust. Meteorite Tektites W/rim 6 Gms,10.61,2007-06-15,6.0,1.77,WorthPoint
australite,Australite: Rare Australian Meteorite Tektite 9 Grams,19.39,2007-06-15,9.0,2.15,WorthPoint
australite,Australite: 8 Rare Aust. Meteorite Tektites 27 Grams,11.06,2007-05-25,27.0,0.41,WorthPoint
australite,Australite: 8 Rare Aust. Meteorite Tektites 22 Grams,12.52,2007-05-25,22.0,0.57,WorthPoint
australite,Australite: Rare Australian Meteorite Tektite 12 Grams,26.0,2007-05-18,12.0,2.17,WorthPoint
australite,Australite: 8 Rare Aust. Meteorite Tektite 20 Grams,10.5,2007-05-18,20.0,0.53,WorthPoint
australite,Australite: 8 Rare Aust. Meteorite Tektite 18 Grams,15.5,2007-05-18,18.0,0.86,WorthPoint
australite,1 Australian Meteorite Tektite Australite Button Big,12.0,2007-05-10,,,WorthPoint
australite,Australite: 8 Rare Aust. Meteorite Tektites 19 Grams,12.49,2007-05-09,19.0,0.66,WorthPoint
australite,Australite: 8 Rare Aust. Meteorite Tektites 23 Grams,29.0,2007-05-09,23.0,1.26,WorthPoint
australite,Australite: 8 Rare Aust. Meteorite Tektites 9 Grams,20.5,2007-04-23,9.0,2.28,WorthPoint
australite,Australite: Rare Australian Meteorite Tektite 18 Grams,13.0,2007-04-23,18.0,0.72,WorthPoint
australite,Australite: 8 Rare Aust. Meteorite Tektites 13 Grams,28.0,2007-04-09,13.0,2.15,WorthPoint
australite,Australite: 2 Rare Aust. Meteorite Tektites W/rim 3 Gms,36.0,2007-04-09,3.0,12.0,WorthPoint
australite,Australite: 8 Rare Aust. Meteorite Tektites 12 Grams,18.55,2007-03-31,12.0,1.55,WorthPoint
australite,Australite: Rare Australian Meteorite Tektite 21 Grams,15.5,2007-03-31,21.0,0.74,WorthPoint
australite,Australian Meteorite Flanged Australite Replica,10.5,2007-03-30,,,WorthPoint
australite,Australite: 10 Rare Aust. Meteorite Tektites 23 Grams,15.5,2007-03-24,23.0,0.67,WorthPoint
australite,Australite: 10 Rare Aust Meteorite Tektites 20 Grams,13.49,2007-03-24,20.0,0.67,WorthPoint
australite,Australite: Rare Australian Meteorite Tektite 20 Grams,36.01,2007-02-16,20.0,1.8,WorthPoint
australite,Australite: Rare Aust. Meteorite Tektites 15 Grams,20.5,2007-02-16,15.0,1.37,WorthPoint
australite,Australite: 8 Rare Aust. Meteorite Tektites 14 Grams,11.02,2007-02-16,14.0,0.79,WorthPoint
australite,Tektite -Australite Rare Collection Of Australites,12.73,2007-02-08,,,WorthPoint
australite,Australite: 8 Rare Aust. Meteorite Tektites 10 Grams,11.5,2007-01-31,10.0,1.15,WorthPoint
australite,Australite: 8 Rare Aust. Meteorite Tektites 24 Grams,10.72,2007-01-24,24.0,0.45,WorthPoint
australite,Australite: Rare Aust. Meteorite Tektite 11 Grams,10.5,2007-01-24,11.0,0.95,WorthPoint
australite,Australian Meteorite Flanged Australite Replica Pair,10.0,2007-01-20,,,WorthPoint
australite,Tektite -Australite 7mm Bowl With Gas Bubble,18.0,2007-01-20,,,WorthPoint
australite,Australite: Rare Aust. Meteorite Tektite 5 Grams,10.5,2007-01-16,5.0,2.1,WorthPoint
australite,Australite: Rare Aust. Meteorite Tektite Rim 2 Grams,11.5,2007-01-16,2.0,5.75,WorthPoint
australite,"Flanged-Button-Australite, Lake Torrens, Australia",13.0,2007-01-09,,,WorthPoint
australite,Tektite -Australite 7mm Bowl With Flange,36.16,2006-12-19,,,WorthPoint
australite,Tektite -Australite 10mm Bowl With Flange,15.5,2006-12-19,,,WorthPoint
australite,Tektite -Australite 8mm Teardrop,21.75,2006-12-19,,,WorthPoint
australite,Australian Meteorite Tektite Australite Approx.2 G X 3,15.0,2006-12-18,2.0,7.5,WorthPoint
australite,Tektite -Australite 8mm Bowl With Gas Bubble Holes,32.25,2006-12-11,,,WorthPoint
australite,Australite: 10 Rare Aust. Meteorite Tektites 14 Grams,10.5,2006-12-07,14.0,0.75,WorthPoint
australite,Tektite -Australite 8mm Bowl,25.55,2006-12-06,,,WorthPoint
australite,Tektite -Australite Bowl,20.5,2006-12-04,,,WorthPoint
australite,Australite:7 Rare Aust. Meteorite Tektites 16 Grams,12.5,2006-11-28,16.0,0.78,WorthPoint
australite,Tektite -Australite 9mm Bowl,46.0,2006-11-28,,,WorthPoint
australite,Tektite -Australite 7mm Bowl,22.01,2006-11-28,,,WorthPoint
australite,Tektite -Australite 10mm Seed??,45.01,2006-11-28,,,WorthPoint
australite,Tektite -Australite 16mm X 10mm Boat,37.71,2006-11-26,,,WorthPoint
australite,Tektite -Australite 8mm Button,56.0,2006-11-06,,,WorthPoint
bediasite,Texas Bediasite Tektite Fossil Meteor Specimen 25g,299.99,2025-12-08,25.0,12.0,WorthPoint
bediasite,"Bediasite Tektite 3.73g Texas Impactite, Made By Meteorite Impact",75.0,2025-10-18,3.73,20.11,WorthPoint
bediasite,"Bediasite Tektite 3.11g Translucent Impactite, Made By Meteorite Impact",45.0,2025-10-18,3.11,14.47,WorthPoint
bediasite,"Bediasite Tektite 17.34g Translucent Impactite, Made By Meteorite Impact",364.0,2025-10-11,17.34,20.99,WorthPoint
bediasite,"Bediasite Tektite 1.83g Texas Impactite, Made By Meteorite Impact",33.0,2025-10-11,1.83,18.03,WorthPoint
bediasite,"Bediasite Tektite 7.69g Texas Impactite, Made By Meteorite Impact",150.0,2025-10-07,7.69,19.51,WorthPoint
bediasite,"Bediasite Tektite 12.40g Texas Impactite, Made By Meteorite Impact",246.0,2025-10-05,12.4,19.84,WorthPoint
bediasite,"Tektite Variety Bediasite, Grimes Co. Texas (Steve Garza)",40.0,2025-07-18,,,WorthPoint
bediasite,"Tektite Variety Bediasite, Grimes Co., Texas, (Steve Garza)",102.5,2024-05-14,,,WorthPoint
bediasite,"Tektite Variety Bediasite, Grimes County, Texas (Steve Garza)",69.88,2024-03-27,,,WorthPoint
bediasite,"Tektite Variety Bediasite, Grimes County, Texas, (Steve Garza)",19.87,2024-03-10,,,WorthPoint
bediasite,"Tektite Var. Bediasite, Grimes County, Texas, (Steve Garza)....",68.88,2024-02-13,,,WorthPoint
bediasite,"Tektite Var. Bediasite, Grimes County, TX, (Steve Garza)",320.0,2023-08-04,,,WorthPoint
bediasite,"Bediasite, Tektite Meteor, Brazos County, Texas, Meteorite Fossil",182.5,2023-03-06,,,WorthPoint
bediasite,"Tektite Var. Bediasite, Grimes County, TX, 6.45 Grams. (Steve Garza Collection)",39.88,2023-01-03,6.45,6.18,WorthPoint
bediasite,"Tektite Var. Bediasite, Grimes County, Texas, (Steve Garza Collection)...",22.16,2022-12-14,,,WorthPoint
bediasite,"Tektite Var Bediasite, Grimes County, TX, From Outer Space, (Steve Garza Coll.)",31.31,2022-11-14,,,WorthPoint
bediasite,"Tektite Variety Bediasite, Grimes Co. TX, Curves Bottom-side (Steve Garza)....",31.0,2022-10-26,,,WorthPoint
bediasite,"Bediasite Tektite 2.75g Translucen Well Detailed Impactite, Made By Meteorite Im",30.0,2022-06-28,2.75,10.91,WorthPoint
bediasite,"Bediasite Tektite 7.42g Stunningly Well Detailed Impactite, Made By Meteorite Im",72.0,2022-06-27,7.42,9.7,WorthPoint
bediasite,Bediasite Tektite,1125.0,2022-03-25,,,WorthPoint
bediasite,"Bediasite Tektite 1.82g Stunningly Well Detailed Impactite, Made By Meteorite Im",33.0,2021-11-27,1.82,18.13,WorthPoint
bediasite,"Bediasite Tektite 9.14g Extraordinary Impactite, Made By Meteorite Impact",98.0,2021-11-27,9.14,10.72,WorthPoint
bediasite,"Bediasite Tektite 15.77g Stunningly Well Detailed Impactite, Made By Meteorite I",150.0,2021-11-27,15.77,9.51,WorthPoint
bediasite,"Bediasite Tektite 5.17g Stunningly Well Detailed Impactite, Made By Meteorite Im",68.0,2021-11-20,5.17,13.15,WorthPoint
bediasite,"Bediasite Tektite 0.80g Stunningly Well Detailed Impactite, Made By Meteorite Im",16.0,2021-11-13,0.8,20.0,WorthPoint
bediasite,"Bediasite Tektite 9.78g Extraordinary Impactite, Made By Meteorite Impact",98.0,2021-11-13,9.78,10.02,WorthPoint
bediasite,"Bediasite Tektite 8.89g Stunningly Well Detailed Impactite, Made By Meteorite Im",93.0,2021-11-08,8.89,10.46,WorthPoint
bediasite,"Bediasite Tektite 11.61g Extraordinary Impactite, Made By Meteorite Impact",120.0,2021-10-30,11.61,10.34,WorthPoint
bediasite,"Bediasite Tektite 3.91g Stunningly Well Detailed Impactite, Made By Meteorite Im",46.0,2021-10-30,3.91,11.76,WorthPoint
bediasite,"Bediasite Tektite 14.95g Stunningly Well Detailed Impactite, Made By Meteorite I",232.5,2021-10-30,14.95,15.55,WorthPoint
bediasite,"Bediasite Tektite 12.91 Extraordinary Hedgehog Impactite, Made By Meteorite Impa",199.0,2021-10-30,,,WorthPoint
bediasite,"Bediasite Tektite 31.06g Stunningly Well Detailed Impactite, Made By Meteorite I",251.5,2021-10-26,31.06,8.1,WorthPoint
bediasite,"Bediasite Tektite 1.83g Stunningly Well Detailed Impactite, Made By Meteorite Im",24.0,2021-10-24,1.83,13.11,WorthPoint
bediasite,"Bediasite Tektite 2.96g Stunningly Well Detailed Impactite, Made By Meteorite Im",38.0,2021-10-19,2.96,12.84,WorthPoint
bediasite,Texas Bediasites Tektites,20.0,2020-10-02,,,WorthPoint
bediasite,"Bediasite Tektite 2.86g Impactite, Made By Meteorite Impact W/ Finder's Notes",26.0,2020-07-27,2.86,9.09,WorthPoint
bediasite,"Bediasite Tektite 8.45g Impactite, Made By Meteorite Impact W/ Finder's Notes",55.0,2020-07-18,8.45,6.51,WorthPoint
bediasite,"Bediasite Tektite 16.61g Impactite, Made By Meteorite Impact W/ Finder's Notes",99.0,2020-07-11,16.61,5.96,WorthPoint
bediasite,"Bediasite Tektite 6.47g Impactite, Made By Meteorite Impact W/ Finder's Notes",46.0,2020-06-28,6.47,7.11,WorthPoint
bediasite,"Bediasite Tektite 3.76g Impactite, Made By Meteorite Impact W/ Finder's Notes",30.0,2020-06-27,3.76,7.98,WorthPoint
bediasite,"Bediasite Tektite 9.70g Impactite, Made By Meteorite Impact W/ Finder's Notes",58.0,2020-06-24,9.7,5.98,WorthPoint
bediasite,"Bediasite Tektite 19.09g Impactite, Made By Meteorite Impact W/ Finder's Notes",150.0,2020-06-18,19.09,7.86,WorthPoint
bediasite,"Two Bediasite Tektite Specimens 17.2 Grams Total Grimes County, Texas",76.0,2020-04-23,17.2,4.42,WorthPoint
bediasite,"Bediasite Tektite 26.66g Impactite, Made By Meteorite Impact W/ Finder√¢¬Ä¬ôs Notes",149.0,2020-03-07,26.66,5.59,WorthPoint
bediasite,"Bediasite Tektite 27.64g Impactite, Made By Meteorite Impact W/ Finder√¢¬Ä¬ôs Notes",199.0,2020-01-25,27.64,7.2,WorthPoint
bediasite,"Bediasite Tektite 22.61g Impactite, Made By Meteorite Impact W/ Finder√¢¬Ä¬ôs Notes",228.0,2020-01-20,22.61,10.08,WorthPoint
bediasite,"Meteorite**Tektite, Bediasite**21.00 Grams, Museum Quality!!! Rare, Oldest Ever!",189.99,2020-01-13,21.0,9.05,WorthPoint
bediasite,"Bediasite Tektite 3.49g Translucent Impactite, Made By Meteorite Impact W/ Finde",38.0,2020-01-04,3.49,10.89,WorthPoint
bediasite,"Bediasite Tektite 0.89g Translucent Impactite, Made By Meteorite Impact W/ Finde",16.0,2019-12-28,0.89,17.98,WorthPoint
bediasite,"Bediasite Tektite 33.78g Impactite, Made By Meteorite Impact W/ Finder√¢¬Ä¬ôs Notes",185.0,2019-12-21,33.78,5.48,WorthPoint
bediasite,"Bediasite Tektite 17.86g Impactite, Made By Meteorite Impact W/ Finder√¢¬Ä¬ôs Notes",129.0,2019-11-30,17.86,7.22,WorthPoint
bediasite,"Bediasite Tektite 1.78g Translucent Impactite, Made By Meteorite Impact W/ Finde",24.0,2019-09-13,1.78,13.48,WorthPoint
bediasite,"Bediasite Tektite 8.18g Translucent Impactite, Made By Meteorite Impact W/ Finde",85.0,2019-08-20,8.18,10.39,WorthPoint
bediasite,"Bediasite Tektite 3.31g Translucent Impactite, Made By Meteorite Impact W/ Finde",43.0,2019-08-04,3.31,12.99,WorthPoint
bediasite,"Bediasite Tektite 2.52g Translucent Impactite, Made By Meteorite Impact W/ Finde",50.0,2019-08-03,2.52,19.84,WorthPoint
bediasite,"Bediasite Tektite 5.51g Translucent Impactite, Made By Meteorite Impact W/ Hunte",58.0,2019-07-24,5.51,10.53,WorthPoint
bediasite,"Bediasite Tektite 4.41g Translucent Impactite, Made By Meteorite Impact W/ Finde",39.0,2019-07-15,4.41,8.84,WorthPoint
bediasite,"Bediasite Tektite 20.93g Impactite, Made By Meteorite Impact W/ Finder‚Äôs Notes",114.5,2019-04-27,20.93,5.47,WorthPoint
bediasite,"Bediasite Tektite 24.09g Impactite, Made By Meteorite Impact W/ Finder‚Äôs Notes",207.03,2019-04-20,24.09,8.59,WorthPoint
bediasite,"Bediasite Tektite 23.14g Impactite, Made By Meteorite Impact W/ Finder‚Äôs Notes",115.0,2019-04-13,23.14,4.97,WorthPoint
bediasite,"Bediasite Tektite 29.61g Impactite, Made By Meteorite Impact W/ Finder‚Äôs Notes",189.0,2019-04-04,29.61,6.38,WorthPoint
bediasite,"Bediasite Tektite 34.01g Impactite, Made By Meteorite Impact W/ Hunter Find Note",228.0,2019-03-30,34.01,6.7,WorthPoint
bediasite,"Bediasite Tektite 33.76g Impactite, Made By Meteorite Impact W/ Finder‚Äôs Notes",166.0,2019-03-23,33.76,4.92,WorthPoint
bediasite,"Bediasite Tektite 5.85g Impactite, Made By Meteorite Impact W/ Find Coordinates",38.0,2019-03-14,5.85,6.5,WorthPoint
bediasite,"Bediasite Tektite 9.45g Impactite, Made By Meteorite Impact W/ Find Coordinates",62.0,2019-03-04,9.45,6.56,WorthPoint
bediasite,"Bediasite Tektite 13.36g Impactite, Made By Meteorite Impact W/ Find Coordinates",88.0,2019-02-27,13.36,6.59,WorthPoint
bediasite,"Bediasite Tektite 17.91g Impactite, Made By Meteorite Impact W/ Find Coordinates",116.0,2019-02-24,17.91,6.48,WorthPoint
bediasite,"Bediasite Tektite 18.66g Impactite, Made By Meteorite Impact W/ Find Coordinates",116.0,2019-02-19,18.66,6.22,WorthPoint
bediasite,"Bediasite Tektite 17.79g Impactite, Made By Meteorite Impact W/ Find Coordinates",111.0,2019-02-17,17.79,6.24,WorthPoint
bediasite,"Bediasite Tektite 7.90g Impactite, Made By Meteorite Impact W/ Find Coordinates",54.0,2019-02-10,7.9,6.84,WorthPoint
bediasite,"Bediasite Tektite 6.54g Impactite, Made By Meteorite Impact W/ Find Coordinates",45.0,2019-02-06,6.54,6.88,WorthPoint
bediasite,"(TN) TEKTITE Var. BEDIASITE, BEDIAS, GRIMES COUNTY, TEXAS",45.0,2019-01-28,,,WorthPoint
bediasite,"Bediasite Tektite 13.94g Impactite, Made By Meteorite Impact W/ Find Coordinates",94.0,2019-01-27,13.94,6.74,WorthPoint
bediasite,"Bediasite Tektite 14.16g Impactite, Made By Meteorite Impact W/ Find Coordinates",95.0,2019-01-23,14.16,6.71,WorthPoint
bediasite,"Bediasite Tektite 10.77g Impactite, Made By Meteorite Impact W/ Find Coordinates",73.0,2019-01-16,10.77,6.78,WorthPoint
bediasite,"Bediasite Tektite 9.08g Impactite, Made By Meteorite Impact W/ Find Coordinates",50.0,2018-12-22,9.08,5.51,WorthPoint
bediasite,"Bediasite Tektite 8.63g Stunningly Well Detailed Impactite, Made By Meteorite Im",47.0,2018-12-08,8.63,5.45,WorthPoint
bediasite,"Bediasite Tektite 10.10g Stunningly Well Detailed Impactite, Made By Meteorite I",57.0,2018-12-01,10.1,5.64,WorthPoint
bediasite,"Bediasite Tektite 7.37g Stunningly Well Detailed Impactite, Made By Meteorite Im",39.0,2018-11-17,7.37,5.29,WorthPoint
bediasite,"Bediasite Tektite 10.29g Stunningly Well Detailed Impactite, Made By Meteorite I",71.0,2018-11-05,10.29,6.9,WorthPoint
bediasite,"Bediasite Tektite 7.76g Stunningly Well Detailed Impactite, Made By Meteorite Im",41.0,2018-10-27,7.76,5.28,WorthPoint
bediasite,"Bediasite Tektite 12.10g Stunningly Well Detailed Impactite, Made By Meteorite I",85.0,2018-10-08,12.1,7.02,WorthPoint
bediasite,"Bediasite Tektite 9.35g Stunningly Well Detailed Impactite, Made By Meteorite Im",61.0,2018-10-06,9.35,6.52,WorthPoint
bediasite,"Bediasite Tektite 2.45g Stunningly Well Detailed Impactite, Made By Meteorite Im",15.0,2018-10-06,2.45,6.12,WorthPoint
bediasite,"Bediasite Tektite 8.16g Stunningly Well Detailed Impactite, Made By Meteorite Im",41.0,2018-09-15,8.16,5.02,WorthPoint
bediasite,"Bediasite Tektite 3.90g Stunningly Well Detailed, Translucent Impactite",23.0,2018-09-15,3.9,5.9,WorthPoint
bediasite,"Bediasite Tektite 6.86g Well Detailed Impactite, Made By Meteorite Impact",36.0,2018-09-08,6.86,5.25,WorthPoint
bediasite,"Bediasite Tektite 1.07g Translucent Impactite, Made By Meteorite Impact",16.51,2018-09-08,1.07,15.43,WorthPoint
bediasite,Bediasite Tektite 11.31g Stunningly Well Detailed Impactite,65.0,2018-09-01,11.31,5.75,WorthPoint
bediasite,Bediasite Tektite 5.83g Stunningly Well Detailed Impactite,32.0,2018-07-07,5.83,5.49,WorthPoint
bediasite,Bediasite Tektite 7.15g Stunningly Well Detailed Impactite,46.0,2018-06-02,7.15,6.43,WorthPoint
bediasite,Bediasite Tektite 33.05g Stunningly Well Detailed Impactite,195.0,2018-05-28,33.05,5.9,WorthPoint
bediasite,Bediasite Tektite 6.13g Stunningly Well Detailed Impactite,35.0,2018-05-12,6.13,5.71,WorthPoint
bediasite,Bediasite Tektite 5.49g Stunningly Well Detailed Impactite,35.0,2018-04-28,5.49,6.38,WorthPoint
bediasite,Bediasite Tektite 4.13g Stunningly Well Detailed Impactite,25.0,2018-04-14,4.13,6.05,WorthPoint
bediasite,Bediasite Tektite 4.40g Stunningly Well Detailed Impactite,41.0,2018-04-07,4.4,9.32,WorthPoint
bediasite,"(TN) BEDIASITE, Near BEDIAS, GRIMES COUNTY, TEXAS",50.0,2018-03-03,,,WorthPoint
bediasite,Bediasite Tektite 7.61g Stunningly Well Detailed Impactite,53.0,2018-02-17,7.61,6.96,WorthPoint
bediasite,Bediasite Tektite 2.50g Stunningly Well Detailed Impactite,25.0,2018-02-12,2.5,10.0,WorthPoint
bediasite,Bediasite Tektite 6.03g Stunningly Well Detailed Impactite W/ Bubble Void,65.0,2018-01-12,6.03,10.78,WorthPoint
bediasite,Bediasite Tektite 3.31g Stunningly Well Detailed Impactite,34.55,2017-12-23,3.31,10.44,WorthPoint
bediasite,Bediasite Tektite 6.72g Stunningly Well Detailed Impactite,53.0,2017-12-16,6.72,7.89,WorthPoint
bediasite,Bediasite Tektite 10.25g Stunningly Well Detailed Impactite,85.0,2017-12-09,10.25,8.29,WorthPoint
bediasite,Bediasite Tektite 3.16g Stunningly Well Detailed Impactite,26.0,2017-11-27,3.16,8.23,WorthPoint
bediasite,Bediasite Tektite 1.85g Stunningly Well Detailed Impactite,16.0,2017-11-26,1.85,8.65,WorthPoint
bediasite,Bediasite Tektite 11.12g Stunningly Well Detailed Impactite,89.0,2017-11-25,11.12,8.0,WorthPoint
bediasite,Bediasite Tektite 2.39g Stunningly Well Detailed Impactite,26.0,2017-11-19,2.39,10.88,WorthPoint
bediasite,Bediasite Tektite 3.57g Stunningly Well Detailed Impactite,16.0,2017-11-09,3.57,4.48,WorthPoint
bediasite,Bediasite Tektite 2.01g Stunningly Well Detailed Impactite,26.0,2017-10-29,2.01,12.94,WorthPoint
bediasite,Bediasite Tektite 3.46g Stunningly Well Detailed Impactite,25.0,2017-10-21,3.46,7.23,WorthPoint
bediasite,Bediasite Tektite 2.91g Stunningly Well Detailed Impactite,22.0,2017-10-14,2.91,7.56,WorthPoint
bediasite,4.49 Gram Bediasite - Tektite From Texas - Impactite,40.0,2017-10-13,4.49,8.91,WorthPoint
bediasite,Bediasite Tektite 9.06g Stunningly Well Detailed Impactite,62.0,2017-09-23,9.06,6.84,WorthPoint
bediasite,Bediasite Tektite 1.29g Stunningly Well Detailed Impactite,10.0,2017-09-23,1.29,7.75,WorthPoint
bediasite,Bediasite Tektite 1.81g Translucent Baby Impactite,15.0,2017-07-22,1.81,8.29,WorthPoint
bediasite,Bediasite Tektite 8.61g Stunningly Well Detailed Impactite,59.0,2017-06-24,8.61,6.85,WorthPoint
bediasite,Bediasite Tektite 18.29g Deeply Ornamented Impactite,125.0,2017-06-17,18.29,6.83,WorthPoint
bediasite,Bediasite Tektite 3.62g Stunningly Well Detailed Impactite,30.0,2017-06-16,3.62,8.29,WorthPoint
bediasite,Bediasite Tektite 1.80g Translucent Baby Impactite,20.0,2017-06-12,1.8,11.11,WorthPoint
bediasite,Bediasite Tektite 3.82g Stunningly Well Detailed Impactite,44.98,2017-06-10,3.82,11.77,WorthPoint
bediasite,Bediasite Tektite 2.55g Stunningly Well Detailed Impactite,21.0,2017-06-05,2.55,8.24,WorthPoint
bediasite,Bediasite Tektite 3.53g Stunningly Well Detailed Impactite,29.0,2017-05-27,3.53,8.22,WorthPoint
bediasite,Bediasite Tektite 3.20g Stunningly Well Detailed Impactite,26.0,2017-05-20,3.2,8.12,WorthPoint
bediasite,"BEDIASITE TEKTITE--near BEDIAS, GRIMES COUNTY, TEXAS 5/8"" X 1/2"" X 5/16""",20.5,2016-12-16,,,WorthPoint
bediasite,Bediasite Tektite 17.13g Groovy Impactite From Meteorite Impact,152.5,2016-12-10,17.13,8.9,WorthPoint
bediasite,Bediasite Tektite 16.59g Groovy Impactite From Meteorite Impact,94.98,2016-12-03,16.59,5.73,WorthPoint
bediasite,Bediasite Tektite 16.68g Groovy Impactite From Meteorite Impact,88.98,2016-11-12,16.68,5.33,WorthPoint
bediasite,"BEDIASITE TEKTITE--near BEDIAS, GRIMES COUNTY, TEXAS 4.3 Grams 7/8"" X 3/4""",51.0,2016-11-11,4.3,11.86,WorthPoint
bediasite,Bediasite Tektite 18.76g Groovy Impactite From Meteorite Impact,76.0,2016-10-29,18.76,4.05,WorthPoint
bediasite,Bediasite Tektite 15.10g Groovy Impactite From Meteorite Impact,67.6,2015-11-07,15.1,4.48,WorthPoint
bediasite,Bediasite Tektite From Texas 1.36 Grams From Meteorite Impact RARE!!,10.0,2014-11-02,1.36,7.35,WorthPoint
bediasite,Bediasite Tektite 1.63g Stunningly Well Detailed Impactite,17.0,2014-06-16,1.63,10.43,WorthPoint
bediasite,Bediasite Tektite 2.13g Stunningly Well Detailed Impactite,23.0,2014-06-07,2.13,10.8,WorthPoint
bediasite,"Bediasite Tektite 12.61g Incredibly Cut, Groovy Impactite",125.0,2014-06-07,12.61,9.91,WorthPoint
bediasite,Bediasite Tektite 3.72g Stunningly Well Detailed Impactite,26.0,2014-04-19,3.72,6.99,WorthPoint
bediasite,Bediasite Tektite 16.45g Stunningly Well Detailed ‚ÄúHedgehog‚Äù Impactite,149.0,2014-04-12,16.45,9.06,WorthPoint
bediasite,Bediasite Tektite 0.94g Stunningly Well Detailed Impactite,14.19,2014-04-05,0.94,15.1,WorthPoint
bediasite,Bediasite Tektite 2.56g Stunningly Well Detailed Impactite,21.0,2014-03-22,2.56,8.2,WorthPoint
bediasite,Bediasite Tektite 3.14g Stunningly Well Detailed Impactite,20.0,2014-03-22,3.14,6.37,WorthPoint
bediasite,Bediasite Tektite 1.64g Stunningly Well Detailed Impactite,15.0,2014-03-08,1.64,9.15,WorthPoint
bediasite,Bediasite Tektite 4.42g Stunningly Well Detailed Impactite,45.0,2014-01-05,4.42,10.18,WorthPoint
bediasite,Bediasite Tektite 2.65g Stunningly Well Detailed Impactite,26.0,2013-12-29,2.65,9.81,WorthPoint
bediasite,Bediasite Fall Texas USA Tektite Complete 10.8 Gm,35.0,2013-12-07,10.8,3.24,WorthPoint
bediasite,"Rare .7"" Natural Rough Bediasite Tekite Healing Space / Earth Rock Mineral Texas",44.99,2013-10-02,,,WorthPoint
bediasite,Bediasite Tektite 6.57g Stunningly Well Detailed Impactite,72.61,2013-09-28,6.57,11.05,WorthPoint
bediasite,Bediasite Meteorite Tektite 42.5 Gram Nice Piece Of Tektite From Texas,99.99,2013-04-03,42.5,2.35,WorthPoint
bediasite,Bediasite Tektite 11.77g Stunningly Well Detailed Impactite - Not Meteorite,85.0,2013-03-30,11.77,7.22,WorthPoint
bediasite,Bediasite Tektite Meteorite Collection Brazos County Texas US Selling Individual,35.0,2012-12-15,,,WorthPoint
bediasite,Bediasite Tektite 5.77g Stunningly Well Detailed Impactite,42.0,2012-04-14,5.77,7.28,WorthPoint
bediasite,Bediasite Tektite 4.57g Stunningly Well Detailed Impactite - Not Meteorite,33.0,2012-04-07,4.57,7.22,WorthPoint
bediasite,"(tn) Bediasite, Grimes County, Texas",21.5,2009-07-08,,,WorthPoint
bediasite,"(tn) Bediasite, Grimes Co., Texas",25.0,2009-07-08,,,WorthPoint
bediasite,Bediasite - Texas Tektite,100.0,2008-04-03,,,WorthPoint
bediasite,"Bediasite, Grimes County, Texas: Meteorite Tektite",39.88,2007-06-06,,,WorthPoint
bismuth,10G Beautiful Natural Bismuth Crystal Mineral Specimen/Gift,10.5,2026-01-22,10.0,1.05,WorthPoint
bismuth,Bismuth Mineral Element Display Specimen Weight: 44 Grams Size: 44x22 Mm,8.5,2025-12-25,44.0,0.19,WorthPoint
bismuth,3 Bismuth Crystal Specimens Rainbow Colors 74 Grams Total Gemstone Mineral #591,14.6,2025-12-25,74.0,0.2,WorthPoint
bismuth,Bismuth Crystal Chinese Mummy,19.0,2025-12-21,,,WorthPoint
bismuth,Mermaid Rainbow Titanium Bismuth ‚Ä¢Crystal Carving‚Ä¢ 3‚Äù,10.0,2025-12-19,,,WorthPoint
bismuth,Bismuth Crystal Rainbow Dog Hound,49.0,2025-12-14,,,WorthPoint
bismuth,Bismuth Crystal Feather -2 Pieces,25.0,2025-12-14,,,WorthPoint
bismuth,2pcs Native Lab Grown Bismuth New Zealand Minerals Crystals Gems-min,7.99,2025-12-11,,,WorthPoint
bismuth,Raku Heart Rattle & Bismuth Crystal Cluster,11.3,2025-12-11,,,WorthPoint
bismuth,1 Pound .9999 Fine Raw Bismuth - Grimm Metals,60.0,2025-12-08,,,WorthPoint
bismuth,Bismuth Metal Ingot 99.99% Pure - 5 POUNDS,108.0,2025-12-06,,,WorthPoint
bismuth,"Bismuth Maglev, Unique Handcrafted Kinetic Science Art, Levitation Gadget",59.95,2025-12-06,,,WorthPoint
bismuth,Natural Aura Rainbow Titanium Bismuth Ore Stone Crystal Cluster Specimens Reiki,1.04,2025-12-04,,,WorthPoint
bismuth,Signed Dichroic Art Glass Egg & Bismuth Crystal Geode Egg,55.46,2025-12-02,,,WorthPoint
bismuth,"Bismuth Crystal Stone Large Specimen For Collecting,Wire Wrapping,Wicca & Reiki",19.95,2025-11-30,,,WorthPoint
bismuth,Bismuth Crystal Bowl. Multicolored And In Excellent Condition,50.0,2025-11-30,,,WorthPoint
bismuth,BISMUTH One (1) Large Rainbow Crystal Education Teaching Aid - Bonus Ingot!,19.9,2025-11-27,,,WorthPoint
bismuth,"""Bismuth Crystal Ore Geode Bowl ‚Äì 4"""" Inch, Rainbow Metal Art""",44.99,2025-11-24,,,WorthPoint
bismuth,Rainbow Bismuth Mineral Element Display Specimen Weight: 50 Grams,8.5,2025-11-24,50.0,0.17,WorthPoint
bismuth,Cool Rainbow Bismuth Crystal Cluster,5.99,2025-11-22,,,WorthPoint
bismuth,Bismuth Metal Ingot 99.99% Pure - 10 POUNDS,210.0,2025-11-17,,,WorthPoint
bismuth,"""Mini Bismuth Crystals - Rainbow Bismuth Organic Shapes, 0.75 - 1.5"""" (AAA Grade)""",8.25,2025-11-14,,,WorthPoint
bismuth,"Lot Of Mini Figurines Glass Lady Bodies, Bismuth Crystal, Chakra Points",12.0,2025-11-13,,,WorthPoint
bismuth,Big Bismuth Crystal Puzzle Wooden About 267 Pcs Unique ID 261 SUPER CHALLENGE!!!,50.0,2025-11-13,,,WorthPoint
bismuth,MASSIVE 7.8 Lb BISMUTH Crystal Geode Dendritic Specimen Iridescent Display,88.49,2025-11-13,3538.08,0.03,WorthPoint
bismuth,Bismuth 1 Kg (2.2 LB) Wholesale Lot (AAA-grade) Rainbow Crystals,119.9,2025-11-09,1000.0,0.12,WorthPoint
bismuth,90‚Äì110g Rainbow Bismuth Crystal Tower ‚Äì Iridescent Metal Mineral Specimen,19.99,2025-11-08,110.0,0.18,WorthPoint
bismuth,Bismuth 1 Kg (2.2 LB) Wholesale Lot (A-B-grade) Rainbow Crystals,89.9,2025-11-07,1000.0,0.09,WorthPoint
bismuth,Bismuth Crystal Chinese Rainbow Heart With Flowers (solid Cast - 1 Piece),15.0,2025-11-03,,,WorthPoint
bismuth,Native Copper & Bismuth Crystal,81.18,2025-11-03,,,WorthPoint
bismuth,5 Pound Bismuth Chunk (5 Pounds | 99.99+% Pure) Raw Bismuth Metal | Great For...,170.93,2025-11-01,,,WorthPoint
bismuth,90‚Äì110g Rainbow Bismuth Crystal Cluster ‚Äì Iridescent Metal Specimen Mineral,18.99,2025-10-31,110.0,0.17,WorthPoint
bismuth,"RARE LOCALE Native Bismuth Crystal OMCHIKANDYA, RUSSIA",164.5,2025-10-31,,,WorthPoint
bismuth,Iridescent Bismuth Rainbow Hopper Crystal Cluster Mineral Specimen W/ ID Card,6.5,2025-10-20,,,WorthPoint
bismuth,Minerals : Complete Native Bismuth Crystal From Laikeng Tungsten Mine In China,12.2,2025-10-16,,,WorthPoint
bismuth,Small Bismuth Crystal Specimens Pack Of 5 Beautiful Rainbow Mineral 0.5-0.75 In,19.95,2025-10-15,,,WorthPoint
bismuth,80-100g Aura Rainbow Titanium Bismuth Quartz Crystal Mineral Specimens Decor,43.8,2025-10-15,100.0,0.44,WorthPoint
bismuth,"Bismuth Crystal Stone Specimen For Collecting,Wire Wrapping,Wicca LOT OF 10",9.95,2025-10-15,,,WorthPoint
bismuth,Bismuth Lab-grown New Zealand Minerals Crystals Gems-min,7.99,2025-10-11,,,WorthPoint
bismuth,Bismuth Mineral Element Display Specimen Weight: Grams Size: 43x23 Mm,8.5,2025-10-11,,,WorthPoint
bismuth,Natural Aura Rainbow Titanium Bismuth Crystal Cluster Energy Healing Stone Decor,9.21,2025-10-09,,,WorthPoint
bismuth,BISMUTH Rainbow Iridescent Crystal Cluster Mineral Specimen Element,10.39,2025-10-07,,,WorthPoint
bismuth,166 Gram Lot Of Bismuth Crystals Healing Specimens Gems Crystal Jewelry Gem,7.99,2025-10-07,166.0,0.05,WorthPoint
bismuth,18g 1in 1in .4in THUMBNAIL BISMUTH CRYSTALS USA MAN-MADE #130,5.99,2025-09-28,18.0,0.33,WorthPoint
bismuth,Bismuth Ore Crystal Ghost Figurine Halloween Scary,22.0,2025-09-26,,,WorthPoint
bismuth,Bismuth Specimen Aura Rainbow Titanium Blues Pinks L@@K Free Ship & Gift GRP 1,11.19,2025-09-22,,,WorthPoint
bismuth,Iridescent Rainbow Bismuth Crystal - Lab Grown China - Intricate Geometric,11.99,2025-09-07,,,WorthPoint
bismuth,50g Natural Rainbow Aura Titanium Bismuth Crystal Meditation Healing Stone Decor,10.49,2025-09-05,50.0,0.21,WorthPoint
bismuth,"""4.2"""" BISMUTH Heart Iridescent Metal Crystals Palm Stone - Lab Grown""",26.09,2025-08-28,,,WorthPoint
bismuth,1.3 Lb Rainbow Bismuth Crystal Cubic Cluster Large 616g,39.9,2025-08-27,616.0,0.06,WorthPoint
bismuth,280‚Äì320g Rainbow Bismuth Crystal Cluster ‚Äì Large Iridescent Metal Specimen,44.99,2025-08-26,320.0,0.14,WorthPoint
bismuth,Bismuth Crystal Metal Skull,19.99,2025-08-11,,,WorthPoint
bismuth,Bismuth Crystal Illuminati Eye Medallion,30.0,2025-08-09,,,WorthPoint
bismuth,(R50-18) 25.9 Gram Bismuth Rainbow Crystal Element Bi Gemstone Mineral Specimen,26.99,2025-08-08,25.9,1.04,WorthPoint
bismuth,"Natural Bismuth Ore,Rainbow Bismuth, Metal Crystal,Crystal Gifts,Mineral Spec...",131.32,2025-08-03,,,WorthPoint
bismuth,Smiling Buddha Figurine-Rainbow Bismuth Crystal Fat Buddha Sculpture-4‚Äùx4‚Äù Heavy,19.95,2025-07-20,,,WorthPoint
bismuth,Nervous System Puzzle Big Bismuth Crystal One Of A Kind #153 267 Piece 4MM Wood,40.95,2025-07-18,,,WorthPoint
bismuth,"Geometric Rainbow Bismuth Crystal Mineral Specimen, Steeped Ore, 62g",15.0,2025-07-17,62.0,0.24,WorthPoint
bismuth,70g Natural Rainbow Aura Crystal Titanium Bismuth Ore Energy Specimen Healing US,10.99,2025-07-17,70.0,0.16,WorthPoint
bismuth,1 Troy Ounce .9999 Fine Raw Bismuth - Grimm Metals,13.0,2025-07-17,,,WorthPoint
bismuth,Bismuth 10 Kg (22 LB) Wholesale Lot (AAA-grade) Rainbow Crystals,1099.0,2025-07-16,10000.0,0.11,WorthPoint
bismuth,50 Pounds - 99.99% Pure Bismuth Metal Pieces,995.0,2025-07-16,,,WorthPoint
bismuth,Bismuth Cluster Specimen Large Bismuth Crystal Man Made Crystals Metal Bismuth,44.95,2025-07-13,,,WorthPoint
bismuth,70g Natural Rainbow Aura Titanium Bismuth Crystal Spiritual Healing Specimens US,10.73,2025-07-05,70.0,0.15,WorthPoint
bismuth,250‚Äì330g Rainbow Bismuth Crystal Tower ‚Äì Large Iridescent Metal Mineral Specimen,39.99,2025-06-29,330.0,0.12,WorthPoint
bismuth,"Large Rainbow Bismuth Crystal Skull 59oz, US Made And Shipped (59-2001)",85.0,2025-06-29,1672.65,0.05,WorthPoint
bismuth,Bismuth Crystal Wire Wrap Bi STEM Education Crystal Grid Rainbow Bis75,14.0,2025-06-28,,,WorthPoint
bismuth,Mountain Range Bismuth Crystal Cluster Display 1.4 LB 632g,44.9,2025-06-28,632.0,0.07,WorthPoint
bismuth,Vintage High Purity Bismuth Crystal Quartz Rainbow 256 Oz Meditation Chakra Heal,5.48,2025-06-25,7257.6,0.0,WorthPoint
bismuth,Rainbow Bismuth Crystal Cluster Diamond Face 192g,22.9,2025-06-25,192.0,0.12,WorthPoint
bismuth,99.99% Pure Bismuth Metal Pieces - 10lbs,83.89,2025-06-24,4536.0,0.02,WorthPoint
bismuth,"Iridescent Bismuth Crystals, Germany",12.5,2025-06-23,,,WorthPoint
bismuth,30g Natural Rainbow Aura Titanium Bismuth Crystal Spiritual Reiki Stone Cluster,9.21,2025-06-15,30.0,0.31,WorthPoint
bismuth,Bismuth Mineral Element Display Specimen Weight: 46 Grams,10.0,2025-06-14,46.0,0.22,WorthPoint
bismuth,Bismuth Wholesale Lot Of 6 Rainbow Crystals 162g Total,34.99,2025-06-11,162.0,0.22,WorthPoint
bismuth,Rainbow Bismuth Crystal Healing Cluster Chunks Mineral Rocks Specimen Home Decor,17.98,2025-06-07,,,WorthPoint
bismuth,100g Natural Rainbow Aura Titanium Bismuth Specimen Stone Crystal Cluster Reiki,7.17,2025-06-07,100.0,0.07,WorthPoint
bismuth,Bismuth Crystal Pink Pyramid,20.0,2025-06-05,,,WorthPoint
bismuth,70g Natural Rainbow Aura Titanium Bismuth Crystal Ore Specimen Chakra Reiki,10.44,2025-05-25,70.0,0.15,WorthPoint
bismuth,Natural Rainbow Aura Crystal Titanium Bismuth Ore Stone Specimens Healing,8.35,2025-05-19,,,WorthPoint
bismuth,"""3.30"""" Iridescent Metallic Hoppered Bismuth Crystals Germany """"lab Grown"""" Z-284""",55.25,2025-05-17,,,WorthPoint
bismuth,Bismuth Crystal Pyramid,15.0,2025-05-13,,,WorthPoint
bismuth,Bismuth Crystal Meditating Sloth,45.0,2025-05-09,,,WorthPoint
bismuth,Natural Rainbow Aura Titanium Bismuth Rough Mineral Crystal Gemstone Specimens,7.17,2025-05-02,,,WorthPoint
bismuth,Rainbow Bismuth Crystal Pieces From England 43.3 Grams Display,6.99,2025-04-21,43.3,0.16,WorthPoint
bismuth,Rainbow Bismuth Mineral Element Display Specimen Weight: 30 Grams,8.0,2025-04-13,30.0,0.27,WorthPoint
bismuth,Rainbow Bismuth Mineral Element Display Specimen Weight: 30grams,8.0,2025-04-13,30.0,0.27,WorthPoint
bismuth,Beautiful Assortment Of Bismuth 102 Grams Set Of 3,8.99,2025-04-10,102.0,0.09,WorthPoint
bismuth,3 Pieces Pretty .68 Ounce ~Total Weight~ Small Rainbow Bismuth Crystals,6.0,2025-04-09,,,WorthPoint
bismuth,Rainbow Bismuth Mineral Element Display Specimen Weight: 42 Grams,12.0,2025-04-06,42.0,0.29,WorthPoint
bismuth,"""Heart-Shaped Bismuth Crystal Ore Bowl ‚Äì 4.25"""" Inch, 560g (19.7 Oz) Rainbow Metal""",49.99,2025-04-03,560.0,0.09,WorthPoint
bismuth,200G Aura Rainbow Bismuth Titanium Quartz Cluster Mineral Specimen Decoration,26.8,2025-04-02,200.0,0.13,WorthPoint
bismuth,180g+ Rainbow Aura Bismuth Crystal Healing Cluster Chunks Mineral Rocks Specimen,26.9,2025-03-31,180.0,0.15,WorthPoint
bismuth,Bismuth Crystal Pistol Shaped - Pew Pew,30.0,2025-03-27,,,WorthPoint
bismuth,Lab Grown Bismuth Shelf Piece,30.0,2025-03-25,,,WorthPoint
bismuth,30-70g Natural Rainbow Aura Titanium Bismuth Crystal Stone Specimen Cluster Gift,9.69,2025-03-25,70.0,0.14,WorthPoint
bismuth,Bismuth Hoppered Crystal,18.0,2025-03-24,,,WorthPoint
bismuth,AAA Natural Rainbow Aura Titanium Bismuth Crystal Rock Specimen Healing Minerals,9.21,2025-03-19,,,WorthPoint
bismuth,Bismuth Chunk (5 Pounds | 99.99+% Pure) Raw Bismuth Metal | Great For Crystal...,172.79,2025-03-16,,,WorthPoint
bismuth,"""2.5"""" BISMUTH Iridescent Hopper Crystals Cluster - Lab Grown""",28.0,2025-03-13,,,WorthPoint
bismuth,"Large Bismuth Crystal, 123g - Laboratory Grown - Ex. Eric Hendrix Collection",35.0,2025-03-12,123.0,0.28,WorthPoint
bismuth,Bismuth Crystal Round Large Mineral Specimen Iridescent,80.0,2025-03-07,,,WorthPoint
bismuth,Nice Bismuth Cluster,5.0,2025-03-02,,,WorthPoint
bismuth,Rainbow Bismuth Bi Crystal Specimen Metal Element Collectible Mineral 1 2 5 Pcs,8.05,2025-02-25,,,WorthPoint
bismuth,Natural Rainbow Aura Titanium Bismuth Crystal Chakra Healing Stone Ore Specimens,8.35,2025-02-25,,,WorthPoint
bismuth,150g Natural Colorful Quartz Titanium Bismuth Crystal Stone Cluster VUG Healing,14.24,2025-02-21,150.0,0.09,WorthPoint
bismuth,"""Science Art - """"Dichotomy"""" True Levitation Bismuth, Element 83 Handcrafted Maglev""",69.95,2025-02-16,,,WorthPoint
bismuth,Old Stock Bismuth Crystal Mineral Collection Lot 397 Grams Rock Collecting,79.99,2025-02-12,397.0,0.2,WorthPoint
bismuth,70g Natural Healing Rainbow Aura Titanium Bismuth Crystal Stone Specimen Cluster,10.99,2025-02-11,70.0,0.16,WorthPoint
bismuth,"""2.7"""" BISMUTH Iridescent Hopper Crystals Cluster - Lab Grown""",20.5,2025-02-07,,,WorthPoint
bismuth,Bismuth Metal Blocks 99.99% Pure 3lb - Perfect For Crystal Making & Experiments,49.99,2025-02-06,1360.8,0.04,WorthPoint
bismuth,1.5 Lb Rainbow Bismuth Crystal Cubic Cluster Large 682g,64.9,2025-02-05,682.0,0.1,WorthPoint
bismuth,2.3‚Äù Heavy Titanium Rainbow Aura Bismuth Crystal Matrix Cluster Specimen 130g,10.99,2025-02-05,130.0,0.08,WorthPoint
bismuth,Rare! Native Bismuth & Emplectite Crystals Schmiedestollen Black Forest Germany,45.0,2025-02-05,,,WorthPoint
bismuth,Marble Book Ends & Bismuth Crystal,27.14,2025-02-04,,,WorthPoint
bismuth,"""‚û§ 2"""" BISMUTH CRYSTAL CLUSTER - From The 1960's - 1.22 Ounces VIDEO‚û§760""",11.1,2025-02-03,,,WorthPoint
bismuth,Rainbow Iridescent Bismuth Crystals From Germany - 2 Inches,9.99,2025-02-03,,,WorthPoint
bismuth,Gemmy Rainbow Bismuth Crystal Cluster,17.9,2025-02-01,,,WorthPoint
bismuth,Rainbow Bismuth Mineral Element Display Specimen Weight: 40 Grams,10.0,2025-01-31,40.0,0.25,WorthPoint
bismuth,"""Bismuth Turquoise Pendant W Cord. Genuine Bismuth Crystal, 2.15"""" Large...""",11.72,2025-01-31,,,WorthPoint
bismuth,100g Large Natural Rainbow Aura Titanium Bismuth Crystal Cluster Specimen Chakra,11.39,2025-01-26,100.0,0.11,WorthPoint
bismuth,WHOLESALE Bismuth Crystal 12 Pcs 1 Kg # 5294,81.0,2025-01-24,1000.0,0.08,WorthPoint
bismuth,"""Bismuth Crystal, Rainbow Geometric Bismuth In Glass Display Jar W/ Cork App 2.2""""""",11.54,2025-01-19,,,WorthPoint
bismuth,"""2.3"""" BISMUTH Iridescent Hopper Crystals Cluster - Lab Grown""",13.0,2025-01-17,,,WorthPoint
bismuth,Bismuth Crystal Beehive,45.0,2025-01-16,,,WorthPoint
bismuth,Bismuth Crystal Specimen 31.3g 4.5cm Rainbow Purple Blue Gold Red Green Silver,14.5,2025-01-14,31.3,0.46,WorthPoint
bismuth,Bismuth Ore - Rainbow Bismuth - Bismuth Crystal Mineral Element Specimen - 1pc,13.95,2025-01-05,,,WorthPoint
bismuth,"""2.6"""" BISMUTH Iridescent Hopper Crystals Cluster - Lab Grown""",15.03,2025-01-03,,,WorthPoint
bismuth,Bismuth Crystal Clam Shell,20.0,2025-01-02,,,WorthPoint
bismuth,"""8"""" Bismuth Crystal Display Plate With Stand Large 4.5 LBS 2028g""",139.9,2025-01-01,2028.0,0.07,WorthPoint
bismuth,Bismuth Crystal Rainbow Pyramid,25.0,2025-01-01,,,WorthPoint
bismuth,"""2.4"""" BISMUTH Iridescent Hopper Crystals Cluster - Lab Grown""",11.0,2024-12-20,,,WorthPoint
bismuth,Gemmy Bismuth Crystal Cluster Large 1.1 LB Blue Gold Purple 520g,54.9,2024-12-19,520.0,0.11,WorthPoint
bismuth,Bismuth Crystal 274g Cubic Gold Copper Blue Purple Aura,34.9,2024-12-18,274.0,0.13,WorthPoint
bismuth,Bright Rainbow Bismuth Crystals !! Set Of 3 !! Colorful And Ready For Display !!,9.09,2024-12-17,,,WorthPoint
bismuth,Rainbow Bismuth Crystals !! Set Of 3 !! Colorful And Ready For Display !!,9.09,2024-12-17,,,WorthPoint
bismuth,Rainbow Bismuth Crystal Specimen From England 47.5 Grams Display,9.99,2024-12-15,47.5,0.21,WorthPoint
bismuth,"""Bismuth Crystal Christmas Tree Cluster Plate + Display Stand Large 3.5 LB, 8"""" In""",139.9,2024-12-14,,,WorthPoint
bismuth,2.25LB Cubic Bismuth Crystal Cluster Large 984g Blue Gold Purple,89.0,2024-12-14,984.0,0.09,WorthPoint
bismuth,4.25lb Rainbow Bismuth Crystal Cluster Large 1930g,99.0,2024-12-14,1930.0,0.05,WorthPoint
bismuth,Rainbow Bismuth Crystal Specimen From England 61.3 Grams Display,14.99,2024-12-14,61.3,0.24,WorthPoint
bismuth,Natural Rainbow Aura Titanium Bismuth Specimen Stone Crystal Cluster Gift,10.11,2024-12-13,,,WorthPoint
bismuth,"Bismuth Crystal Chinese Halloween Pumpkin, Broom And Witch Hat (3 Piece Set)",35.0,2024-12-13,,,WorthPoint
bismuth,Bismuth Crystal,17.85,2024-12-12,,,WorthPoint
bismuth,A Beautiful Set Of 4 Copper/bismuth Variety! - Free Shipping!,15.99,2024-12-11,,,WorthPoint
bismuth,Rainbow Bismuth Crystal Cubic Cluster 202g,27.9,2024-12-11,202.0,0.14,WorthPoint
bismuth,Cubic Rainbow Bismuth Crystal 300g Energon Cube Gold Copper Blue & Purple Colors,34.9,2024-12-11,300.0,0.12,WorthPoint
bismuth,1lb Bismuth Crystal Cluster Blue And Gold Large 442g,39.9,2024-12-11,442.0,0.09,WorthPoint
bismuth,"Bismuth Crystal, Large Bismuth Mineral Specimen, Irregular Healing Stone, Rai...",20.77,2024-12-10,,,WorthPoint
bismuth,Bismuth Crystal Rainbow Stingray,55.0,2024-12-10,,,WorthPoint
bismuth,Large Rainbow Bismuth Crystal Pyramid Aura Power 288g,34.9,2024-12-08,288.0,0.12,WorthPoint
bismuth,"""1.8"""" BEAUTIFUL RAINBOW BISMUTH CRYSTAL MINERAL METAL CLUSTER (LAB GROWN) 65g *A1""",16.49,2024-12-08,65.0,0.25,WorthPoint
bismuth,Lot Of 10 Bismuth Crystals Wire Wrap- Education- Crystal Grid- Rainbow BisLot302,30.5,2024-12-07,,,WorthPoint
bismuth,Lot Of 3 Rainbow Bismuth Crystal Clusters 238g,19.9,2024-12-07,238.0,0.08,WorthPoint
bismuth,Bismuth Crystal Rainbow Large Skull/Butterfly,35.0,2024-11-30,,,WorthPoint
bismuth,"""Large 4"""" Rainbow Bismuth Crystal 1 LB 502g""",44.9,2024-11-27,502.0,0.09,WorthPoint
bismuth,Bismuth Crystal Lucky Cat,75.0,2024-11-25,,,WorthPoint
bismuth,Bismuth Crystal Pyramid Cluster Large 1.6 LB Rainbow Aura 718g,49.9,2024-11-24,718.0,0.07,WorthPoint
bismuth,"""2.1"""" BISMUTH Iridescent Hopper Crystals Cluster - Lab Grown""",15.5,2024-11-22,,,WorthPoint
bismuth,3.3LB Bismuth Crystal Cluster Plate + Display Stand Large 1516g Blue Gold Purpe,129.0,2024-11-20,1516.0,0.09,WorthPoint
bismuth,Rainbow Bismuth Crystal Specimen From England 57.2 Grams Display,9.99,2024-11-20,57.2,0.17,WorthPoint
bismuth,2.75LB Cubic Bismuth Crystal Cluster Large 1236g Blue Gold Purple Aura Energy XL,159.0,2024-11-16,1236.0,0.13,WorthPoint
bismuth,102cts Rainbow Bismuth Crystal Mineral Specimen,25.0,2024-11-16,20.4,1.23,WorthPoint
bismuth,Lot Of 6 Premium Rainbow Bismuth Crystal Clusters 220g,34.9,2024-11-16,220.0,0.16,WorthPoint
bismuth,2lb Rainbow Bismuth Crystal Cluster Large 936g,89.0,2024-11-14,936.0,0.1,WorthPoint
bismuth,Lot Of 3 Bismuth Crystal Skulls - 3 Piece Rainbow Bismuth Crystal Skull Lot,19.99,2024-11-12,,,WorthPoint
bismuth,5 Pc Bismuth Crystal Specimens Raw Freeform Healing Riki Witchcraft,15.0,2024-11-09,,,WorthPoint
bismuth,4lb Rainbow Bismuth Crystal Cluster Plate W/ Display Stand Large 1844g,139.0,2024-11-08,1844.0,0.08,WorthPoint
bismuth,"""3.1"""" BISMUTH Iridescent Hopper Crystals Cluster - Lab Grown""",16.5,2024-11-08,,,WorthPoint
bismuth,11 Rainbow Bismuth Crystal Clusters 1.25lb 572g Wholesale Lot,44.9,2024-11-07,572.0,0.08,WorthPoint
bismuth,50g Natural Rainbow Aura Titanium Bismuth Crystal Specimens Stone Amulet Healing,9.69,2024-11-05,50.0,0.19,WorthPoint
bismuth,"""Weird Bismuth Crystal Cluster Blue Gold 402g 4.25"""" X 3"""" Unique!""",39.9,2024-11-02,402.0,0.1,WorthPoint
bismuth,Bismuth Mineral Element Display Specimen Weight: 62 Grams Size: 46x25 Mm,10.0,2024-10-28,62.0,0.16,WorthPoint
bismuth,3.25LB Bismuth Crystal Cluster Plate + Display Stand Large 1474g Blue Gold Purpe,129.0,2024-10-25,1474.0,0.09,WorthPoint
bismuth,"RARE UNIQUE Bismuth Crystal DAYU CO., CHINA -Ex. Lemanski",154.5,2024-10-25,,,WorthPoint
bismuth,"""2"""" BISMUTH Iridescent Hopper Crystals Cluster - Lab Grown""",9.0,2024-10-25,,,WorthPoint
bismuth,Rainbow Bismuth Crystal Geode Egg-shaped,12.5,2024-10-22,,,WorthPoint
bismuth,50g Colorful Bismuth Bismuth Crystals High Purity Bismuth Metal Crystal Sample,11.98,2024-10-20,50.0,0.24,WorthPoint
bismuth,3.8 Pound / 60 Ounce Rainbow Bismuth Crystal - X1,209.0,2024-10-20,,,WorthPoint
bismuth,Colorful Bright Bismuth Crystal Mineral 50 Grams,22.0,2024-10-20,50.0,0.44,WorthPoint
bismuth,üî• Bismuth Crystal Iridescent Electronic Element Metal Display Multi Color,14.99,2024-10-20,,,WorthPoint
bismuth,üî• Bismuth Crystal Iridescent Aura Element Metal Display Multi Color,14.99,2024-10-20,,,WorthPoint
bismuth,Rainbow Bismuth Crystal Cluster Chunk 142g,22.9,2024-10-19,142.0,0.16,WorthPoint
bismuth,Bismuth Crystal Ingot Bar,33.0,2024-10-18,,,WorthPoint
bismuth,Mixed Lot Of 27 Rainbow Bismuth Crystal Clusters 238g,24.9,2024-10-16,238.0,0.1,WorthPoint
bismuth,Rainbow Bismuth Crystal Specimen From England 49.5 Grams Display,12.99,2024-10-14,49.5,0.26,WorthPoint
bismuth,"‚òòÔ∏èRR‚öí: 34 Bismuth Crystal Specimens, 60 G.",6.5,2024-10-13,60.0,0.11,WorthPoint
bismuth,Bismuth Crystal Rainbow Sphere,30.0,2024-10-13,,,WorthPoint
bismuth,Metal Rainbow Bismuth Crystal,64.99,2024-10-12,,,WorthPoint
bismuth,2.2 Pound / 35 Ounce Rainbow Bismuth Crystal - X13,123.0,2024-10-12,,,WorthPoint
bismuth,Bismuth Metallic Element Sample 54 Gram Bar,11.86,2024-10-12,54.0,0.22,WorthPoint
bismuth,1.9 Pound / 30 Ounce Rainbow Bismuth Crystal - X17,104.0,2024-10-11,,,WorthPoint
bismuth,Natural Rainbow Aura Titanium Bismuth Crystal Specimen Gemstone Mineral Reiki US,9.21,2024-09-29,,,WorthPoint
bismuth,30g Natural Rainbow Aura Titanium Bismuth Crystal Stone Cluster Specimen Healing,8.35,2024-09-29,30.0,0.28,WorthPoint
bismuth,8LB Natural Rainbow Aura Titanium Bismuth Crystal Specimen Gemstone Rock Heal,159.5,2024-09-29,3628.8,0.04,WorthPoint
bismuth,Bismuth Mineral Element Display Specimen Weight:36 Grams Size: 50x26 Mm,10.0,2024-09-28,36.0,0.28,WorthPoint
bismuth,"2.3"" BISMUTH Iridescent Hopper Crystals Cluster - Lab Grown",25.96,2024-09-27,,,WorthPoint
bismuth,Bismuth Crystal 4.9 Cm # 17839,12.55,2024-09-24,,,WorthPoint
bismuth,Natural Aura Rainbow Titanium Bismuth Rock Stone Crystal Cluster Specimens Reiki,10.44,2024-09-21,,,WorthPoint
bismuth,Rainbow Bismuth Crystal Specimen From England 32.1 Grams Display,6.99,2024-09-19,32.1,0.22,WorthPoint
bismuth,1 Custom Bismuth Heart Bullion Ingot Purple Blue Gold,9.9,2024-09-09,,,WorthPoint
bismuth,Bismuth Crystal Chinese Rainbow Heart With Flowers,15.0,2024-09-06,,,WorthPoint
bismuth,1.5 Pound / 24.5 Ounce Rainbow Bismuth Crystal - X14,84.0,2024-09-01,,,WorthPoint
bismuth,2.6 Pound / 42 Ounce Rainbow Bismuth Crystal - X4,147.0,2024-08-28,,,WorthPoint
bismuth,Bismuth Crystals Imperfect Has Cracks Bulk Lot Of 778 Grams,50.0,2024-08-27,778.0,0.06,WorthPoint
bismuth,3 Ounces Bismuth Rainbow Crystal Elemental Gemstone Mineral Specimen Healing B01,15.0,2024-08-26,,,WorthPoint
bismuth,Bismuth Crystal Chinese Astronaut,12.0,2024-08-25,,,WorthPoint
bismuth,2.1 Pound / 33 Ounce Rainbow Bismuth Crystal - X10,96.9,2024-08-24,,,WorthPoint
bismuth,Bismuth Crystal Rainbow Troll,27.0,2024-08-24,,,WorthPoint
bismuth,Bismuth Crystal Feather,13.0,2024-08-24,,,WorthPoint
bismuth,2.4 Pound / 38 Ounce Rainbow Bismuth Crystal - X16,113.9,2024-08-22,,,WorthPoint
bismuth,Bismuth,24.8,2024-08-22,,,WorthPoint
bismuth,3 Pound / 48 Ounce Blue Bismuth Crystal - X15,142.8,2024-08-21,,,WorthPoint
bismuth,"Transparent Quartz, Aura Amethyst, Bismuth Crystal, Agate Geode + Many More",45.0,2024-08-21,,,WorthPoint
bismuth,"Beautiful Collectible Stones #8 | Coral, Tourmaline, Bismuth Crystal, Cactus Calcite & Others",264.56,2024-08-08,,,WorthPoint
bismuth,Bismuth Crystal Rainbow Ghost,29.0,2024-07-25,,,WorthPoint
bismuth,Bismuth Crystal Skull,19.99,2024-07-21,,,WorthPoint
bismuth,"5 Pounds Pure Bismuth Metal, Ghost Shaped",35.0,2024-07-17,,,WorthPoint
bismuth,Rainbow Bismuth Crystal Specimen From England 39.4 Grams Display,8.5,2024-07-04,39.4,0.22,WorthPoint
bismuth,Rainbow Bismuth Crystal Specimen From England 44.2 Grams Display,6.99,2024-07-04,44.2,0.16,WorthPoint
bismuth,Natural Titanium Bismuth Rare Metal Crystal Rainbow Mineral Gemstone 78g,15.0,2024-07-03,78.0,0.19,WorthPoint
bismuth,Rainbow Bismuth Crystal Specimen From England 148 Grams Display,29.99,2024-06-28,148.0,0.2,WorthPoint
bismuth,Rainbow Bismuth Crystal Specimen From England 38.6 Grams Display,6.99,2024-06-27,38.6,0.18,WorthPoint
bismuth,Natural Colorful Rainbow Bismuth Crystal Specimen Natural Healing Metal Trinket,7.5,2024-06-27,,,WorthPoint
bismuth,Bismuth Crystal Lab Grown 5.6 Cm # 19799,12.95,2024-06-18,,,WorthPoint
bismuth,"Iridescent Bismuth Crystals, Belgium",9.0,2024-06-17,,,WorthPoint
bismuth,Rainbow Bismuth Crystal Specimen From England 122 Grams Display,19.99,2024-06-11,122.0,0.16,WorthPoint
bismuth,Rainbow Bismuth Crystal Specimen From England 35.4 Grams Display,6.99,2024-06-07,35.4,0.2,WorthPoint
bismuth,2.9 Pound / 47 Ounce Rainbow Bismuth Crystal - F4,139.0,2024-06-06,,,WorthPoint
bismuth,Bismuth Crystal Rainbow Camel,60.0,2024-06-05,,,WorthPoint
bismuth,"Bismuth Crystal Stone Extra Large Specimen For Collecting,Wire Wrapping,Wicca",29.95,2024-06-04,,,WorthPoint
bismuth,(7) Bismuth Crystal Specimens,76.7,2024-06-01,,,WorthPoint
bismuth,Rainbow Bismuth Crystal Specimen From England 48.6 Grams Display,9.99,2024-05-30,48.6,0.21,WorthPoint
bismuth,Rainbow Bismuth Crystal Specimen From England 41.5 Grams Display,9.99,2024-05-30,41.5,0.24,WorthPoint
bismuth,Rainbow Bismuth Crystal Specimen From England 35.7 Grams Display,9.99,2024-05-30,35.7,0.28,WorthPoint
bismuth,"3.2"" Wild Colors Skeletal BISMUTH Crystals Stair Step Formation Germany For Sale",26.25,2024-05-27,,,WorthPoint
bismuth,Bismuth Crystals - 128 Grams - Fairy Garden / Collection / Gift,8.49,2024-05-24,128.0,0.07,WorthPoint
bismuth,Varita De Selenita Con Cristal Bismuto /Selenite Charging Wand W/Bismuth Crystal,88.73,2024-05-22,,,WorthPoint
bismuth,Natural Gemstone Rainbow Aura Titanium Bismuth Crystal Specimen Reiki Rock US,10.22,2024-05-13,,,WorthPoint
bismuth,Aura Titanium Quartz And Bismuth Crystal Lot,5.5,2024-05-13,,,WorthPoint
bismuth,Colored Bismuth Crystals! Beautiful! Rare! One Of A Kind Piece! Free Shipping!,14.95,2024-05-11,,,WorthPoint
bismuth,(5) New Zealand Bismuth Crystal Specimens,53.1,2024-05-11,,,WorthPoint
bismuth,Bismuth Crystal Heart Geode,35.0,2024-05-06,,,WorthPoint
bismuth,Bismuth Crystal Rainbow Coin Pentagram,12.5,2024-05-05,,,WorthPoint
bismuth,Bismuth Crystal Buddha Carving,35.0,2024-05-02,,,WorthPoint
bismuth,"Bismuth Crystal Geode Large Specimen For Collecting,Wire Wrapping,Wicca",59.95,2024-04-28,,,WorthPoint
bismuth,Bismuth Metal Crystal Specimen - 132 Grams - Collect / Gift / Display,9.0,2024-04-24,132.0,0.07,WorthPoint
bismuth,Rainbow Bismuth Crystal Specimen From England 79.6 Grams Display,14.99,2024-04-09,79.6,0.19,WorthPoint
bismuth,Rainbow Bismuth Crystal Specimen From England 60.9 Grams Display,9.99,2024-04-05,60.9,0.16,WorthPoint
bismuth,Rainbow Bismuth Crystal Specimen From England 45.8 Grams Display,8.99,2024-04-05,45.8,0.2,WorthPoint
bismuth,"CLASSIC Native Bismuth Crystal ST. IVES, ENGLAND",625.0,2024-04-05,,,WorthPoint
bismuth,Minerals : Bismuth Crystal With No Matrix From The Lakeng Tungsten Mine In China,21.5,2024-04-03,,,WorthPoint
bismuth,50g Natural Rainbow Aura Quartz Crystal Titanium Bismuth Ore Specimen Healing US,9.21,2024-03-30,50.0,0.18,WorthPoint
bismuth,2.2 Pound / 36 Ounce Rainbow Bismuth Crystal - E12,109.0,2024-03-28,,,WorthPoint
bismuth,2.3 Pound / 37 Ounce Rainbow Bismuth Crystal - E7,109.0,2024-03-26,,,WorthPoint
bismuth,Natural Rainbow Aura Titanium Bismuth Crystal Cluster Energy Mineral Stone Reiki,9.69,2024-03-23,,,WorthPoint
bismuth,Bismuth Crystal Specimen Small (13.7 Grams),12.0,2024-03-21,13.7,0.88,WorthPoint
bismuth,Bismuth Crystal Specimen Small (14.8 Grams),12.0,2024-03-21,14.8,0.81,WorthPoint
bismuth,4 Bismuth Rainbow Crystals - Natural,10.99,2024-03-19,,,WorthPoint
bismuth,Rainbow Bismuth Crystal Specimen From England 42.7 Grams Display,9.99,2024-03-19,42.7,0.23,WorthPoint
bismuth,Bismuth Crystal Gold Mayan Medallion,50.0,2024-03-12,,,WorthPoint
bismuth,Bismuth Crystal Rainbow Tower Skull,140.0,2024-03-12,,,WorthPoint
bismuth,"Round .999 Pure Dimagnetic Bismuth Rainbow Crystal Natural Aura, Crystalized",39.5,2024-03-09,,,WorthPoint
bismuth,Rainbow Bismuth Crystal Specimen From England 94 Grams Display,17.99,2024-03-07,94.0,0.19,WorthPoint
bismuth,8lbs Pounds Of 99.99% Pure Bismuth Metal Unique Metals Crystal Low Melting Point,69.0,2024-03-04,3628.8,0.02,WorthPoint
bismuth,132g Rainbow Bismuth Crystal Cluster Point 4.7oz,17.9,2024-03-03,132.0,0.14,WorthPoint
bismuth,Bismuth Crystal Snake,15.0,2024-03-02,,,WorthPoint
bismuth,Bismuth Crystal Rainbow Skull With Cobras (1),25.0,2024-03-02,,,WorthPoint
bismuth,"Large 2.75lb Rainbow Bismuth Crystal Cubic Cluster 1250g 5""x3.5""x3""",69.0,2024-02-27,1250.0,0.06,WorthPoint
bismuth,Minerals : Outstanding Group Of Bismuth Crystals From Wolfram Camp In Australia,79.5,2024-02-18,,,WorthPoint
bismuth,Rainbow Bismuth Crystal Elephant Ganesha 126g Metal Art Home Decor,45.0,2024-02-17,126.0,0.36,WorthPoint
bismuth,Minerals : Grey Bismuth Crystal Group With No Matrix From Kingsgate In Australia,34.5,2024-02-16,,,WorthPoint
bismuth,Bismuth Crystal Extra Large Specimen For Collecting,21.0,2024-02-16,,,WorthPoint
bismuth,Rainbow Bismuth Crystal Specimen From England 46.6 Grams Display,9.99,2024-02-15,46.6,0.21,WorthPoint
bismuth,"Large 2.5lb Rainbow Bismuth Cubic Crystal Cluster 1148g 4"" Tall X 4"" X 2.25""",89.0,2024-02-14,1148.0,0.08,WorthPoint
bismuth,"Bismuth Crystal Extra Large Specimen For Collecting,Wire Wrapping,",22.0,2024-02-11,,,WorthPoint
bismuth,Rainbow Bismuth Crystal Specimen From England 88 Grams Display,11.69,2024-02-10,88.0,0.13,WorthPoint
bismuth,Bismuth 1 Kg Wholesale Lot (A-B-grade) Rainbow Crystals,49.9,2024-02-07,1000.0,0.05,WorthPoint
bismuth,Bismuth Crystal Rainbow Heart Pendant -Cord-,35.0,2024-02-06,,,WorthPoint
bismuth,Rainbow Bismuth Crystal Specimen From England 39.9 Grams Display,8.99,2024-02-06,39.9,0.23,WorthPoint
bismuth,Rainbow Bismuth Crystal Specimen From England 52.9 Grams Display,15.5,2024-02-06,52.9,0.29,WorthPoint
bismuth,Natural Rainbow Aura Metal Titanium Bismuth Crystal Cluster Stone Specimen Reiki,8.79,2024-02-03,,,WorthPoint
bismuth,"5Pcs Bismuth Turquoise Pendant W Cord. Genuine Bismuth Crystal, 2.15"" Large...",19.99,2024-02-02,,,WorthPoint
bismuth,"Bismuth Crystal, Rainbow Geometric Bismuth In Glass Display Jar W/ Cork App 2.2""",6.54,2024-02-01,,,WorthPoint
bismuth,"Minerals : Bismuth Crystal With No Other Matrix, Lakeng Tungsten Deposit, China",12.09,2024-02-01,,,WorthPoint
bismuth,"Bismuth Metal Ingot 99.99% Pure - 9.23 POUNDS, 4187 Grams",64.0,2024-01-31,4187.0,0.02,WorthPoint
bismuth,Bismuth Crystal Rainbow Angel,37.0,2024-01-30,,,WorthPoint
bismuth,Rainbow Bismuth Crystal Specimen From England 95.1 Grams Display,19.99,2024-01-27,95.1,0.21,WorthPoint
bismuth,292g Natural Rainbow Aura Titanium Bismuth Ore Crystal Gemstone Specimens,22.5,2024-01-27,292.0,0.08,WorthPoint
bismuth,"Bismuth Metal Ingot 99.99% Pure - 7.86 POUNDS, 3566 Grams",55.0,2024-01-22,3566.0,0.02,WorthPoint
bismuth,"2.4"" Hopper BISMUTH Crystals Shiny Metallic Blue-Silver-Magenta England For Sale",30.0,2024-01-22,,,WorthPoint
bismuth,AAA Natural Aura Rainbow Quartz Titanium Bismuth Crystal Point Specimen Healing,10.69,2024-01-20,,,WorthPoint
bismuth,"Extra Large 7.9lb Rainbow Bismuth Crystal Cube 3610g 5.5""x6""x5"" HUGE And RARE!",239.0,2024-01-12,3610.0,0.07,WorthPoint
bismuth,Bismuth Crystal 4.9 Cm # 17843,10.95,2024-01-06,,,WorthPoint
bismuth,Rainbow Bismuth Crystal Specimen From England 94.4 Grams Display,14.99,2024-01-04,94.4,0.16,WorthPoint
bismuth,Rainbow Bismuth Crystal Specimen From England 68.5 Grams Display,9.99,2024-01-04,68.5,0.15,WorthPoint
bismuth,Bismuth Crystal Dragonfly,15.0,2024-01-01,,,WorthPoint
bismuth,Bismuth Crystal Egg (1),20.0,2024-01-01,,,WorthPoint
bismuth,Bismuth Crystal Rainbow Pit Bull Head,18.0,2024-01-01,,,WorthPoint
bismuth,Rainbow Bismuth Crystal Specimen From England 61.8 Grams Display,8.99,2023-12-31,61.8,0.15,WorthPoint
bismuth,"Amber With Insect Inclusion, Bismuth Rose Quartz, Arrow Heads, Agate Slice",15.0,2023-12-29,,,WorthPoint
bismuth,Rainbow Bismuth Crystal Specimen From England 63 Grams Display,13.49,2023-12-27,63.0,0.21,WorthPoint
bismuth,AMAZING Bismuth Crystal (China) - FREE SHIPPING #192,16.99,2023-12-23,,,WorthPoint
bismuth,Bismuth Crystal Turtle Tortoise Carving Figurine Crystal Rainbow Color Reiki,20.0,2023-12-18,,,WorthPoint
bismuth,Lot Of 3 Rainbow Bismuth Crystals 322g 11.3oz Christmas Stocking Stuffer Gifts,22.32,2023-12-18,322.0,0.07,WorthPoint
bismuth,11oz Rainbow Bismuth Crystal Clusters 310g,23.92,2023-12-15,310.0,0.08,WorthPoint
bismuth,"Large Lot Of Rainbow Military Made Bismuth Crystal Clusters - 10.8 Oz, 306 Grams",10.0,2023-12-14,306.0,0.03,WorthPoint
bismuth,"New Bismuth Crystal Rainbow Cat Crying / See No Evil Figurine 2.5"" Stunning",25.0,2023-12-14,,,WorthPoint
bismuth,100g Natural Gemstone Rainbow Aura Titanium Bismuth Crystal Specimen Reiki Rock,10.0,2023-12-13,100.0,0.1,WorthPoint
bismuth,Rainbow Bismuth Crystal Specimen,5.5,2023-12-13,,,WorthPoint
bismuth,12.4oz Rainbow Bismuth Crystal Clusters 352g,27.92,2023-12-13,352.0,0.08,WorthPoint
bismuth,Bismuth Crystal Rainbow Rhino,25.0,2023-12-12,,,WorthPoint
bismuth,"Large 2.9lb Rainbow Bismuth Crystal Energon Cube 1330g 3.5"" Tall X 5""x4.5""",119.92,2023-12-11,1330.0,0.09,WorthPoint
bismuth,Bismuth Crystal Rainbow Dog Dachshund Figurine Carving,39.95,2023-12-10,,,WorthPoint
bismuth,Bismuth Crystal Mimic Figurine Carving Talking Treasure Chest Rainbow Color,67.0,2023-12-10,,,WorthPoint
bismuth,"Large 3.5lb Rainbow Bismuth Crystal Cluster 1608g 5.5""x4.5""x4"" NICE!",152.15,2023-12-07,1608.0,0.09,WorthPoint
bismuth,Rainbow Bismuth Crystal Specimen From England 68 Grams Display,13.49,2023-12-06,68.0,0.2,WorthPoint
bismuth,"Lot Of 6 Rainbow Bismuth Crystal Clusters 1.2lbs, 514g",55.16,2023-12-06,514.0,0.11,WorthPoint
bismuth,Mineral Specimens: Man-Made Bismuth Crystals (Artificially Crystallized),10.0,2023-12-06,,,WorthPoint
bismuth,Bismuth Crystal Gummy Bear (1),8.0,2023-12-04,,,WorthPoint
bismuth,Rainbow Bismuth Crystal Specimen From England 54.2 Grams Display,14.99,2023-11-29,54.2,0.28,WorthPoint
bismuth,Big! Hollow Half Sphere Full Of Super Symmetrical BISMUTH Crystals 518gr,69.99,2023-11-28,518.0,0.14,WorthPoint
bismuth,"Mini Bismuth Crystals - Rainbow Bismuth Organic Shapes, 0.75 - 1.5"" (AAA Grade)",7.95,2023-11-25,,,WorthPoint
bismuth,Bismuth Crystal Rainbow Ninja Koi,49.0,2023-11-24,,,WorthPoint
bismuth,"Extra Large 4lb Rainbow Bismuth Crystal Cluster 1852g 5.75"" Tall X5""x3.5"" NICE!",224.1,2023-11-20,1852.0,0.12,WorthPoint
bismuth,"Science Art - ""Dichotomy"" True Levitation Using Bismuth, Element 83 Maglev",79.95,2023-11-18,,,WorthPoint
bismuth,Rainbow Bismuth Crystal Specimen From England 120 Grams Display,19.99,2023-11-18,120.0,0.17,WorthPoint
bismuth,Bismuth Crystal Rainbow T-Rex Skull.,15.0,2023-11-17,,,WorthPoint
bismuth,"Lot Of 9 Rainbow Bismuth Crystal Clusters 2.7lbs, 1228g, 1.5"" To 3"" In Size",71.1,2023-11-17,1228.0,0.06,WorthPoint
bismuth,2 Lb. Mixed Lot Of Rainbow Bismuth Crystals,62.1,2023-11-17,,,WorthPoint
bismuth,30g Natural Aura Rainbow Quartz Titanium Bismuth Crystal Cluster Healing Reiki,8.99,2023-11-15,30.0,0.3,WorthPoint
bismuth,Bismuth 1 Kg Wholesale Lot (AAA-grade) Rainbow Crystals,69.9,2023-11-14,1000.0,0.07,WorthPoint
bismuth,1.75 Pound Wholesale Lot Of Bismuth Crystal Specimens,31.0,2023-11-14,,,WorthPoint
bismuth,8.9oz Rainbow Bismuth Crystal 248g Strange Formation!,24.9,2023-11-10,248.0,0.1,WorthPoint
bismuth,Minerals : Group Of 2 Grey Bismuth Crystals From Laikeng Tungsten Mine In China,31.0,2023-11-09,2.0,15.5,WorthPoint
bismuth,"Minerals : Bismuth Crystals With Some Blue Iridescence From Bickenbach, Germany",6.0,2023-11-09,,,WorthPoint
bismuth,Bismuth Crystal Rainbow Megalodon,35.0,2023-11-05,,,WorthPoint
bismuth,"Rainbow Bismuth Crystals. New Great For Crafts And Decorations, Mermaid Jewelry",12.0,2023-11-02,,,WorthPoint
bismuth,Bismuth Crystal Chinese Dinosaur,19.0,2023-10-28,,,WorthPoint
bismuth,Bismuth Crystal Rainbow Paw Pendant And Leather Cord.,45.0,2023-10-25,,,WorthPoint
bismuth,Rainbow Bismuth Crystal Specimen From England 108 Grams Display,14.99,2023-10-13,108.0,0.14,WorthPoint
bismuth,Lot Of 3 Rainbow Bismuth Crosses Cross Pendant,16.9,2023-10-13,,,WorthPoint
bismuth,Bismuth Crystal Ore,11.7,2023-10-12,,,WorthPoint
bismuth,"Assorted Mineral Rock Specimens, Bismuth Crystals",100.0,2023-10-06,,,WorthPoint
bismuth,"Rainbow Bismuth Crystal Pyramid Display, Mantle, Or Statement Piece",25.0,2023-10-04,,,WorthPoint
bismuth,"Large Rainbow Bismuth Crystal, 5.5"" 385g Made By The Bismuth Smith",99.99,2023-10-04,385.0,0.26,WorthPoint
bismuth,"Bismuth Crystal Large Specimen For Collecting,Wire Wrapping,",23.0,2023-10-04,,,WorthPoint
bismuth,12.4oz Rainbow Bismuth Crystal Clusters 352g Awesome Colors!,44.9,2023-10-04,352.0,0.13,WorthPoint
bismuth,Big! Super Symmetrical Gold Blue Green Purple AAA BISMUTH Crystal 156gr,39.99,2023-10-04,156.0,0.26,WorthPoint
bismuth,2.1 Pound / 955 Gram Blue Bismuth Crystal - F21,118.0,2023-10-02,955.0,0.12,WorthPoint
bismuth,Bismuth Crystal Game Hearts -set Of 2,30.0,2023-09-26,,,WorthPoint
bismuth,Vintage Gem BISMUTH RAINBOW Crystals Lab Grown In Germany Mineral Specimen 52g,11.0,2023-09-25,52.0,0.21,WorthPoint
bismuth,Bismuth Crystal Wolf And Cubs,40.0,2023-09-23,,,WorthPoint
bismuth,Bismuth Crystal Howling Wolves (1),20.0,2023-09-23,,,WorthPoint
bismuth,Large 11.4oz Rainbow Bismuth Crystal Cluster 322g,38.16,2023-09-19,322.0,0.12,WorthPoint
bismuth,Bismuth Crystal Rainbow Lucky Cat,65.0,2023-09-18,,,WorthPoint
bismuth,"124g Angel Aura Amethyst Geode Titanium Bismuth Crystal Cluster, Specimen, Raw",27.0,2023-09-17,124.0,0.22,WorthPoint
bismuth,Bismuth Crystal Rooster,40.0,2023-09-17,,,WorthPoint
bismuth,Bismuth Crystal Rainbow XL Hippo,140.0,2023-09-15,,,WorthPoint
bismuth,Bismuth Crystal Chinese Yoda,37.5,2023-09-15,,,WorthPoint
bismuth,Large 2.2LB Rainbow Bismuth Crystal Cubic Cluster 990g,101.92,2023-09-13,990.0,0.1,WorthPoint
bismuth,"Large 4.1LB Rainbow Bismuth Crystal Pyramid Cluster 1874g 6.5"" X 7"" X 5.5""",152.15,2023-09-11,1874.0,0.08,WorthPoint
bismuth,Rainbow Bismuth Crystal Cluster Lab-Grown Rocks Mineral Specimen Science,11.0,2023-09-11,,,WorthPoint
bismuth,Bismuth Crystal Gmome Carving,35.0,2023-09-10,,,WorthPoint
bismuth,"Large 3LB Rainbow Bismuth Crystal Cluster Plate W/Stand 1390g 7.5""x4.5""x1.5""",101.15,2023-09-08,1390.0,0.07,WorthPoint
bismuth,Bismuth Crystal Gold Gnome,22.99,2023-09-06,,,WorthPoint
bismuth,Minerals : Outstanding Bismuth Crystals On All Sides From Schneeberg In Germany,124.0,2023-09-06,,,WorthPoint
bismuth,Super Symmetrical Pink Gold Blue Green & Purple BISMUTH Crystal 164gr,39.99,2023-09-03,164.0,0.24,WorthPoint
bismuth,138g Rainbow Bismuth Cubic Crystal 4.9oz Energon Cube,20.61,2023-09-02,138.0,0.15,WorthPoint
bismuth,Bismuth Crystal Specimen Lot - 6.91 Oz. - 196 Grams,19.99,2023-08-29,196.0,0.1,WorthPoint
bismuth,"Rainbow Bismuth Crystal 20 Oz, US Made And Shipped (20-2006)",40.0,2023-08-23,567.0,0.07,WorthPoint
bismuth,Big! Super Symmetrical Gold Blue And Purple AAA BISMUTH Crystal 223gr,44.99,2023-08-17,223.0,0.2,WorthPoint
bismuth,"3.89"" Iridescent Metallic Hoppered Bismuth Crystals Germany ""lab Grown"" Z-189",67.5,2023-08-16,,,WorthPoint
bismuth,BIG! Super Symmetrical Teal Purple Gold & Blue BISMUTH Crystal 220gr,39.99,2023-08-13,220.0,0.18,WorthPoint
bismuth,BIG! Super Symmetrical Pink Gold Blue And Purple BISMUTH Crystal 320gr,59.99,2023-08-13,320.0,0.19,WorthPoint
bismuth,Big! Super Symmetrical Gold Purple & Blue AAA BISMUTH Crystal 232gr,39.99,2023-08-13,232.0,0.17,WorthPoint
bismuth,Bismuth Crystal Specimen Small (13.4 Grams),12.0,2023-08-13,13.4,0.9,WorthPoint
bismuth,Bismuth Crystal Specimen Small (13.1 Grams),12.0,2023-08-13,13.1,0.92,WorthPoint
bismuth,Large 1.6LB Rainbow Bismuth Crystal Cluster 716g,89.9,2023-08-10,716.0,0.13,WorthPoint
bismuth,Bismuth Crystal Middle Finger And Carl Coin,55.0,2023-08-10,,,WorthPoint
bismuth,Bismuth Crystal Rainbow Pistol Shaped,25.0,2023-08-10,,,WorthPoint
bismuth,Large 4.4LB Rainbow Bismuth Crystal Cluster Display Plate W/Stand 1980g,169.0,2023-08-09,1980.0,0.09,WorthPoint
bismuth,Bismuth Gold (1 Pc) Crystal Mineral Specimen Teaching Education Jewelry,14.99,2023-08-09,,,WorthPoint
bismuth,Bismuth Green (1 Pc) Crystal Mineral Specimen Teaching Education Jewelry,14.99,2023-08-09,,,WorthPoint
bismuth,Bismuth Magenta (1 Pc) Crystal Mineral Specimen Teaching Education Jewelry,14.99,2023-08-09,,,WorthPoint
bismuth,Midnight-Blue Bismuth Crystal Cluster Lab-Grown Rocks Minerals Science Specimen,29.99,2023-08-09,,,WorthPoint
bismuth,Blue Bismuth Egg Geode Crystal Display Specimen Lab-Grown Minerals Teaching,37.99,2023-08-09,,,WorthPoint
bismuth,"Rainbow Bismuth 2.5"" Crystal Cluster Lab-Grown Rocks Mineral Specimen Science",29.99,2023-08-09,,,WorthPoint
bismuth,Rainbow Bismuth Crystal Egg Geode Lab Grown Minerals Display Specimen Rocks,34.99,2023-08-09,,,WorthPoint
bismuth,Rainbow Bismuth Crystal Mineral Specimen Wire Wrapped Jewelry-Size 15g To 20g,9.99,2023-08-09,15.0,0.67,WorthPoint
bismuth,Bismuth Crystals 6 Pc Jewelry-Size Rainbow Minerals Wire Wrap Rocks Lab Grown,14.99,2023-08-09,,,WorthPoint
bismuth,Rainbow Bismuth Geode Crystal Display Specimen Lab-Grown Rocks Minerals,34.99,2023-08-09,,,WorthPoint
bismuth,Bismuth 1 Kg Wholesale Lots Top-Grade Rainbow Crystals Bulk Mineral Specimens,110.0,2023-08-09,1000.0,0.11,WorthPoint
bismuth,Big! Super Symmetrical Gold And Blue AAA BISMUTH Crystal 182gr,39.99,2023-08-08,182.0,0.22,WorthPoint
bismuth,Bismuth (XXL Ultra-Vivid) Crystal Cluster Rainbow Mineral Specimen Lab-Grown,39.99,2023-08-08,,,WorthPoint
bismuth,Rainbow Bismuth Crystals. 1 Lb,50.0,2023-08-07,453.6,0.11,WorthPoint
bismuth,Rainbow Bismuth Crystal Specimen From England 58.3 Grams Display,14.99,2023-08-06,58.3,0.26,WorthPoint
bismuth,Rainbow Bismuth Crystal Specimen From England 74.9 Grams Display,19.99,2023-08-06,74.9,0.27,WorthPoint
bismuth,Rainbow Bismuth Crystal Specimen From England 46 Grams Display,12.99,2023-08-06,46.0,0.28,WorthPoint
bismuth,Rainbow Bismuth Crystal Specimen From England 90 Grams Display,19.99,2023-08-06,90.0,0.22,WorthPoint
bismuth,Rainbow Bismuth Crystal Specimen From England 52 Grams Display,9.99,2023-08-06,52.0,0.19,WorthPoint
bismuth,Rainbow Bismuth Crystal Specimen From England 47.6 Grams Display,9.99,2023-08-06,47.6,0.21,WorthPoint
bismuth,Rainbow Bismuth Crystal Specimen From England 45.2 Grams Display,9.99,2023-08-06,45.2,0.22,WorthPoint
bismuth,Rainbow Bismuth Crystal Specimen From England 38.1 Grams Display,9.99,2023-08-06,38.1,0.26,WorthPoint
bismuth,Rainbow Bismuth Crystal Specimen From England 37.3 Grams Display,9.99,2023-08-06,37.3,0.27,WorthPoint
bismuth,"Blue Bismuth Crystal 2"" Mineral Specimen Cluster Lab-Grown Mineral Specimen",24.99,2023-08-05,,,WorthPoint
bismuth,"Rainbow Bismuth 3"" Crystal Cluster Lab-Grown Rocks Mineral Specimen Science",34.99,2023-08-05,,,WorthPoint
bismuth,Rainbow Bismuth Crystal Specimen From England 48 Grams Display,9.99,2023-08-03,48.0,0.21,WorthPoint
bismuth,Large 1LB Rainbow Bismuth Crystal Cluster 452g,59.9,2023-07-31,452.0,0.13,WorthPoint
bismuth,HUGE! Super Symmetrical Teal Green Purple Gold & Blue BISMUTH Crystal 369gr,59.99,2023-07-27,369.0,0.16,WorthPoint
bismuth,"Bismuth Crystals, Goldstone, Tiger Eye, Jewelry Box (9)",37.76,2023-07-26,,,WorthPoint
bismuth,"20 Extra Small Rainbow Bismuth Crystals 98g For Pendants, Jewelry, Earrings",16.9,2023-07-26,98.0,0.17,WorthPoint
bismuth,"Rainbow Bismuth Crystal Cubic 5.5oz, 156g",19.9,2023-07-26,156.0,0.13,WorthPoint
bismuth,35x19x12mm Colorful Bismuth Crystal For Wire Wrapping Or Collection Display,26.0,2023-07-26,,,WorthPoint
bismuth,Lg Rainbow Bismuth Crystal Lab-Grown Cluster Pyramid Display Rocks Minerals,19.99,2023-07-26,,,WorthPoint
bismuth,Big BISMUTH Crystal Mineral Green Ôøº Ôøºteal Blue Pink Purple Lab Created Unique,12.99,2023-07-24,,,WorthPoint
bismuth,Bismuth Crystals (30 Pcs) Rainbow Wire Wrapping Minerals Rocks Lab Grown,43.99,2023-07-20,,,WorthPoint
bismuth,A Mesmerising BISMUTH Crystal. Dimensions: 52 X 27...,102.0,2023-07-17,,,WorthPoint
bismuth,"Large 7LB Rainbow Bismuth Crystal Cluster 3180g 6.5"" X 7"" X 5.5""",290.0,2023-07-13,3180.0,0.09,WorthPoint
bismuth,Bismuth 1 Lb Lot (Seconds) Wholesale Rainbow Minerals Crystals (Flawed) Stones,37.99,2023-07-11,453.6,0.08,WorthPoint
bismuth,Bismuth (XL Ultra-Vivid) Crystal Cluster Rainbow Mineral Specimen Lab-Grown,27.99,2023-07-09,,,WorthPoint
bismuth,Bismuth Crystal Mineral Pieces. Beautiful Vibrant Colors.,10.0,2023-07-07,,,WorthPoint
bismuth,Bismuth 1 Kg Lot (Seconds) Wholesale Rainbow Minerals Crystals (Flawed) Stones,67.99,2023-07-07,1000.0,0.07,WorthPoint
bismuth,Iridescent Bismuth Specimen Rainbow Hopper Crystal Cluster Mineral W/ ID Card,6.99,2023-07-05,,,WorthPoint
bismuth,XL Rainbow Bismuth Crystal Lab-Grown Minerals Specimen Display Rocks Pyramid,24.99,2023-07-01,,,WorthPoint
bismuth,"Lot Of 6 Rainbow Bismuth Crystal Clusters 1LB, 470g",49.9,2023-06-25,470.0,0.11,WorthPoint
bismuth,Bismuth Crystal Rainbow Coin (1),12.5,2023-06-22,,,WorthPoint
bismuth,"2"" BEAUTIFUL RAINBOW BISMUTH CRYSTAL MINERAL CLUSTER (LAB GROWN) ~ 58.2grams *1",18.14,2023-06-21,58.2,0.31,WorthPoint
bismuth,Bismuth Crystals (8 Pcs) Rainbow Wire Wrapping Lab Grown Minerals - Jewelry Size,17.99,2023-06-21,,,WorthPoint
bismuth,Rainbow Bismuth Crystal Specimen From England 37.7 Grams Display,9.99,2023-06-17,37.7,0.26,WorthPoint
bismuth,Bismuth Crystal Angel Carving,8.0,2023-06-16,,,WorthPoint
bismuth,Rainbow Bismuth Crystal Specimen From England 86.7 Grams Display,9.99,2023-06-16,86.7,0.12,WorthPoint
bismuth,"Bismuth Crystal 3 Pieces 2lbs, 3 Oz",25.99,2023-06-14,85.05,0.31,WorthPoint
bismuth,10Pcs 30g Natural Aura Rainbow Quartz Titanium Bismuth Crystal Cluster Specimen,39.99,2023-06-14,30.0,1.33,WorthPoint
bismuth,Rainbow Bismuth Crystal Specimen From England 20.5 Grams Display,6.99,2023-06-14,20.5,0.34,WorthPoint
bismuth,Minerals : Bismuth Crystals On All Sides From The Allies Mine In Australia,32.5,2023-06-13,,,WorthPoint
bismuth,"Lot Of 23 Rainbow Bismuth Crystals 1.9lbs, 880g",69.0,2023-06-11,880.0,0.08,WorthPoint
bismuth,"EXCELLENT 'FEATHER' BISMUTH CRYSTAL- 5.2 Cm - SCHNEEBERG, GERMANY 27209",180.0,2023-06-10,,,WorthPoint
bismuth,Bismuth & Chalcopyrite Set Crystal Display Mineral Specimen Peacock Ore Rainbow,19.99,2023-06-09,,,WorthPoint
bismuth,Bismuth Crystal Rainbow Flower,30.0,2023-06-08,,,WorthPoint
bismuth,Bismuth Crystal Seahorse,12.0,2023-06-06,,,WorthPoint
bismuth,Bismuth Wholesale Lots Top-Grade Rainbow Crystals Bulk Mineral Specimens,300.0,2023-06-04,,,WorthPoint
bismuth,"1 Custom Bismuth Heart Purple Blue Gold, Christmas Stocking Stuffer Gift",10.9,2023-06-03,,,WorthPoint
bismuth,BIG! Super Symmetrical Teal Green Purple Gold & Blue BISMUTH Crystal 276gr,69.99,2023-06-03,276.0,0.25,WorthPoint
bismuth,Nice Lot Of Pure Bismuth Specimens. Beautiful Crystal Structure,40.0,2023-06-01,,,WorthPoint
bismuth,Bismuth (Ultra-Vivid) Rainbow Geode Crystal Chakra Healing Minerals Reiki,32.99,2023-05-31,,,WorthPoint
bismuth,Lot Of Small Beautiful Rainbow Bismuth Crystals Mineral Specimens.,17.5,2023-05-27,,,WorthPoint
bismuth,"1.7"" BEAUTIFUL RAINBOW BISMUTH CRYSTAL MINERAL CLUSTER (LAB GROWN) ~ 46.1g *5",19.16,2023-05-24,46.1,0.42,WorthPoint
bismuth,"Pretty 4.6 Ounce Large 3"" X 2 5/8"" X 1 3/4"" Piece Of Rainbow Bismuth Crystals",30.0,2023-05-24,,,WorthPoint
bismuth,Bismuth Crystal Small Cowboy Boot,15.0,2023-05-22,,,WorthPoint
bismuth,Bismuth Crystal Rainbow Gnome,35.0,2023-05-22,,,WorthPoint
bismuth,Bismuth Crystal Astronaut,12.0,2023-05-20,,,WorthPoint
bismuth,"Pretty 2 Ounce Large 2"" X 1-7/8"" X 1-1/2"" Piece Of Rainbow Bismuth Crystals",15.0,2023-05-17,,,WorthPoint
bismuth,1.7 Pound / 791 Gram Rainbow Bismuth Crystal - F28,98.0,2023-05-17,791.0,0.12,WorthPoint
bismuth,Bismuth Crystal Rainbow Skull With Horns,25.0,2023-05-16,,,WorthPoint
bismuth,Large Rainbow Bismuth Crystal Collectible- 266 Grams- FREE SHIPPING!,33.5,2023-05-14,266.0,0.13,WorthPoint
bismuth,LARGE BISMUTH Rainbow Iridescent Crystal Cluster Mineral Specimen Element,44.99,2023-05-09,,,WorthPoint
bismuth,Rainbow Bismuth Crystal Specimen From England 27.4 Grams Display,6.99,2023-05-06,27.4,0.26,WorthPoint
bismuth,Solid Bismuth Crystal 99.99 Pure 173g,19.0,2023-05-03,173.0,0.11,WorthPoint
bismuth,"Lot Of 3 Rainbow Bismuth Crystals 9.1oz, 258g",19.9,2023-04-20,258.0,0.08,WorthPoint
bismuth,Bismuth Crystal Coins (1),17.5,2023-04-15,,,WorthPoint
bismuth,"Large 2.5 Lbs Bismuth Crystal Cluster Blue/Purple/Gold 1124g 6.5""x3.5""x2.25""",99.0,2023-04-15,1124.0,0.09,WorthPoint
bismuth,Lot Of Small Rainbow Bismuth Crystals,7.5,2023-04-14,,,WorthPoint
bismuth,Lot Of 3 Rainbow Bismuth Crystals 7 Oz,10.5,2023-04-14,198.45,0.05,WorthPoint
bismuth,Lot Of 3 Rainbow Bismuth Crystals 3.1oz,6.5,2023-04-14,87.885,0.07,WorthPoint
bismuth,10g Colorful Bismuth Crystals High Purity Bismuth Metal Crystal Specimen,8.65,2023-04-07,10.0,0.86,WorthPoint
bismuth,"Minerals : Bismuth Crystal Group With Some Red Iridescence, Bickenbach, Germany",7.0,2023-04-06,,,WorthPoint
bismuth,Pretty BISMUTH Crystal Mineral Green Ôøº Ôøºteal Blue Pink Purple Lab Created Unique,21.5,2023-04-05,,,WorthPoint
bismuth,2.4 Pound / 1077 Gram Rainbow Bismuth Crystal - F25,134.0,2023-03-29,1077.0,0.12,WorthPoint
bismuth,Bismuth Crystal Rainbow Gargoyle,28.0,2023-03-26,,,WorthPoint
bismuth,Minerals : Large Grey Bismuth Crystal From The Laikeng Tungsten Mine In China,39.5,2023-03-26,,,WorthPoint
bismuth,"Lot Of 3 Rainbow Bismuth Crystals 9.8oz, 278g",19.9,2023-03-26,278.0,0.07,WorthPoint
bismuth,Lot Of Rainbow Bismuth Crystal Cluster Pyramid Display Minerals,20.0,2023-03-26,,,WorthPoint
bismuth,"Assorted Bismuth, Crystal & Mineral Specimens",82.6,2023-03-25,,,WorthPoint
bismuth,Assorted Bismuth & Crystal Specimens,82.6,2023-03-25,,,WorthPoint
bismuth,24mm 0.2OZ Blue Bismuth Crystal Cluster Mineral Specimen 383,9.59,2023-03-24,5.67,1.69,WorthPoint
bismuth,Bismuth Crystal Skulls -Set Of 2,57.0,2023-03-23,,,WorthPoint
bismuth,WHOLESALE Iridescent Bismuth Crystal Lab Grown 23 Pcs 1 Kg # 4952,112.5,2023-03-22,1000.0,0.11,WorthPoint
bismuth,WHOLESALE Iridescent Bismuth Crystal Lab Grown 32 Pcs 1.3 Kg # 4976,135.0,2023-03-22,1300.0,0.1,WorthPoint
bismuth,Lot Of 5 Bismuth Rainbow Iridescent Metal Crystals,115.0,2023-03-19,,,WorthPoint
bismuth,Rainbow Bismuth Crystal Specimen From England 44 Grams Display,6.99,2023-03-18,44.0,0.16,WorthPoint
bismuth,"Bismuth Crystal - Huge 18 Piece 1 Kg Lot! - Size Range From Approx: 1"" - 2 1/2""",13.99,2023-03-16,1000.0,0.01,WorthPoint
bismuth,Bismuth Crystal Rainbow Couch,45.0,2023-03-15,,,WorthPoint
bismuth,Bismuth Crystals In Glass Jars Small Jars Full Of Bismuth,10.95,2023-03-13,,,WorthPoint
bismuth,A Complete And Undamaged Bismuth Crystal Exhibiting Nice...,58.15,2023-03-13,,,WorthPoint
bismuth,Bismuth Crystal Bones (set Of 6),65.0,2023-03-11,,,WorthPoint
bismuth,"Lot Of 3 Rainbow Bismuth Crystals 7.2oz, 204g",18.9,2023-03-10,204.0,0.09,WorthPoint
bismuth,Bismuth Crystal Specimen Small (12.6 Grams),12.0,2023-03-08,12.6,0.95,WorthPoint
bismuth,Big! Super Symmetrical Gold Purple & Teal AAA BISMUTH Crystal 312gr,59.99,2023-03-03,312.0,0.19,WorthPoint
bismuth,ESTATE SALE LIQUIDATION From FAMOUS ATTORNEY And ROCKHOUND; BISMUTH CRYSTAL,25.0,2023-02-27,,,WorthPoint
bismuth,1lb Bismuth Heart Bowl Metallic Rainbow Iridescent Colors Geometric Pattern OOAK,52.49,2023-02-26,453.6,0.12,WorthPoint
bismuth,Bismuth Rainbow Iridescent Metal Crystal,70.0,2023-02-25,,,WorthPoint
bismuth,"Large Cubic Rainbow Bismuth Crystal 10.8 Oz, 304g",32.9,2023-02-19,304.0,0.11,WorthPoint
bismuth,"Bismuth Crystal Pyramids, Colorful Healing Rainbow Crystal Pyramid",11.88,2023-02-17,,,WorthPoint
bismuth,21 Bismuth Crystals Created Crystal 21 Piece Nice Lot,9.99,2023-02-15,,,WorthPoint
bismuth,Large Lot Jewelry/wire Wrap Rainbow Bismuth Crystal Specimens Healing Reiki,14.0,2023-02-12,,,WorthPoint
bismuth,1-POUND Bismuth Healing Energy Crystal Lot #2,25.0,2023-02-11,,,WorthPoint
bismuth,Rainbow Bismuth Crystal Gem Mineral Iridescent Geometry Cluster Lab Created A04,11.98,2023-02-11,,,WorthPoint
bismuth,Bismuth Healing Energy Crystal Lot,19.0,2023-02-10,,,WorthPoint
bismuth,Big! Super Symmetrical Teal Gold Blue Pink And Purple BISMUTH Crystal 258gr,39.99,2023-02-05,258.0,0.15,WorthPoint
bismuth,Rainbow Bismuth Crystal Cluster Pyramid Display Rocks Minerals,5.05,2023-02-01,,,WorthPoint
bismuth,Bismuth Crystal Specimen Small (11.8 Grams),12.0,2023-01-31,11.8,1.02,WorthPoint
bismuth,Lg Rainbow Bismuth Crystal Cluster Pyramid Display Rocks Minerals,10.1,2023-01-30,,,WorthPoint
bismuth,Bismuth Crystal Iridescent Rainbows Wire Wrapping Jewelry 57 Gr Lot 7,7.99,2023-01-28,57.0,0.14,WorthPoint
bismuth,Rainbow Bismuth Crystal,34.5,2023-01-25,,,WorthPoint
bismuth,3pcs Native Lab Grown Bismuth New Zealand Minerals Crystals Gems-min,7.99,2023-01-22,,,WorthPoint
bismuth,"EXTRAORDINARY Native Bismuth Crystal SCHNEEBERG, GERMANY -Ex. Fitton",781.0,2023-01-20,,,WorthPoint
bismuth,Rainbow Bismuth Crystal Specimen From England 85.5 Grams Display,9.99,2023-01-20,85.5,0.12,WorthPoint
bismuth,"3.3LB Large Rainbow Bismuth Crystal Cluster Plate With Stand 1500g, 7.5"" X 5.5""",149.0,2023-01-18,1500.0,0.1,WorthPoint
bismuth,Bismuth Crystal Bitcoins,125.0,2023-01-15,,,WorthPoint
bismuth,Rainbow Bismuth Crystal Specimen From England 47.7 Grams Display,9.99,2023-01-14,47.7,0.21,WorthPoint
bismuth,"2.25LB Large Rainbow Bismuth Crystal Cluster 1018g 5""x3""x3.5""",99.0,2023-01-13,1018.0,0.1,WorthPoint
bismuth,"Large Cubic Rainbow Bismuth Crystal 11 Oz, 310g 2.5"" X 2.25""",34.9,2023-01-09,310.0,0.11,WorthPoint
bismuth,"Large 1LB Rainbow Bismuth Crystal 478g 4""x4""x2.5""",44.9,2023-01-09,478.0,0.09,WorthPoint
bismuth,Rainbow Bismuth Crystal Specimen From England 82.3 Grams Display,12.99,2023-01-05,82.3,0.16,WorthPoint
bismuth,Bismuth Crystal Iridescent Rainbows Wire Wrapping Jewelry 85 Gr Lot 4,9.99,2023-01-02,85.0,0.12,WorthPoint
bismuth,"Large Rainbow Bismuth Crystal 251g, Mineral, Unique, US Made And Shipped",5.5,2022-12-29,251.0,0.02,WorthPoint
bismuth,Bismuth Crystal Iridescent Rainbows Wire Wrapping Jewelry 84 Gr Lot 1,13.5,2022-12-27,84.0,0.16,WorthPoint
bismuth,Rainbow Iridescent Bismuth Hopper Crystal Cluster Mineral Specimen Element Gem,49.99,2022-12-26,,,WorthPoint
bismuth,Bismuth Crystal Iridescent Rainbows Wire Wrapping Jewelry 200 Gr Lot 8,18.99,2022-12-25,200.0,0.09,WorthPoint
bismuth,"Lot Of 4 Rainbow Bismuth Crystals 7.9oz, 226g Christmas Stocking Stuffer Gift",19.9,2022-12-25,226.0,0.09,WorthPoint
bismuth,"Lot Of 26 Small Rainbow Bismuth Crystals 11oz, 314g",24.9,2022-12-24,314.0,0.08,WorthPoint
bismuth,Bismuth Crystal Iridescent Rainbows Wire Wrapping Jewelry 87 Gr Lot 6,9.99,2022-12-24,87.0,0.11,WorthPoint
bismuth,Rainbow Bismuth Crystal Specimen From England 105 Grams Display,14.99,2022-12-20,105.0,0.14,WorthPoint
bismuth,"Large 1.2LB Rainbow Bismuth Crystal 554g 5"" Fantastic Colors!",49.9,2022-12-19,554.0,0.09,WorthPoint
bismuth,Bismuth Crystal Iridescent Rainbows Wire Wrapping Jewelry 102 Gr Lot 5,14.5,2022-12-17,102.0,0.14,WorthPoint
bismuth,Large Rainbow Bismuth Crystal Specimen Education Teaching Chakra. Reiki Healing,40.0,2022-12-16,,,WorthPoint
bismuth,Bismuth Crystal Specimen Small (18.4 Grams),12.0,2022-12-16,18.4,0.65,WorthPoint
bismuth,"Large Cubic Rainbow Bismuth Crystal 13.2 Oz, 374g",34.9,2022-12-15,374.0,0.09,WorthPoint
bismuth,Bismuth Crystal Specimen Small (14.7 Grams),12.0,2022-12-14,14.7,0.82,WorthPoint
bismuth,Bismuth Crystal Specimen Small (14.9 Grams),12.0,2022-12-14,14.9,0.81,WorthPoint
bismuth,"Lot Of 18 Small Rainbow Bismuth Crystals 8.3oz, 234g",22.9,2022-12-12,234.0,0.1,WorthPoint
bismuth,"Bismuth (Ultra-Vivid) Crystal Cluster Rainbow Specimen Lab-Grown,VIRGINIA",8.88,2022-12-12,,,WorthPoint
bismuth,Bismuth Crystal Iridescent Rainbows Wire Wrapping Jewelry 80 Gr Lot 3,7.99,2022-12-09,80.0,0.1,WorthPoint
bismuth,Bismuth Crystal Iridescent Rainbows Wire Wrapping Jewelry 78 Gr Lot 2,7.99,2022-12-09,78.0,0.1,WorthPoint
bismuth,Bismuth Crystal Iridescent Rainbows Wire Wrapping Jewelry 75 Gr Lot 1,7.99,2022-12-09,75.0,0.11,WorthPoint
bismuth,The Fortune Teller 1.6lbs Cu + Bismuth/Cu Pendant! No Reserve. USA!!!,26.0,2022-12-09,725.76,0.04,WorthPoint
bismuth,"Huge Rainbow Bismuth Crystal Pyramids 6.25lbs, 2884g 6""x7""x5""",169.0,2022-12-08,2884.0,0.06,WorthPoint
bismuth,"Large 14.4oz Rainbow Bismuth Crystal 408g 3.5"" Cubic Energon Cube",39.0,2022-12-08,408.0,0.1,WorthPoint
bismuth,Large 15.4oz Cubic Rainbow Bismuth Crystal Cluster 434g,37.9,2022-12-08,434.0,0.09,WorthPoint
bismuth,"Large Rainbow Bismuth Crystal 2lbs 13oz, 1266g 4.25"" X 3""",119.0,2022-12-06,1266.0,0.09,WorthPoint
bismuth,"Large Bismuth Crystal Blue Gold Purple Triple Tower 1.2oz, 514g, 4.5"" X 3"" X 2""",37.9,2022-12-06,514.0,0.07,WorthPoint
bismuth,"Large Rainbow Bismuth Crystal 2lbs 7oz, 11116g 6""x4.25""",129.0,2022-12-06,11116.0,0.01,WorthPoint
bismuth,"Large Rainbow Bismuth Crystal 3.45 Lbs 1562g 5""x5""x4""",189.0,2022-12-05,1562.0,0.12,WorthPoint
bismuth,Rainbow Bismuth Crystal Specimen From England 84 Grams Display,9.99,2022-12-02,84.0,0.12,WorthPoint
bismuth,Blue Bismuth Dragon Egg Crystal Healing Transformation Stone Mineral Educational,29.99,2022-12-01,,,WorthPoint
bismuth,"Large Rainbow Bismuth Crystal Pyramid 2lbs 13oz, 1260g 5""x3""",119.0,2022-11-30,1260.0,0.09,WorthPoint
bismuth,5Pcs 30g Natural Aura Rainbow Quartz Titanium Bismuth Crystal Cluster Healing US,22.99,2022-11-29,30.0,0.77,WorthPoint
bismuth,Rainbow Bismuth Crystal Specimen From England 102 Grams Display,9.99,2022-11-29,102.0,0.1,WorthPoint
bismuth,134 Gram (4.8oz) Bismuth Rainbow Crystal ElementBi Gemstone Mineral Specimen,19.99,2022-11-29,134.0,0.15,WorthPoint
bismuth,Rainbow Bismuth Crystal Specimen From England 77 Grams Display,12.99,2022-11-26,77.0,0.17,WorthPoint
bismuth,Beautiful Rainbow Bismuth Crystals Awesome Fun,18.0,2022-11-24,,,WorthPoint
bismuth,"Large Rainbow Bismuth Crystal Gem 11.1oz, 316g 4""x3""x1""",24.9,2022-11-24,316.0,0.08,WorthPoint
bismuth,"Beautiful Rainbow Bismuth Crystal Gem 8.3oz, 234g",22.9,2022-11-24,234.0,0.1,WorthPoint
bismuth,"Large 1LB Rainbow Bismuth Crystal 456g 4.75""",44.9,2022-11-24,456.0,0.1,WorthPoint
bismuth,"Rainbow Bismuth Crystal Tower 9.5oz, 270g",22.9,2022-11-21,270.0,0.08,WorthPoint
bismuth,XXL Rainbow Bismuth Crystal Lab-Grown Display Cluster Pyramid Rocks Minerals,29.99,2022-11-20,,,WorthPoint
bismuth,"Large Bismuth Crystal Shard Spear Point 4""x2"" 7.8oz, 220g Blue Gold Purple",49.0,2022-11-20,220.0,0.22,WorthPoint
bismuth,"Lot Of 3 Rainbow Bismuth Crystals 9.5oz, 268g",22.9,2022-11-14,268.0,0.09,WorthPoint
bismuth,1 Gram Fine Silver Valcambi Suisse Uncirculated + 149 Gram Rare Bismuth Crystal,10.5,2022-11-14,1.0,10.5,WorthPoint
bismuth,Rainbow Bismuth Crystal Specimen From England 60 Grams Display,9.99,2022-11-11,60.0,0.17,WorthPoint
bismuth,Rainbow Bismuth Crystal Specimen From England 28 Grams Display,14.99,2022-11-11,28.0,0.54,WorthPoint
bismuth,Rainbow Bismuth Crystal Specimen From England 42 Grams Display,9.99,2022-11-11,42.0,0.24,WorthPoint
bismuth,Rainbow Bismuth Crystal Specimen From England 33 Grams Display,9.99,2022-11-08,33.0,0.3,WorthPoint
bismuth,(15pc) Bismuth Crystal Specimens In Displays,53.1,2022-11-05,,,WorthPoint
bismuth,Jewelry Lot Bismuth Crystals Rainbow Wire Wrapping Minerals Rock,24.0,2022-11-02,,,WorthPoint
bismuth,"Lot Of 11 Small Rainbow Bismuth Crystals 8.6oz, 244g",22.9,2022-11-02,244.0,0.09,WorthPoint
bismuth,BISMUTH CRYSTAL CLUSTER Iridescent Rainbow Hoppered Crystal New Zealand Grown,16.0,2022-11-02,,,WorthPoint
bismuth,Lot Of 2 Bismuth Hopper Metal Crystals,16.0,2022-10-27,,,WorthPoint
bismuth,Bismuth Wholesale (3kg) Rainbow Crystals Top-Grade Bulk Lots Mineral Specimens,300.0,2022-10-26,3000.0,0.1,WorthPoint
bismuth,"Lot Of 18 Small Rainbow Bismuth Crystals 8.8oz, 248g",21.9,2022-10-26,248.0,0.09,WorthPoint
bismuth,Rainbow Bismuth Crystal Specimen From England 54 Grams Display,14.99,2022-10-26,54.0,0.28,WorthPoint
bismuth,BISMUTH CRYSTAL CLUSTER Iridescent Rainbow Hoppered U.S.. Grown,15.0,2022-10-23,,,WorthPoint
bismuth,Rainbow Bismuth Crystal Specimen From England 98 Grams Display,9.99,2022-10-18,98.0,0.1,WorthPoint
bismuth,"Science Art - ""Dichotomy"" True Levitation Using Dia-magnetic Bismuth.",69.95,2022-10-17,,,WorthPoint
bismuth,XL Midnight Blue Bismuth Crystal Mineral Specimen Education Teaching Chakra,22.49,2022-10-17,,,WorthPoint
bismuth,"Rainbow Bismuth Crystal Cubic 9.9oz, 282g",23.9,2022-10-17,282.0,0.08,WorthPoint
bismuth,Rainbow Bismuth Crystal Songbird Bird 164g Carving Metal Art Home Decor,49.99,2022-10-13,164.0,0.3,WorthPoint
bismuth,Lot Of 7 Bismuth Rainbow Iridescent Metal Crystals,80.0,2022-10-13,,,WorthPoint
bismuth,3pcs Bismuth Lab-grown New Zealand Minerals Crystals Gems-min,7.99,2022-10-09,,,WorthPoint
bismuth,(20+) Bismuth Crystals,59.0,2022-10-08,,,WorthPoint
bismuth,(15) Bismuth Crystal Specimens In Displays,88.5,2022-10-08,,,WorthPoint
bismuth,"5 Bismuth Crystals Collection, 30-45g Authentic Laboratory Made, Jewelry",14.99,2022-10-03,45.0,0.33,WorthPoint
bismuth,Rainbow Bismuth Crystal Specimen From England 96 Grams Display,9.99,2022-09-28,96.0,0.1,WorthPoint
bismuth,BIG! Super Symmetrical Yellow Blue Pink And Purple BISMUTH Crystal 259gr,39.99,2022-09-27,259.0,0.15,WorthPoint
bismuth,"Minerals : Outstanding Floater Of Native Bismuth Crystals, Schneeberg In Germany",22.5,2022-09-25,,,WorthPoint
bismuth,Extra Large Bismuth Crystal (Approx. 300g),120.0,2022-09-23,300.0,0.4,WorthPoint
bismuth,Bismuth Crystal Neon Metallic Rainbow Colors Three Crystals Per Lot 1/2-3/4 Inch,11.99,2022-09-21,,,WorthPoint
bismuth,Bismuth 1 Kg Rainbow Wholesale Lab-Grown Crystals Mineral Display Specimen,99.0,2022-09-21,1000.0,0.1,WorthPoint
bismuth,Bismuth Metal 10mm Density Cube 99.99% For Element Collection USA SHIPPING,9.0,2022-09-17,,,WorthPoint
bismuth,Top Quality Amazing Rainbow Aura Crystal Geode Bismuth Specimen Lot #7,9.0,2022-09-16,,,WorthPoint
bismuth,Rhodochrosite Sulpher Bismuth Calcite Clam Fishtail Selenite Calcite Lot Of 6,20.0,2022-09-12,,,WorthPoint
bismuth,1-POUND Bismuth Healing Energy Crystal Lot #1,25.0,2022-09-09,,,WorthPoint
bismuth,Minerals : Bismuth Crystals On All Sides With Purple Iridescence From Germany,8.5,2022-09-08,,,WorthPoint
bismuth,Bismuth Crystal Gemstone Grown In W Germany 42g Mineral Specimen,9.99,2022-09-03,42.0,0.24,WorthPoint
bismuth,Rainbow Bismuth Crystal Specimen From England 71.1 Grams Display,14.99,2022-09-03,71.1,0.21,WorthPoint
bismuth,Big! Super Symmetrical Pink Gold Blue Green And Purple BISMUTH Crystal 246gr,39.99,2022-09-02,246.0,0.16,WorthPoint
bismuth,Bismuth Crystals Beads Set Of 4 Grown In Germany (17641),9.49,2022-08-29,4.0,2.37,WorthPoint
bismuth,Big! Super Symmetrical Pink Gold Blue Green And Purple AAA BISMUTH Crystal 224gr,40.99,2022-08-26,224.0,0.18,WorthPoint
bismuth,Chakra Bismuth (7 Pc) Set Crystal Cluster Rainbow Mineral Specimen Lab-Grown,29.99,2022-08-26,,,WorthPoint
bismuth,(r50-30) 29 Gram Bismuth Rainbow Crystal Element Bi Gemstone Mineral Specimen,31.99,2022-08-26,29.0,1.1,WorthPoint
bismuth,50g Natural Rainbow Aura Titanium Bismuth Crystal Stone Specimen Reiki Healing,10.44,2022-08-26,50.0,0.21,WorthPoint
bismuth,Big! Super Symmetrical Gold And Blue AAA BISMUTH Crystal 192gr,34.99,2022-08-20,192.0,0.18,WorthPoint
bismuth,30g Natural Aura Rainbow Titanium Bismuth Crystal Stone Specimens Healing Reiki,9.89,2022-08-18,30.0,0.33,WorthPoint
bismuth,Bismuth Crystal Lab Grown 5.6 Cm # 11812,10.75,2022-08-18,,,WorthPoint
bismuth,Green Ultra-Vivid Bismuth Egg Geode Crystal Chakra Stone Teaching Education,27.99,2022-08-16,,,WorthPoint
bismuth,Bismuth (Ultra-Vivid) Rainbow Dragon Egg Crystal Healing Education Teaching,34.99,2022-08-16,,,WorthPoint
bismuth,GEMCORE: One (1) Lg Blue Bismuth Geode Specimen Crystal Chakra Healing,29.99,2022-08-16,,,WorthPoint
bismuth,Bismuth Crystal Trio - Lab Grown Minerals Display Specimens Pyramid Metal Rocks,17.99,2022-08-16,,,WorthPoint
bismuth,Blue Bismuth Crystal Wire-Wrapping Minerals Rocks Lab-Grown Metal Jewelry Size,9.99,2022-08-16,,,WorthPoint
bismuth,"Green Bismuth ""XL"" Crystal Display Cluster Pyramid Metal Rocks Minerals",24.99,2022-08-16,,,WorthPoint
bismuth,Pink & Gold Bismuth Crystal Wire-Wrap Lab-Grown Metal Display Jewelry,14.99,2022-08-16,,,WorthPoint
bismuth,"Magenta Bismuth ""XL"" Crystal Display Cluster Pyramid Metal Rocks Minerals",24.99,2022-08-16,,,WorthPoint
bismuth,"Yellow Bismuth Geode Egg (3.5"") Crystals Metal Minerals Rocks Display Specimen",34.99,2022-08-16,,,WorthPoint
bismuth,"Yellow Bismuth ""XL"" Crystal Display Cluster Pyramid Metal Decor Rocks Minerals",24.99,2022-08-16,,,WorthPoint
bismuth,"Bismuth ""Albino"" Egg Geode Crystals Stones Healing Lab Grown Rocks Sphere",29.99,2022-08-16,,,WorthPoint
bismuth,Purple Bismuth Dragon Egg Geode Crystal Education Teaching Chakra Minerals,27.99,2022-08-16,,,WorthPoint
bismuth,Big! Super Symmetrical Gold And Blue AAA BISMUTH Crystal 210gr,29.99,2022-08-08,210.0,0.14,WorthPoint
bismuth,Peacock Ore & Bismuth (Blue) Set Iridescent Crystals Display Specimen Cluster,19.99,2022-07-27,,,WorthPoint
bismuth,Larger! Super Symmetrical Green Gold And Pink BISMUTH Crystal 146gr,34.99,2022-07-25,146.0,0.24,WorthPoint
bismuth,Bismuth Wholesale Rainbow Minerals Crystals 2.2 OUNCE Lot #5,7.0,2022-07-21,,,WorthPoint
bismuth,Bismuth Wholesale Rainbow Minerals Crystals 2.2 OUNCE Lot #3,7.0,2022-07-21,,,WorthPoint
bismuth,Bismuth Wholesale Rainbow Minerals Crystals 2.2 OUNCE Lot #2,7.0,2022-07-21,,,WorthPoint
bismuth,Bismuth Wholesale Rainbow Minerals Crystals 2.2 OUNCE Lot #1,7.0,2022-07-21,,,WorthPoint
bismuth,Large Midnight Blue Bismuth Crystal Healing Specimen Education Chakra Teaching,14.99,2022-07-20,,,WorthPoint
bismuth,1lb 560g 16 Bismuth Crystals Gems Lapidary Jewelry Minerals Metal Healing,19.99,2022-07-16,560.0,0.04,WorthPoint
bismuth,"Bismuth Crystal, Man Made. Grown In Germany?. 15 Grams. Video.",5.99,2022-07-12,15.0,0.4,WorthPoint
bismuth,Peacock Ore & Bismuth (Rainbow) Set Iridescent Crystals Display Specimen Cluster,19.99,2022-07-06,,,WorthPoint
bismuth,Rainbow Bismuth Crystal Specimen From England 44.1 Grams Display,9.99,2022-07-05,44.1,0.23,WorthPoint
bismuth,(11) New Zealand Bismuth Crystals In Displays,59.0,2022-07-02,,,WorthPoint
bismuth,Bismuth Crystal Specimen 1.11LB Display,68.0,2022-06-27,503.496,0.14,WorthPoint
bismuth,Rainbow Bismuth Crystal Specimen From England 38 Grams Display,9.99,2022-06-22,38.0,0.26,WorthPoint
bismuth,Bismuth 3kg Wholesale Rainbow Lab-Grown Crystals Mineral Display Specimen,269.0,2022-06-18,3000.0,0.09,WorthPoint
bismuth,(5) Bismuth Crystal Specimens In Displays,47.2,2022-06-18,,,WorthPoint
bismuth,(6) Bismuth Crystal Specimens In Display,35.4,2022-06-18,,,WorthPoint
bismuth,(9) Bismuth Crystal Specimens In Displays,53.1,2022-06-18,,,WorthPoint
bismuth,(16) High Quality Bismuth Crystals In Displays,94.4,2022-06-18,,,WorthPoint
bismuth,(6) Bismuth Crystal Specimens In Displays,59.0,2022-06-18,,,WorthPoint
bismuth,Rainbow Bismuth Crystal Specimen From England 65 Grams Display,9.99,2022-06-17,65.0,0.15,WorthPoint
bismuth,Rainbow Bismuth Crystal Specimen From England 50 Grams Display,9.99,2022-06-14,50.0,0.2,WorthPoint
bismuth,Minerals : Iridescent Green And Red Bismuth Crystals On All Sides From Germany,5.5,2022-06-09,,,WorthPoint
bismuth,Rainbow Bismuth Crystal Specimen From England 62 Grams Display,14.99,2022-06-08,62.0,0.24,WorthPoint
bismuth,Rainbow Iridescent Bismuth Crystal Cluster Mineral Specimen Healing Chakra Gem,49.99,2022-06-05,,,WorthPoint
bismuth,Lot Of 3 Bismuth Rainbow Iridescent Metal Crystals,16.5,2022-05-30,,,WorthPoint
bismuth,Bismuth Crystal Hedgehog Carving,53.0,2022-05-28,,,WorthPoint
bismuth,Rainbow Bismuth Crystal Specimen From England 82 Grams Display,14.99,2022-05-28,82.0,0.18,WorthPoint
bismuth,Rainbow Bismuth Crystal Jewelry Display Metal Decor Rocks Minerals Specimen,12.99,2022-05-25,,,WorthPoint
bismuth,"Rainbow Bismuth Geode (3"") Crystal Display Cluster Pyramid Metal Decor Rocks",34.99,2022-05-18,,,WorthPoint
bismuth,Bismuth Metal 5 POUNDS Ingot Chunk 99.99% Pure Crystals Geodes Fishing Shotgun,69.95,2022-05-16,,,WorthPoint
bismuth,Rainbow Bismuth Crystal Specimen From England 80 Grams Display,12.99,2022-05-14,80.0,0.16,WorthPoint
bismuth,Colorful Bright Bismuth Crystal Mineral,12.0,2022-05-11,,,WorthPoint
bismuth,Rainbow Bismuth Crystal Specimen From England 32 Grams Display,6.99,2022-05-10,32.0,0.22,WorthPoint
bismuth,"Rainbow Bismuth ""XL"" Crystal Display Cluster Pyramid Metal Rocks Minerals",24.99,2022-05-09,,,WorthPoint
bismuth,Rainbow Bismuth Crystal 3 Pieces,6.5,2022-05-08,,,WorthPoint
bismuth,Blue Bismuth Crystal,20.16,2022-05-08,,,WorthPoint
bismuth,Laboratory Grown Bismuth Crystal Bowl/Wall Plaque (Germany),26.45,2022-05-08,,,WorthPoint
bismuth,Bismuth Crystal Specimens Rainbow Colors 39 Grams Gemstone Mineral #606,9.5,2022-05-06,39.0,0.24,WorthPoint
bismuth,Beautiful Bismuth Crystal Pendant Silver Chain,39.0,2022-05-05,,,WorthPoint
bismuth,Rainbow Bismuth Crystal Specimen From England 56 Grams Display,19.99,2022-05-01,56.0,0.36,WorthPoint
bismuth,2 Pound Selenite Small Sticks- Wands Plus Free Piece Of Bismuth Crystal And Educ,28.88,2022-04-25,,,WorthPoint
bismuth,Super Symmetrical Pink Gold Blue Green And Purple AAA BISMUTH Crystal 186gr,39.99,2022-04-25,186.0,0.22,WorthPoint
bismuth,"SUPERB Native Bismuth Crystal BIGGENDEN MINE, AUSTRALIA - Ex. McLaughlin",791.0,2022-04-22,,,WorthPoint
bismuth,Rainbow Bismuth Crystal Specimen From England 78 Grams Display,19.99,2022-04-21,78.0,0.26,WorthPoint
bismuth,Rainbow Bismuth Crystal Specimen From England 18 Grams Display,6.99,2022-04-18,18.0,0.39,WorthPoint
bismuth,64mm 1OZ Blue Bismuth Crystal Cluster Mineral Specimen,29.99,2022-04-17,28.35,1.06,WorthPoint
bismuth,Rainbow Bismuth Crystal Egg Lab Grown Geode Minerals Rocks Display Iridescent,34.99,2022-04-17,,,WorthPoint
bismuth,"1.6"" BEAUTIFUL RAINBOW BISMUTH CRYSTAL METAL MINERAL CLUSTER (LAB GROWN) 42g *A2",20.29,2022-04-16,42.0,0.48,WorthPoint
bismuth,(10) New Zealand Bismuth Crystals,53.1,2022-04-16,,,WorthPoint
bismuth,XL Pink & Gold Bismuth Crystal Mineral Specimen Education Teaching Chakra Reiki,17.99,2022-04-15,,,WorthPoint
bismuth,"Rainbow Bismuth ""Large"" Crystal Display Cluster Pyramid Metal Rocks Minerals",19.99,2022-04-13,,,WorthPoint
bismuth,Lot Of 15 Bismuth Rainbow Iridescent Metal Crystals,90.0,2022-04-12,,,WorthPoint
bismuth,Large Pink & Gold Bismuth Crystal Mineral Specimen Education Teaching Chakra,14.99,2022-04-11,,,WorthPoint
bismuth,(16) New Zealand Bismuth Crystals In Display,59.0,2022-04-09,,,WorthPoint
bismuth,(15) New Zealand Bismuth Crystals In Display,64.9,2022-04-09,,,WorthPoint
bismuth,Bismuth Crystals Steampunk Wire Wrap Wholesale Lot Bislot210,30.0,2022-04-04,,,WorthPoint
bismuth,"Exceptional Bismuth Crystal (3.5"") Display Specimen Minerals Rainbow Cluster",22.0,2022-04-04,,,WorthPoint
bismuth,Bismuth Crystals (5 Pcs) Rainbow Wire Wrapping Lab Grown Minerals - Jewelry Size,14.99,2022-04-03,,,WorthPoint
bismuth,Rainbow Bismuth Crystal Specimen From England 21 Grams Display,6.99,2022-03-31,21.0,0.33,WorthPoint
bismuth,Bismuth XXXL Rainbow Crystal Stone Mineral Rock Education Teaching Lab-grown,42.99,2022-03-30,,,WorthPoint
bismuth,Rainbow Bismuth Crystal Specimen From England 35 Grams Display,19.99,2022-03-29,35.0,0.57,WorthPoint
bismuth,A Long! Super Symmetrical Blue Gold And Purple BISMUTH Crystal 150gr,39.99,2022-03-28,150.0,0.27,WorthPoint
bismuth,Lot Of 3 Bismuth Rainbow Iridescent Metal Crystal,26.5,2022-03-25,,,WorthPoint
bismuth,Bismuth Rainbow Iridescent Metal Crystal Cluster,25.0,2022-03-23,,,WorthPoint
bismuth,"8.8oz, 250G Gram Bismuth Rainbow Crystal ElementBi Gemstone Mineral Specimen",26.99,2022-03-22,250.0,0.11,WorthPoint
bismuth,5 Pcs Rainbow Titanium Bismuth Specimen Mineral Gemstone Crystal #59,14.98,2022-03-22,,,WorthPoint
bismuth,57g Yellow Bismuth Crystal Sphere,5.5,2022-03-16,57.0,0.1,WorthPoint
bismuth,"Bismuth (XL Ultra-Vivid) Crystals Rainbow Mineral Specimen,Lab Grown 24Pc Lot,NR",10.5,2022-03-16,,,WorthPoint
bismuth,Bismuth Crystal 61g.,15.0,2022-03-15,61.0,0.25,WorthPoint
bismuth,Bismuth Crystal Geode Mineral Specimen #8160,20.0,2022-03-11,,,WorthPoint
bismuth,Lot Of 2 Bismuth Rainbow Iridescent Metal Crystal,31.0,2022-03-07,,,WorthPoint
bismuth,Bismuth Crystals Steampunk Wire Wrap Wholesale Lot Bislot214,30.0,2022-03-05,,,WorthPoint
bismuth,202g Bismuth Crystal Carved Beehive Crafted By The Bismuth Smith.,17.0,2022-03-05,202.0,0.08,WorthPoint
bismuth,(8) New Zealand Bismuth Crystals,35.4,2022-03-05,,,WorthPoint
bismuth,A BIG! Super Symmetrical Green Yellow Blue And Purple BISMUTH Crystal 268gr,49.99,2022-03-03,268.0,0.19,WorthPoint
bismuth,Bismuth Crystal Geode Mineral Specimen #8157,20.0,2022-03-03,,,WorthPoint
bismuth,5 Bismuth Crystal Gem Stones,10.0,2022-02-28,,,WorthPoint
bismuth,"12.75oz, 362G Gram Bismuth Rainbow Crystal ElementBi Gemstone Mineral Specimen",39.99,2022-02-27,362.0,0.11,WorthPoint
bismuth,R48-31) 8.4 Gram Bismuth Rainbow Crystal Element Bi Gemstone Mineral Specimen US,10.99,2022-02-26,8.4,1.31,WorthPoint
bismuth,Rainbow Bismuth Peacock Ore Combo Set Chakra Crystal Healing Chalcopyrite Reiki,17.99,2022-02-26,,,WorthPoint
bismuth,Lot Of 8 Bismuth Rainbow Iridescent Metal Crystals,42.0,2022-02-25,,,WorthPoint
bismuth,"7oz, 197G Gram Bismuth Rainbow Crystal ElementBi Gemstone Mineral Specimen",23.99,2022-02-21,197.0,0.12,WorthPoint
bismuth,Bismuth Crystals Steampunk Wire Wrap Wholesale Lot Bislot218,30.0,2022-02-18,,,WorthPoint
bismuth,35g Bismuth - Man Made In Germany,6.2,2022-02-12,35.0,0.18,WorthPoint
bismuth,Bismuth Crystal Carved Mermaid,25.9,2022-02-08,,,WorthPoint
bismuth,Pink & Gold Bismuth Jewelry Crystal Wire-Wrap Crafts Lab-Grown Chakra Healing,12.99,2022-02-08,,,WorthPoint
bismuth,A Huge! Super Symmetrical Green Yellow Blue And Pink BISMUTH Crystal 444gr,59.99,2022-02-06,444.0,0.14,WorthPoint
bismuth,Bismuth 1/2 Lb Lot (Seconds) Wholesale Rainbow Minerals Crystals (Flawed) Stones,19.99,2022-02-06,907.2,0.02,WorthPoint
bismuth,Rainbow Bismuth Crystal! | Natural Art | Handmade Crystalline Metal | Mineral,53.99,2022-02-05,,,WorthPoint
bismuth,Lot Of 4 Bismuth Rainbow Iridescent Metal Crystal,20.0,2022-02-01,,,WorthPoint
bismuth,BISMUTH Iridescent Rainbow Hopper Crystal Cluster Mineral Specimen Colorful,19.95,2022-01-31,,,WorthPoint
bismuth,"Rainbow Bismuth ""XXL"" Crystal Display Cluster Pyramid Metal Decor Rocks Minerals",34.99,2022-01-30,,,WorthPoint
bismuth,"1 BLUE & PURPLE BISMUTH Crystal, 16.3g",5.9,2022-01-29,16.3,0.36,WorthPoint
bismuth,Bismuth Crystal 859 Grams,34.0,2022-01-26,859.0,0.04,WorthPoint
bismuth,Gorgeous 22 Grams Rare Rainbow Bismuth Crystal Specimen Germany Display,9.5,2022-01-24,22.0,0.43,WorthPoint
bismuth,"CHARGED USA Grown Bismuth Crystal Perfect Pendant‚Ñ¢ + 20"" Silver Chain",23.99,2022-01-23,,,WorthPoint
bismuth,9.8oz Rainbow Bismuth Crystal Cube 276g Cubic,23.9,2022-01-20,276.0,0.09,WorthPoint
bismuth,8.5oz Rainbow Bismuth Crystal Cube 242g Cubic Energon,19.9,2022-01-20,242.0,0.08,WorthPoint
bismuth,Large Rainbow Bismuth Crystal 14oz / 396g,34.9,2022-01-20,396.0,0.09,WorthPoint
bismuth,Gorgeous 20.5 Grams Rare Rainbow Bismuth Crystal Specimen Germany Display,9.5,2022-01-17,20.5,0.46,WorthPoint
bismuth,Bismuth Sea Turtle - Canada,12.75,2022-01-16,,,WorthPoint
bismuth,Lg Rainbow Bismuth Crystal Healing Transformation Stone Mineral Educational,15.99,2022-01-14,,,WorthPoint
bismuth,Bismuth Crystal Mayan Medallion,21.0,2022-01-11,,,WorthPoint
bismuth,Bismuth Crystal Geode Mineral Specimen #8162,20.0,2022-01-11,,,WorthPoint
bismuth,Bismuth XXL Midnight Blue Crystal Display Specimen Education Teaching Chakra,27.99,2022-01-09,,,WorthPoint
bismuth,Large Rainbow Bismuth Crystal 2.15lbs / 978g Angled Cubic,89.9,2022-01-09,978.0,0.09,WorthPoint
bismuth,124g Bismuth Crystal Mayan Medallion Crafted By The Bismuth Smith.,25.0,2022-01-08,124.0,0.2,WorthPoint
bismuth,Lot Of 6 Bismuth Rainbow Iridescent Metal Crystals,38.0,2022-01-07,,,WorthPoint
bismuth,Lot Of 10 Bismuth Rainbow Iridescent Metal Crystals,22.0,2022-01-04,,,WorthPoint
bismuth,R48-36) 10.8 Gram Bismuth Rainbow Crystal Element Bi Gemstone Mineral Specimen,12.99,2022-01-02,10.8,1.2,WorthPoint
bismuth,"Huge Bismuth Crystal (4.8"") Display Specimen Minerals Decor Rainbow Cluster",37.99,2021-12-30,,,WorthPoint
bismuth,Lot Of 12 Bismuth Rainbow Iridescent Metal Crystals,62.0,2021-12-29,,,WorthPoint
bismuth,"Bismuth Crystal (3.7"") Display Specimen Rocks Minerals Pyramid Rainbow Cluster",17.76,2021-12-28,,,WorthPoint
bismuth,"1 AQUA BLUE BISMUTH Crystal, 12.3g",5.9,2021-12-23,12.3,0.48,WorthPoint
bismuth,"Bismuth Crystal (4.5"") Display Specimen Rocks Minerals Decor Rainbow Cluster",31.0,2021-12-23,,,WorthPoint
bismuth,Bismuth Rainbow Crystal Stone Mineral Rock Lab-grown,7.5,2021-12-21,,,WorthPoint
bismuth,XL Rainbow Bismuth Crystal Healing Transformation Stone Mineral Educational,22.49,2021-12-20,,,WorthPoint
bismuth,Bismuth Crystals Skull Geode,50.0,2021-12-17,,,WorthPoint
bismuth,Bismuth Crystal Geode Mineral Specimen #8158,20.0,2021-12-17,,,WorthPoint
bismuth,Bismuth XXL Rainbow Crystal Stone Mineral Rock Education Teaching Lab-grown,34.99,2021-12-17,,,WorthPoint
bismuth,"Bismuth Crystal (4.6"") Display Specimen Rocks Minerals Decor Rainbow Cluster",64.0,2021-12-17,,,WorthPoint
bismuth,Lg Superior Rainbow Bismuth Crystal Mineral Specimen Education Reiki Teaching,14.99,2021-12-16,,,WorthPoint
bismuth,XL Magenta Bismuth Crystal Healing Transformation Stone Mineral Educational,17.99,2021-12-12,,,WorthPoint
bismuth,135g Bismuth Man-Made Specimen From Germany - Striking Piece!!!,24.0,2021-12-11,135.0,0.18,WorthPoint
bismuth,"1 Bismuth Crystal, 4-8g Authentic Laboratory Made, Jewelry (QTY 1 Piece)",9.49,2021-12-08,8.0,1.19,WorthPoint
bismuth,Bismuth (5 Pcs) Rainbow Crystals Wire Wrap Jewelry Healing Earrings Pendants,14.99,2021-12-08,,,WorthPoint
bismuth,Bismuth Crystal Specimens (3 Pieces) Jewelry Making Healing Chakra Teaching,14.99,2021-12-06,,,WorthPoint
bismuth,"HUGE 4.4 LB Rainbow Bismuth Crystal Cluster 1978g 6"" Tall XL",239.0,2021-12-03,1978.0,0.12,WorthPoint
bismuth,"CLASSIC Native Bismuth Crystal ST. IVES, CORNWALL, ENGLAND - Ex. Flynn",483.0,2021-12-03,,,WorthPoint
bismuth,Bismuth F144 England Crystal Mineral Specimen,200.99,2021-11-30,,,WorthPoint
bismuth,GEMCORE: One(1) Jewelry-Size Blue Bismuth Crystal Pendant Wire-Wrap Crafts,9.99,2021-11-29,,,WorthPoint
bismuth,Bismuth (30 Pcs) Rainbow Crystals Wire Wrap Healing Jewelry Earrings Pendants,42.99,2021-11-29,,,WorthPoint
bismuth,Large 1.4 Lb Bismuth Crystal Cluster 624g Blue Gold Purple,56.9,2021-11-28,624.0,0.09,WorthPoint
bismuth,XL Green Bismuth Crystal Cluster Mineral Specimen Chakra Teaching Education,24.99,2021-11-21,,,WorthPoint
bismuth,Large Iridescent Lab Grown BISMUTH CRYSTAL - Neat!,49.99,2021-11-19,,,WorthPoint
bismuth,"190gr XXL BISMUTH CRYSTAL 2.6"" RAINBOW PYRAMID REIKI WICCAN For ADD ADHD",34.0,2021-11-13,190.0,0.18,WorthPoint
bismuth,Bismuth Crystals Steampunk Wire Wrap Wholesale Lot Bislot221,30.0,2021-11-05,,,WorthPoint
bismuth,"6.4oz, 182G Gram Bismuth Rainbow Crystal ElementBi Gemstone Mineral Specimen",17.99,2021-10-29,182.0,0.1,WorthPoint
bismuth,20.9 Gram Rainbow Bismuth Crystal Geometric Mineral Specimen,7.8,2021-10-25,20.9,0.37,WorthPoint
bismuth,Yellow Bismuth Dragon Egg Geode Crystal Chakra Healing Teaching Education,27.99,2021-10-24,,,WorthPoint
bismuth,"3.85oz, 110G Gram Bismuth Rainbow Crystal ElementBi Gemstone Mineral Specimen",17.5,2021-10-20,110.0,0.16,WorthPoint
bismuth,"Bismuth Crystal, You Select Color & Size, Grown By Seller In US, 3-4 Day Arrival",7.0,2021-10-19,,,WorthPoint
bismuth,BISMUTH CRYSTAL CLUSTER Iridescent Rainbow Hoppered New Zealand Grown,18.0,2021-10-19,,,WorthPoint
bismuth,Charles Albert Designer Beaded Hematite Stone Sliver And Sterling Silver Spacer Necklace With Toggle Clasp Along With A Rainbow Bismuth Crystal Geomet,48.0,2021-10-18,,,WorthPoint
bismuth,Bismuth Crystal Geode Mineral Specimen #8156,8.0,2021-10-18,,,WorthPoint
bismuth,Bismuth Crystal Geode Mineral Specimen #8149,17.5,2021-10-18,,,WorthPoint
bismuth,Bismuth Crystal Geode #8122 Mineral Specimen,10.5,2021-10-09,,,WorthPoint
bismuth,Bismuth Crystal Geode #8116 Mineral Specimen,8.5,2021-10-09,,,WorthPoint
bismuth,Bismuth Crystal Geode #8115 Mineral Specimen,8.5,2021-10-09,,,WorthPoint
bismuth,Bismuth Crystal Geode #8110 Mineral Specimen,12.0,2021-10-09,,,WorthPoint
bismuth,Bismuth Crystal Geode #8109 Mineral Specimen,8.0,2021-10-09,,,WorthPoint
bismuth,Bismuth Crystal Geode Mineral Specimen #8140,11.0,2021-10-04,,,WorthPoint
bismuth,Bismuth Crystal Geode Mineral Specimen #8128,8.0,2021-09-29,,,WorthPoint
bismuth,Bismuth Crystal Attached To Glass Dabber/Hair Pin/ Tea Stirrer,16.0,2021-09-27,,,WorthPoint
bismuth,Bismuth Crystal Geode Mineral Specimen #8155,8.0,2021-09-27,,,WorthPoint
bismuth,Bismuth Crystal Geode Mineral Specimen #8153,8.0,2021-09-27,,,WorthPoint
bismuth,Bismuth Crystal Geode Mineral Specimen #8152,9.0,2021-09-27,,,WorthPoint
bismuth,Bismuth Crystal Geode Mineral Specimen #8151,8.0,2021-09-27,,,WorthPoint
bismuth,Bismuth Crystal Geode Mineral Specimen #8150,8.0,2021-09-27,,,WorthPoint
bismuth,Bismuth Crystal Geode Mineral Specimen #8148,8.0,2021-09-27,,,WorthPoint
bismuth,Bismuth Crystal Geode Mineral Specimen #8146,8.0,2021-09-27,,,WorthPoint
bismuth,106g Natural Rainbow Aura Titanium Bismuth Crystal Gemstone Rock Healing,22.95,2021-09-26,106.0,0.22,WorthPoint
bismuth,Rainbow Bismuth Crystal Egg Lab Grown Geode Educational Healing Chakra,29.99,2021-09-23,,,WorthPoint
bismuth,219.2Ct Rainbow Bismuth Crystal Mineral Specimen Rough Heated YBK10,7.83,2021-09-22,43.84,0.18,WorthPoint
bismuth,161.2Ct Rainbow Bismuth Crystal Mineral Specimen Rough Heated YBK9,8.09,2021-09-21,32.24,0.25,WorthPoint
bismuth,14.9 Gram Rainbow Bismuth Crystal Mineral Specimen From New Zealand,7.2,2021-09-20,14.9,0.48,WorthPoint
bismuth,Bismuth Crystal Geode Mineral Specimen #8139,8.0,2021-09-20,,,WorthPoint
bismuth,Bismuth Crystal Geode Mineral Specimen #8126,8.5,2021-09-19,,,WorthPoint
bismuth,170.15Ct Rainbow Bismuth Crystal Mineral Specimen Rough Heated YBK7,5.5,2021-09-19,34.03,0.16,WorthPoint
bismuth,100.6Ct Rainbow Bismuth Crystal Mineral Specimen Rough Heated YBK6,5.5,2021-09-18,20.12,0.27,WorthPoint
bismuth,152.6Ct Rainbow Bismuth Crystal Mineral Specimen Rough Heated YBK3,6.5,2021-09-15,30.52,0.21,WorthPoint
bismuth,108.85Ct Rainbow Bismuth Crystal Mineral Specimen Rough Heated YBK2,7.0,2021-09-14,21.77,0.32,WorthPoint
bismuth,150.1Ct Rainbow Bismuth Crystal Mineral Specimen Rough Heated YBK1,5.5,2021-09-13,30.02,0.18,WorthPoint
bismuth,Large Collecting Size Bismuth Rainbow Crystal,6.5,2021-09-10,,,WorthPoint
bismuth,Bismuth Crystal Geode #8112 Mineral Specimen,8.0,2021-09-09,,,WorthPoint
bismuth,Bismuth Metal 10 POUNDS Pure For Crystals Geodes Fishing Shotgun,74.95,2021-09-07,,,WorthPoint
bismuth,Bismuth Crystal Geode Mineral Specimen #8154,8.0,2021-09-06,,,WorthPoint
bismuth,Bismuth Metal 10 POUNDS Ingot Chunk 99.99% Pure Crystals Geodes Fishing Shotgun,89.95,2021-09-04,,,WorthPoint
bismuth,"1 PINK BISMUTH Crystal, 14.5g",5.9,2021-09-01,14.5,0.41,WorthPoint
bismuth,Bismuth Crystal Geode Mineral Specimen #8125,8.0,2021-08-30,,,WorthPoint
bismuth,Bismuth Crystal Geode Mineral Specimen #8159,20.0,2021-08-26,,,WorthPoint
bismuth,Bismuth Crystal Geode Mineral Specimen #8161,20.0,2021-08-26,,,WorthPoint
bismuth,Bismuth Crystal Geode Mineral Specimen #8132,11.5,2021-08-20,,,WorthPoint
bismuth,Bismuth Crystal Geode Mineral Specimen #8131,15.5,2021-08-20,,,WorthPoint
bismuth,Bismuth Crystal Geode #8114 Mineral Specimen,8.0,2021-08-20,,,WorthPoint
bismuth,Bismuth Crystal Geode #8111 Mineral Specimen,8.0,2021-08-20,,,WorthPoint
bismuth,Bismuth Crystal Geode #8108 Mineral Specimen,8.0,2021-08-20,,,WorthPoint
bismuth,"166g Natural Bismuth Crystal Specimen Rainbow Aura 3""x 2"" LARGE DISPLAY SPECIMEN",19.98,2021-08-18,166.0,0.12,WorthPoint
bismuth,Rainbow Bismuth Crystal Hand Sculpture,50.0,2021-08-13,,,WorthPoint
bismuth,Bismuth Crystal Geode Mineral Specimen #8137,8.0,2021-08-10,,,WorthPoint
bismuth,Bismuth Crystal Geode Mineral Specimen #8134,8.0,2021-08-10,,,WorthPoint
bismuth,Bismuth Crystal Geode Mineral Specimen #8130,8.0,2021-08-10,,,WorthPoint
bismuth,Bismuth Crystal Geode Mineral Specimen #8127,8.0,2021-08-10,,,WorthPoint
bismuth,Bismuth Crystal Geode #8124 Mineral Specimen,10.0,2021-08-10,,,WorthPoint
bismuth,Bismuth Crystal Geode #8121 Mineral Specimen,8.0,2021-08-10,,,WorthPoint
bismuth,Bismuth Crystal Geode #8118 Mineral Specimen,10.49,2021-08-10,,,WorthPoint
bismuth,"Bismuth Crystal Growing Kit, Crystal Included!",39.99,2021-08-09,,,WorthPoint
bismuth,Rainbow Bismuth Geode Crystal Healing Transformation Stone Mineral Educational,27.99,2021-08-06,,,WorthPoint
bismuth,10g Natural Rare Rainbow Titanium Bismuth Crystal Specimen Mineral Healing Stone,8.49,2021-08-01,10.0,0.85,WorthPoint
bismuth,Bismuth Metal Kilogram 99.99% Pure,37.49,2021-08-01,,,WorthPoint
bismuth,Bismuth Crystal Geode Mineral Specimen #8136,10.5,2021-07-31,,,WorthPoint
bismuth,Bismuth Crystal Geode #8123 Mineral Specimen,8.0,2021-07-31,,,WorthPoint
bismuth,Bismuth Crystal Geode #8119 Mineral Specimen,8.0,2021-07-31,,,WorthPoint
bismuth,"CLASSIC Native Bismuth Crystal WOLFRAM CAMP, AUSTRALIA - Ex. Lemanski",142.5,2021-07-30,,,WorthPoint
bismuth,Erythrite On BISMUTH Crystals * Schneeberg * Germany * Ex. Kay Robertson Coll,68.0,2021-07-29,,,WorthPoint
bismuth,Bismuth Crystals Solid Color Lot B,35.0,2021-07-09,,,WorthPoint
bismuth,Bismuth Crystals Medium Size Lot A,35.0,2021-07-09,,,WorthPoint
bismuth,Bismuth Crystals Jewelry Size Lot C,30.0,2021-07-09,,,WorthPoint
bismuth,Bismuth Selenite Display (Set) Crystal Clusters Charging Station Specimens,24.99,2021-07-08,,,WorthPoint
bismuth,"Medium Rainbow Bismuth Crystal Self Standing 3"" X 2"" 118g / 4.1oz Vibrant Color!",11.9,2021-07-06,118.0,0.1,WorthPoint
bismuth,Bismuth Crystal Cluster Display Specimen Collected From Germany,31.0,2021-07-05,,,WorthPoint
bismuth,Rainbow Bismuth Crystal Skull,9.99,2021-06-30,,,WorthPoint
bismuth,F3 Rare Natural Rainbow Titanium Bismuth Crystal,20.0,2021-06-25,,,WorthPoint
bismuth,Bismuth Crystal From China 4.5 Cm # 8733,13.45,2021-06-22,,,WorthPoint
bismuth,"XL 1LB 5oz Rainbow Bismuth Crystal 3"" X 3"" Self Standing 598g DISCOUNTED",26.9,2021-06-21,598.0,0.04,WorthPoint
bismuth,Rainbow Bismuth Crystal Small Buddha,19.99,2021-06-17,,,WorthPoint
bismuth,Bismuth Crystals Steampunk Wire Wrap Wholesale Lot Bislot219,30.0,2021-06-16,,,WorthPoint
bismuth,"11.5oz, 327G Gram Bismuth Rainbow Crystal ElementBi Gemstone Mineral Specimen",34.99,2021-06-15,327.0,0.11,WorthPoint
bismuth,"9oz, 253G Gram Bismuth Rainbow Crystal ElementBi Gemstone Mineral Specimen",23.99,2021-06-14,253.0,0.09,WorthPoint
bismuth,"CLASSIC Native Bismuth Crystal Cluster NIEDERSCHLEMA, GERMANY - Ex. Ellis",597.0,2021-06-11,,,WorthPoint
bismuth,393 Bismuth Crystal From Germany,10.4,2021-05-30,,,WorthPoint
bismuth,378 Bismuth Crystal From Germany,8.8,2021-05-28,,,WorthPoint
bismuth,Rainbow Bismuth Crystal Foxes: Mom With Baby Fox,28.0,2021-05-18,,,WorthPoint
bismuth,Golden EGG XL Rainbow Bismuth Crystal Healing Transformation Mineral Educational,31.77,2021-05-11,,,WorthPoint
bismuth,Rainbow Bismuth Crystal Easter Bunny Rabbit,29.99,2021-05-06,,,WorthPoint
bismuth,"XL 1LB Rainbow Bismuth Crystal 3.5"" X 3"" Self Standing 460g",34.9,2021-05-05,460.0,0.08,WorthPoint
bismuth,Bismuth Crystal - 80g Specimen - Gem Stallion- USA Labgrown Crystal,20.0,2021-05-04,80.0,0.25,WorthPoint
bismuth,Huge 453 Gram (16oz) Bismuth Rainbow Crystal ElementBi Gemstone Mineral Specimen,44.99,2021-05-04,453.0,0.1,WorthPoint
bismuth,Bismuth Crystal 130g - Made In And Ships From USA (precise Weight 137g),30.0,2021-05-03,130.0,0.23,WorthPoint
bismuth,"Large Bismuth Crystal 4.25"" X 1.5"" 178g / 6.2oz Blue Purple Gold Color",24.9,2021-05-02,178.0,0.14,WorthPoint
bismuth,1 Pound Selenite Small Sticks- Wands & FREE Piece Of Bismuth Crystal & ID Card,18.95,2021-04-30,,,WorthPoint
bismuth,Bismuth Crystal Geode #9708 Mineral Specimen,6.5,2021-04-24,,,WorthPoint
bismuth,Bismuth Crystal Geode #9699 Mineral Specimen,5.5,2021-04-21,,,WorthPoint
bismuth,Turtle Shaped Rainbow Bismuth Crystal,32.99,2021-04-08,,,WorthPoint
bismuth,"XL Rainbow Bismuth Crystal ""Fan"" 3.5"" X 3.5"" X .75"" 342g 12.1oz DISCOUNTED",19.9,2021-03-28,342.0,0.06,WorthPoint
bismuth,Bismuth Crystal Lab Grown 6.2 Cm # 11813,10.95,2021-03-28,,,WorthPoint
bismuth,10g Natural Rainbow Titanium Bismuth Crystal Mineral Rock Gemstone Specimens US,7.88,2021-03-26,10.0,0.79,WorthPoint
bismuth,Rainbow Bismuth Crystal Lucky 3-Legged Frog,37.99,2021-03-25,,,WorthPoint
bismuth,Bismuth Crystals Steampunk Wire Wrap Wholesale Lot 1 Lb 1 Oz Bag,50.0,2021-03-24,28.35,1.76,WorthPoint
bismuth,"Large 2LB Lot Rainbow Bismuth Crystals 1 Kg (Some Seconds, Flawed). DISCOUNTED",69.0,2021-03-23,1000.0,0.07,WorthPoint
bismuth,Science Art - True Levitation Using Dia-magnetic Bismuth. Simple And Permanent,59.95,2021-03-23,,,WorthPoint
bismuth,13pc Lot Small Rainbow Bismuth Crystals 7.2oz 204g,23.9,2021-03-22,204.0,0.12,WorthPoint
bismuth,Large 1lb Lot Rainbow Bismuth Crystal 8 Pieces 453g,39.9,2021-03-22,453.0,0.09,WorthPoint
bismuth,"Medium Selenite Charging Plate Stick 7"" + 3pc Rainbow Bismuth Crystals Healing",13.41,2021-03-20,,,WorthPoint
bismuth,Bismuth Crystal Muni Bear Carving,35.0,2021-03-16,,,WorthPoint
bismuth,12.6 Gram Blue Rainbow Bismuth Crystal Mineral Specimen From New Zealand,7.2,2021-03-16,12.6,0.57,WorthPoint
bismuth,Bismuth Crystal Geode #311 Mineral Specimen,5.0,2021-03-16,,,WorthPoint
bismuth,Bismuth Crystal Geode #310 Mineral Specimen,18.0,2021-03-16,,,WorthPoint
bismuth,Bismuth Crystal Geode #308 Mineral Specimen,10.5,2021-03-16,,,WorthPoint
bismuth,32pc Lot XS Rainbow Bismuth Crystals 119g Jewelry Crafts Earrings Pendent,22.41,2021-03-15,119.0,0.19,WorthPoint
bismuth,"Large Blue, Purple & Gold Bismuth Crystal Cluster, Grown By US By Seller",5.5,2021-03-13,,,WorthPoint
bismuth,Unique Bismuth Turtle - Canada,18.0,2021-03-12,,,WorthPoint
bismuth,"Large Blue Rainbow Bismuth Crystal Cluster, Grown In USA, About 4"" Length",9.5,2021-03-11,,,WorthPoint
bismuth,Rare Natural Rainbow Bismuth Crystal Alien Head,24.99,2021-03-11,,,WorthPoint
bismuth,Bismuth Crystal Neon Metallic Rainbow Colors Two Crystals Per Lot 1/2-3/4 Inch,8.99,2021-03-10,,,WorthPoint
bismuth,"Large Rainbow Bismuth Crystal, Grown In USA, About 4"" Length",12.5,2021-03-09,,,WorthPoint
bismuth,6pc Lot Rainbow Bismuth Crystals Medium Size 8.6oz 243g DISCOUNTED,19.9,2021-03-09,243.0,0.08,WorthPoint
bismuth,3pc Lot Large Rainbow Bismuth Crystals 11.5oz 326g DISCOUNTED,24.9,2021-03-09,326.0,0.08,WorthPoint
bismuth,Bismuth Crystal Geode #307 Mineral Specimen,5.5,2021-03-09,,,WorthPoint
bismuth,Bismuth Crystal Geode #301 Mineral Specimen,16.08,2021-03-07,,,WorthPoint
bismuth,"Medium Bismuth Crystal Specimen Grown In USA, Lot Of 10",73.0,2021-03-04,,,WorthPoint
bismuth,Medium Bismuth Crystal Specimen,10.0,2021-03-04,,,WorthPoint
bismuth,"Small Bismuth Crystal Specimens, Lot Of 10 With Free Shipping",50.0,2021-03-04,,,WorthPoint
bismuth,Lot Of Rainbow Bismuth Crystals - Includes Silver Crystal!!,16.0,2021-03-03,,,WorthPoint
bismuth,Bismuth (8 Pcs) Rainbow Crystals Wire Wrap Jewelry Healing Pendants Earrings,19.99,2021-03-01,,,WorthPoint
bismuth,"Large 2LB Lot Rainbow Bismuth Crystals 1 Kg (Seconds, Flawed). DISCOUNTED",59.0,2021-02-28,1000.0,0.06,WorthPoint
bismuth,Large Rainbow Color Bismuth Crystal Specimen Nice Quality Growth,24.0,2021-02-22,,,WorthPoint
bismuth,Blue Bismuth Crystal Cluster Mineral Specimen Set Of 3,5.5,2021-02-22,,,WorthPoint
bismuth,Jewelry Size Bismuth Crystal Specimen,16.0,2021-02-19,,,WorthPoint
bismuth,Lot Of Bismuth Crystals,20.0,2021-02-19,,,WorthPoint
bismuth,Bismuth (5 Kg) Rainbow Wholesale 1 To 3 Inch Pieces,400.0,2021-02-10,5000.0,0.08,WorthPoint
bismuth,GEMCORE: One(1) Jewelry-Size Rainbow Bismuth Crystal Wire-Wrap Pendant Crafts,9.99,2021-02-05,,,WorthPoint
bismuth,Bismuth Crystals - Lot Of 57,57.0,2021-02-04,,,WorthPoint
bismuth,Small Bismuth Crystal Specimen Grown In USA,6.0,2021-02-03,,,WorthPoint
bismuth,Bismuth Crystal- 106g Specimen- Gem Stallion - USA Labgrown Crystal,27.0,2021-01-29,106.0,0.25,WorthPoint
bismuth,"Bismuth Crystal Mineral Extra Large Bowl Shape Specimen 5.5"" Diameter X 3 Lbs.",145.0,2021-01-24,,,WorthPoint
bismuth,Rainbow Bismuth Crystal Specimen - Amazing Structure,30.0,2021-01-24,,,WorthPoint
bismuth,Bismuth Crystals Steampunk Wire Wrap Wholesale Lot Bislot220,30.0,2021-01-16,,,WorthPoint
bismuth,Bismuth Crystals Steampunk Wire Wrap Wholesale Lot Bislot216,30.0,2021-01-16,,,WorthPoint
bismuth,Bismuth Crystals Steampunk Wire Wrap Wholesale Lot Bislot217,30.0,2021-01-16,,,WorthPoint
bismuth,2 Pound Selenite Small Sticks- Wands & FREE Piece Of Bismuth Crystal & ID Card,24.95,2021-01-15,,,WorthPoint
bismuth,Bismuth Crystal - 48g Specimen - Gem Stallion - USA Labgrown Crystal,11.0,2021-01-13,48.0,0.23,WorthPoint
bismuth,10 Pieces Bismuth Crystal Rainbow Mineral Specimen About 4 Oz,16.99,2021-01-02,113.4,0.15,WorthPoint
bismuth,2 Bismuth Crystal Specimens Rainbow Colors 82 Grams Total Gemstone Mineral #588,14.6,2021-01-01,82.0,0.18,WorthPoint
bismuth,Bismuth Crystals Steampunk Wire Wrap Wholesale Lot Bislot215,30.0,2020-12-31,,,WorthPoint
bismuth,A Lot Of FOUR! Symmetrical Purple Blue And Gold BISMUTH Crystals England 246gr,18.99,2020-12-29,246.0,0.08,WorthPoint
bismuth,Bismuth Crystal - 42g Specimen - Gem Stallion - USA Labgrown Crystal,11.0,2020-12-26,42.0,0.26,WorthPoint
bismuth,39mm 0.7OZ Blue Bismuth Crystal Cluster Mineral Specimen,6.5,2020-12-24,19.845,0.33,WorthPoint
bismuth,"10 Small Bismuth Crystal Specimen ,about 4 Oz",16.99,2020-12-18,113.4,0.15,WorthPoint
bismuth,"Bismuth Heart Shape, Crystal Cluster Mineral Specimen Colorful About 192 Grams",69.0,2020-12-17,192.0,0.36,WorthPoint
bismuth,Rainbow Bismuth Heart Shape Iridescent Crystal Cluster Mineral Specimen Colorful,99.95,2020-12-16,,,WorthPoint
bismuth,Bismuth Crystal - 40g Specimen - Gem Stallion - USA Labgrown Crystal,10.0,2020-12-15,40.0,0.25,WorthPoint
bismuth,80 Grams Rainbow Bismuth Metal Mineral Crystals Specimen Healing,13.94,2020-12-15,80.0,0.17,WorthPoint
bismuth,"1 BISMUTH Crystal, 14.2g",5.9,2020-12-15,14.2,0.42,WorthPoint
bismuth,Bismuth Crystals Steampunk Wire Wrap Wholesale Lot Bislot207,30.0,2020-12-09,,,WorthPoint
bismuth,Bismuth Crystal - 101g Specimen - Gem Stallion- USA Labgrown Crystal,26.0,2020-12-07,101.0,0.26,WorthPoint
bismuth,2Pcs 20g Natural Rock Aura Rainbow Titanium Bismuth Crystal Gemstone Specimens,12.99,2020-12-06,20.0,0.65,WorthPoint
bismuth,Aura Rainbow Titanium Quartz Bismuth Crystals,15.0,2020-12-05,,,WorthPoint
bismuth,Lot Of 6 Bismuth Crystal Specimens Grown In USA,9.0,2020-12-02,,,WorthPoint
bismuth,"BWT- Genuine Metallic Bismuth Crystal Pendant With Copper Setting Ln2160, Unisex",12.0,2020-12-02,,,WorthPoint
bismuth,"1.7"" Bismuth Skull - Canada",20.0,2020-12-01,,,WorthPoint
bismuth,394 Bismuth Crystal From Germany,8.0,2020-11-30,,,WorthPoint
bismuth,"226g Bismuth Crystal 4""x2""x2"" (M034)",10.0,2020-11-24,226.0,0.04,WorthPoint
bismuth,Rainbow Bismuth (1 Kg) Lab-Grown Crystals Mineral Display Specimen Wholesale,109.99,2020-11-24,1000.0,0.11,WorthPoint
bismuth,A Big! Blue Purple And Gold Colored BISMUTH Crystal From Germany 178gr,29.99,2020-11-17,178.0,0.17,WorthPoint
bismuth,1/4LB Lot 5 Bismuth Crystals Shiny Metallic Mineral Specimens Stepped Shapes 4oz,24.0,2020-11-15,113.4,0.21,WorthPoint
bismuth,1/4LB Lot 5 Bismuth Crystals Metallic Mineral Specimens Stepped Square Shape 4oz,24.0,2020-11-15,113.4,0.21,WorthPoint
bismuth,XL Yellow Bismuth Crystal Cluster Mineral Specimen Chakra Teaching Education,17.99,2020-11-12,,,WorthPoint
bismuth,Large Bismuth Crystal Specimen Grown In USA,16.0,2020-11-09,,,WorthPoint
bismuth,XXL Midnight Blue Bismuth Crystal Display Specimen Education Teaching Chakra,24.99,2020-11-01,,,WorthPoint
bismuth,A Small Symmetrical Purple Blue And Gold BISMUTH Crystal From England 54.0gr,7.99,2020-11-01,54.0,0.15,WorthPoint
bismuth,14.2 Gram Colorful Rainbow Bismuth Crystal Mineral Specimen,7.8,2020-10-31,14.2,0.55,WorthPoint
bismuth,A Big! Blue Pink Green And Gold Colored BISMUTH Crystal From Germany! 183gr,34.99,2020-10-30,183.0,0.19,WorthPoint
bismuth,XL Rainbow Bismuth Crystal! 99.99% (4N) Purity!,15.0,2020-10-28,,,WorthPoint
bismuth,EXTRAORDINARY Native Bismuth Crystal With Quartz TAZNA MINE BOLIVIA Ex Lemanski,1500.0,2020-10-23,,,WorthPoint
bismuth,Magenta Bismuth Dragon Egg Geode Half Crystal Education Reiki Teaching Chakra,27.99,2020-10-12,,,WorthPoint
bismuth,Mineral Specimen Bismuth Crystal Iridescent Rainbow Man-made Ore USA #16,10.0,2020-10-08,,,WorthPoint
bismuth,Rare Rainbow Titanium Bismuth Specimen Mineral Gemstone Crystal 20G OJRS~ee,12.84,2020-10-08,20.0,0.64,WorthPoint
bismuth,1/4LB Lot 8 Bismuth Crystals Shiny Metallic Mineral Specimens Mixed Sizes 4.4oz,25.0,2020-10-05,124.74,0.2,WorthPoint
bismuth,"GEMCORE: One (1) Large ""Albino"" Bismuth Dragon Egg Geode Crystal Chakra Healing",26.99,2020-10-05,,,WorthPoint
bismuth,Mineral Specimen Bismuth Crystal Iridescent Rainbow Manmade Ore #15,7.0,2020-10-04,,,WorthPoint
bismuth,A Big! Very Symmetrical Blue Purple And Gold BISMUTH Crystal From Germany! 158gr,27.99,2020-09-30,158.0,0.18,WorthPoint
bismuth,A Big! Blue Pink Purple And Gold Colored BISMUTH Crystal From Germany! 155gr,29.99,2020-09-29,155.0,0.19,WorthPoint
bismuth,Lg Bismuth (Ultra-Vivid) Crystal Cluster Rainbow Mineral Specimen Lab-Grown,24.99,2020-09-22,,,WorthPoint
bismuth,41mm 0.5OZ Blue Bismuth Crystal Cluster Mineral Specimen,6.05,2020-09-17,14.175,0.43,WorthPoint
bismuth,Rainbow Bismuth (1 Lb) Wholesale Lab-Grown Crystals Mineral Display Specimen,79.99,2020-09-17,,,WorthPoint
bismuth,XXL Bismuth (Ultra-Vivid) Crystal Cluster Rainbow Mineral Specimen Lab-Grown,39.99,2020-09-16,,,WorthPoint
bismuth,Bismuth (XXL) Rainbow Crystal Healing Stone Mineral Education Teaching Lab Grown,29.99,2020-09-08,,,WorthPoint
bismuth,"82.86 Gram Rainbow Bismuth Crystal Mineral Specimen From New Zealand, # TBC 3016",20.0,2020-09-04,82.86,0.24,WorthPoint
bismuth,Minerals : Iridescent Red And Green Bismuth Crystals From Germany,6.25,2020-09-03,,,WorthPoint
bismuth,Lot Of 7 Small Bismuth Crystal Specimens,14.99,2020-09-01,,,WorthPoint
bismuth,Bismuth Crystals Steampunk Wire Wrap Wholesale Lot Bislot213,30.0,2020-08-29,,,WorthPoint
bismuth,Bismuth Crystals Steampunk Wire Wrap Wholesale Lot Bislot212,30.0,2020-08-29,,,WorthPoint
bismuth,"1.6"" Bismuth Skull - Canada",20.0,2020-08-29,,,WorthPoint
bismuth,"ET- RAINBOW BISMUTH Crystal Formation-display-Reiki, Natural Healing 19 Grams",20.0,2020-08-16,19.0,1.05,WorthPoint
bismuth,Bismuth Crystal Specimens Rainbow Colors 36 Grams Gemstone Mineral #605,9.5,2020-08-15,36.0,0.26,WorthPoint
bismuth,Bismuth Lab-grown Minerals Crystals Gems-min,7.57,2020-08-09,,,WorthPoint
bismuth,Bismuth Crystal Specimens Rainbow Colors 100 Grams Gemstone Mineral #601,17.4,2020-08-06,100.0,0.17,WorthPoint
bismuth,XL Bismuth (Ultra-Vivid) Crystal Cluster Rainbow Mineral Specimen Lab-Grown,27.99,2020-08-02,,,WorthPoint
bismuth,3 Bismuth Crystal Rainbow Colors 44 Grams Gemstone Mineral Free Shipping #585,10.85,2020-08-02,44.0,0.25,WorthPoint
bismuth,Bismuth Crystals Steampunk Wire Wrap Wholesale Lot Bislot208,30.0,2020-07-30,,,WorthPoint
bismuth,A Big! Purple Blue Pink Green And Gold! BISMUTH Crystal From Germany 169gr,34.99,2020-07-24,169.0,0.21,WorthPoint
bismuth,*Charged In Caribbean Moonlight* 77g Multiple Rainbow Bismuth Crystals,12.85,2020-07-23,77.0,0.17,WorthPoint
bismuth,BISMUTH CRYSTAL LARGE 30 Gm SIZE~RAINBOW COLOR MINERAL SPECIMEN~ONE (1) LARGE,13.65,2020-07-19,30.0,0.46,WorthPoint
bismuth,Bismuth Crystal - 75g Specimen - Gem Stallion- USA Labgrown Crystal,18.0,2020-07-12,75.0,0.24,WorthPoint
bismuth,Bismuth Crystal Specimens Rainbow Colors 81 Grams Gemstone Mineral #600,15.1,2020-07-09,81.0,0.19,WorthPoint
bismuth,Dancing Bear 2 Pound Selenite Small Sticks- Wands Plus Free Piece Of Bismuth Cry,33.99,2020-07-09,,,WorthPoint
bismuth,Rainbow Bismuth Wholesale (3 Kg) Lab-Grown Crystals Mineral Display Specimen,299.0,2020-07-06,3000.0,0.1,WorthPoint
bismuth,A Big! Blue Pink And Gold Colored BISMUTH Crystal From Germany! 137gr,29.99,2020-06-21,137.0,0.22,WorthPoint
bismuth,GEMCORE: One(1) Ultra-Vivid Bismuth Jewelry Crystal Pendant Wire-Wrap Crafts,14.99,2020-06-18,,,WorthPoint
bismuth,Bismuth Crystal Specimen Rainbow Colors 72 Grams Gemstone Mineral #594,13.0,2020-06-18,72.0,0.18,WorthPoint
bismuth,Bismuth Crystal - 67g Specimen - Gem Stallion- USA Labgrown Crystal -,20.0,2020-06-15,67.0,0.3,WorthPoint
bismuth,Bismuth Crystal - 77 Grams,10.0,2020-06-15,77.0,0.13,WorthPoint
bismuth,A Super Symmetrical Green Pink And Gold AAA BISMUTH Crystal 134gr,29.99,2020-06-11,134.0,0.22,WorthPoint
bismuth,Bismuth Crystals Steampunk Wire Wrap Wholesale Lot Bislot211,30.0,2020-06-09,,,WorthPoint
bismuth,Set Of 3 Rainbow Titanium Bismuth Crystal Points,19.99,2020-06-07,,,WorthPoint
bismuth,Lot Of Titanium Bismuth Crystals Pink And Blue,19.99,2020-06-07,,,WorthPoint
bismuth,Bismuth Crystals Steampunk Wire Wrap Wholesale Lot Bislot209,30.0,2020-06-06,,,WorthPoint
bismuth,Bismuth Crystals Steampunk Wire Wrap Wholesale Lot Bislot206,30.0,2020-06-06,,,WorthPoint
bismuth,XXL Rainbow Bismuth Crystal Healing Transformation Stone Mineral Educational,27.99,2020-05-26,,,WorthPoint
bismuth,369 Bismuth Crystal From Germany,11.0,2020-05-20,,,WorthPoint
bismuth,A Super Symmetrical Purple Blue And Gold BISMUTH Crystal England 66.8gr,10.99,2020-05-16,66.8,0.16,WorthPoint
bismuth,"31.80 Gram Rainbow Bismuth Crystal Mineral Specimen From New Zealand, # TBC 3114",24.0,2020-05-14,31.8,0.75,WorthPoint
bismuth,Bismuth Crystal 3.5 Pound Lot! Damaged Freight From Brazil Healing Rainbow Read,42.99,2020-05-11,,,WorthPoint
bismuth,BISMUTH CRYSTAL LARGE 45+ Gm SIZE~RAINBOW COLOR MINERAL SPECIMEN~ONE (1) LARGE,13.65,2020-05-05,,,WorthPoint
bismuth,Bismuth Crystal Pink Gold Blue Green Symmetrical 90.71 Grams 2 Inch Specimen,18.99,2020-05-05,90.71,0.21,WorthPoint
bismuth,Lot Of 5 Bismuth Crystals | Crystals,22.0,2020-05-04,,,WorthPoint
bismuth,Bismuth Crystal | Hopper Crystal,35.0,2020-05-03,,,WorthPoint
bismuth,384 Bismuth Crystal From Germany,11.7,2020-05-02,,,WorthPoint
bismuth,"107g Bismuth Crystal Cluster Rainbow Cube Cubic 2""x1.5""",12.9,2020-04-30,107.0,0.12,WorthPoint
bismuth,BISMUTH CRYSTAL LARGE 50+ Gm SIZE~RAINBOW COLOR MINERAL SPECIMEN~ONE (1) LARGE,13.65,2020-04-29,,,WorthPoint
bismuth,"122g FUNKY Twisted Bismuth Crystal Cluster 4.3oz Rainbow ""Fish"" ""Feather"" 4.5""",29.9,2020-04-28,122.0,0.25,WorthPoint
bismuth,1.1lb Bismuth Crystal Cluster Incense Burner W/ 18mm Clear Rainbow Quartz Sphere,39.0,2020-04-28,498.96,0.08,WorthPoint
bismuth,"195g Bismuth Crystal Cluster 1.5"" 6.9oz Square Rainbow Cube Cubic 2""x1.75""x1.75""",16.9,2020-04-28,195.0,0.09,WorthPoint
bismuth,"Large 7"" Selenite Charging Plate Stick + 3pc Rainbow Bismuth Crystals",31.9,2020-04-28,,,WorthPoint
bismuth,Lot Of 8 Bismuth Crystals | Hopper Crystals,17.5,2020-04-26,,,WorthPoint
bismuth,"Aura Rainbow Titanium Quartz Bismuth Crystals Points 141 Grams 2.5""",11.5,2020-04-20,141.0,0.08,WorthPoint
bismuth,"Aura Rainbow Titanium Quartz Bismuth Crystals Points 105 Grams 2.5""",15.0,2020-04-20,105.0,0.14,WorthPoint
bismuth,Bismuth Crystal Purple Gold Blue Green Symmetrical 95.91 Grams 2 Inch Specimen,22.99,2020-04-19,95.91,0.24,WorthPoint
bismuth,Bismuth Crystal 7 Pound Lot! Damaged Freight From Brazil Healing Rainbow Read,100.0,2020-04-15,,,WorthPoint
bismuth,Bismuth Crystal - 66g Specimen- Gem Stallion- USA Labgrown Crystal,10.0,2020-04-13,66.0,0.15,WorthPoint
bismuth,GEMCORE: Three(3) Bismuth Crystal Specimens Wire-Wrap Jewelry Healing Chakra,14.99,2020-04-11,,,WorthPoint
bismuth,Bismuth Rainbow Crystal Large/crystal,12.5,2020-04-10,,,WorthPoint
bismuth,Bismuth Crystals Steampunk Wire Wrap Wholesale Lot Bislot200,19.99,2020-04-10,,,WorthPoint
bismuth,GEMCORE: One (1) XL Pink & Gold Bismuth Crystal Mineral Specimen Education,16.99,2020-04-05,,,WorthPoint
bismuth,GEMCORE: One (1) XL Midnight-Blue Bismuth Crystal Mineral Specimen Education,17.99,2020-04-05,,,WorthPoint
bismuth,A Big Lot Of Symmetrical Purple Blue And Gold BISMUTH Crystals England 208gr,14.99,2020-04-04,208.0,0.07,WorthPoint
bismuth,1.2lb 3pc Lot Of Rainbow Bismuth Crystals Self Standing Cube Cubic 533g Pyramid,34.9,2020-04-03,533.0,0.07,WorthPoint
bismuth,Ultra-Vivid Rainbow Bismuth Dragon Egg Crystal Healing Transformation Stone,27.99,2020-04-02,,,WorthPoint
bismuth,Lot Of Three(3) Large Bismuth Crystal Specimens,20.99,2020-04-01,,,WorthPoint
bismuth,2lbs 3oz Medium Mixed Lot Of 19 Rainbow Bismuth Crystal 1kg+ 992g Terrarium,69.9,2020-04-01,992.0,0.07,WorthPoint
bismuth,GEMCORE: One (1) XL Yellow Bismuth Crystal Cluster Rainbow Mineral Specimen,18.99,2020-03-30,,,WorthPoint
bismuth,Lot Of 3 Medium Bismuth Crystal Specimens,15.99,2020-03-29,,,WorthPoint
bismuth,GEMCORE: One (1) XXL Midnight-Blue Bismuth Crystal Display Mineral Education,28.99,2020-03-25,,,WorthPoint
bismuth,"BISMUTH CRYSTAL Stone Cluster Mineral Specimen Rock Geode Rainbow Titanium 1.5""",13.78,2020-03-23,,,WorthPoint
bismuth,95.58 Gram Rainbow Bismuth Crystal Mineral Specimen From New Zealand # TBC 3021,25.0,2020-03-22,95.58,0.26,WorthPoint
bismuth,"Huge 2.6LB Rainbow Bismuth Crystal Cluster Cubic Pyramid 4""x4.5""x3"" XXL 1179g",139.0,2020-03-17,1179.0,0.12,WorthPoint
bismuth,Rainbow Color Bismuth Crystal Bouquet Display Or Paperweight 2lbs,49.99,2020-03-16,907.2,0.06,WorthPoint
bismuth,Extra Large Bismuth Crystal Mineral Specimen,10.0,2020-03-13,,,WorthPoint
bismuth,A BIG! Super Symmetrical Purple Blue And Gold BISMUTH Crystal England 123gr,14.99,2020-03-10,123.0,0.12,WorthPoint
bismuth,GEMCORE: One (1) Large Midnight-Blue Bismuth Crystal Mineral Specimen Education,14.99,2020-03-09,,,WorthPoint
bismuth,"45.63 Gram Rainbow Bismuth Crystal Mineral Specimen From New Zealand, # TBC 3072",13.75,2020-03-08,45.63,0.3,WorthPoint
bismuth,105.93 Gram Rainbow Bismuth Crystal Mineral Specimen From New Zealand # TBC 3007,32.0,2020-03-07,105.93,0.3,WorthPoint
bismuth,Bismuth Crystal Lab Grown Iridescent Rainbows Wire Wrapping Jewelry 2.1 Oz,16.0,2020-03-02,59.535,0.27,WorthPoint
bismuth,382 Bismuth Crystal From Germany,11.0,2020-03-01,,,WorthPoint
bismuth,Large 1.5lb 3pc Lot Of Rainbow Bismuth Crystals Self Standing Cube Cubic 620g,33.0,2020-02-29,620.0,0.05,WorthPoint
bismuth,Bismuth Crystal 19 Piece Lot (3 Lbs. 4.4 Oz.),60.0,2020-02-27,124.74,0.48,WorthPoint
bismuth,GEMCORE: One(1) Ultra-Vivid Bismuth Rainbow Geode Crystal Chakra Dragon Egg,29.99,2020-02-27,,,WorthPoint
bismuth,One(1) XL Rainbow Bismuth Crystal Egg Lab Grown Geode Educational Healing Chakra,24.99,2020-02-26,,,WorthPoint
bismuth,GEMCORE: One (1) Large Yellow Bismuth Dragon Egg Geode Crystal Chakra Healing,26.99,2020-02-23,,,WorthPoint
bismuth,"Huge 10LB 8.5"" Rainbow Bismuth Crystal Cluster Plate W/ Display Stand 4536g",249.0,2020-02-22,4536.0,0.05,WorthPoint
bismuth,"175g Bismuth Crystal Cluster 1.5"" Square Rainbow Cube Cubic 6.2oz",13.9,2020-02-17,175.0,0.08,WorthPoint
bismuth,"2.5"" Large Titanium Aura Flame Quartz - Rainbow Bismuth Crystal Display Specimen",35.0,2020-02-14,,,WorthPoint
bismuth,"4"" Rainbow Bismuth Geode Crystal Cluster Large 1lb *Repaired",34.9,2020-02-14,453.6,0.08,WorthPoint
bismuth,"181g Bismuth Rainbow Crystal Cluster Cubic 3""",17.9,2020-02-12,181.0,0.1,WorthPoint
bismuth,One(1) Lg Superior Rainbow Bismuth Crystal Mineral Specimen Education Reiki,15.99,2020-02-11,,,WorthPoint
bismuth,"Large 1lb 11oz Funky Rainbow Bismuth Crystal Cluster 6"" X 3"" 777g Great Color!",69.0,2020-02-11,777.0,0.09,WorthPoint
bismuth,Iridescent Bismuth Rainbow Hopper Crystal Cluster Mineral Lg Specimen Colorful,39.95,2020-02-11,,,WorthPoint
bismuth,5 Pieces Bismuth Crystal Specimens Rainbow Colors 47 Grams Gemstone Mineral #604,11.35,2020-02-05,47.0,0.24,WorthPoint
bismuth,A BIG! Super Symmetrical Green Purple Pink And Gold BISMUTH Crystal 177gr E,39.99,2020-02-05,177.0,0.23,WorthPoint
bismuth,One (1) Large Magenta Bismuth Dragon Egg Geode Half Crystal Education Reiki,26.99,2020-02-04,,,WorthPoint
bismuth,Lot Of Sixteen (16) Extra Small Bismuth Crystal Specimens,22.99,2020-02-03,,,WorthPoint
bismuth,"7 Pc PENDANT Lot Of Rainbow Bismuth Crystals For Wire Wrapping 3/4"" To 1.5"" Long",21.9,2020-02-03,,,WorthPoint
bismuth,"79g FUNKY Twisted Bismuth Crystal Cluster Rainbow 2.5""",10.9,2020-02-02,79.0,0.14,WorthPoint
bismuth,Bismuth Crystals Steampunk Wire Wrap Wholesale Lot Bislot205,19.99,2020-01-31,,,WorthPoint
bismuth,Rare Antique Specimens Antimony Bismuth Selenium Sulfur Cobalt Zirconium Crystal,15.0,2020-01-15,,,WorthPoint
bismuth,Bismuth Crystal - 37g Specimen - Gem Stallion - USA Labgrown Crystal,10.0,2020-01-08,37.0,0.27,WorthPoint
bismuth,A Super Symmetrical Purple Blue And Gold BISMUTH Crystal From England 77.6gr E,11.99,2020-01-01,77.6,0.15,WorthPoint
bismuth,Bismuth Crystal From China 4.5 Cm # 8734,12.55,2019-12-31,,,WorthPoint
bismuth,GEMCORE: Eight(8) Jewelry Rainbow Bismuth Crystals Wire-Wrap Crafts Healing,17.99,2019-12-25,,,WorthPoint
bismuth,"20+pc Lot Of Bismuth ""Bits"" Custom Jewelry Pendant Earrings 99g Rainbow Crystals",14.95,2019-12-17,99.0,0.15,WorthPoint
bismuth,"258g Bismuth Crystal Tower Obelisk 3.75"" Tall Self Standing Blue Gold Purple",18.9,2019-12-14,258.0,0.07,WorthPoint
bismuth,"221g Bismuth Crystal ""Tree"" Self Standing Scenic Blue Gold ""Waterfall"" 3.75""",16.9,2019-12-12,221.0,0.08,WorthPoint
bismuth,A Blue And Gold AAA BISMUTH Crystal Made In England! 41.2gr,10.99,2019-12-11,41.2,0.27,WorthPoint
bismuth,Bismuth Crystal Large 60+gm Size~rainbow Color Mineral Specimen~one (1) Large,13.65,2019-12-11,,,WorthPoint
bismuth,"79g FUNKY Rainbow Bismuth Crystal Cluster 3.25"" X 1.5"" 1pc",12.9,2019-12-11,79.0,0.16,WorthPoint
bismuth,"173g 4"" Feather Rainbow Bismuth Crystal Cluster",17.9,2019-12-07,173.0,0.1,WorthPoint
bismuth,A Blue And Gold AAA BISMUTH Crystal Made In England! 58.4gr E,15.99,2019-12-05,58.4,0.27,WorthPoint
bismuth,74g Spiral Cubic Rainbow Bismuth Crystal,14.9,2019-12-05,74.0,0.2,WorthPoint
bismuth,62g Rainbow Bismuth Crystal Triangle Pyramid,13.9,2019-12-05,62.0,0.22,WorthPoint
bismuth,Bismuth Crystal Geometric Specimen Gold Blue Orange 32x22mm 35 Grams Flat Base,11.0,2019-12-03,35.0,0.31,WorthPoint
bismuth,Bismuth Crystal Specimens Rainbow Colors 83 Grams Gemstone Mineral #607,15.1,2019-12-03,83.0,0.18,WorthPoint
bismuth,GEMCORE: One (1) Large Ultra-Vivid Green Bismuth Egg Geode Crystal Chakra Stone,26.99,2019-12-03,,,WorthPoint
bismuth,Self Standing Bismuth Crystal Cluster Tower Vibrant Rainbow,10.9,2019-12-01,,,WorthPoint
bismuth,A BIG! Super Symmetrical Green Pink And Gold AAA BISMUTH Crystal 157gr E,39.99,2019-12-01,157.0,0.25,WorthPoint
bismuth,"133g Self Standing 2"" Cubic Rainbow Bismuth Crystal Energon Cube",19.9,2019-12-01,133.0,0.15,WorthPoint
bismuth,A Blue Purple And Gold AAA BISMUTH Crystal Made In England! 61.1gr E,19.99,2019-11-30,61.1,0.33,WorthPoint
bismuth,"Large 5.25"" Iridescent Bismuth ""splash"" For Art Project Rainbow Crystal 150g",11.9,2019-11-30,150.0,0.08,WorthPoint
bismuth,Large 405g Self Standing Rainbow Bismuth Crystal DISCOUNTED,34.9,2019-11-24,405.0,0.09,WorthPoint
bismuth,"3"" Rainbow Bismuth Geode Crystal Cluster Medium 249g *Read",24.9,2019-11-23,249.0,0.1,WorthPoint
bismuth,"63g Bismuth Crystal Cluster 2""x1.25""X1"" Vibrant Rainbow 2.3oz Gift Terrarium",12.9,2019-11-22,63.0,0.2,WorthPoint
bismuth,246g Rainbow Bismuth Crystal Triangle Pyramid Green Gemmy,22.9,2019-11-21,246.0,0.09,WorthPoint
bismuth,A Big! Blue Purple And Gold AAA BISMUTH Crystal Made In England! 97.0gr E,21.99,2019-11-20,97.0,0.23,WorthPoint
bismuth,15.4oz Bismuth Crystal CUBE Cubic 431g Energon Healing Blue Purple Gold,44.9,2019-11-18,431.0,0.1,WorthPoint
bismuth,Black Smokey Quartz Crystal Cluster In Matrix + 2pcs Of Rainbow Bismuth Crystal,49.95,2019-11-16,,,WorthPoint
bismuth,"Large 190g Rainbow Bismuth Crystal ""Fan"" Cluster 3"" Beautiful Color!",21.9,2019-11-16,190.0,0.12,WorthPoint
bismuth,"1lb Cubic Rainbow Bismuth Crystal Cluster Large 3.5"" X 3"" DISCOUNTED 1/2kg",37.9,2019-11-15,2000.0,0.02,WorthPoint
bismuth,46mm 0.9OZ Blue Bismuth Crystal Cluster Mineral Specimen,29.99,2019-11-15,25.515,1.18,WorthPoint
bismuth,GEMCORE: One(1) Pink & Gold Bismuth Jewelry Crystal Wire-Wrap Crafts,12.99,2019-11-12,,,WorthPoint
bismuth,A Super Symmetrical Green Purple Pink And Gold BISMUTH Crystal 94.6gr E,24.99,2019-11-12,94.6,0.26,WorthPoint
bismuth,Bismuth Crystals Steampunk Wire Wrap Wholesale Lot Bislot204,19.99,2019-11-12,,,WorthPoint
bismuth,"167g Blue Bismuth Crystal Cluster 3"" X 2"" X 2"" Rainbow Cubes Cubic",12.9,2019-11-11,167.0,0.08,WorthPoint
bismuth,Bismuth Crystal - 41g Specimen - Gem Stallion- USA Labgrown Crystal,10.0,2019-11-09,41.0,0.24,WorthPoint
bismuth,"1.2lb Bismuth Scenic Display Plate Cluster 5"" Self Standing Gold Pink Blue 538g",37.9,2019-11-09,538.0,0.07,WorthPoint
bismuth,8 Bismuth Crystal Specimen - Each A Beautiful Miracle - Various Sizes,19.95,2019-10-27,,,WorthPoint
bismuth,"HUGE 1.95lb Bismuth Crystal Cluster 876g Vibrant Rainbow Large 5.5""x5""x2.5""",79.0,2019-10-25,876.0,0.09,WorthPoint
bismuth,Quartz Titanium Bismuth Crystal Skull U.S. Seller,49.99,2019-10-25,,,WorthPoint
bismuth,1.7lbs Rainbow Bismuth Crystal Cluster Self Standing Pyramid 793g,54.9,2019-10-24,793.0,0.07,WorthPoint
bismuth,"Bismuth Crystal - 1 Lb. 12.6 Oz - Extra Large!!!!!!!! 5"" W X 1.5"" H (810.796 G)",99.99,2019-10-23,810.796,0.12,WorthPoint
bismuth,"Bismuth HEART & STAR Are A Precious Raw Metal 99.9%, ***SPECIAL",35.99,2019-10-22,,,WorthPoint
bismuth,"2lb ""Emerald City"" Rainbow Bismuth Crystal Cluster AMAZING Green + Purple! 5.75""",59.9,2019-10-18,907.2,0.07,WorthPoint
bismuth,A Bright Blue And Gold Colored BISMUTH Crystal Made In Germany! 77.1gr,14.99,2019-10-17,77.1,0.19,WorthPoint
bismuth,"Bismuth Crystal #23 -LARGE CLUSTER USA GROWN Healing,Meditation",14.99,2019-10-16,,,WorthPoint
bismuth,1.4lbs Bismuth Energon Crystal Cluster Cube Self Standing Cubic 638oz Heart,64.95,2019-10-16,18087.3,0.0,WorthPoint
bismuth,"4lb 12oz Bismuth Crystal Cluster 2154g Rainbow Extra Large 5""x6"" Cubic XXL",229.0,2019-10-15,2154.0,0.11,WorthPoint
bismuth,Bismuth Tibetian Buddha 1,19.0,2019-10-15,,,WorthPoint
bismuth,GEMCORE: One (1) Lg Blue Bismuth Egg Geode Specimen Crystal Chakra Healing,26.99,2019-10-13,,,WorthPoint
bismuth,A Blue Pink Green And Gold BISMUTH Crystal From Germany! 97.7gr,14.99,2019-10-13,97.7,0.15,WorthPoint
bismuth,1lb Medium Mixed Lot Of 24pc Rainbow Bismuth Crystal Terrarium Gift Craft,39.95,2019-10-12,453.6,0.09,WorthPoint
bismuth,"Bismuth Hemispheres Are A Precious Raw Metal 99.9%, Metallic Like Colors! Stunni",10.0,2019-10-11,,,WorthPoint
bismuth,1lb Smalls Mixed Lot Of 35 Pcs Rainbow Bismuth Crystal Gifts Jewelry Terrarium,39.95,2019-10-11,453.6,0.09,WorthPoint
bismuth,"3 Mineral Specimens, Crystals, Smithsonite, Bismuth, Pecos Diamond Quartz",12.5,2019-10-07,,,WorthPoint
bismuth,Small Bismuth Crystal Cluster Vibrant Rainbow 138g Gift Terrarium Display 4.9oz,14.9,2019-10-06,138.0,0.11,WorthPoint
bismuth,"Bismuth Crystal Display Dome, Bismuth Crystal",10.6,2019-10-06,,,WorthPoint
bismuth,"260g Bismuth Crystal ""Tree"" Self Standing Scenic Blue Gold Green ""Waterfall""",19.9,2019-10-05,260.0,0.08,WorthPoint
bismuth,1.4lbs DISCOUNTED Bismuth Crystal Cluster Cube Self Standing Cubic 612oz,39.0,2019-10-03,17350.2,0.0,WorthPoint
bismuth,"Beautiful 141g Bismuth Crystal Cluster Square Rainbow Cube Cubic 2.75"" Display",14.9,2019-10-03,141.0,0.11,WorthPoint
bismuth,A BIG! Super Symmetrical Green Purple Pink And Gold AAA BISMUTH Crystal 173gr E,34.99,2019-10-02,173.0,0.2,WorthPoint
bismuth,"Bismuth Heart Is A Precious Raw Metal 99.9%,StunningMetallic Colors***SPECIAL***",21.92,2019-10-01,,,WorthPoint
bismuth,"110g Bismuth Crystal Cluster 2""x1.5""X1"" Rainbow Pyramid 3.9oz",16.95,2019-09-30,110.0,0.15,WorthPoint
bismuth,3.4lb Bismuth Pyramid Crystal Cluster Rainbow Extra Large Cubic 1530g XXL,159.0,2019-09-28,1530.0,0.1,WorthPoint
bismuth,"20pc Lot Of Bismuth ""Bits"" Custom Jewelry Pendants Earrings 99g Rainbow Crystals",14.95,2019-09-25,99.0,0.15,WorthPoint
bismuth,"MAMMOTH 5lb 5oz Bismuth Crystal 6x6"" Cubic Rainbow Cluster LARGEST ON EBAY *Read",279.0,2019-09-22,141.75,1.97,WorthPoint
bismuth,"Rare 3lb 3oz Rainbow Bismuth Crystal Cluster Pyramid 5""x4""x4"" XXL 1434g Healing",159.0,2019-09-17,1434.0,0.11,WorthPoint
bismuth,"164g Funky Rainbow Bismuth Crystal Cluster 2.7""x1.5"" Rainbow 5.8oz",16.95,2019-09-15,164.0,0.1,WorthPoint
bismuth,GEMCORE: One(1) Ultra-Vivid Bismuth Egg Rainbow Geode Crystal Chakra Dragon Egg,29.99,2019-09-14,,,WorthPoint
bismuth,"1lb Lot Of Small Bismuth ""Bits"" Custom Jewelry Pendants Rainbow Crystals",39.0,2019-09-11,453.6,0.09,WorthPoint
bismuth,Bismuth Crystal - 47g Specimen - Gem Stallion - USA Labgrown Crystal,12.0,2019-09-11,47.0,0.26,WorthPoint
bismuth,Rainbow Bismuth Wholesale (1 Lb) Lab-Grown Crystals Mineral Display Specimen,49.99,2019-09-10,,,WorthPoint
bismuth,"161g Self Standing Bismuth Crystal Tower Display 5.2oz Cubic 2.5"" Tall",19.95,2019-09-09,161.0,0.12,WorthPoint
bismuth,"71g FUNKY Twisted Bismuth Crystal Cluster 2.5""x1.5"" Rainbow Pyramid",16.95,2019-09-08,71.0,0.24,WorthPoint
bismuth,Bismuth Crystal - 63g Specimen - Gem Stallion- USA Labgrown Crystal,13.0,2019-09-08,63.0,0.21,WorthPoint
bismuth,A Green Blue Pink Purple And Gold BISMUTH Crystal Made In New Zealand! 24.9gr E,11.99,2019-09-08,24.9,0.48,WorthPoint
bismuth,"269g FUNKY Bismuth Crystal Cluster Scenic 4""x2.75""x1.75"" Rainbow Cubic 9.5oz",24.95,2019-09-08,269.0,0.09,WorthPoint
bismuth,"Large 2lb Rainbow Bismuth Crystal Cluster 4""X5"" XL",89.95,2019-09-03,907.2,0.1,WorthPoint
bismuth,"1lb Rainbow Bismuth Crystal Cluster Cubic 7 Cubes 3.5""",33.0,2019-09-03,453.6,0.07,WorthPoint
bismuth,A BIG! Green Pink Blue Purple And Gold BISMUTH Crystal From Germany! 132gr,11.99,2019-09-02,132.0,0.09,WorthPoint
bismuth,"Self Standing 1lb 3.5"" Tall Rainbow Bismuth Crystal Pyramid 453g XL BISMUTH BITS",34.95,2019-08-31,453.0,0.08,WorthPoint
bismuth,"Bismuth Hemispheres & STAR Are A Precious Raw Metal 99.9%, ***SPECIAL",35.99,2019-08-29,,,WorthPoint
bismuth,Large 1.5lb Self Standing Bismuth Crystal Pyramid 680g STUNNING RAINBOW COLOR!,42.95,2019-08-29,680.0,0.06,WorthPoint
bismuth,Lot Of Five (5) Medium Bismuth Crystal Specimens,21.99,2019-08-28,,,WorthPoint
bismuth,A Symmetrical Purple Pink Blue And Gold BISMUTH Crystal From Germany! 50.2gr E,10.99,2019-08-28,50.2,0.22,WorthPoint
bismuth,A Very Symmetrical Purple Blue And Gold BISMUTH Crystal England 51.1gr E,11.99,2019-08-28,51.1,0.23,WorthPoint
bismuth,Large 1lb 10oz Lot Of 3 Rainbow Bismuth Crystals 751g Cubic Cluster Healing,37.0,2019-08-28,751.0,0.05,WorthPoint
bismuth,GEMCORE: One (1) XL Rainbow Bismuth Crystal Display Mineral Specimen Education,18.99,2019-08-26,,,WorthPoint
bismuth,"314g FUNKY Bismuth Crystal Cluster 11.1oz Rainbow Large 5""X2.75""X1.5""",29.0,2019-08-25,314.0,0.09,WorthPoint
bismuth,A Very Symmetrical Blue Purple And Gold BISMUTH Crystal From England 65.3gr E,11.99,2019-08-25,65.3,0.18,WorthPoint
bismuth,GEMCORE: One(1) Large Rainbow Bismuth Geode Specimen Crystal Chakra Healing,27.99,2019-08-21,,,WorthPoint
bismuth,GEMCORE: Bismuth Wholesale (3 Kg) Superior Quality Rainbow Crystals Mineral USA!,249.0,2019-08-21,3000.0,0.08,WorthPoint
bismuth,GEMCORE: Rainbow Bismuth Crystal Lab-Grown Metal Mineral Specimen Education,13.5,2019-08-21,,,WorthPoint
bismuth,Medium Bismuth Crystal Specimen Grown In USA,10.0,2019-08-20,,,WorthPoint
bismuth,Rare 3lb 10oz Rainbow Bismuth Crystal Cluster 1644g Extra Large Cubic XXL *Read,189.0,2019-08-20,1644.0,0.11,WorthPoint
bismuth,GEMCORE: One (1) XXL Rainbow Bismuth Crystal Display Mineral Specimen Education,28.99,2019-08-20,,,WorthPoint
bismuth,2lbs Gold Blue Purple Bismuth Crystal CUBE XL Cubic 907g Energon Healing Lb,59.0,2019-08-18,907.0,0.07,WorthPoint
bismuth,347g Tight Cubic Rainbow Bismuth Crystal Cluster 13.2oz Energon Cube Healing,29.0,2019-08-16,347.0,0.08,WorthPoint
bismuth,Bismuth Crystal - 73g Specimen- Gem Stallion- USA Labgrown Crystal,11.0,2019-08-14,73.0,0.15,WorthPoint
bismuth,Bismuth Crystal- 48g Specimen- Gem Stallion - USA Labgrown Crystal,11.0,2019-08-14,48.0,0.23,WorthPoint
bismuth,Bismuth Crystal - 50g Specimen - Gem Stallion - USA Labgrown Crystal,12.0,2019-08-14,50.0,0.24,WorthPoint
bismuth,GEMCORE: One (1) XL Ultra-Vivid Bismuth Crystal Cluster Rainbow Mineral Specimen,24.99,2019-08-13,,,WorthPoint
bismuth,BISMUTH - 2.5oz Crystal(s) + 11.7oz Ingot(s) - USA Grown - 99.99% PURE (4E),17.0,2019-08-13,70.875,0.24,WorthPoint
bismuth,Bismuth Crystal Cluster Display Specimen / Germany 016,14.0,2019-08-12,,,WorthPoint
bismuth,"2lb 7oz Extra Large Bismuth Crystal XL 3""x4"" Rainbow Self Standing Cubic 1105g",79.95,2019-08-11,1105.0,0.07,WorthPoint
bismuth,BISMUTH - 1.2oz Crystal + 13.8oz Ingot(s) - USA Grown - 99.99% PURE (3C),17.0,2019-08-09,34.02,0.5,WorthPoint
bismuth,Lot Of FIVE (5) Small And Very Colorful BISMUTH Crystals Made In Germany !,13.99,2019-08-09,,,WorthPoint
bismuth,12 Piece Bismuth Lot,24.0,2019-08-08,,,WorthPoint
bismuth,A Very Nice! Blue Purple And Gold Colored BISMUTH Crystal From Germany! 68.7gr E,11.99,2019-08-08,68.7,0.17,WorthPoint
bismuth,GEMCORE: One (1) Lg Rainbow Bismuth Crystal Display Mineral Crafts Education,15.99,2019-08-07,,,WorthPoint
bismuth,Huge Discounted Rare 4lb 10oz Rainbow Bismuth Crystal Cluster 2kg 2098g *Read,79.0,2019-08-07,2098.0,0.04,WorthPoint
bismuth,BISMUTH - 7.5oz Crystal + 6.8oz Ingot - USA Grown - 99.99% PURE (1A),27.0,2019-08-07,212.625,0.13,WorthPoint
bismuth,2lbs Smalls Mixed Lot Of 37 Rainbow Bismuth Crystal 907g 1kg Terrarium S Bits,79.95,2019-08-05,907.0,0.09,WorthPoint
bismuth,Gemcore: One(1) CHOOSE COLOR XL Ultra-Vivid Bismuth Crystal Cluster Chakra,19.99,2019-08-04,,,WorthPoint
bismuth,Fine BISMUTH Crystals * Schneeberg * Saxony * Germany * Ex. Kay Robertson Coll,135.0,2019-08-02,,,WorthPoint
bismuth,"1lb 4oz Bismuth Energon Crystal Cube Large 2"" X 2"" Self Standing Cubic 567g",34.95,2019-07-30,567.0,0.06,WorthPoint
bismuth,Huge BISMUTH Crystal - 15.3-oz (434-gram) Rainbow Colors - USA Grown 99.99% PURE,25.0,2019-07-29,434.0,0.06,WorthPoint
bismuth,Huge BISMUTH Crystal - 14.9-oz (422-gram) - USA Grown 99.99% PURE - (3B),25.0,2019-07-26,422.0,0.06,WorthPoint
bismuth,Huge BISMUTH Crystal - 15.6-oz (442-gram) - USA Grown 99.99% PURE - (1B),25.0,2019-07-25,442.0,0.06,WorthPoint
bismuth,BISMUTH - 1oz Crystal(s) + 13.7oz Ingot(s) - USA Grown - 99.99% PURE (4F),17.0,2019-07-22,28.35,0.6,WorthPoint
bismuth,BISMUTH - 1.3oz Crystal + 14.1oz Ingot(s) - USA Grown - 99.99% PURE (1D),17.0,2019-07-22,36.855,0.46,WorthPoint
bismuth,BISMUTH - 2.0oz Crystal(s) + 11.9oz Ingot(s) - USA Grown - 99.99% PURE (2E),17.0,2019-07-21,56.7,0.3,WorthPoint
bismuth,High Purity Rainbow Bi Bismuth Crystals Crystal Mineral Specimen 40-60g,10.29,2019-07-19,60.0,0.17,WorthPoint
bismuth,Bismuth Metal Bismuth Metal Ingot Chunk 100g 99.99% Pure Bismuth Crystal Geod...,13.75,2019-07-16,100.0,0.14,WorthPoint
bismuth,"Iridescent Large Bismuth Crystal Lab Grown, 107.8g",21.99,2019-07-15,107.8,0.2,WorthPoint
bismuth,Lot Of FIVE! (5) Small And Very Colorful BISMUTH Crystals Made In Germany !,15.99,2019-07-13,,,WorthPoint
bismuth,Bismuth Crystal. Lab Grown. 94 Grams,34.95,2019-07-12,94.0,0.37,WorthPoint
bismuth,GEMCORE: One(1) Lg Rainbow Bismuth Egg Geode Specimen Crystal Chakra Healing,27.99,2019-07-11,,,WorthPoint
bismuth,2 XXL Rainbow Bismuth Crystals 2+lbs Extra Large 964g Cluster BISMUTHBITS,49.95,2019-07-11,964.0,0.05,WorthPoint
bismuth,Natural BISMUTH Crystals In A Vug * Schneeberg * Saxony * Germany,275.0,2019-07-09,,,WorthPoint
bismuth,BISMUTH Crystals * Shaft 38 * Saxong * Germany,21.5,2019-07-04,,,WorthPoint
bismuth,"Large 1.4lb Bismuth Crystal Cluster XL 624g 4"" X 3.5"" X 2.25""",79.0,2019-07-01,624.0,0.13,WorthPoint
bismuth,BISMUTH - 2.5oz Crystal(s) + 12.1oz Ingot(s) - USA Grown - 99.99% PURE (1F),20.0,2019-07-01,70.875,0.28,WorthPoint
bismuth,BISMUTH - 1.9oz Crystal + 13.7oz Ingot(s) - USA Grown - 99.99% PURE (2D),18.0,2019-06-29,53.865,0.33,WorthPoint
bismuth,GEMCORE: One(1) Ultra-Vivid Bismuth Heart Rainbow Geode Crystal Chakra Dragon,29.99,2019-06-29,,,WorthPoint
bismuth,GEMCORE: One (1) Large Magenta Bismuth Dragon Egg Geode Crystal Education,29.99,2019-06-28,,,WorthPoint
bismuth,BISMUTH - 2.3oz Crystal + 11.5oz Ingot(s) - USA Grown - 99.99% PURE (2C),18.0,2019-06-27,65.205,0.28,WorthPoint
bismuth,Huge BISMUTH Crystal - 15.4-oz (436-gram) - USA Grown 99.99% PURE - (2B),29.0,2019-06-26,436.0,0.07,WorthPoint
bismuth,BISMUTH - 3.2oz Crystal + 11.9oz Ingot(s) - USA Grown - 99.99% PURE (1C),17.0,2019-06-24,90.72,0.19,WorthPoint
bismuth,13986 Bismuth Crystal From Germany,10.62,2019-06-21,,,WorthPoint
bismuth,Rock Minerals Crystals Gemstones Collectibles Lace Agate Bismuth Geode Point Lot,24.99,2019-06-14,,,WorthPoint
bismuth,A BIG! Green Gold And Pink Colored BISMUTH Crystal From Germany! 158.1gr,24.99,2019-06-14,158.1,0.16,WorthPoint
bismuth,A Big! SUPER Nice! Blue And Gold Colored AAA BISMUTH Crystal From Germany! 145gr,24.99,2019-06-14,145.0,0.17,WorthPoint
bismuth,SUPERB NATIVE Bismuth Crystal With Molybdenite AUSTRALIA -Ex. Jensen,122.5,2019-06-14,,,WorthPoint
bismuth,A Very Symmetrical Purple Blue & Gold AAA BISMUTH Crystal From England 63.5gr E,14.99,2019-06-12,63.5,0.24,WorthPoint
bismuth,A BIG Super Symmetrical Purple Green And Gold BISMUTH Crystal From Germany 138gr,13.99,2019-06-11,138.0,0.1,WorthPoint
bismuth,A BIG! Symmetrical Purple Blue And Gold AAA BISMUTH Crystal From England 123.7gr,17.99,2019-06-11,123.7,0.15,WorthPoint
bismuth,A Larger Super Symmetrical Blue And Gold BISMUTH Crystal England 87.8gr,10.99,2019-06-11,87.8,0.13,WorthPoint
bismuth,A Blue Purple And Gold BISMUTH Crystal Made In England! 67.0gr E,10.99,2019-06-11,67.0,0.16,WorthPoint
bismuth,A BIG! Blue And Gold AAA BISMUTH Crystal From Germany! 146gr,18.99,2019-06-11,146.0,0.13,WorthPoint
bismuth,A Very Nice! Larger Blue And Gold Colored BISMUTH Crystal From Germany! 88.5gr E,13.99,2019-06-11,88.5,0.16,WorthPoint
bismuth,A Super Symmetrical Purple Blue And Gold AAA BISMUTH Crystal England 108.2gr,33.99,2019-06-10,108.2,0.31,WorthPoint
bismuth,A Larger Blue Pink And Gold AAA BISMUTH Crystal Made In Germany! 142.1gr,21.99,2019-06-09,142.1,0.15,WorthPoint
bismuth,A BIG Lot Of TEN! Small Super Neat! BISMUTH Crystals Made In Germany! 133gr,24.99,2019-06-08,133.0,0.19,WorthPoint
bismuth,Bismuth Crystal From China 3.9 Cm # 4862,10.66,2019-06-08,,,WorthPoint
bismuth,BISMUTH - 1.9oz Crystal + 13.4oz Ingot(s) - USA Grown - 99.99% PURE (3D),18.0,2019-06-06,53.865,0.33,WorthPoint
bismuth,BISMUTH - 0.7oz Crystal(s) + 14.1oz Ingot(s) - USA Grown - 99.99% PURE (2F),18.0,2019-06-05,19.845,0.91,WorthPoint
bismuth,BISMUTH - 1.6oz Crystal + 13.5oz Ingot - USA Grown - 99.99% PURE (2A),18.0,2019-06-05,45.36,0.4,WorthPoint
bismuth,BISMUTH - 3.6oz Crystal(s) + 11.6oz Ingot(s) - USA Grown - 99.99% PURE (1E),20.0,2019-06-02,102.06,0.2,WorthPoint
bismuth,A BIG! Blue Purple Pink And Gold AAA BISMUTH Crystal From Germany! 152gr,22.99,2019-05-31,152.0,0.15,WorthPoint
bismuth,A BIG! Pink Blue And Gold AAA BISMUTH Crystal From Germany! 158gr E,15.99,2019-05-30,158.0,0.1,WorthPoint
bismuth,"4.5"" Large Titanium Aura Flame Quartz - Rainbow Bismuth Crystal Display Specimen",38.5,2019-05-25,,,WorthPoint
bismuth,1 Kg (2+ Lbs) Mixed Lot Of Rainbow Bismuth Crystal Clusters BISMUTHBITS,59.95,2019-05-21,1000.0,0.06,WorthPoint
bismuth,Bismuth Crystals Lot 1 Pound,30.0,2019-05-16,,,WorthPoint
bismuth,Awesome Rainbow Bismuth Crystal Cluster Mineral Specimen Healing Crytstals,12.0,2019-05-14,,,WorthPoint
bismuth,GEMCORE: Bismuth Wholesale (1 Lb) Superior Quality Rainbow Crystals Mineral USA,49.99,2019-05-13,,,WorthPoint
bismuth,A Big Very Nice! Blue AndGold Colored BISMUTH Crystal Made In Germany! 154gr E,21.99,2019-05-13,154.0,0.14,WorthPoint
bismuth,WOw! A Big! Blue Pink And Gold AAA BISMUTH Crystal From Germany! 133gr,16.99,2019-05-12,133.0,0.13,WorthPoint
bismuth,40-60g Rainbow Bismuth Bi Crystals Specimen Mineral Gemstone Craft US,10.89,2019-05-11,60.0,0.18,WorthPoint
bismuth,A BIG Super Symmetrical Purple Blue And Gold BISMUTH Crystal England 149gr,21.99,2019-05-11,149.0,0.15,WorthPoint
bismuth,284g Lot Of 3 Pyramid Rainbow Bismuth Crystals,13.95,2019-05-09,284.0,0.05,WorthPoint
bismuth,GEMCORE: One (1) Lg Superior Rainbow Bismuth Crystal Mineral Specimen Education,16.79,2019-05-08,,,WorthPoint
bismuth,Huge 2.4lb Bismuth Crystal Extra Large 1088g *READ Description,33.95,2019-05-07,1088.0,0.03,WorthPoint
bismuth,BISMUTH TOWER LARGE 30 Gram SPECIMEN 3.06 RAINBOW CRYSTAL MINERAL GEMSTONE,12.97,2019-05-03,30.0,0.43,WorthPoint
bismuth,A Super Symmetrical Purple Blue And Copper BISMUTH Crystal From England 64.3gr,19.99,2019-04-28,64.3,0.31,WorthPoint
bismuth,"Bismuth Heart Is A Precious Raw Metal 99.9%, Stunning Colors ENDING 4/28*SALE***",28.05,2019-04-26,,,WorthPoint
bismuth,A Blue Gold And Pink Colored BISMUTH Crystal Made In Germany! 90.2gr,10.99,2019-04-21,90.2,0.12,WorthPoint
bismuth,BISMUTH TOWER LARGE 30 Gram SPECIMEN 3.09 RAINBOW CRYSTAL MINERAL GEMSTONE,12.97,2019-04-20,30.0,0.43,WorthPoint
bismuth,Beautiful 235g Purple Green Bismuth Crystal Rainbow Plates M4,12.0,2019-04-19,235.0,0.05,WorthPoint
bismuth,227g Blue Gold Bismuth Crystal Rainbow Round Plate,11.0,2019-04-19,227.0,0.05,WorthPoint
bismuth,1lb 6oz Large Bismuth Crystal Rainbow 2 Pieces L1,23.0,2019-04-19,170.1,0.14,WorthPoint
bismuth,A Symmetrical Purple Copper Blue And Gold BISMUTH Crystal From England 72.6gr,15.99,2019-04-19,72.6,0.22,WorthPoint
bismuth,A Very Nice! Purple Blue Green Pink And Gold AAA BISMUTH Crystal Germany! 96.8gr,18.99,2019-04-14,96.8,0.2,WorthPoint
bismuth,61mm 0.8OZ Blue Bismuth Crystal Cluster Mineral Specimen,20.0,2019-04-12,22.68,0.88,WorthPoint
bismuth,"Dino: Lg. Rainbow Bismuth Crystal Specimen, England - 26 G - Display",11.55,2019-04-10,26.0,0.44,WorthPoint
bismuth,1 Lb Of Bismuth Crystals WHOLESALE 15-30 Pcs,27.0,2019-04-09,453.6,0.06,WorthPoint
bismuth,A Super Nice! Blue And Gold AAA BISMUTH Crystal Made In Germany! 81.6gr,10.99,2019-04-09,81.6,0.13,WorthPoint
bismuth,A Blue And Gold BISMUTH Crystal Made In Germany! 91.6gr,12.99,2019-04-08,91.6,0.14,WorthPoint
bismuth,BISMUTH TOWER LARGE 30 Gram SPECIMEN 3.02 RAINBOW CRYSTAL MINERAL GEMSTONE,11.97,2019-04-07,30.0,0.4,WorthPoint
bismuth,A Super Symmetrical Purple Blue And Gold BISMUTH Crystal Made In England 98.9gr,21.99,2019-04-06,98.9,0.22,WorthPoint
bismuth,A Super Symmetrical Blue And Gold BISMUTH Crystal Made In England !! 119gr E,19.99,2019-04-06,119.0,0.17,WorthPoint
bismuth,A Super Symmetrical Blue And Gold!! BISMUTH Crystal From England 75.7gr,19.99,2019-03-30,75.7,0.26,WorthPoint
bismuth,Bismuth Crystal 28.74 Grams,10.0,2019-03-30,28.74,0.35,WorthPoint
bismuth,"Bismuth Heart Is A Precious Raw Metal 99.9%, ***END OF THE MONTH SALE 15% OFF***",28.05,2019-03-28,,,WorthPoint
bismuth,Gigantic Bismuth Crystal Cluster 3 Pounds 14 Ounces,130.0,2019-03-28,,,WorthPoint
bismuth,Medium Sized Bismuth Crystals- Great Specimens! Brand New!,11.0,2019-03-26,,,WorthPoint
bismuth,Large Rainbow Bismuth Crystal Mineral Rock Collection Cluster Specimen Titanium,13.5,2019-03-25,,,WorthPoint
bismuth,A Symmetrical Purple Blue And Gold BISMUTH Crystal From England 92.2gr,21.99,2019-03-25,92.2,0.24,WorthPoint
bismuth,A Super Symmetrical Blue And Purple BISMUTH Crystal From England 77.9gr,12.99,2019-03-23,77.9,0.17,WorthPoint
bismuth,Huge Bismuth Crystal 5 Ounces,18.0,2019-03-22,,,WorthPoint
bismuth,GEMCORE: Lg Rainbow Bismuth Egg Geode Specimen Crystal Chakra Healing,24.99,2019-03-21,,,WorthPoint
bismuth,14128 Bismuth Crystal From Germany,11.25,2019-03-21,,,WorthPoint
bismuth,Bismuth Crystal- 58g Specimen- Gem Stallion - USA Labgrown Crystal,13.0,2019-03-18,58.0,0.22,WorthPoint
bismuth,"GEMCORE: Ultra-Vivid Rainbow Bismuth Specimen (3.5"") Cluster Crystal Chakra",39.99,2019-03-17,,,WorthPoint
bismuth,"Bismuth Heart Is A Precious Raw Metal 99.9%, ***SPECIAL 15% OFF SALE***",26.0,2019-03-15,,,WorthPoint
bismuth,Huge Bismuth Crystal Cluster 1 Pound 11 Ounces,65.0,2019-03-13,,,WorthPoint
bismuth,Huge Bismuth Crystal 14.5 Ounces,42.0,2019-03-11,,,WorthPoint
bismuth,BISMUTH TOWER LARGE 30 Gram SPECIMEN 3.01 RAINBOW CRYSTAL MINERAL GEMSTONE,11.97,2019-03-11,30.0,0.4,WorthPoint
bismuth,Top Quality Bismuth Crystal 85 Grams 2 Inch Display Specimen LOT #5,11.5,2019-03-11,85.0,0.14,WorthPoint
bismuth,Top Quality Bismuth Crystal 96 Grams 2.5 Inch Display Specimen LOT #4,14.5,2019-03-11,96.0,0.15,WorthPoint
bismuth,Top Quality Bismuth Crystal 106 Grams 2.35 Inch Display Specimen LOT #3,12.5,2019-03-11,106.0,0.12,WorthPoint
bismuth,Top Quality Bismuth Crystal 150 Grams 2.78 Inch Display Specimen LOT #1,16.5,2019-03-11,150.0,0.11,WorthPoint
bismuth,Large Lot 5 Pieces Rainbow BISMUTH Crystals Made In Germany 55.56 G Specimen,22.95,2019-03-09,55.56,0.41,WorthPoint
bismuth,2 Pieces Of Bismuth Crystal 73 Grams Total Weight Colorful Free Shipping #583,12.0,2019-03-09,73.0,0.16,WorthPoint
bismuth,A Nice! Purple Blue Green Pink And Gold Colored BISMUTH Crystal Germany! 87.0gr,15.99,2019-03-08,87.0,0.18,WorthPoint
bismuth,BISMUTH TOWER LARGE 30 Gram SPECIMEN 3.05 RAINBOW CRYSTAL MINERAL GEMSTONE,11.97,2019-03-05,30.0,0.4,WorthPoint
bismuth,BISMUTH TOWER LARGE 30 Gram SPECIMEN 3.10 RAINBOW CRYSTAL MINERAL GEMSTONE,11.97,2019-03-04,30.0,0.4,WorthPoint
bismuth,"GEMCORE: Ultra-Vivid Rainbow Bismuth Specimen (4.7"") Cluster Crystal Chakra",39.99,2019-03-04,,,WorthPoint
bismuth,"CRYSTAL BISMUTH On COBALT-NICKEL ORE: SHAFT 371, ERZGEBIRGE, SAXONY, GERMANY-NR!",32.0,2019-03-04,,,WorthPoint
bismuth,"2.8"" MultiColor Hoppered BISMUTH Crystals Neon Blue-Silver-Gold England For Sale",80.0,2019-03-03,,,WorthPoint
bismuth,Gigantic Bismuth Crystal Cluster 4 Pounds 2 Ounces,207.5,2019-03-02,,,WorthPoint
bismuth,GEMCORE: One(1) Ultra-Vivid Bismuth Crystal Specimen Wire-Wrap Jewelry Crafts,17.99,2019-03-02,,,WorthPoint
bismuth,"Bismuth Hemispheres Are A Precious Raw Metal 99.9%, ***SPECIAL15% SALE***",28.9,2019-02-28,,,WorthPoint
bismuth,GEMCORE: One (1) Large Magenta Bismuth Egg Geode Specimen Crystal Chakra Healing,34.99,2019-02-25,,,WorthPoint
bismuth,A Beautiful Blue And Gold BISMUTH Crystal Made In Germany! 136gr,11.99,2019-02-24,136.0,0.09,WorthPoint
bismuth,Bismuth Crystal From China 6.2 Cm # 4856,14.95,2019-02-24,,,WorthPoint
bismuth,96 Grams Bismuth Rainbow Crystal Element Bi Gemstone Mineral Specimen Healing,13.5,2019-02-22,96.0,0.14,WorthPoint
bismuth,A BIG Pink Blue And Gold AAA BISMUTH Crystal Made In Germany! 168gr E,19.99,2019-02-17,168.0,0.12,WorthPoint
bismuth,A Blue Pink Gold And Blue Colored AAA BISMUTH Crystal From Germany! 188gr E,19.99,2019-02-17,188.0,0.11,WorthPoint
bismuth,Bismuth Crystal. Set Of Two. 51.7 Grams.,10.99,2019-02-16,51.7,0.21,WorthPoint
bismuth,A BIG Lot Of FIVE! Small Super Neat BISMUTH Crystals Made In Germany! 76.6gr,12.99,2019-02-16,76.6,0.17,WorthPoint
bismuth,A Big Blue And Gold Colored BISMUTH Crystal Made In Germany! 150gr,21.99,2019-02-16,150.0,0.15,WorthPoint
bismuth,"4"" Large Titanium Aura Flame Quartz - Rainbow Bismuth Crystal Display Specimen",28.0,2019-02-14,,,WorthPoint
bismuth,"GEMCORE: Large ""Albino"" Bismuth Cluster (3.8 Inches) Specimen Crystal Healing",34.99,2019-02-12,,,WorthPoint
bismuth,"Dino: XL Bismuth Crystal Specimen, Germany - 36 G - Display",10.5,2019-02-12,36.0,0.29,WorthPoint
bismuth,R48-34) 9.9 Gram Bismuth Rainbow Crystal Element Bi Gemstone Mineral Specimen US,11.99,2019-02-11,9.9,1.21,WorthPoint
bismuth,"GEMCORE: Ultra-Vivd Rainbow Bismuth (3.3"") Cluster Crystal Chakra Healing",39.99,2019-02-08,,,WorthPoint
bismuth,BISMUTH TOWER LARGE 30 Gram SPECIMEN 3.07 RAINBOW CRYSTAL MINERAL GEMSTONE,11.97,2019-02-08,30.0,0.4,WorthPoint
bismuth,"Bismuth Is A Precious Raw Metal 99.9%, Which Produces Stunning Metallic Colors",33.3,2019-02-07,,,WorthPoint
bismuth,Bismuth Crystal - 139g Specimen - Gem Stallion- USA Labgrown Crystal,34.0,2019-02-06,139.0,0.24,WorthPoint
bismuth,"Lot Of 2 Rainbow Bismuth Crystals. Beautiful Colors. Fast, Free USA Shipped!",18.0,2019-02-05,,,WorthPoint
bismuth,Bismuth Crystal - 65g Specimen - Gem Stallion - USA Labgrown Crystal,16.0,2019-02-04,65.0,0.25,WorthPoint
bismuth,14122 Bismuth Crystal From Germany,11.25,2019-02-01,,,WorthPoint
bismuth,"Dino: Rainbow Bismuth Chips, England - 42.1 Grams",12.49,2019-01-31,42.1,0.3,WorthPoint
bismuth,A BIG Pink Blue Purple Green And Gold AAA BISMUTH Crystal From Germany! 118gr E,14.99,2019-01-31,118.0,0.13,WorthPoint
bismuth,"2.75"" Iridescent Metallic Hoppered Bismuth Crystals Germany ""lab Grown"" Z-281",45.0,2019-01-29,,,WorthPoint
bismuth,100 Grams Bismuth Rainbow Crystal Element Bi Gemstone Mineral Specimen Healing,12.0,2019-01-29,100.0,0.12,WorthPoint
bismuth,A Purple Gold And Pink Colored BISMUTH Crystal Made In Germany! 50.7gr,14.99,2019-01-29,50.7,0.3,WorthPoint
bismuth,Huge Bismuth Crystal 1 Pound 2 Ounces,54.0,2019-01-29,,,WorthPoint
bismuth,A BIG! Pink Blue Purple Green And Gold AAA BISMUTH Crystal From Germany 210gr E,39.99,2019-01-28,210.0,0.19,WorthPoint
bismuth,One Pound Lot Bismuth Crystals,35.0,2019-01-26,,,WorthPoint
bismuth,Bismuth Crystal - 43g Specimen - Gem Stallion - USA Labgrown Crystal,11.0,2019-01-25,43.0,0.26,WorthPoint
bismuth,A BIG! Purple Pink Blue And Gold AAA BISMUTH Crystal Made In Germany! 162gr E,49.99,2019-01-25,162.0,0.31,WorthPoint
bismuth,Huge Bismuth Crystal 8 Ounces,22.0,2019-01-24,,,WorthPoint
bismuth,A Big! Gold Green Copper Blue And Gold AAA BISMUTH Crystal From Germany! 82.8gr,14.99,2019-01-24,82.8,0.18,WorthPoint
bismuth,"3.5"" BISMUTH Iridescent Hopper Crystals Cluster - Lab Grown - United Kingdom",16.0,2019-01-23,,,WorthPoint
bismuth,GEMCORE: Rainbow Bismuth Cluster (1.5 Pounds) Crystal Display Specimen Healing,97.99,2019-01-22,,,WorthPoint
bismuth,GEMCORE: One(1) XL Super-Vibrant Bismuth Crystal Rainbow Display Mineral Healing,24.99,2019-01-22,,,WorthPoint
bismuth,GEMCORE: Bismuth Splash (5.7 Inch) Display Specimen Crystal Healing Chakra,34.99,2019-01-22,,,WorthPoint
bismuth,"Dino: Rainbow Bismuth Chips, England - 44 Grams",13.5,2019-01-22,44.0,0.31,WorthPoint
bismuth,"Bismuth Hemispheres Are A Precious Raw Metal 99.9%, Stunning Metallic Colors",26.99,2019-01-21,,,WorthPoint
bismuth,GEMCORE: Rainbow Bismuth Bouquet (2.75 Pounds) Crystal Display Specimen Cluster,139.99,2019-01-20,,,WorthPoint
bismuth,"GEMCORE: Striking Rainbow Bismuth Specimen (4"") Cluster Crystal Chakra Healing",39.99,2019-01-17,,,WorthPoint
bismuth,Native Bismuth Lab Grown Germany Mineral Crystal Gem Rock Gemstone Hopper,12.49,2019-01-17,,,WorthPoint
bismuth,A Very Nice! Blue And Gold Colored BISMUTH Crystal Made In Germany! 149.3gr E,15.99,2019-01-15,149.3,0.11,WorthPoint
bismuth,A Big! Pink Blue Green And Gold AAA BISMUTH Crystal From Germany! 137gr E,24.99,2019-01-12,137.0,0.18,WorthPoint
bismuth,Bismuth Crystal Speciman 73 Grams Colorful Free Shipping #582,15.0,2019-01-12,73.0,0.21,WorthPoint
bismuth,Huge Bismuth 1 Pound Crystal Cluster,34.0,2019-01-11,,,WorthPoint
bismuth,GEMCORE: Large Rainbow Bismuth Heart Geode Specimen Crystal Chakra Healing,37.99,2019-01-10,,,WorthPoint
bismuth,Gemcore: One (1) Large Single-Color Bismuth Crystal Heart Geode Chakra Healing,37.99,2019-01-10,,,WorthPoint
bismuth,GEMCORE: Large Pink Bismuth Cluster (3.5 Inch) Specimen Crystal Chakra Healing,16.29,2019-01-10,,,WorthPoint
bismuth,GEMCORE: Large Albino Bismuth Cluster (3 Inch) Specimen Crystal Chakra Healing,12.5,2019-01-10,,,WorthPoint
bismuth,Lab Grown Bismuth Geode Specimen 70.4g 5.4 X 4.3 X 1.5cm Purple Pink Blue Gold,34.5,2019-01-09,70.4,0.49,WorthPoint
bismuth,Bismuth Crystal- 82g Specimen- Gem Stallion - USA Labgrown Crystal,20.0,2019-01-09,82.0,0.24,WorthPoint
bismuth,Bismuth Crystal - 86g Specimen - Gem Stallion- USA Labgrown Crystal,20.0,2019-01-09,86.0,0.23,WorthPoint
bismuth,Bismuth Crystal Metallic Rainbow Colors Two Crystals Per Lot Bigger 1-2 Inch,10.99,2019-01-07,,,WorthPoint
bismuth,Bismuth Crystal - Brilliant Specimen - Great Color And Shape - Unique Gift,18.94,2019-01-07,,,WorthPoint
bismuth,Bismuth Crystal 20 - 30 Gram Lab Grown Jewelry Grade Specimen Free USA Shipping,10.0,2019-01-06,30.0,0.33,WorthPoint
bismuth,GEMCORE: One(1) Jewelry Bismuth Crystal Specimen Wire-Wrap Crafts Chakra Healing,12.49,2019-01-04,,,WorthPoint
bismuth,A Very Nice! Blue Pink And Gold Colored BISMUTH Crystal Made In Germany! 87.7gr,17.99,2019-01-03,87.7,0.21,WorthPoint
bismuth,GEMCORE: One(1) Blue Bismuth Crystal Specimen Wire-Wrap Jewelry Education Crafts,12.49,2019-01-01,,,WorthPoint
bismuth,A BIG Lot Of THREE! Super Neat BISMUTH Crystals Made In England! 116gr,14.99,2018-12-31,116.0,0.13,WorthPoint
bismuth,Bismuth Crystal From China 6.7 Cm # 4859,13.95,2018-12-30,,,WorthPoint
bismuth,14130 Bismuth Crystal From Germany,10.8,2018-12-28,,,WorthPoint
bismuth,A BIG! Green Blue Purple Pink And Gold AAA BISMUTH Crystal From Germany! 147.3gr,24.99,2018-12-25,147.3,0.17,WorthPoint
bismuth,Bismuth Crystal Speciman 40 Grams Colorful Free Shipping #581,10.0,2018-12-21,40.0,0.25,WorthPoint
bismuth,Bismuth Germany Lab-grown Minerals Crystals Gems-min,12.99,2018-12-19,,,WorthPoint
bismuth,BUTW AAA Grade Lab-Created Rainbow Colored Bismuth Crystals Lapidary 3804P,16.99,2018-12-19,,,WorthPoint
bismuth,A BIG! Green Blue Purple And Gold AAA BISMUTH Crystal From Germany! 108gr,19.99,2018-12-18,108.0,0.19,WorthPoint
bismuth,1 Lb Of Bismuth For Diy Projects,12.0,2018-12-18,453.6,0.03,WorthPoint
bismuth,Bismuth Crystal - 73 G Specimen- Gem Stallion- USA Labgrown Crystal,13.0,2018-12-17,73.0,0.18,WorthPoint
bismuth,GEMCORE: Rainbow Bismuth Bouquet (2.25 Pounds) Crystal Display Specimen Cluster,129.99,2018-12-17,,,WorthPoint
bismuth,BISMUTH CRYSTAL CLUSTER Iridescent Rainbow Hoppered Crystal,15.0,2018-12-16,,,WorthPoint
bismuth,"Dino: XL Bismuth Crystal Specimen, Germany - 26 G - Display",12.5,2018-12-16,26.0,0.48,WorthPoint
bismuth,14118 Bismuth Crystal From Germany,12.0,2018-12-15,,,WorthPoint
bismuth,(r50-6a) 18.5 Gram Bismuth Rainbow Crystal Element Bi Gemstone Mineral Specimen,19.99,2018-12-15,18.5,1.08,WorthPoint
bismuth,Large Bismuth Crystal Cluster Specimen Grown In USA,11.0,2018-12-15,,,WorthPoint
bismuth,"Lot Of 2 Rainbow Crystals. Bismuth, Titanium Quartz. Free Fast, USA Shipped!",18.75,2018-12-14,,,WorthPoint
bismuth,Bismuth Crystal - 65g Specimen- Gem Stallion- USA Labgrown Crystal,10.0,2018-12-12,65.0,0.15,WorthPoint
bismuth,Bismuth Crystal - 51g Specimen - Gem Stallion - USA Labgrown Crystal,12.0,2018-12-12,51.0,0.24,WorthPoint
bismuth,Lot Of 3 Rainbow Bismuth Crystal Specimens Grown In USA,13.0,2018-12-12,,,WorthPoint
bismuth,"2.8"" BISMUTH GEODE Iridescent Metal Crystals - Lab Grown - USA",23.5,2018-12-12,,,WorthPoint
bismuth,GEMCORE: Rainbow Bismuth Bouquet (1.9 Pounds) Crystal Display Specimen Cluster,97.99,2018-12-11,,,WorthPoint
bismuth,GEMCORE: Rainbow Bismuth Bouquet (2.4 Pounds) Crystal Display Specimen Cluster,159.99,2018-12-11,,,WorthPoint
bismuth,High Quality OOAK Bismuth Crystal Geode Specimen 1.5in Diameter LOT #6,14.54,2018-12-10,,,WorthPoint
bismuth,Rawk11:Rainbow Bismuth Crystal Specimen- Beautifu Tree & Stair Stepped Shape!,24.99,2018-12-10,,,WorthPoint
bismuth,A Very Nice! Copper Blue Pink And Gold Colored BISMUTH Crystal Germany! 101gr,14.99,2018-12-09,101.0,0.15,WorthPoint
bismuth,Bismuth Crystal - 107 G Specimen - Gem Stallion- USA Labgrown Crystal - Rainbow,28.0,2018-12-08,107.0,0.26,WorthPoint
bismuth,"DINO: 7 RAINBOW BISMUTH CRYSTAL Specimens, England - 24 Gr.",10.5,2018-12-08,24.0,0.44,WorthPoint
bismuth,A BIG! Blue And Gold AAA BISMUTH Crystal Made In Germany! 154gr,25.99,2018-12-04,154.0,0.17,WorthPoint
bismuth,GEMCORE: Rainbow Bismuth Bouquet (2.1 Pounds) Crystal Display Specimen Cluster,99.0,2018-12-04,,,WorthPoint
bismuth,(R50-12) 23.1 Gram Bismuth Rainbow Crystal Element Bi Gemstone Mineral Specimen,23.99,2018-12-03,23.1,1.04,WorthPoint
bismuth,GEMCORE: Thirty(30) Jewelry Rainbow Bismuth Crystals Wire-Wrap Crafts Healing,27.99,2018-12-03,,,WorthPoint
bismuth,Kilogram Bismuth Metal 99.99% Pure,42.67,2018-12-03,,,WorthPoint
bismuth,13974 Bismuth Crystal From Germany,10.8,2018-12-03,,,WorthPoint
bismuth,13977 Bismuth Crystal From Germany,10.8,2018-12-03,,,WorthPoint
bismuth,"65.45 Gram Rainbow Bismuth Crystal Mineral Specimen From New Zealand, # TBC 3034",19.5,2018-12-02,65.45,0.3,WorthPoint
bismuth,36.21 Gram Rainbow Bismuth Crystal Mineral Specimen From New Zealand # TBC 3118,11.0,2018-11-30,36.21,0.3,WorthPoint
bismuth,"Large Bismuth Crystal Pyramid, Beautiful!",133.0,2018-11-29,,,WorthPoint
bismuth,A Larger! Blue Pink And Gold BISMUTH Crystal From Germany! 85.5gr,14.99,2018-11-27,85.5,0.18,WorthPoint
bismuth,Rawk11: Rainbow Bismuth Crystal Specimen- Beautiful Colors & Angled Staircases!,10.5,2018-11-25,,,WorthPoint
bismuth,Bismuth Crystal Iridescent Geode Specimen Rainbow Gold Dragon Egg 309g,31.99,2018-11-22,309.0,0.1,WorthPoint
bismuth,Lot Of 5 Rainbow Bismuth Crystal Specimens Grown In USA,25.0,2018-11-21,,,WorthPoint
bismuth,A HUGE! Super Symmetrical Purple Blue And Gold BISMUTH Crystal England 147gr E,39.99,2018-11-19,147.0,0.27,WorthPoint
bismuth,A Very Symmetrical Blue And Gold BISMUTH Crystal Made In England! 69.1gr,10.99,2018-11-19,69.1,0.16,WorthPoint
bismuth,"Bismuth Crystal - Mineral Specimen, Teaching Tools, Geology Fun",10.59,2018-11-19,,,WorthPoint
bismuth,110g BISMUTH CRYSTAL Cluster,55.0,2018-11-18,110.0,0.5,WorthPoint
bismuth,Lot Of THREE! Larger Super Neat BISMUTH Crystals Made In England! 115.2gr,21.99,2018-11-18,115.2,0.19,WorthPoint
bismuth,"Lot Of Rainbow Bismuth Crystal Specimens Grown In USA, 2 Lbs",100.0,2018-11-14,907.2,0.11,WorthPoint
bismuth,A Blue And Gold Colored AAA BISMUTH Crystal With A STAND! From Germany 218gr E,39.99,2018-11-11,218.0,0.18,WorthPoint
bismuth,"#08 ""wholesale"" Rare Bismuth Iridescent Hopper Gemstone Crystal From Germany",24.99,2018-11-10,,,WorthPoint
bismuth,Native Lab Grown Bismuth New Zealand Minerals Crystals Gems-min,14.69,2018-11-09,,,WorthPoint
bismuth,"Spectacular Iridescent Lab Created Bismuth Crystal, 45.9g",17.99,2018-11-07,45.9,0.39,WorthPoint
bismuth,A Big! Blue Purple Pink And Gold AAA BISMUTH Crystal Made In Germany! 159gr E,34.99,2018-11-07,159.0,0.22,WorthPoint
bismuth,"DINO: 4 Lg. Fabulous RAINBOW BISMUTH CRYSTAL Specimens, England - 84 Gr.",19.99,2018-11-07,84.0,0.24,WorthPoint
bismuth,Metallic Bismuth New Zealand Minerals Crystals Gems-min,12.95,2018-11-06,,,WorthPoint
bismuth,1 BISMUTH Crystal - Consciously Sourced Healing Crystals,10.5,2018-11-02,,,WorthPoint
bismuth,A Very Nice! Green Blue Pink And Gold Colored BISMUTH Crystal Germany! 83.7gr,19.99,2018-10-28,83.7,0.24,WorthPoint
bismuth,"DINO: 7 Premium RAINBOW BISMUTH CRYSTAL Specimens, England - 26 Gr.",10.49,2018-10-27,26.0,0.4,WorthPoint
bismuth,"Rough Bismuth Crystals, Bismuth Jewelry Grade, Bismuth Element 83 Sample",14.99,2018-10-27,,,WorthPoint
bismuth,A Big Nice! Blue Pink And Gold Colored AAA BISMUTH Crystal From Germany 139gr E,34.99,2018-10-26,139.0,0.25,WorthPoint
bismuth,"DINO: XL RAINBOW BISMUTH CRYSTAL Specimen, Germany - 28 G - Display",10.5,2018-10-26,28.0,0.38,WorthPoint
bismuth,GEMCORE: Eight(8) Rainbow Bismuth Crystals Wire-Wrap Jewelry Crafts Healing,14.99,2018-10-23,,,WorthPoint
bismuth,Gold Titanium Purple Rainbow Aura Amethyst Bismuth Crystal Cluster Brazil 5 Oz.,17.99,2018-10-18,141.75,0.13,WorthPoint
bismuth,Lot Of 9 Rainbow Bismuth Crystal Specimens Grown In USA,20.0,2018-10-17,,,WorthPoint
bismuth,Bismuth Crystals Steampunk Wire Wrap Wholesale Lot Bislot203,16.0,2018-10-16,,,WorthPoint
bismuth,Boro Glass Smoking Dabber Wax Tool Pencil Rainbow Bismuth Crystal Dipped,27.0,2018-10-16,,,WorthPoint
bismuth,GEMCORE: Rainbow Bismuth Bouquet (2.6 Pounds) Crystal Display Specimen Cluster,159.99,2018-10-13,,,WorthPoint
bismuth,A BIG! Purple Green Blue And Gold Colored BISMUTH Crystal With A Stand 397gr E,89.99,2018-10-12,397.0,0.23,WorthPoint
bismuth,A Larger Blue And Gold AAA BISMUTH Crystal Made In Germany! 111.3gr E,19.99,2018-10-10,111.3,0.18,WorthPoint
bismuth,GEMCORE: Bismuth Skull Geode (4 Inch) Display Specimen Rainbow Crystal Healing,29.99,2018-10-09,,,WorthPoint
bismuth,"DINO: Lg. Lot Of RAINBOW BISMUTH CRYSTAL Specimens, Germany - 114 G - Display",21.5,2018-10-09,114.0,0.19,WorthPoint
bismuth,A Super Symmetrical Blue And Gold BISMUTH Crystal From Germany 93.5gr,19.99,2018-10-08,93.5,0.21,WorthPoint
bismuth,A BIG Lot Of FIVE! Small Colorful BISMUTH Crystals Made In Germany! 76.2gr E,15.99,2018-10-06,76.2,0.21,WorthPoint
bismuth,A Very Nice! Blue Green Pink And Gold Colored BISMUTH Crystal Germany! 178gr,14.99,2018-10-01,178.0,0.08,WorthPoint
bismuth,Bismuth Crystal - 98g Specimen- Gem Stallion- USA Labgrown Crystal,16.5,2018-09-29,98.0,0.17,WorthPoint
bismuth,A Super Symmetrical Copper Purple Blue And Gold BISMUTH Crystal England 82.0gr,12.99,2018-09-23,82.0,0.16,WorthPoint
bismuth,A Blue And Gold Colored BISMUTH Crystal Made In Germany! 142gr E,18.99,2018-09-22,142.0,0.13,WorthPoint
bismuth,BISMUTBISMUTH CRYSTAL CLUSTER Iridescent Rainbow Hoppered Crystal New Zealand Gr,14.0,2018-09-22,,,WorthPoint
bismuth,A Blue Pink And Gold AAA BISMUTH Crystal Made In Germany! 79.5gr,17.99,2018-09-18,79.5,0.23,WorthPoint
bismuth,Large Cubic Bismuth Crystal 115 Carats 3.5 Inches #99,22.0,2018-09-17,23.0,0.96,WorthPoint
bismuth,Bismuth Crystals Steampunk Wire Wrap Wholesale Lot Bislot201,16.0,2018-09-16,,,WorthPoint
bismuth,87.63 Gram Rainbow Bismuth Crystal Mineral Specimen From New Zealand # TBC 3018,22.0,2018-09-14,87.63,0.25,WorthPoint
bismuth,WOw! A BIG! Blue Copper And Gold AAA BISMUTH Crystal From Germany! 148.4gr E,29.99,2018-09-14,148.4,0.2,WorthPoint
bismuth,GEMCORE: Rainbow Bismuth Crystal (3.8 Inch) Mineral Specimen Healing,29.99,2018-09-05,,,WorthPoint
bismuth,"DINO: 2 Lg.Premium RAINBOW BISMUTH CRYSTAL Specimens, England - 50 Gr.",10.49,2018-09-03,50.0,0.21,WorthPoint
bismuth,Large Gold Violet Copper Blue And Gold AAA BISMUTH Crystal From Germany 177 Gr,40.0,2018-09-01,177.0,0.23,WorthPoint
bismuth,GEMCORE: Rainbow Bismuth Bouquet (6.3 Inches) Crystal Display Specimen Healing,149.99,2018-09-01,,,WorthPoint
bismuth,GEMCORE: Massive! (3 Lb) Rainbow Bismuth Bouquet Crystal Display Specimen,149.0,2018-08-31,,,WorthPoint
bismuth,GEMCORE: Rainbow Bismuth Crystal (4.8 Inch) Mineral Specimen Healing,34.99,2018-08-31,,,WorthPoint
bismuth,138 Grams Bismuth Rainbow Crystal Element Bi Gemstone Mineral Specimen B71-49,14.0,2018-08-29,138.0,0.1,WorthPoint
bismuth,111 Grams Bismuth Rainbow Crystal Element Bi Gemstone Mineral Specimen B71-221,15.0,2018-08-26,111.0,0.14,WorthPoint
bismuth,154 Grams Bismuth Rainbow Crystal Element Bi Gemstone Mineral Specimen B71-63,17.0,2018-08-26,154.0,0.11,WorthPoint
bismuth,Native Bismuth Crystal Schneberg Saxony Germany TN 19mm X 14mm,49.99,2018-08-25,,,WorthPoint
bismuth,187 Grams Bismuth Rainbow Crystal Element Bi Gemstone Mineral Specimen B71-50,10.5,2018-08-24,187.0,0.06,WorthPoint
bismuth,73 Grams Bismuth Rainbow Crystal Element Bi Gemstone Mineral Specimen B71-38,12.5,2018-08-23,73.0,0.17,WorthPoint
bismuth,198 Grams Bismuth Rainbow Crystal Element Bi Gemstone Mineral Specimen B71-59,14.5,2018-08-21,198.0,0.07,WorthPoint
bismuth,84 Grams Bismuth Rainbow Crystal Element Bi Gemstone Mineral Specimen B71-61,22.5,2018-08-21,84.0,0.27,WorthPoint
bismuth,119 Grams Bismuth Rainbow Crystal Element Bi Gemstone Mineral Specimen B71-55,10.5,2018-08-20,119.0,0.09,WorthPoint
bismuth,A Big Very Nice! Blue Pink And Gold Colored BISMUTH Crystal From Germany! 135gr,14.99,2018-08-17,135.0,0.11,WorthPoint
bismuth,223 Grams Bismuth Rainbow Crystal Element Bi Gemstone Mineral Specimen B70-927,11.5,2018-08-11,223.0,0.05,WorthPoint
bismuth,209 Grams Bismuth Rainbow Crystal Element Bi Gemstone Mineral Specimen B70-951,13.5,2018-08-10,209.0,0.06,WorthPoint
bismuth,Bismuth Beautiful Unique One Of A Kind Display Hand Made USA Rainbow Geode 1,45.5,2018-08-09,,,WorthPoint
bismuth,185 Grams Bismuth Rainbow Crystal Element Bi Gemstone Mineral Specimen B70-948,11.7,2018-08-07,185.0,0.06,WorthPoint
bismuth,157 Grams Bismuth Rainbow Crystal Element Bi Gemstone Mineral Specimen B70-869,11.5,2018-08-06,157.0,0.07,WorthPoint
bismuth,"DINO: 4 Fabulous RAINBOW BISMUTH CRYSTAL Specimens, England - 89 Gr.",19.99,2018-08-06,89.0,0.22,WorthPoint
bismuth,123 Grams Bismuth Rainbow Crystal Element Bi Gemstone Mineral Specimen B70-865,10.5,2018-08-05,123.0,0.09,WorthPoint
bismuth,173 Grams Bismuth Rainbow Crystal Element Bi Gemstone Mineral Specimen B70-973,12.1,2018-08-05,173.0,0.07,WorthPoint
bismuth,WOw! A BIG! Blue Purple Pink And Gold AAA BISMUTH Crystal From Germany! 133gr,19.99,2018-08-05,133.0,0.15,WorthPoint
bismuth,182 Grams Bismuth Rainbow Crystal Element Bi Gemstone Mineral Specimen B70-870,15.0,2018-08-04,182.0,0.08,WorthPoint
bismuth,Bismuth Crystal - USA Labgrown - 81 Gram Specimen - Gem Stallion,12.0,2018-08-04,81.0,0.15,WorthPoint
bismuth,"BISMUTH CRYSTAL Intricate! Iridescent Rainbow USA Grown 'AAA' 3.5"" 185g",24.9,2018-08-04,185.0,0.13,WorthPoint
bismuth,"Bismuth Crystal - Mineral Specimen,Healing,Meditation, Geology,USA GROWN",12.99,2018-08-04,,,WorthPoint
bismuth,"DINO: Lg. Gorgeous RAINBOW BISMUTH CRYSTAL Specimen, England - 20 G - Display",10.05,2018-08-03,20.0,0.5,WorthPoint
bismuth,Mini Geodes - Sparkling Bismuth Crystal Baby Geodes - Quantity Prices,28.0,2018-08-02,,,WorthPoint
bismuth,A Super Symmetrical Purple Blue & Copper BISMUTH Crystal From England 101gr E,15.99,2018-08-01,101.0,0.16,WorthPoint
bismuth,53 Grams Bismuth Rainbow Crystal Element Bi Gemstone Mineral Specimen B70-984,10.0,2018-07-30,53.0,0.19,WorthPoint
bismuth,160 Grams Bismuth Rainbow Crystal Element Bi Gemstone Mineral Specimen B70-982,11.5,2018-07-29,160.0,0.07,WorthPoint
bismuth,220 Grams Bismuth Rainbow Crystal Element Bi Gemstone Mineral Specimen B70-975,13.09,2018-07-29,220.0,0.06,WorthPoint
bismuth,A Blue And Gold AAA BISMUTH Crystal Made In Germany! 106gr,15.99,2018-07-28,106.0,0.15,WorthPoint
bismuth,110 Grams Bismuth Rainbow Crystal Element Bi Gemstone Mineral Specimen B70-989,15.5,2018-07-27,110.0,0.14,WorthPoint
bismuth,164 Grams Bismuth Rainbow Crystal Element Bi Gemstone Mineral Specimen B70-985,20.5,2018-07-27,164.0,0.12,WorthPoint
bismuth,238 Grams Bismuth Rainbow Crystal Element Bi Gemstone Mineral Specimen B70-978,19.5,2018-07-25,238.0,0.08,WorthPoint
bismuth,Bismuth Geode On Hammer Steel Globe Stand,154.95,2018-07-25,,,WorthPoint
bismuth,GEMCORE: Massive! (2.2 Lb) Rainbow Bismuth Bouquet Crystal Display Specimen,139.0,2018-07-23,,,WorthPoint
bismuth,145 Grams Bismuth Rainbow Crystal Element Bi Gemstone Mineral Specimen B70-790,11.99,2018-07-22,145.0,0.08,WorthPoint
bismuth,191 Grams Bismuth Rainbow Crystal Element Bi Gemstone Mineral Specimen B70-878,17.0,2018-07-22,191.0,0.09,WorthPoint
bismuth,Bismuth Crystal Specimen Grown In USA,13.0,2018-07-22,,,WorthPoint
bismuth,GEMCORE: Rainbow Bismuth Bouquet (7 Inches) Crystal Display Specimen Healing,159.0,2018-07-21,,,WorthPoint
bismuth,56 Grams Bismuth Rainbow Crystal Element Bi Gemstone Mineral Specimen B70-797,11.0,2018-07-21,56.0,0.2,WorthPoint
bismuth,181 Grams Bismuth Rainbow Crystal Element Bi Gemstone Mineral Specimen B70-823,41.0,2018-07-21,181.0,0.23,WorthPoint
bismuth,68 Grams Bismuth Rainbow Crystal Element Bi Gemstone Mineral Specimen B70-795,11.0,2018-07-20,68.0,0.16,WorthPoint
bismuth,161 Grams Bismuth Rainbow Crystal Element Bi Gemstone Mineral Specimen B70-815,15.5,2018-07-20,161.0,0.1,WorthPoint
bismuth,159 Grams Bismuth Rainbow Crystal Element Bi Gemstone Mineral Specimen B70-819,10.5,2018-07-20,159.0,0.07,WorthPoint
bismuth,200 Grams Bismuth Rainbow Crystal Element Bi Gemstone Mineral Specimen B70-736,13.5,2018-07-18,200.0,0.07,WorthPoint
bismuth,197 Grams Bismuth Rainbow Crystal Element Bi Gemstone Mineral Specimen B70-916,10.15,2018-07-17,197.0,0.05,WorthPoint
bismuth,A Super Symmetrical Purple Blue & Copper BISMUTH Crystal Made In England 84.2gr,15.99,2018-07-17,84.2,0.19,WorthPoint
bismuth,188 Grams Bismuth Rainbow Crystal Element Bi Gemstone Mineral Specimen B70-800,10.56,2018-07-16,188.0,0.06,WorthPoint
bismuth,140 Grams Bismuth Rainbow Crystal Element Bi Gemstone Mineral Specimen B70-807,12.61,2018-07-16,140.0,0.09,WorthPoint
bismuth,GEMCORE: Rainbow Bismuth Crystal (4.3 Inch) Mineral Specimen Healing,47.99,2018-07-16,,,WorthPoint
bismuth,107 Grams Bismuth Rainbow Crystal Element Bi Gemstone Mineral Specimen B70-818,10.57,2018-07-15,107.0,0.1,WorthPoint
bismuth,109 Grams Bismuth Rainbow Crystal Element Bi Gemstone Mineral Specimen B70-824,11.06,2018-07-15,109.0,0.1,WorthPoint
bismuth,IRIDESCENT BISMUTH Lab Grown HOPPER CRYSTAL Cluster - GERMANY,22.0,2018-07-13,,,WorthPoint
bismuth,176 Grams Bismuth Rainbow Crystal Element Bi Gemstone Mineral Specimen B70-821,13.59,2018-07-13,176.0,0.08,WorthPoint
bismuth,"BWT- Genuine Metallic Bismuth Crystal Pendant With Copper Bezel Ln970, Unisex",24.99,2018-07-13,,,WorthPoint
bismuth,101 Grams Bismuth Rainbow Crystal Element Bi Gemstone Mineral Specimen B70-805,14.0,2018-07-12,101.0,0.14,WorthPoint
bismuth,"DINO: 2 Lg. Terrific RAINBOW BISMUTH CRYSTAL Specimens, England - 44 Gr.",10.5,2018-07-10,44.0,0.24,WorthPoint
bismuth,"BISMUTH * CRYSTALS IN QUARTZ * RARE LOCALITY !!! Horni Slavkov, CZECH REPUBLIC",49.99,2018-07-10,,,WorthPoint
bismuth,172 Grams Bismuth Rainbow Crystal Element Bi Gemstone Mineral Specimen B70-834,14.59,2018-07-10,172.0,0.08,WorthPoint
bismuth,"DINO: 5 Fantastic RAINBOW BISMUTH CRYSTAL Specimens, Germany - 46 G - Display",11.0,2018-07-10,46.0,0.24,WorthPoint
bismuth,100g Bismuth Rainbow Bright Crystal Geode Each Weight 20-40g Element Bi Mineral,13.5,2018-07-09,100.0,0.14,WorthPoint
bismuth,124 Grams Bismuth Rainbow Crystal Element Bi Gemstone Mineral Specimen B70-853,11.5,2018-07-09,124.0,0.09,WorthPoint
bismuth,GEMCORE: 5 Kg Bismuth Crystals Wholesale Lot,425.0,2018-07-09,5000.0,0.09,WorthPoint
bismuth,237 Grams Bismuth Rainbow Crystal Element Bi Gemstone Mineral Specimen B70-888,21.5,2018-07-08,237.0,0.09,WorthPoint
bismuth,113 Grams Bismuth Rainbow Crystal Element Bi Gemstone Mineral Specimen B70-848,15.5,2018-07-08,113.0,0.14,WorthPoint
bismuth,91 Grams Bismuth Rainbow Crystal Element Bi Gemstone Mineral Specimen B70-852,10.59,2018-07-08,91.0,0.12,WorthPoint
bismuth,179 Grams Bismuth Rainbow Crystal Element Bi Gemstone Mineral Specimen B70-899,17.55,2018-07-07,179.0,0.1,WorthPoint
bismuth,85 Grams Bismuth Rainbow Crystal Element Bi Gemstone Mineral Specimen B70-918,10.5,2018-07-06,85.0,0.12,WorthPoint
bismuth,94 Grams Bismuth Rainbow Crystal Element Bi Gemstone Mineral Specimen B70-825,10.0,2018-07-06,94.0,0.11,WorthPoint
bismuth,Bismuth Geode,154.95,2018-07-06,,,WorthPoint
bismuth,Bismuth Crystal Shadow Box,154.95,2018-07-06,,,WorthPoint
bismuth,Rainbow Bismuth Crystal Geode Specimen - Dragon Egg,29.99,2018-07-06,,,WorthPoint
bismuth,Bismuth Crystal Mineral Specimen Rainbow Colors Collectible Bismuth Rainbow 20g,11.99,2018-07-06,20.0,0.6,WorthPoint
bismuth,204 Grams Bismuth Rainbow Crystal Element Bi Gemstone Mineral Specimen B70-915,12.55,2018-07-05,204.0,0.06,WorthPoint
bismuth,Bismuth Crystal - 69g Specimen- Gem Stallion- USA Labgrown Crystal,10.5,2018-07-05,69.0,0.15,WorthPoint
bismuth,201 Grams Bismuth Rainbow Crystal Element Bi Gemstone Mineral Specimen B70-710,17.01,2018-07-04,201.0,0.08,WorthPoint
bismuth,133 Grams Bismuth Rainbow Crystal Element Bi Gemstone Mineral Specimen B70-892,13.26,2018-07-03,133.0,0.1,WorthPoint
bismuth,Rainbow Bismuth Crystal Wire Wrapped Pendant Necklace With Leather Chord CRXL-14,10.0,2018-07-02,,,WorthPoint
bismuth,143 Grams Bismuth Rainbow Crystal Element Bi Gemstone Mineral Specimen B70-787,11.03,2018-07-01,143.0,0.08,WorthPoint
bismuth,Rare Rose Red Flame Ring Quartz Titanium Bismuth Crystal Mineral 215 G,14.99,2018-06-29,215.0,0.07,WorthPoint
bismuth,148 Grams Bismuth Rainbow Crystal Element Bi Gemstone Mineral Specimen B70-715,13.51,2018-06-29,148.0,0.09,WorthPoint
bismuth,127 Grams Bismuth Rainbow Crystal Element Bi Gemstone Mineral Specimen B70-773,11.0,2018-06-29,127.0,0.09,WorthPoint
bismuth,147 Grams Bismuth Rainbow Crystal Element Bi Gemstone Mineral Specimen B70-719,10.0,2018-06-29,147.0,0.07,WorthPoint
bismuth,Huge Bismuth Crystal Specimen In Dome Glass Display,275.0,2018-06-29,,,WorthPoint
bismuth,A BIG Lot Of EIGHT! Small Super Neat BISMUTH Crystals Made In Germany! 125gr E,23.99,2018-06-28,125.0,0.19,WorthPoint
bismuth,130 Grams Bismuth Rainbow Crystal Element Bi Gemstone Mineral Specimen B70-777,12.59,2018-06-28,130.0,0.1,WorthPoint
bismuth,137 Grams Bismuth Rainbow Crystal Element Bi Gemstone Mineral Specimen B70-721,11.0,2018-06-28,137.0,0.08,WorthPoint
bismuth,121 Grams Bismuth Rainbow Crystal Element Bi Gemstone Mineral Specimen B70-779,10.5,2018-06-27,121.0,0.09,WorthPoint
bismuth,78 Grams Bismuth Rainbow Crystal Element Bi Gemstone Mineral Specimen B70-775,12.5,2018-06-27,78.0,0.16,WorthPoint
bismuth,129 Grams Bismuth Rainbow Crystal Element Bi Gemstone Mineral Specimen B70-772,12.02,2018-06-27,129.0,0.09,WorthPoint
bismuth,171 Grams Bismuth Rainbow Crystal Element Bi Gemstone Mineral Specimen B70-683,12.5,2018-06-26,171.0,0.07,WorthPoint
bismuth,165 Grams Bismuth Rainbow Crystal Element Bi Gemstone Mineral Specimen B70-718,14.5,2018-06-26,165.0,0.09,WorthPoint
bismuth,131 Grams Bismuth Rainbow Crystal Element Bi Gemstone Mineral Specimen B70-737,11.0,2018-06-24,131.0,0.08,WorthPoint
bismuth,120 Grams Bismuth Rainbow Crystal Element Bi Gemstone Mineral Specimen B70-743,12.5,2018-06-23,120.0,0.1,WorthPoint
bismuth,A Blue And Gold AAA BISMUTH Crystal Made In Germany! 118.0gr,19.99,2018-06-22,118.0,0.17,WorthPoint
bismuth,Bismuth Crystal - USA Homegrown - 131 Gram Specimen - Gem Stallion,26.0,2018-06-22,131.0,0.2,WorthPoint
bismuth,"As-Grown BISMUTH CRYSTAL BOUQUET Self-Standing Rainbow USA Made 6.8"" 1108g",76.99,2018-06-22,1108.0,0.07,WorthPoint
bismuth,139 Grams Bismuth Rainbow Crystal Element Bi Gemstone Mineral Specimen B70-755,11.5,2018-06-21,139.0,0.08,WorthPoint
bismuth,115 Grams Bismuth Rainbow Crystal Element Bi Gemstone Mineral Specimen B70-761,10.02,2018-06-20,115.0,0.09,WorthPoint
bismuth,93 Grams Bismuth Rainbow Crystal Element Bi Gemstone Mineral Specimen B70-742,11.52,2018-06-20,93.0,0.12,WorthPoint
bismuth,GEMCORE: Massive! (2.4 Lb) Rainbow Bismuth Bouquet Crystal Display Specimen,139.0,2018-06-19,,,WorthPoint
bismuth,151 Grams Bismuth Rainbow Crystal Element Bi Gemstone Mineral Specimen B70-758,17.0,2018-06-19,151.0,0.11,WorthPoint
bismuth,A Big! Blue And Gold Colored AAA BISMUTH Crystal With A STAND! Germany 353gr E,49.99,2018-06-19,353.0,0.14,WorthPoint
bismuth,A HUGE Super Symmetrical Purple Blue And Gold BISMUTH Crystal England 223gr,39.99,2018-06-19,223.0,0.18,WorthPoint
bismuth,A Super Symmetrical AAA Purple Blue & Gold BISMUTH Crystal England 77.6gr E,10.99,2018-06-18,77.6,0.14,WorthPoint
bismuth,"Intricate & Unique! BISMUTH CRYSTAL Iridescent Rainbow USA Grown 3.8"" 219g",19.9,2018-06-18,219.0,0.09,WorthPoint
bismuth,Bismuth Crystal Pyramid Geode 4lb 10oz 4 3/4 Inches Tall,75.0,2018-06-17,283.5,0.26,WorthPoint
bismuth,155 Grams Bismuth Rainbow Crystal Element Bi Gemstone Mineral Specimen B70-25,27.89,2018-06-17,155.0,0.18,WorthPoint
bismuth,98 Grams Bismuth Rainbow Crystal Element Bi Gemstone Mineral Specimen B69-133,17.63,2018-06-17,98.0,0.18,WorthPoint
bismuth,225 Grams Bismuth Rainbow Crystal Element Bi Gemstone Mineral Specimen B69-158,40.49,2018-06-17,225.0,0.18,WorthPoint
bismuth,205 Grams Bismuth Rainbow Crystal Element Bi Gemstone Mineral Specimen B69-527,36.89,2018-06-17,205.0,0.18,WorthPoint
bismuth,244 Grams Bismuth Rainbow Crystal Element Bi Gemstone Mineral Specimen B70-751,36.0,2018-06-16,244.0,0.15,WorthPoint
bismuth,149 Grams Bismuth Rainbow Crystal Element Bi Gemstone Mineral Specimen B70-675,35.0,2018-06-16,149.0,0.23,WorthPoint
bismuth,(R50-15) 24.3 Gram Bismuth Rainbow Crystal Element Bi Gemstone Mineral Specimen,24.99,2018-06-15,24.3,1.03,WorthPoint
bismuth,278 Grams Bismuth Rainbow Crystal Element Bi Gemstone Mineral Specimen B69-319,50.03,2018-06-15,278.0,0.18,WorthPoint
bismuth,BISMUTH CRYSTAL Iridescent Rainbow Rare Blue Color 4oz HighQuality Specimen#181,45.0,2018-06-15,113.4,0.4,WorthPoint
bismuth,A BIG! Blue Purple And Gold AAA BISMUTH Crystal From Germany! 127gr E,34.99,2018-06-15,127.0,0.28,WorthPoint
bismuth,A HUGE! Pink Blue Purple Green Gold AAA BISMUTH Crystal Made In Germany! 352gr E,99.99,2018-06-15,352.0,0.28,WorthPoint
bismuth,205 Gram Bismuth Rainbow Crystal Element Bi Gemstone Mineral Specimen B69-174,36.89,2018-06-15,205.0,0.18,WorthPoint
bismuth,183 Grams Bismuth Rainbow Crystal Element Bi Gemstone Mineral Specimen B70-753,16.0,2018-06-14,183.0,0.09,WorthPoint
bismuth,"Bismuth Crystal Specimen Grown In USA, 111g",11.0,2018-06-14,111.0,0.1,WorthPoint
bismuth,134 Grams Bismuth Rainbow Crystal Element Bi Gemstone Mineral Specimen B70-757,13.5,2018-06-13,134.0,0.1,WorthPoint
bismuth,271 Grams Bismuth Rainbow Crystal Element Bi Gemstone Mineral Specimen B70-708,16.5,2018-06-13,271.0,0.06,WorthPoint
bismuth,A Blue Green Gold And Blue Colored AAA BISMUTH Crystal From Germany! 105gr,20.99,2018-06-13,105.0,0.2,WorthPoint
bismuth,Bismuth Crystal Iridescent Rainbow Mineral Specimen Ore #5,40.0,2018-06-12,,,WorthPoint
bismuth,180 Grams Bismuth Rainbow Crystal Element Bi Gemstone Mineral Specimen B70-649,13.1,2018-06-10,180.0,0.07,WorthPoint
bismuth,163 Grams Bismuth Rainbow Crystal Element Bi Gemstone Mineral Specimen B70-643,12.59,2018-06-10,163.0,0.08,WorthPoint
bismuth,288 Grams Bismuth Rainbow Crystal Element Bi Gemstone Mineral Specimen B70-654,15.27,2018-06-10,288.0,0.05,WorthPoint
bismuth,Bismuth Crystal - 99g Specimen- Gem Stallion- USA Labgrown Crystal,16.5,2018-06-10,99.0,0.17,WorthPoint
bismuth,A Beautiful Blue And Gold BISMUTH Crystal From Germany! 89.9gr,10.99,2018-06-10,89.9,0.12,WorthPoint
bismuth,GIANT! BISMUTH CRYSTAL Intricate! Iridescent Rainbow USA Grown 4.1 Inches 307g,19.9,2018-06-09,307.0,0.06,WorthPoint
bismuth,135 Grams Bismuth Rainbow Crystal Element Bi Gemstone Mineral Specimen B70-655,10.8,2018-06-09,135.0,0.08,WorthPoint
bismuth,156 Grams Bismuth Rainbow Crystal Element Bi Gemstone Mineral Specimen B70-670,13.5,2018-06-09,156.0,0.09,WorthPoint
bismuth,GIANT! BISMUTH CRYSTAL Intricate! 4.8 Inches 416g Iridescent Rainbow USA Grown,29.49,2018-06-08,416.0,0.07,WorthPoint
bismuth,106 Grams Bismuth Rainbow Crystal Element Bi Gemstone Mineral Specimen B70-666,12.5,2018-06-06,106.0,0.12,WorthPoint
bismuth,132 Grams Bismuth Rainbow Crystal Element Bi Gemstone Mineral Specimen B70-662,17.5,2018-06-06,132.0,0.13,WorthPoint
bismuth,235 Grams Bismuth Rainbow Crystal Element Bi Gemstone Mineral Specimen B70-659,15.5,2018-06-06,235.0,0.07,WorthPoint
bismuth,75 Grams Bismuth Rainbow Crystal Element Bi Gemstone Mineral Specimen B70-688,10.5,2018-06-05,75.0,0.14,WorthPoint
bismuth,267 Grams Bismuth Rainbow Crystal Element Bi Gemstone Mineral Specimen B70-667,12.5,2018-06-05,267.0,0.05,WorthPoint
bismuth,GEMCORE: Massive! (2.25 Lb) Rainbow Bismuth Bouquet Crystal Display Specimen,129.0,2018-06-04,,,WorthPoint
bismuth,186 Grams Bismuth Rainbow Crystal Element Bi Gemstone Mineral Specimen B70-518,11.01,2018-06-03,186.0,0.06,WorthPoint
bismuth,"Bismuth Crystal Specimen Grown In USA, 122 Grams",12.0,2018-06-03,122.0,0.1,WorthPoint
bismuth,117 Grams Bismuth Rainbow Crystal Element Bi Gemstone Mineral Specimen B70-580,11.55,2018-06-02,117.0,0.1,WorthPoint
bismuth,169 Grams Bismuth Rainbow Crystal Element Bi Gemstone Mineral Specimen B70-522,15.0,2018-06-02,169.0,0.09,WorthPoint
bismuth,Bismuth Crystal - 64 G Specimen- Gem Stallion- USA Labgrown Crystal,11.0,2018-06-01,64.0,0.17,WorthPoint
bismuth,166 Grams Bismuth Rainbow Crystal Element Bi Gemstone Mineral Specimen B70-566,14.0,2018-05-31,166.0,0.08,WorthPoint
bismuth,A Big Very Nice! Teal Blue Pink And Gold Colored BISMUTH Crystal Germany 143gr,25.99,2018-05-30,143.0,0.18,WorthPoint
bismuth,97 Grams Bismuth Rainbow Crystal Element Bi Gemstone Mineral Specimen B70-622,10.01,2018-05-29,97.0,0.1,WorthPoint
bismuth,Bismuth Crystal - USA Homegrown - 105 Gram Specimen - Gem Stallion,22.0,2018-05-26,105.0,0.21,WorthPoint
bismuth,Three (3) Large Bismuth Crystals - Multicolor Rainbow Irridescent Colors,14.5,2018-05-24,,,WorthPoint
bismuth,BISMUTH Crystals On Matrix * Schneeberg District * Saxony * Germany,26.0,2018-05-23,,,WorthPoint
bismuth,A BIG Lot Of Super NEAT! Blue Gold And Purple BISMUTH Crystals! England 167gr E,18.99,2018-05-23,167.0,0.11,WorthPoint
bismuth,90.64 Gram Rainbow Bismuth Crystal Mineral Specimen From New Zealand # TBC 3009,27.0,2018-05-22,90.64,0.3,WorthPoint
bismuth,BISMUTH CRYSTAL Iridescent Rainbow Rare Blue Color 3oz HighQuality Specimen#185,30.0,2018-05-20,85.05,0.35,WorthPoint
bismuth,Bismuth Crystal - USA Homegrown - 118 Gram Specimen - Gem Stallion,22.0,2018-05-19,118.0,0.19,WorthPoint
bismuth,Intricate & Unique! BISMUTH CRYSTAL 6.1 Inches 371g Iridescent Rainbow USA Grown,29.9,2018-05-19,371.0,0.08,WorthPoint
bismuth,Bismuth And Walnut Center Piece,63.0,2018-05-18,,,WorthPoint
bismuth,Colorful!! Irisdicent Bismuth Crystal ! Perfect Shape,13.0,2018-05-17,,,WorthPoint
bismuth,A HUGE! Purple Green Blue And Gold AAA BISMUTH Crystal W/STAND! Germany 351gr E,99.99,2018-05-16,351.0,0.28,WorthPoint
bismuth,"DINO: Lg. Beautiful RAINBOW BISMUTH CRYSTAL Specimen, England - 20 G - Display",10.5,2018-05-16,20.0,0.53,WorthPoint
bismuth,Bismuth 100 Gram Ingot,10.27,2018-05-16,100.0,0.1,WorthPoint
bismuth,"Bismuth Crystal Specimen Grown In USA, 121 Grams",10.0,2018-05-13,121.0,0.08,WorthPoint
bismuth,Bismuth Crystal - USA Labgrown - 121 Gram Specimen - Gem Stallion,25.0,2018-05-12,121.0,0.21,WorthPoint
bismuth,"VERY LARGE BISMUTH CRYSTAL Intricate! Iridescent Rainbow USA Grown 3.6"" 279g",24.9,2018-05-11,279.0,0.09,WorthPoint
bismuth,Bismuth Crystal Iridescent Minerals Rocks Mineral Specimen Ore #12,15.0,2018-05-09,,,WorthPoint
bismuth,"LARGE BISMUTH CRYSTAL Intricate! Iridescent Rainbow USA Grown 3.4"" 146g",11.9,2018-05-04,146.0,0.08,WorthPoint
bismuth,GEMCORE: Massive! (3.6 Lb) Rainbow Bismuth Bouquet Crystal Display Specimen,149.0,2018-05-04,,,WorthPoint
bismuth,A Blue Purple Pink And Gold AAA BISMUTH Crystal Made In Germany! 93.7gr,15.99,2018-05-03,93.7,0.17,WorthPoint
bismuth,52mm 0.9OZ Blue Bismuth Crystal Cluster Mineral Specimen,29.99,2018-04-29,25.515,1.18,WorthPoint
bismuth,"2.7"" Multi-Colored 3-Dimensional Hoppered BISMUTH Crystals Germany For Sale",85.0,2018-04-27,,,WorthPoint
bismuth,"VERY LARGE XXL BISMUTH CRYSTAL Intricate! Rainbow USA Grown 3.2"" 210g",19.9,2018-04-25,210.0,0.09,WorthPoint
bismuth,"LARGE XL BISMUTH CRYSTAL Intricate! Rainbow USA Grown 3.3"" 91g",11.9,2018-04-24,91.0,0.13,WorthPoint
bismuth,137 Carats BISMUTH CRYSTAL CLUSTER Iridescent Rainbow Hoppered New Zealand Grown,15.0,2018-04-24,27.4,0.55,WorthPoint
bismuth,GEMCORE: Museum-Grade (2.7 Lb) Rainbow Bismuth Bouquet Crystal Display Specimen,149.99,2018-04-22,,,WorthPoint
bismuth,"BISMUTH * CRYSTALS IN QUARTZ * RARE !!! Krupka, CZECH REPUBLIC",14.99,2018-04-22,,,WorthPoint
bismuth,BISMUTH CRYSTAL Hopper Large Cluster Bizarre Alien Landscape Steampunk 3004,60.0,2018-04-20,,,WorthPoint
bismuth,"LARGE BISMUTH CRYSTAL Intricate! 3.4"" Iridescent Rainbow USA Grown",11.9,2018-04-18,,,WorthPoint
bismuth,"DINO: XS Fantastic RAINBOW BISMUTH CRYSTAL Specimens, Germany - 41 Gr. Display",17.5,2018-04-17,41.0,0.43,WorthPoint
bismuth,SET OF 2 POWERFUL IRRADESENT RAINBOW BISMUTH CRYSTAL Healing Stone A+ FORM AURA,12.99,2018-04-15,,,WorthPoint
bismuth,"Large BISMUTH CRYSTAL Intricate! 3.2"" Iridescent Rainbow USA Grown",12.9,2018-04-15,,,WorthPoint
bismuth,"Large XL BISMUTH CRYSTAL Intricate! 3.1"" Iridescent Rainbow USA Grown",11.9,2018-04-15,,,WorthPoint
bismuth,107.83 Gram Rainbow Bismuth Crystal Mineral Specimen From New Zealand # TBC 3011,32.0,2018-04-15,107.83,0.3,WorthPoint
bismuth,GEMCORE: Blue Bismuth 230g Crystal Pyramid Lab Grown Specimen Healing,24.99,2018-04-14,230.0,0.11,WorthPoint
bismuth,"Bismuth Crystal Specimen Grown In USA, 118 Grams",11.0,2018-04-11,118.0,0.09,WorthPoint
bismuth,"Very Large XL BISMUTH CRYSTAL Intricate! 3.4"" Iridescent Rainbow USA Grown",17.9,2018-04-10,,,WorthPoint
bismuth,Bismuth Crystal Iridescent Rainbow Manmade Mineral Specimen Ore #7,15.0,2018-04-08,,,WorthPoint
bismuth,GEMCORE: Rainbow Bismuth 190g Crystal Pyramid Lab Grown Specimen Healing,27.99,2018-04-08,190.0,0.15,WorthPoint
bismuth,"Large XXL BISMUTH CRYSTAL Intricate! 3.1"" Iridescent Rainbow USA Grown",14.9,2018-04-08,,,WorthPoint
bismuth,A Big! Very Symmetrical Blue And Gold BISMUTH Crystal Germany With Stand 201gr E,44.99,2018-04-08,201.0,0.22,WorthPoint
bismuth,GEMCORE: Museum-Grade (3 Lb) Rainbow Bismuth Bouquet Crystal Display Specimen,129.99,2018-04-07,,,WorthPoint
bismuth,GEMCORE: Museum-Grade (3.4 Lb) Rainbow Bismuth Bouquet Crystal Display Specimen,149.0,2018-04-06,,,WorthPoint
bismuth,A BIG! Copper Blue And Gold AAA BISMUTH Crystal Made In Germany! 204gr E,39.99,2018-04-06,204.0,0.2,WorthPoint
bismuth,"Bismuth Crystal Specimen Grown In USA, 160 G",13.0,2018-04-05,160.0,0.08,WorthPoint
bismuth,Minerals : Irridescent Blue And Red Bismuth Crystal Group From England,15.5,2018-04-04,,,WorthPoint
bismuth,Bismuth Crystal - 70g Specimen- Gem Stallion- USA Labgrown Crystal,12.0,2018-04-02,70.0,0.17,WorthPoint
bismuth,GEMCORE: Rainbow Bismuth 85g Crystal Pyramid Lab Grown Specimen Healing,12.99,2018-04-02,85.0,0.15,WorthPoint
bismuth,A HUGE! Pink Blue Purple And Gold AAA BISMUTH Crystal Made In Germany! 350gr E,79.99,2018-03-31,350.0,0.23,WorthPoint
bismuth,53mm 1OZ Blue Bismuth Crystal Cluster Mineral Specimen,29.99,2018-03-30,28.35,1.06,WorthPoint
bismuth,"Bismuth Crystal Specimen Grown In USA, 227g",12.0,2018-03-30,227.0,0.05,WorthPoint
bismuth,GEMCORE: Rainbow Bismuth 160g Crystal Pyramid Lab Grown Specimen Healing,24.99,2018-03-28,160.0,0.16,WorthPoint
bismuth,GEMCORE: Rainbow Bismuth 120g Crystal Pyramid Lab Grown Specimen Healing,19.99,2018-03-28,120.0,0.17,WorthPoint
bismuth,GEMCORE: Rainbow Bismuth 73g Crystal Pyramid Lab Grown Specimen Healing,17.99,2018-03-28,73.0,0.25,WorthPoint
bismuth,"Rock, Crystal, Natural, Collectible, Metaphysical, Mineral, Bismuth Lot 112",20.0,2018-03-27,,,WorthPoint
bismuth,67.70 Gram Rainbow Bismuth Crystal Mineral Specimen From New Zealand # TBC 3020,20.0,2018-03-26,67.7,0.3,WorthPoint
bismuth,"Bismuth Crystal Geode By Bismuth Geode 1.5""",23.99,2018-03-26,,,WorthPoint
bismuth,"GEMCORE: 4"" Bismuth Skull Geode Display Specimen Rainbow Crystal Healing",49.99,2018-03-25,,,WorthPoint
bismuth,GEMCORE: Rainbow Bismuth 165g Crystal Pyramid Lab Grown Specimen Healing,24.99,2018-03-25,165.0,0.15,WorthPoint
bismuth,GEMCORE: Rainbow Bismuth 236g Crystal Pyramid Lab Grown Specimen Healing,29.99,2018-03-24,236.0,0.13,WorthPoint
bismuth,GEMCORE: Rainbow Bismuth 230g Crystal Pyramid Lab Grown Specimen Healing,29.99,2018-03-24,230.0,0.13,WorthPoint
bismuth,110ct Bismuth Crystal Iridescent Mineral Specimen Minerals Rocks Ore #29,15.5,2018-03-23,22.0,0.7,WorthPoint
bismuth,Bismuth Crystal - USA Homegrown - 108 Gram Specimen - Gem Stallion,22.0,2018-03-22,108.0,0.2,WorthPoint
bismuth,"Large BISMUTH CRYSTAL Intricate! 2.7"" Iridescent Rainbow USA Grown",14.9,2018-03-22,,,WorthPoint
bismuth,"DINO: 2 Excellent RAINBOW BISMUTH CRYSTAL Specimens, England - 34 Gr.",10.5,2018-03-22,34.0,0.31,WorthPoint
bismuth,"Large BISMUTH CRYSTAL Intricate! 3.8"" Iridescent Rainbow USA Grown",27.9,2018-03-22,,,WorthPoint
bismuth,"Native BISMUTH W QUARTZ & Casts--Wolfram Camp, Australia--ex J.C. White--Classic",25.0,2018-03-21,,,WorthPoint
bismuth,GEMCORE: 10 Large Bismuth Geode Display Specimen Educational Rainbow Crystal,270.0,2018-03-20,,,WorthPoint
bismuth,"Extra Large XL BISMUTH CRYSTAL Intricate! 3.2"" Rainbow Specimen USA Grown",16.9,2018-03-20,,,WorthPoint
bismuth,"Extra Large XXL BISMUTH CRYSTAL Intricate! 4.8"" Rainbow Specimen USA Grown",24.9,2018-03-20,,,WorthPoint
bismuth,GEMCORE: Rainbow Bismuth 115g Crystal Pyramid Lab Grown Specimen Healing,24.99,2018-03-20,115.0,0.22,WorthPoint
bismuth,GEMCORE: Rainbow Bismuth 200g Crystal Pyramid Lab Grown Specimen Healing,27.99,2018-03-20,200.0,0.14,WorthPoint
bismuth,A BIG Lot Of Larger Super NEAT! BISMUTH Crystals Made In England 172gr,15.99,2018-03-20,172.0,0.09,WorthPoint
bismuth,"Very Large XXL BISMUTH CRYSTAL Intricate! 4.5"" Rainbow Specimen USA Grown",24.9,2018-03-20,,,WorthPoint
bismuth,"Extra Large XXL BISMUTH CRYSTAL Intricate! 3.6"" Rainbow Specimen USA Grown",24.9,2018-03-19,,,WorthPoint
bismuth,"Large BISMUTH CRYSTAL Beautiful! 2.9"" Iridescent Rainbow USA Grown",14.9,2018-03-17,,,WorthPoint
bismuth,"38.29 Gram Rainbow Bismuth Crystal Mineral Specimen From New Zealand, # TBC 3087",11.5,2018-03-16,38.29,0.3,WorthPoint
bismuth,GEMCORE: Superior! Rainbow Bismuth Crystal Pyramid Lab Grown Specimen Healing,24.99,2018-03-14,,,WorthPoint
bismuth,"Bismuth Crystal Specimen Grown In USA, 153g",12.0,2018-03-14,153.0,0.08,WorthPoint
bismuth,GEMCORE: Rainbow Bismuth 65g Crystal Pyramid Lab Grown Specimen Healing,19.99,2018-03-14,65.0,0.31,WorthPoint
bismuth,GEMCORE: Rainbow Bismuth 158g Crystal Pyramid Lab Grown Specimen Healing,24.99,2018-03-13,158.0,0.16,WorthPoint
bismuth,"Extra Large XL BISMUTH CRYSTAL Intricate! 3.4"" Iridescent Rainbow USA Grown",16.9,2018-03-12,,,WorthPoint
bismuth,Bismuth Crystal - 80g Specimen- Gem Stallion- USA Labgrown Crystal,12.5,2018-03-11,80.0,0.16,WorthPoint
bismuth,"GEMCORE: 6.3"" Rainbow Bismuth Crystal (2 Lb) Pyramid Lab Grown Specimen Healing",69.99,2018-03-10,,,WorthPoint
bismuth,"Large BISMUTH CRYSTAL Intricate! 3"" Iridescent Rainbow USA Grown",14.9,2018-03-10,,,WorthPoint
bismuth,"Large BISMUTH CRYSTAL Intricate! 3.6"" Iridescent Rainbow USA Grown",14.9,2018-03-10,,,WorthPoint
bismuth,BISMUTH CRYSTAL Iridescent Rainbow Rare Blue Color 1oz HighQuality Specimen#207,17.0,2018-03-09,28.35,0.6,WorthPoint
bismuth,"Large BISMUTH CRYSTAL Intricate! 4.1"" 128g Iridescent Rainbow USA Grown",12.9,2018-03-09,128.0,0.1,WorthPoint
bismuth,GEMCORE: Museum-Grade 3 LB Rainbow Bismuth Bouquet Crystal Display Specimen,139.99,2018-03-09,1360.8,0.1,WorthPoint
bismuth,"Extra Large XL BISMUTH CRYSTAL Intricate! 4.5"" 284g Iridescent Rainbow USA Grown",21.9,2018-03-09,284.0,0.08,WorthPoint
bismuth,A BIG! Blue Gold And Copper Colored BISMUTH Crystal From Germany! 114gr,29.99,2018-03-06,114.0,0.26,WorthPoint
bismuth,"Large BISMUTH CRYSTAL Intricate! 4.9"" 217g Iridescent Rainbow USA Grown",19.9,2018-03-03,217.0,0.09,WorthPoint
bismuth,"Extra Large XL BISMUTH CRYSTAL Intricate! 4.0"" 250g Iridescent Rainbow USA Grown",29.9,2018-03-03,250.0,0.12,WorthPoint
bismuth,"Large BISMUTH CRYSTAL Intricate! 2.8"" 133g Iridescent Rainbow USA Grown",13.9,2018-03-02,133.0,0.1,WorthPoint
bismuth,Mini Geodes - Sparkling Bismuth Crystal Baby Geodes - New Quantity Prices,28.0,2018-03-02,,,WorthPoint
bismuth,"Extra Large XL BISMUTH CRYSTAL Intricate! 5.7"" 390g Iridescent Rainbow USA Grown",34.9,2018-03-02,390.0,0.09,WorthPoint
bismuth,Bismuth Crystal Geode - 100 G - About 2 Inch,20.0,2018-03-01,100.0,0.2,WorthPoint
bismuth,GEMCORE: Massive!!! 3.2 LB Rainbow Bismuth Bouquet Crystal Display Specimen,149.99,2018-02-28,1451.52,0.1,WorthPoint
bismuth,A BIG Lot Of Super NEAT! BISMUTH Crystals Made In England 133gr,18.99,2018-02-27,133.0,0.14,WorthPoint
bismuth,"GEMCORE: 5.8"" Rainbow Bismuth Plaque Crystal Display Iridescent Specimen W/Stand",49.99,2018-02-27,,,WorthPoint
bismuth,"Large XL BISMUTH CRYSTAL Intricate! 4.5"" 286g Iridescent Rainbow USA Grown",24.9,2018-02-25,286.0,0.09,WorthPoint
bismuth,"GEMCORE: 5.4"" Rainbow Bismuth Crystal Pyramid Lab Grown Display Specimen Healing",49.99,2018-02-24,,,WorthPoint
bismuth,"DINO: XS RAINBOW BISMUTH CRYSTAL Specimens, Germany - 36 Grams",10.49,2018-02-23,36.0,0.29,WorthPoint
bismuth,"Large BISMUTH CRYSTAL Intricate! 3.3"" 180g Iridescent Rainbow USA Grown",14.9,2018-02-22,180.0,0.08,WorthPoint
bismuth,Bismuth Crystal Wall Display,154.95,2018-02-22,,,WorthPoint
bismuth,GEMCORE: Massive!!! 3.1 LB Rainbow Bismuth Bouquet Crystal Display Specimen,149.99,2018-02-20,1406.16,0.11,WorthPoint
bismuth,GEMCORE: Massive!!! 2.45 LB Rainbow Bismuth Bouquet Crystal Display Specimen,129.0,2018-02-20,1111.32,0.12,WorthPoint
bismuth,"Large XL BISMUTH CRYSTAL Intricate! 3.8"" 198g Iridescent Rainbow USA Grown",19.9,2018-02-20,198.0,0.1,WorthPoint
bismuth,GEMCORE: Massive!!! 3.4 LB Rainbow Bismuth Bouquet Crystal Display Specimen,149.99,2018-02-19,1542.24,0.1,WorthPoint
bismuth,"Medium Bismuth Crystal Specimen Made In USA, 85g",11.0,2018-02-18,85.0,0.13,WorthPoint
bismuth,47.59 Gram Rainbow Bismuth Crystal Mineral Specimen From New Zealand # TBC 3041,14.0,2018-02-18,47.59,0.29,WorthPoint
bismuth,"Large Bismuth Crystal Specimen Grown In USA, 129g",13.0,2018-02-18,129.0,0.1,WorthPoint
bismuth,A BIG! Blue Purple And Gold BISMUTH Crystal From Germany! 114.7gr,29.99,2018-02-17,114.7,0.26,WorthPoint
bismuth,"Extra Large XL BISMUTH CRYSTAL Intricate! 4.2"" 198g Iridescent Rainbow USA Grown",29.9,2018-02-16,198.0,0.15,WorthPoint
bismuth,NEW RAINBOW BISMUTH CRYSTAL CLUSTER PENDANT-GERMANY-9.6grams,16.95,2018-02-16,9.6,1.77,WorthPoint
bismuth,Minerals : Bismuth Crystals With Red Iridescence From Germany,11.5,2018-02-14,,,WorthPoint
bismuth,"Medium Bismuth Crystal Specimen Grown In USA, 97g",10.0,2018-02-13,97.0,0.1,WorthPoint
bismuth,A Bright Pink Blue Copper And Gold Colored BISMUTH Crystal Germany! 83.0gr E,15.99,2018-02-12,83.0,0.19,WorthPoint
bismuth,GEMCORE: Superior! Bismuth Pyramid 138g Rainbow Crystal Display Specimen,14.99,2018-02-10,138.0,0.11,WorthPoint
bismuth,"Huge XXL BISMUTH CRYSTAL Intricate! 6.1"" 426g Iridescent Rainbow USA Grown",34.9,2018-02-10,426.0,0.08,WorthPoint
bismuth,1x High Purity 99.99% Pure 4N Bi Bismuth Cube Carved Element Periodic Table 10mm,14.43,2018-02-10,,,WorthPoint
bismuth,"Extra Large XL BISMUTH CRYSTAL Intricate! 3.7"" 214g Iridescent Rainbow USA Grown",24.9,2018-02-07,214.0,0.12,WorthPoint
bismuth,A BIG Lot Of Colorful BISMUTH Crystals Made In England! 108gr E,19.99,2018-02-07,108.0,0.19,WorthPoint
bismuth,Bismuth Crystal - Rainbow- USA Homegrown -Gem Stallion- 79g Specimen- Element 83,17.0,2018-02-04,79.0,0.22,WorthPoint
bismuth,GEMCORE: Superior! Bismuth Pyramid 170g Rainbow Crystal Display Specimen,14.49,2018-02-03,170.0,0.09,WorthPoint
bismuth,GEMCORE: Bismuth (1 Lb) Wholesale Lot Extra-Quality Rainbow Crystals Lab Grown,49.99,2018-02-02,,,WorthPoint
bismuth,(r48-123) 12.5 Gram Bismuth Rainbow Crystal Element Bi Gemstone Mineral Specimen,13.99,2018-02-02,12.5,1.12,WorthPoint
bismuth,Bismuth Crystal - 67g Specimen- Gem Stallion- USA Labgrown Crystal,12.0,2018-02-01,67.0,0.18,WorthPoint
bismuth,A BIG Lot Of Super NEAT! BISMUTH Crystals Made In England 170gr,15.99,2018-02-01,170.0,0.09,WorthPoint
bismuth,Bismuth Crystal - 91g Specimen- Gem Stallion- USA Labgrown Crystal,17.0,2018-02-01,91.0,0.19,WorthPoint
bismuth,"Extra Large Bismuth Crystal Specimen Made In USA, 202g",21.0,2018-01-31,202.0,0.1,WorthPoint
bismuth,Bismuth Crystal - 94g Specimen - Gem Stallion - USA Labgrown Crystal,16.5,2018-01-31,94.0,0.18,WorthPoint
bismuth,"BISMUTH CRYSTAL Rainbow And Blue 3.4"" 249g Iridescent Rainbow USA Grown",14.9,2018-01-29,249.0,0.06,WorthPoint
bismuth,Bismuth Crystal - 100g Specimen- Gem Stallion- USA Labgrown Crystal,16.0,2018-01-29,100.0,0.16,WorthPoint
bismuth,Mounted Bismuth Crystal Display Specimen 280 Grams,32.0,2018-01-28,280.0,0.11,WorthPoint
bismuth,"Large Bismuth Crystal Specimen Made In USA, 175g",15.0,2018-01-27,175.0,0.09,WorthPoint
bismuth,56.45 Gram Rainbow Bismuth Crystal Mineral Specimen From New Zealand # TBC 3044,17.0,2018-01-27,56.45,0.3,WorthPoint
bismuth,GEMCORE: Massive!!! 3.7 LB Rainbow Bismuth Bouquet Crystal Display Specimen,149.99,2018-01-25,1678.32,0.09,WorthPoint
bismuth,"Lot Of 4 Bismuth Crystal Specimens Grown In USA, ~25g Ea.",11.0,2018-01-24,25.0,0.44,WorthPoint
bismuth,"Extra Large Bismuth Crystal Specimen Made In USA, 250g",25.0,2018-01-22,250.0,0.1,WorthPoint
bismuth,"GEMCORE: 7"" Rainbow Bismuth Splash Crystal Display Specimen Decor Metaphysical",34.99,2018-01-22,,,WorthPoint
bismuth,Beautiful Bismuth Crystal Rainbow USA Grown 108 Grams Lot #1,13.0,2018-01-21,108.0,0.12,WorthPoint
bismuth,Bismuth Crystal Geode Specimen USA Grown 1.5 Inch Lot #3,17.5,2018-01-21,,,WorthPoint
bismuth,Colorful!! Bismuth Crystal ! Perfect Shape,15.5,2018-01-21,,,WorthPoint
bismuth,Beautiful Bismuth Crystal Rainbow USA Grown 98 Grams Lot #2,15.57,2018-01-21,98.0,0.16,WorthPoint
bismuth,"Bismuth Crystal Specimen Made In USA, 92g",35.0,2018-01-20,92.0,0.38,WorthPoint
bismuth,"DINO: XS RAINBOW BISMUTH CRYSTAL Specimens, Germany - 37 Gr.",11.5,2018-01-20,37.0,0.31,WorthPoint
bismuth,A HUGE! Super Symmetrical Purple Blue Pink & Gold BISMUTH Crystal England 322gr,69.99,2018-01-20,322.0,0.22,WorthPoint
bismuth,48.01 Gram Rainbow Bismuth Crystal Mineral Specimen From New Zealand # TBC 3082,14.5,2018-01-19,48.01,0.3,WorthPoint
bismuth,34mm 0.5OZ Blue Bismuth Crystal Cluster Mineral Specimen,11.0,2018-01-18,14.175,0.78,WorthPoint
bismuth,"Extra Large Bismuth Crystal Specimen Made In USA, 145g",20.0,2018-01-18,145.0,0.14,WorthPoint
bismuth,Nice Bismuth Crystal Meditation Beautiful Specimen USA Made 55 Grams,12.0,2018-01-17,55.0,0.22,WorthPoint
bismuth,Bismuth Crystal - 94g Specimen- Gem Stallion- USA Labgrown Crystal,16.5,2018-01-15,94.0,0.18,WorthPoint
bismuth,A Pink Blue Purple Blue And Gold AAA BISMUTH Crystal Germany 94.1gr,20.99,2018-01-15,94.1,0.22,WorthPoint
bismuth,"Bismuth Crystal Specimen Made In USA, 166g",18.0,2018-01-14,166.0,0.11,WorthPoint
bismuth,BISMUTH CRYSTAL Iridescent Rainbow Intricate Design 2oz HighQuality Specimen#178,25.0,2018-01-14,56.7,0.44,WorthPoint
bismuth,"BISMUTH CRYSTAL Superior! Intricate! 3.6"" 183g Iridescent Rainbow USA Grown",14.9,2018-01-14,183.0,0.08,WorthPoint
bismuth,Large Bismuth Crystal Geode Specimen USA Grown 190 Grams 2.3 Inch Lot #2,29.56,2018-01-13,190.0,0.16,WorthPoint
bismuth,Bismuth Crystal Geode Specimen USA Grown 68 Grams 1.5 Inch Lot #4,28.0,2018-01-13,68.0,0.41,WorthPoint
bismuth,Large Bismuth Crystal Geode Specimen USA Grown 166 Grams 2.3 Inch Lot #1,22.5,2018-01-13,166.0,0.14,WorthPoint
bismuth,Bismuth Crystal Geode Specimen USA Grown 64 Grams 1.5 Inch Lot #3,31.0,2018-01-13,64.0,0.48,WorthPoint
bismuth,A Bright Pink Blue Green And Gold BISMUTH Crystal From Germany! 65.1gr,15.99,2018-01-12,65.1,0.25,WorthPoint
bismuth,BISMUTH CRYSTAL Iridescent Rainbow Rare Blue Color 5oz HighQuality Specimen#173,35.0,2018-01-12,141.75,0.25,WorthPoint
bismuth,65.49 Gram Rainbow Bismuth Crystal Mineral Specimen From New Zealand # TBC 3045,19.5,2018-01-10,65.49,0.3,WorthPoint
bismuth,Big Bismuth Crystal 511 Grams Mineral Specimen Colorful USA Made,38.0,2018-01-09,511.0,0.07,WorthPoint
bismuth,A Super Symmetrical Blue And Gold BISMUTH Crystal From England 73.9gr,10.99,2018-01-09,73.9,0.15,WorthPoint
bismuth,"44.64 Gram Rainbow Bismuth Crystal Mineral Specimen From New Zealand, # TBC 3084",13.5,2018-01-08,44.64,0.3,WorthPoint
bismuth,"BISMUTH CRYSTAL Superior Quality! 3.6"" 209g Iridescent Rainbow USA Grown",14.9,2018-01-08,209.0,0.07,WorthPoint
bismuth,"BISMUTH CRYSTAL Rainbow And Blue 4.2"" 306g Iridescent Rainbow USA Grown",15.0,2018-01-08,306.0,0.05,WorthPoint
bismuth,99.23 Gram Rainbow Bismuth Crystal Mineral Specimen From New Zealand # TBC 3012,30.0,2018-01-08,99.23,0.3,WorthPoint
bismuth,Beautiful Bismuth Crystal Rainbow USA Grown 74 Grams Lot #2,14.5,2018-01-07,74.0,0.2,WorthPoint
bismuth,Beautiful Bismuth Crystal Rainbow USA Grown 76 Grams,13.0,2018-01-07,76.0,0.17,WorthPoint
bismuth,GEMCORE: Massive!!! Bismuth Plaque 785g Rainbow Crystal Display Specimen Geode,49.99,2018-01-07,785.0,0.06,WorthPoint
bismuth,A BIG Lot Of FIVE NEAT! BISMUTH Crystals Made In Germany And The U.K 99.3gr E,19.99,2018-01-06,99.3,0.2,WorthPoint
bismuth,Bismuth Crystal Mineral Specimen (Large) By Geofossils,28.29,2018-01-05,,,WorthPoint
bismuth,"GEMCORE: Museum-Grade! 7"" Rainbow Bismuth Bouquet Crystal Display Specimen",149.99,2018-01-04,,,WorthPoint
bismuth,"BISMUTH CRYSTAL Superior! Intricate! 4.2"" 330g Iridescent Rainbow USA Grown",26.0,2018-01-03,330.0,0.08,WorthPoint
bismuth,Impressive! BISMUTH CRYSTAL Plaque Geode 5.4 Inches Rainbow USA Stand Included,21.59,2018-01-03,,,WorthPoint
bismuth,"Large Bismuth Crystal Specimen Made In USA, 140g",13.0,2018-01-03,140.0,0.09,WorthPoint
bismuth,GEMCORE: Superior! Blue Bismuth Cluster 191g Crystal Display Specimen Rainbow,19.99,2017-12-31,191.0,0.1,WorthPoint
bismuth,"Large Bismuth Crystal Specimen Made In USA, 129g",15.0,2017-12-30,129.0,0.12,WorthPoint
bismuth,108.98 Gram Rainbow Bismuth Crystal Mineral Specimen From New Zealand # TBC 3006,33.0,2017-12-30,108.98,0.3,WorthPoint
bismuth,Bismuth Metal 99.99% Pure Kilogram,38.61,2017-12-29,,,WorthPoint
bismuth,"Large Bismuth Crystal Specimen Made In USA, 152g",15.0,2017-12-29,152.0,0.1,WorthPoint
bismuth,"Large Bismuth Crystal Specimen Made In USA, 99g",11.0,2017-12-29,99.0,0.11,WorthPoint
bismuth,"Bismuth Crystal Specimen Made In USA, 143g",15.0,2017-12-29,143.0,0.1,WorthPoint
bismuth,Bismuth Crystals Fractal Sculpture Paperweight Beautiful Unique Gift Art Pw115,24.88,2017-12-27,,,WorthPoint
bismuth,GEMCORE: Superior! Bismuth Pyramid 130g Rainbow Crystal Display Specimen,34.99,2017-12-25,130.0,0.27,WorthPoint
bismuth,"Enormous Bismuth Crystal - 5""x4.25""x2"" - 798 Grams (~1.75lbs)!",30.0,2017-12-25,798.0,0.04,WorthPoint
bismuth,A Blue And Gold Colored BISMUTH Crystal From Germany! 80.3gr,29.99,2017-12-23,80.3,0.37,WorthPoint
bismuth,"GEMCORE: 6.8"" Rainbow Bismuth Plaque Crystal Display Iridescent Specimen W/Stand",49.99,2017-12-22,,,WorthPoint
bismuth,Bismuth Crystal. Lab Grown. 84 Grams,25.0,2017-12-22,84.0,0.3,WorthPoint
bismuth,Bismuth Crystal Lot 9pcs : 536g / 1lb 2.9oz - Gem Stallion USA Grown*,70.0,2017-12-19,536.0,0.13,WorthPoint
bismuth,Bismuth Crystal Lot 18pcs : 379g. / 13.4oz - Gem Stallion USA Grown*,50.0,2017-12-19,379.0,0.13,WorthPoint
bismuth,"Large Bismuth Crystal Specimen Made In USA, 198g",21.0,2017-12-18,198.0,0.11,WorthPoint
bismuth,"Large Bismuth Crystal Specimen Made In USA, 229g",18.0,2017-12-17,229.0,0.08,WorthPoint
bismuth,"Large Bismuth Crystal Specimen Made In USA, 113g",11.0,2017-12-17,113.0,0.1,WorthPoint
bismuth,"GEMCORE: HUGE! Rainbow Bismuth Pyramid 4.2"" Crystal Specimen Educational",49.99,2017-12-16,,,WorthPoint
bismuth,"Bismuth Crystal Specimen Made In USA, 144g",14.0,2017-12-16,144.0,0.1,WorthPoint
bismuth,GEMCORE: Massive!!! 2.9 LB Rainbow Bismuth Bouquet Crystal Display Specimen,149.99,2017-12-15,1315.44,0.11,WorthPoint
bismuth,"Bismuth Crystal Specimen Made In USA, 125g",12.0,2017-12-15,125.0,0.1,WorthPoint
bismuth,"GEMCORE: Massive!!! 5.7"" Rainbow Bismuth Bouquet Crystal Display Specimen",159.99,2017-12-14,,,WorthPoint
bismuth,"Bismuth Crystal (1.50 Oz, 42.50 Grams)",14.99,2017-12-14,42.5,0.35,WorthPoint
bismuth,"Large Bismuth Crystal Specimen Made In USA, 222g",18.0,2017-12-13,222.0,0.08,WorthPoint
bismuth,"Large Bismuth Crystal Specimen Made In USA, 239g",16.0,2017-12-12,239.0,0.07,WorthPoint
bismuth,"Large Bismuth Crystal Specimen Made In USA, 190g",15.0,2017-12-12,190.0,0.08,WorthPoint
bismuth,A Super Symmetrical Pink Blue Blue And Gold BISMUTH Crystal Germany 108gr,19.99,2017-12-11,108.0,0.19,WorthPoint
bismuth,GEMCORE: Superior! Bismuth Pyramid 207g Rainbow Crystal Display Specimen,34.99,2017-12-11,207.0,0.17,WorthPoint
bismuth,"Bismuth Crystal Specimen Made In USA, 153g",11.0,2017-12-10,153.0,0.07,WorthPoint
bismuth,"Large Bismuth Crystal Specimen Made In USA, 161g",10.0,2017-12-10,161.0,0.06,WorthPoint
bismuth,"Four Small, Hoppered, Irridescent, Bismuth Crystals",19.99,2017-12-09,,,WorthPoint
bismuth,GEMCORE: Superior! Rainbow Bismuth Pyramid 222g Crystal Educational Metaphysical,34.99,2017-12-09,222.0,0.16,WorthPoint
bismuth,"Large Bismuth Crystal Specimen Made In USA, 125g",10.0,2017-12-09,125.0,0.08,WorthPoint
bismuth,"Large Bismuth Crystal Specimen Made In USA, 154g",10.0,2017-12-09,154.0,0.06,WorthPoint
bismuth,"BISMUTH CRYSTAL Superior! Intricate! 3"" 128g Iridescent Rainbow USA Grown",15.5,2017-12-09,128.0,0.12,WorthPoint
bismuth,"BISMUTH CRYSTAL Superior! Intricate! 2.9"" 131g Iridescent Rainbow USA Grown",13.5,2017-12-09,131.0,0.1,WorthPoint
bismuth,"GEMCORE: 6.5"" Rainbow Bismuth Splash Crystal Display Specimen Decor Metaphysical",37.99,2017-12-08,,,WorthPoint
bismuth,"GEMCORE: 3.7"" Bismuth Pyramid Rainbow Geode Crystal Display Specimen Healing",49.99,2017-12-08,,,WorthPoint
bismuth,GEMCORE: Superior! Bismuth Pyramid 200g Rainbow Crystal Display Specimen,27.99,2017-12-07,200.0,0.14,WorthPoint
bismuth,GEMCORE: Superior! Blue Bismuth Pyramid 124g Crystal Display Specimen Rainbow,19.99,2017-12-07,124.0,0.16,WorthPoint
bismuth,"Large Bismuth Crystal Specimen Made In USA, 372g",20.0,2017-12-07,372.0,0.05,WorthPoint
bismuth,GEMCORE: Bismuth Pyramid 370g Rainbow Crystal Display Specimen Educational,34.99,2017-12-07,370.0,0.09,WorthPoint
bismuth,65ct Mystery Of Rare Natural Bismuth Crystal Square Hole Crystal Cluster,10.5,2017-12-06,13.0,0.81,WorthPoint
bismuth,52.91 Gram Rainbow Bismuth Crystal Mineral Specimen From New Zealand # TBC 3071,16.0,2017-12-06,52.91,0.3,WorthPoint
bismuth,GEMCORE: Superior! Rainbow Bismuth Pyramid 221g Crystal Educational Metaphysical,39.99,2017-12-06,221.0,0.18,WorthPoint
bismuth,BISMUTH Crystal Cluster SUPERIOR! 2.7 Inches Tall 190g Iridescent USA Grown,15.49,2017-12-06,190.0,0.08,WorthPoint
bismuth,"BISMUTH CRYSTAL Superior! Intricate! 2.7"" 122g Iridescent Rainbow USA Grown",10.5,2017-12-06,122.0,0.09,WorthPoint
bismuth,A Pink Blue Purple Green And Gold AAA BISMUTH Crystal From Germany! 90.2gr,24.99,2017-12-05,90.2,0.28,WorthPoint
bismuth,GEMCORE: Superior! Blue Bismuth Crystal Iridescent Display Specimen - USA Made,49.99,2017-12-04,,,WorthPoint
bismuth,"50.73 Gram Rainbow Bismuth Crystal Mineral Specimen From New Zealand, # TBC 3058",15.25,2017-12-04,50.73,0.3,WorthPoint
bismuth,Bismuth Crystal 200.7 Gram RAINBOW Specimen Made In The U.S.A.,13.25,2017-12-03,200.7,0.07,WorthPoint
bismuth,GEMCORE: Superior! Bismuth Pyramid 169g Rainbow Crystal Display Specimen,24.99,2017-12-03,169.0,0.15,WorthPoint
bismuth,Bismuth Crystals Formation. 166 Grams.. Top Form / Colors / Luster,15.0,2017-12-03,166.0,0.09,WorthPoint
bismuth,Bismuth Crystals Formation. 1/2 Lb.. Top Form / Colors / Luster,30.0,2017-12-03,,,WorthPoint
bismuth,GEMCORE: Superior! Pink Bismuth Pyramid 79g Crystal Educational Metaphysical,19.99,2017-12-03,79.0,0.25,WorthPoint
bismuth,A Blue And Gold Colored BISMUTH Crystal From Germany! 73.6gr,14.99,2017-12-03,73.6,0.2,WorthPoint
bismuth,BISMUTH CRYSTAL 37cts. 29mm X 21mm GREAT FOR DISPLAY OR WIRE WRAPPING,13.0,2017-12-03,7.4,1.76,WorthPoint
bismuth,GEMCORE: Superior! Bismuth Pyramid Rainbow 170g Crystal Display Specimen,24.99,2017-12-02,170.0,0.15,WorthPoint
bismuth,"Large Bismuth Crystal Specimen Made In USA, 282g",20.0,2017-12-02,282.0,0.07,WorthPoint
bismuth,"GEMCORE: 3.2"" Blue Bismuth Crystal Iridescent Display Specimen - USA Made",17.99,2017-12-01,,,WorthPoint
bismuth,"Bismuth Crystal Specimen Made In USA, 150g",15.0,2017-12-01,150.0,0.1,WorthPoint
bismuth,A Larger! Pink Blue And Gold AAA BISMUTH Crystal From Germany! 86.5gr,19.99,2017-11-29,86.5,0.23,WorthPoint
bismuth,"BISMUTH CRYSTAL Superior! Intricate! 3.1"" 138g Iridescent Rainbow USA Grown",32.77,2017-11-29,138.0,0.24,WorthPoint
bismuth,"BISMUTH CRYSTAL Rainbow And Blue 3.6"" 434g Iridescent Rainbow USA Grown",29.9,2017-11-29,434.0,0.07,WorthPoint
bismuth,Bismuth Geode Globe On Custom Stand,115.0,2017-11-28,,,WorthPoint
bismuth,GEMCORE: Massive!!! 3 LB Rainbow Bismuth Bouquet Crystal Display Specimen,153.5,2017-11-28,1360.8,0.11,WorthPoint
bismuth,GEMCORE: Superior! Bismuth Pyramid 72g Rainbow Crystal Display Specimen,17.49,2017-11-28,72.0,0.24,WorthPoint
bismuth,GEMCORE: Superior! Rainbow Bismuth Pyramid 65g Crystal Educational Metaphysical,17.49,2017-11-27,65.0,0.27,WorthPoint
bismuth,"BISMUTH CRYSTAL Cluster USA Made! 3.6"" 286g Healing Rainbow Blue",22.5,2017-11-27,286.0,0.08,WorthPoint
bismuth,GEMCORE: Superior! Rainbow Bismuth Pyramid 124g Crystal Educational Metaphysical,19.99,2017-11-27,124.0,0.16,WorthPoint
bismuth,Bismuth Crystal - 52 Gram Specimen - USA Grown By Gem Stallion (A.30),12.0,2017-11-27,52.0,0.23,WorthPoint
bismuth,Bismuth Crystal - 87 Gram Specimen - USA Grown By Gem Stallion (A.26),13.0,2017-11-26,87.0,0.15,WorthPoint
bismuth,"BISMUTH CRYSTAL Superior! Intricate! 3.4"" 191g Iridescent Rainbow USA Grown",20.5,2017-11-26,191.0,0.11,WorthPoint
bismuth,BISMUTH American Grown Brilliant PEACOCK Rainbow #37 HEAVY METAL 1 Pc,15.0,2017-11-25,,,WorthPoint
bismuth,A Larger! Purple Green Pink Blue And Gold AAA BISMUTH Crystal Germany! 67.8gr,39.99,2017-11-25,67.8,0.59,WorthPoint
bismuth,Large Lot 28 Pieces Rainbow BISMUTH Crystals Made In Germany 23.36 G Specimen,19.95,2017-11-24,23.36,0.85,WorthPoint
bismuth,LARGE 112g Rainbow Bismuth Crystal Gem Mineral Iridescent Geometry Cluster Lab,39.98,2017-11-24,112.0,0.36,WorthPoint
bismuth,GEMCORE: Superior! Rainbow Bismuth Pyramid 123g Crystal Educational Metaphysical,24.99,2017-11-23,123.0,0.2,WorthPoint
bismuth,GEMCORE: Superior! Pink Bismuth Pyramid 50g Crystal Educational Metaphysical,13.49,2017-11-22,50.0,0.27,WorthPoint
bismuth,GEMCORE: Superior! Rainbow Bismuth Pyramid 145g Crystal Educational Metaphysical,29.99,2017-11-22,145.0,0.21,WorthPoint
bismuth,Bismuth Crystal - USA Homegrown - 69 Gram Specimen - Gem Stallion (A.68),10.5,2017-11-20,69.0,0.15,WorthPoint
bismuth,Natural Bismuth Geode Display Specimen Educational Rainbow Crystal Shaman Marble,10.0,2017-11-19,,,WorthPoint
bismuth,A BIG Super Symmetrical Purple Blue & Gold BISMUTH Crystal England 145gr,29.99,2017-11-19,145.0,0.21,WorthPoint
bismuth,"GEMCORE: 3.5"" Bismuth Pyramid Rainbow Geode Crystal Display Specimen Healing",49.99,2017-11-18,,,WorthPoint
bismuth,Bismuth Crystal - 103 Gram Specimen - USA Grown By Gem Stallion (A.29),22.4,2017-11-18,103.0,0.22,WorthPoint
bismuth,Bismuth Crystal - USA Homegrown - 122 Gram Specimen - Gem Stallion (A.87 ),12.0,2017-11-17,122.0,0.1,WorthPoint
bismuth,Bismuth Crystal - USA Homegrown - 101 Gram Specimen - Gem Stallion (A.84 ),10.0,2017-11-17,101.0,0.1,WorthPoint
bismuth,A Super Symmetrical Purple Blue And Copper BISMUTH Crystal England 70.44gr,24.99,2017-11-17,70.44,0.35,WorthPoint
bismuth,"GEMCORE: Massive! 5.5"" Rainbow Bismuth Bouquet Crystal Display Specimen",84.0,2017-11-17,,,WorthPoint
bismuth,GEMCORE: Superior! Bismuth Geode Display Specimen Educational Rainbow Crystal,21.5,2017-11-16,,,WorthPoint
bismuth,GEMCORE: Superior! Rainbow Bismuth 253g Crystal Display Specimen Educational,39.99,2017-11-15,253.0,0.16,WorthPoint
bismuth,GEMCORE: Superior! Rainbow Bismuth 300g Crystal Display Specimen Educational,34.99,2017-11-15,300.0,0.12,WorthPoint
bismuth,"GEMCORE: 6.3"" Rainbow Bismuth Crystal Display Plaque Iridescent Specimen W/Stand",44.0,2017-11-15,,,WorthPoint
bismuth,5kg Of Rainbow Bismuth Crystals!,425.0,2017-11-13,5000.0,0.09,WorthPoint
bismuth,Bismuth Crystal - USA Homegrown - 71 Gram Specimen - Gem Stallion (A.71 ),12.8,2017-11-13,71.0,0.18,WorthPoint
bismuth,Large Lot 8 Pieces Rainbow BISMUTH Crystals Made In Germany 24.01 G Specimen,19.95,2017-11-12,24.01,0.83,WorthPoint
bismuth,"BISMUTH CRYSTAL PYRAMID USA Made! Cluster 3.2"" 194g Healing Rainbow",16.9,2017-11-12,194.0,0.09,WorthPoint
bismuth,"BISMUTH CRYSTAL Cluster USA Made! 3.4"" 197g Healing Rainbow",19.9,2017-11-12,197.0,0.1,WorthPoint
bismuth,Bismuth Crystal - USA Homegrown - 90 Gram Specimen - Gem Stallion (A.5),14.4,2017-11-12,90.0,0.16,WorthPoint
bismuth,Bismuth Crystal 190.0 Gram RAINBOW Specimen Made In The U.S.A.,12.25,2017-11-12,190.0,0.06,WorthPoint
bismuth,"BISMUTH CRYSTAL Superior! Intricate! 2.9"" 128g Iridescent Rainbow USA Grown",12.9,2017-11-11,128.0,0.1,WorthPoint
bismuth,"GEMCORE: 5.7"" Rainbow Bismuth Splash Crystal 322g Display Specimen Decor",39.99,2017-11-11,322.0,0.12,WorthPoint
bismuth,A Blue Pink And Gold Colored BISMUTH Crystal From Germany! 83.5gr E,19.99,2017-11-11,83.5,0.24,WorthPoint
bismuth,Bismuth Crystal - USA Homegrown - 75 Gram Specimen - Gem Stallion (A.15),14.4,2017-11-11,75.0,0.19,WorthPoint
bismuth,A BIG Lot Of Little Super NEAT! BISMUTH Crystals Made In Germany! 45.9gr,11.99,2017-11-10,45.9,0.26,WorthPoint
bismuth,"GEMCORE: 6.4"" Rainbow Bismuth Crystal Display Plaque Iridescent Specimen W/Stand",79.99,2017-11-10,,,WorthPoint
bismuth,GEMCORE: Superior! Rainbow Bismuth Pyramid 184g Crystal Display Specimen,27.99,2017-11-10,184.0,0.15,WorthPoint
bismuth,Bismuth Crystal - USA Homegrown - 62 Gram Specimen - Gem Stallion (A.81 ),11.2,2017-11-10,62.0,0.18,WorthPoint
bismuth,"49.04 Gram Rainbow Bismuth Crystal Mineral Specimen From New Zealand, # TBC 3055",14.75,2017-11-10,49.04,0.3,WorthPoint
bismuth,"Huge! BISMUTH CRYSTAL BOUQUET Superior Cluster 4.8"" 1134g Healing Rainbow USA",69.9,2017-11-10,1134.0,0.06,WorthPoint
bismuth,GEMCORE: One (1) Jewelry-Grade Bismuth Crystal Specimen Education Teaching,12.49,2017-11-08,,,WorthPoint
bismuth,BISMUTH CRYSTAL CLUSTER USA Made! 4.2 166g Healing Rainbow,22.5,2017-11-08,166.0,0.14,WorthPoint
bismuth,A HUGE! Lot Of 20 Small Super NEAT! BISMUTH Crystals Made In Germany 193gr E,49.99,2017-11-07,193.0,0.26,WorthPoint
bismuth,A Super Neat! Bright Pink Blue Green And Gold BISMUTH Crystal Germany! 92.0gr E,12.99,2017-11-07,92.0,0.14,WorthPoint
bismuth,A BIG! SUPER Symmetrical Purple Blue & Gold BISMUTH Crystal England 202gr,29.99,2017-11-07,202.0,0.15,WorthPoint
bismuth,"GEMCORE: 3"" Rainbow Bismuth Pyramid 213g Crystal Display Specimen Educational",39.99,2017-11-07,213.0,0.19,WorthPoint
bismuth,Bismuth Crystal - 77 Gram Specimen - USA Grown By Gem Stallion (A.41),16.8,2017-11-06,77.0,0.22,WorthPoint
bismuth,GEMCORE: Superior! Rainbow Bismuth Pyramid 153g Crystal Display Specimen,19.99,2017-11-06,153.0,0.13,WorthPoint
bismuth,Bismuth Crystal - USA Homegrown - 53 Gram Specimen - Gem Stallion (A.64),11.2,2017-11-06,53.0,0.21,WorthPoint
bismuth,A Larger Neat! Pink Green Blue And Gold BISMUTH Crystal From England 103.3gr,14.99,2017-11-06,103.3,0.15,WorthPoint
bismuth,"GEMCORE: 3.4"" Rainbow Bismuth Pyramid Geode Crystal Display Specimen Healing",12.5,2017-11-06,,,WorthPoint
bismuth,"GEMCORE: 5.1"" Rainbow Bismuth Crystal Display Plaque Iridescent Specimen W/Stand",33.0,2017-11-06,,,WorthPoint
bismuth,Bismuth Geode Crystal On Custom Stand,75.0,2017-11-04,,,WorthPoint
bismuth,A Bright Pink Blue Purple Green And Gold AAA BISMUTH Crystal Germany! 88.3gr,14.99,2017-11-04,88.3,0.17,WorthPoint
bismuth,BISMUTH CRYSTAL CLUSTER USA Made! 4.5 300g Healing Rainbow,24.9,2017-11-04,300.0,0.08,WorthPoint
bismuth,TWO! Larger Super Symmetrical BISMUTH Crystals Made In England! 127gr,15.99,2017-11-04,127.0,0.13,WorthPoint
bismuth,59mm 1.2OZ Blue Bismuth Crystal Cluster Mineral Specimen,20.0,2017-11-04,34.02,0.59,WorthPoint
bismuth,GEMCORE: Superior! Blue Bismuth Pyramid 162g Crystal Display Specimen Rainbow,24.99,2017-11-03,162.0,0.15,WorthPoint
bismuth,BISMUTH CRYSTAL CLUSTER Iridescent Rainbow Hoppered USA Grown!,16.0,2017-11-02,,,WorthPoint
bismuth,Rainbow BISMUTH Iridescent Hoppered Crystal,14.0,2017-11-02,,,WorthPoint
bismuth,GEMCORE: Rainbow Bismuth Pyramid 160g Crystal Display Specimen Educational,15.5,2017-11-02,160.0,0.1,WorthPoint
bismuth,"GEMCORE: 3.5"" Rainbow Bismuth Pyramid Geode Crystal Display Specimen Healing",19.5,2017-11-02,,,WorthPoint
bismuth,"BISMUTH CRYSTAL PYRAMID USA Made! Cluster 3.0"" 159g Healing Rainbow",20.5,2017-10-31,159.0,0.13,WorthPoint
bismuth,"BISMUTH CRYSTAL PYRAMID USA Made! Cluster 3.4"" 221g Healing Rainbow",15.5,2017-10-31,221.0,0.07,WorthPoint
bismuth,GEMCORE: Superior! Rainbow Bismuth Pyramid 160g Crystal Display Specimen,29.99,2017-10-30,160.0,0.19,WorthPoint
bismuth,Selenite Small Sticks Wands Plus Free Piece Of Bismuth Crystal 2 Pound,37.35,2017-10-30,,,WorthPoint
bismuth,GEMCORE: Rainbow Bismuth Pyramid 116g Crystal Display Specimen Educational,19.99,2017-10-30,116.0,0.17,WorthPoint
bismuth,A HUGE! Lot Of 20 Little Super NEAT! BISMUTH Crystals Made In Germany 147gr E,39.99,2017-10-30,147.0,0.27,WorthPoint
bismuth,"BISMUTH CRYSTAL BOUQUET Superior USA Made! Cluster 4.5"" 709g Healing Rainbow",69.9,2017-10-30,709.0,0.1,WorthPoint
bismuth,GEMCORE: Superior! Rainbow Bismuth Pyramid 104g Crystal Display Specimen,19.99,2017-10-29,104.0,0.19,WorthPoint
bismuth,A BIG Lot Of TEN! Little Super NEAT! BISMUTH Crystals Made In Germany! 89.0gr E,29.99,2017-10-28,89.0,0.34,WorthPoint
bismuth,A BIG Lot Of SIX Small Super NEAT! BISMUTH Crystals Made In Germany! 36.7gr E,14.99,2017-10-28,36.7,0.41,WorthPoint
bismuth,A Super Neat! Bright Pink Blue And Gold BISMUTH Crystal From Germany! 80.8gr E,10.99,2017-10-28,80.8,0.14,WorthPoint
bismuth,Lot Of 5 Bismuth Crystals Bislot44,19.9,2017-10-28,,,WorthPoint
bismuth,"DINO: XS RAINBOW BISMUTH CRYSTAL Specimens, Germany - 25 G - Large Lot!",11.5,2017-10-28,25.0,0.46,WorthPoint
bismuth,"GEMCORE: 4.9"" Rainbow Bismuth Crystal Display Plaque Iridescent Specimen",13.06,2017-10-26,,,WorthPoint
bismuth,"BISMUTH CRYSTAL Superior Quality USA Made! Cluster 2.4"" 97g Healing Rainbow",10.75,2017-10-25,97.0,0.11,WorthPoint
bismuth,"BISMUTH CRYSTAL Superior Quality USA Made! Cluster 2.8"" 120g Healing Rainbow",14.9,2017-10-25,120.0,0.12,WorthPoint
bismuth,GEMCORE: Massive 3 Lb Rainbow Bismuth Bouquet Crystal Display Specimen,164.25,2017-10-25,1360.8,0.12,WorthPoint
bismuth,Bismuth Crystal - USA Homegrown - 43 Gram Specimen - Gem Stallion (A.69),11.0,2017-10-24,43.0,0.26,WorthPoint
bismuth,***Beautiful Large Bismuth Crystal Display***,32.0,2017-10-24,,,WorthPoint
bismuth,"GEMCORE: 5.3"" Rainbow Bismuth Crystal Display Plaque Iridescent Specimen W/Stand",37.0,2017-10-24,,,WorthPoint
bismuth,GEMCORE: Superior! Blue Bismuth Pyramid 170g Crystal Display Specimen Rainbow,19.99,2017-10-23,170.0,0.12,WorthPoint
bismuth,GEMCORE: Rainbow Bismuth Pyramid 93g Crystal Display Specimen Educational,20.5,2017-10-23,93.0,0.22,WorthPoint
bismuth,GEMCORE: Rainbow Bismuth Pyramid 155g Crystal Display Specimen Educational,10.0,2017-10-23,155.0,0.06,WorthPoint
bismuth,"GEMCORE: 3.6"" Rainbow Bismuth Pyramid Geode Crystal Display Specimen Healing",33.0,2017-10-23,,,WorthPoint
bismuth,Geometric Bismuth Crystal Specimen Blue Green Gold 30x46mm 22gm Flat Back,13.0,2017-10-22,22.0,0.59,WorthPoint
bismuth,Bismuth Crystal - USA Homegrown - 39 Gram Specimen - Gem Stallion (A.36),10.0,2017-10-21,39.0,0.26,WorthPoint
bismuth,A Bright Pink Blue And Gold BISMUTH Crystal From Germany! 36.8gr,14.99,2017-10-21,36.8,0.41,WorthPoint
bismuth,Bismuth Crystal - USA Homegrown - 99 Gram Specimen - Gem Stallion (A.94 ),26.0,2017-10-21,99.0,0.26,WorthPoint
bismuth,"BISMUTH CRYSTAL Superior Quality USA Made! Cluster 3.8"" 204g Healing Rainbow",23.9,2017-10-20,204.0,0.12,WorthPoint
bismuth,"DINO: XS RAINBOW BISMUTH CRYSTAL Specimens, Germany - 25 Grams - Large Lot!",10.49,2017-10-20,25.0,0.42,WorthPoint
bismuth,GEMCORE: Superior! Rainbow Bismuth Pyramid 159g Crystal Display Specimen,29.99,2017-10-19,159.0,0.19,WorthPoint
bismuth,YB Iridescent Rainbow Bismuth Crystal Cluster! Lab Grown. 2oz {B15J},20.0,2017-10-19,56.7,0.35,WorthPoint
bismuth,"BISMUTH CRYSTAL Superior Quality USA Made! Cluster 4.3"" 313g Healing Rainbow",29.9,2017-10-18,313.0,0.1,WorthPoint
bismuth,GEMCORE: Rainbow Bismuth Pyramid 125g Crystal Display Specimen Educational,13.71,2017-10-17,125.0,0.11,WorthPoint
bismuth,"BISMUTH CRYSTAL Superior Quality USA Made! Cluster 2.8"" 142g Healing Rainbow",15.9,2017-10-15,142.0,0.11,WorthPoint
bismuth,"BISMUTH CRYSTAL Superior Quality USA Made! Cluster 2.5"" 158g Healing Rainbow",16.9,2017-10-13,158.0,0.11,WorthPoint
bismuth,"Bismuth Crystal Mineral Specimen, Meditation,Healing, Geology . USA GROWN",12.99,2017-10-13,,,WorthPoint
bismuth,"BISMUTH CRYSTAL Superior Quality USA Made! Cluster 2.5"" 161g Healing Rainbow",17.9,2017-10-12,161.0,0.11,WorthPoint
bismuth,"BISMUTH CRYSTAL Superior Quality USA Made! Cluster 2.65"" 191g Healing Rainbow",17.9,2017-10-12,191.0,0.09,WorthPoint
bismuth,"DINO: XS RAINBOW BISMUTH CRYSTAL Specimens, Germany - 27.1 Grams - Large Lot!",14.5,2017-10-11,27.1,0.54,WorthPoint
bismuth,Bismuth Crystal - 57 Gram Specimen - USA Grown By Gem Stallion (A.38),13.0,2017-10-10,57.0,0.23,WorthPoint
bismuth,"GEMCORE: 7"" Rainbow Bismuth Crystal Plaque (2.3 Lb) Display Specimen - W/Stand",112.5,2017-10-10,,,WorthPoint
bismuth,"BISMUTH CRYSTAL Superior Quality USA Made! Cluster 2.8"" 149g Healing Rainbow",17.9,2017-10-09,149.0,0.12,WorthPoint
bismuth,A Giant! Symmetrical Purple Blue And Gold BISMUTH Crystal From England 659gr,69.99,2017-10-08,659.0,0.11,WorthPoint
bismuth,"BISMUTH CRYSTAL Superior Quality USA Made! Cluster 3.7"" 192g Healing Rainbow",19.9,2017-10-08,192.0,0.1,WorthPoint
bismuth,GEMCORE: 30 Pieces Bismuth Jewelry Wire-Wrap Crystals Educational Lab Grown USA,39.99,2017-10-07,,,WorthPoint
bismuth,"287 Gram Bismuth Metal Iridescent Crystal Bowl, Element 83 Sample",15.0,2017-10-06,287.0,0.05,WorthPoint
bismuth,Laboratory Grown Bismuth Crystal Tower,24.0,2017-10-06,,,WorthPoint
bismuth,Bismuth Metal Crystal Skull Geode,49.0,2017-10-05,,,WorthPoint
bismuth,"303 Gram Bismuth Metal Iridescent Crystal Bowl, Element 83 Sample",15.0,2017-10-04,303.0,0.05,WorthPoint
bismuth,"BISMUTH CRYSTAL Superior Quality USA Made! Cluster 3.1"" 117g Healing Rainbow",12.9,2017-10-04,117.0,0.11,WorthPoint
bismuth,Bismuth Crystal - USA Homegrown - 59 Gram Specimen - Gem Stallion (A.60),15.0,2017-10-04,59.0,0.25,WorthPoint
bismuth,GEMCORE: USA Quality Bismuth Crystal 160g Display Specimen Rainbow Metaphysical,16.5,2017-10-04,160.0,0.1,WorthPoint
bismuth,GEMCORE: Massive! 3 Lb Rainbow Bismuth Crystal Bouquet Display Specimen,130.0,2017-10-04,1360.8,0.1,WorthPoint
bismuth,"BISMUTH CRYSTAL Display Mineral Specimen 4.6"" Tall 457g Iridescent Rainbow",34.9,2017-10-03,457.0,0.08,WorthPoint
bismuth,"BISMUTH CRYSTAL Superior Quality USA Made! Cluster 3.5"" 176g Healing Rainbow",19.06,2017-10-03,176.0,0.11,WorthPoint
bismuth,GEMCORE: USA Quality Bismuth Crystal 153g Display Specimen Rainbow Metaphysical,20.5,2017-10-03,153.0,0.13,WorthPoint
bismuth,"239 Gram Bismuth Metal Iridescent Crystal Bowl, Element 83 Sample",15.0,2017-09-29,239.0,0.06,WorthPoint
bismuth,GEMCORE: Massive! Rainbow Bismuth Crystal 286g Display Specimen Educational USA,32.99,2017-09-29,286.0,0.12,WorthPoint
bismuth,GEMCORE: Massive! Rainbow Bismuth Crystal 320g Display Jewelry Educational USA,19.99,2017-09-29,320.0,0.06,WorthPoint
bismuth,"DINO: 9 RAINBOW BISMUTH CRYSTAL Specimens, Germany - 25 Grams",14.5,2017-09-28,25.0,0.58,WorthPoint
bismuth,A Blue And Gold Colored BISMUTH Crystal From Germany! 86.1gr,24.99,2017-09-28,86.1,0.29,WorthPoint
bismuth,YB Iridescent Rainbow Bismuth Crystal Cluster! Lab Grown. 3oz {B17K},30.0,2017-09-27,85.05,0.35,WorthPoint
bismuth,"BISMUTH CRYSTAL Mineral Specimen 4.7"" Tall 632g Iridescent Rainbow USA Grown",19.9,2017-09-27,632.0,0.03,WorthPoint
bismuth,"GEMCORE: 2.8"" Bismuth Geode Display Specimen Educational Rainbow Crystal - USA",21.5,2017-09-27,,,WorthPoint
bismuth,GEMCORE: 219g Rainbow Bismuth Crystal Display Specimen Educational USA,29.99,2017-09-26,219.0,0.14,WorthPoint
bismuth,"BISMUTH CRYSTAL Cluster Display Specimen 3.9"" Tall 693g Iridescent USA Grown",31.0,2017-09-26,693.0,0.04,WorthPoint
bismuth,"GEMCORE: 2.5"" Rainbow Bismuth Crystal 99g Display Specimen Educational USA",12.49,2017-09-25,99.0,0.13,WorthPoint
bismuth,BISMUTH CRYSTAL Statue SUPERIOR! 3 Inches Tall 303g Iridescent USA Grown 'AAA',15.4,2017-09-25,303.0,0.05,WorthPoint
bismuth,"GEMCORE: 2.7"" Rainbow Bismuth Crystal 99g Display Specimen Educational USA",14.99,2017-09-24,99.0,0.15,WorthPoint
bismuth,"GEMCORE: 2.7"" Rainbow Bismuth Crystal 93g Display Specimen Educational USA",12.49,2017-09-24,93.0,0.13,WorthPoint
bismuth,"***SUPERB-Iridescent Multicolored Layered Bismuth Crystal, France***",25.0,2017-09-24,,,WorthPoint
bismuth,WOw! A BIG! Pink Blue Purple Green And Gold AAA BISMUTH Crystal Germany 105gr,29.99,2017-09-23,105.0,0.29,WorthPoint
bismuth,A BIG Lot Of TWELVE Little Super NEAT! BISMUTH Crystals Made In Germany 95.9gr E,29.99,2017-09-22,95.9,0.31,WorthPoint
bismuth,"GEMCORE: 2.4"" Rainbow Bismuth Crystal 69g Display Jewelry Educational USA",12.49,2017-09-22,69.0,0.18,WorthPoint
bismuth,"GEMCORE: 2.6"" Rainbow Bismuth Crystal 105g Display Specimen Educational USA",14.99,2017-09-21,105.0,0.14,WorthPoint
bismuth,"GEMCORE: 3.6"" Bismuth Egg Geode 300g Display Specimen Rainbow Crystal Healing",24.99,2017-09-21,300.0,0.08,WorthPoint
bismuth,Bismuth Geode On Hammered Steel Stand,140.0,2017-09-20,,,WorthPoint
bismuth,GEMCORE: Huge! Rainbow Bismuth Crystal 220g Display Specimen Educational USA,29.99,2017-09-20,220.0,0.14,WorthPoint
bismuth,54.92 Gram Rainbow Bismuth Crystal Mineral Specimen From New Zealand # TBC 3048,16.5,2017-09-20,54.92,0.3,WorthPoint
bismuth,"GEMCORE: 2.85"" Bismuth Geode Display Specimen Educational Rainbow Crystal - USA",27.0,2017-09-20,,,WorthPoint
bismuth,"GEMCORE: 3.8"" Rainbow Bismuth Crystal 338g Display Specimen Educational USA",24.49,2017-09-19,338.0,0.07,WorthPoint
bismuth,"BISMUTH CRYSTAL Cluster Rainbow Mineral Specimen 3"" 175g Iridescent USA Grown",24.5,2017-09-18,175.0,0.14,WorthPoint
bismuth,"GEMCORE: 7.8"" Rainbow Bismuth Splash Crystal 498g Display Specimen Decor",24.99,2017-09-18,498.0,0.05,WorthPoint
bismuth,"GEMCORE: 7"" Rainbow Bismuth Splash Crystal 360g Display Specimen Decor",39.99,2017-09-17,360.0,0.11,WorthPoint
bismuth,"GEMCORE: 2.5"" Rainbow Bismuth Crystal 106g Display Specimen Educational USA",14.99,2017-09-17,106.0,0.14,WorthPoint
bismuth,A Big Green Pink Purple And Gold AAA BISMUTH Crystal With Caliper Stand! 262gr E,59.99,2017-09-16,262.0,0.23,WorthPoint
bismuth,GEMCORE: Huge! Rainbow Bismuth Crystal Pyramid 510g Display Specimen Educational,49.99,2017-09-16,510.0,0.1,WorthPoint
bismuth,"GEMCORE: 4.2"" Rainbow Bismuth Crystal 283g Display Specimen Educational USA",29.99,2017-09-16,283.0,0.11,WorthPoint
bismuth,"GEMCORE: 6.5"" Rainbow Bismuth Crystal Plaque 645g Display Specimen - W/Stand",51.0,2017-09-15,645.0,0.08,WorthPoint
bismuth,"GEMCORE: 4.8"" Rainbow Bismuth Crystal 383g Display Specimen Educational USA",29.99,2017-09-14,383.0,0.08,WorthPoint
bismuth,"GEMCORE: 2.6"" Rainbow Bismuth Crystal 100g Display Specimen Educational USA",15.5,2017-09-14,100.0,0.15,WorthPoint
bismuth,GEMCORE: 2.5 Lb Rainbow Bismuth Crystal Bouquet Display Specimen - USA Made,136.18,2017-09-13,1134.0,0.12,WorthPoint
bismuth,"GEMCORE: 2.5"" Rainbow Bismuth Crystal 92g Display Specimen Educational USA",14.99,2017-09-11,92.0,0.16,WorthPoint
bismuth,A HUGE! Lot Of 30 Little Super NEAT! BISMUTH Crystals Made In Germany 232gr,69.99,2017-09-11,232.0,0.3,WorthPoint
bismuth,A Pink Purple Green And Gold AAA BISMUTH Crystal From Germany! 81.0gr,24.99,2017-09-11,81.0,0.31,WorthPoint
bismuth,"GEMCORE: 6.25"" Rainbow Bismuth Crystal Plaque 783g Display Specimen - W/Stand",59.99,2017-09-11,783.0,0.08,WorthPoint
bismuth,A LONG! Blue And Gold BISMUTH Crystal From Germany 163.7gr,29.99,2017-09-10,163.7,0.18,WorthPoint
bismuth,A BIG! Pink Blue Purple Green And Gold BISMUTH Crystal From Germany! 81.6gr E,29.99,2017-09-09,81.6,0.37,WorthPoint
bismuth,"GEMCORE: 6.5"" Rainbow Bismuth Crystal Plaque 1110g Display Specimen - W/Stand",72.0,2017-09-08,1110.0,0.06,WorthPoint
bismuth,Minerals : Bismuth Crystals With Red And Green Iridescence,13.01,2017-09-07,,,WorthPoint
bismuth,"GEMCORE: 6"" Rainbow Bismuth Crystal 650g Display Specimen Educational USA",49.99,2017-09-07,650.0,0.08,WorthPoint
bismuth,"GEMCORE: 2.5"" Rainbow Bismuth Crystal 108g Display Specimen Educational USA",14.99,2017-09-07,108.0,0.14,WorthPoint
bismuth,"GEMCORE: 8.1"" Rainbow Bismuth Splash Crystal 498g Display Specimen Decor",31.0,2017-09-07,498.0,0.06,WorthPoint
bismuth,GEMCORE: Rainbow Bismuth Crystal 142g Display Specimen Educational USA,14.99,2017-09-06,142.0,0.11,WorthPoint
bismuth,BISMUTH CRYSTAL Rainbow Plaque Geode Section 6.1 Inches 823g Iridescent W/Stand,62.0,2017-09-04,823.0,0.08,WorthPoint
bismuth,GEMCORE: Rainbow Bismuth Crystal 192g Display Specimen Educational USA,14.99,2017-09-03,192.0,0.08,WorthPoint
bismuth,GEMCORE: Rainbow Bismuth Pyramid 82g Crystal Display Specimen Educational USA,11.5,2017-09-02,82.0,0.14,WorthPoint
bismuth,37.07 Gram Rainbow Bismuth Crystal Mineral Specimen From New Zealand # TBC 3097,11.25,2017-09-01,37.07,0.3,WorthPoint
bismuth,GEMCORE: Rainbow Bismuth Crystal 208g Display Specimen Educational USA,17.99,2017-09-01,208.0,0.09,WorthPoint
bismuth,"DINO: 9 RAINBOW BISMUTH CRYSTAL Specimens, Germany - 24 Grams",12.5,2017-08-31,24.0,0.52,WorthPoint
bismuth,GEMCORE: Rainbow Bismuth Crystal 104g Display Specimen Educational Lab Grown USA,10.49,2017-08-31,104.0,0.1,WorthPoint
bismuth,BISMUTH CRYSTAL Cluster Excellent! 5.1 Inches 670g Iridescent USA Grown,29.9,2017-08-29,670.0,0.04,WorthPoint
bismuth,A BIG! Pink Blue Purple Green And Gold AAA BISMUTH Crystal Germany! 175gr E,29.99,2017-08-27,175.0,0.17,WorthPoint
bismuth,"56.31 Gram Rainbow Bismuth Crystal Mineral Specimen From New Zealand, # TBC 3061",16.75,2017-08-27,56.31,0.3,WorthPoint
bismuth,"45.92 Gram Rainbow Bismuth Crystal Mineral Specimen From New Zealand, # TBC 3052",13.75,2017-08-26,45.92,0.3,WorthPoint
bismuth,"41.28 Gram Rainbow Bismuth Crystal Mineral Specimen From New Zealand, # TBC 3081",12.5,2017-08-26,41.28,0.3,WorthPoint
bismuth,A BIG! Pink Blue Purple Green Blue And Gold AAA BISMUTH Crystal Germany 254gr E,69.99,2017-08-26,254.0,0.28,WorthPoint
bismuth,A Blue Purple & Gold AAA BISMUTH Crystal On A Caliper Stand From Germany 268gr E,49.99,2017-08-26,268.0,0.19,WorthPoint
bismuth,"DINO: 4 Rare RAINBOW BISMUTH CRYSTAL Specimens, England - 22 Grams",12.5,2017-08-26,22.0,0.57,WorthPoint
bismuth,A Super Neat! Blue And Gold BISMUTH Crystal From Germany! 91.5gr,24.99,2017-08-26,91.5,0.27,WorthPoint
bismuth,Super Neat! A GIANT Sized Blue And Gold BISMUTH Crystal Germany! 310gr E,39.99,2017-08-24,310.0,0.13,WorthPoint
bismuth,A BIG! Blue Pink Green And Gold AAA BISMUTH Crystal From Germany 79.8gr,19.99,2017-08-24,79.8,0.25,WorthPoint
bismuth,Bismuth Crystal 94.4 Gram RAINBOW Specimen Made In The U.S.A.,15.0,2017-08-24,94.4,0.16,WorthPoint
bismuth,"DINO: 9 RAINBOW BISMUTH CRYSTAL Specimens, Germany - 31 Grams",10.5,2017-08-23,31.0,0.34,WorthPoint
bismuth,Laboratory Grown Bismuth Crystal Cluster,40.0,2017-08-22,,,WorthPoint
bismuth,A BIG! Blue Pink And Gold Colored BISMUTH Crystal Made In Germany! 133gr,24.99,2017-08-18,133.0,0.19,WorthPoint
bismuth,GEMCORE: Massive! 428g Rainbow Bismuth Crystal Display Specimen Iridescent Metal,39.99,2017-08-18,428.0,0.09,WorthPoint
bismuth,GEMCORE: 1.3 Lb Massive Rainbow Bismuth Crystal Bouquet Specimen Metal USA Made!,49.75,2017-08-18,589.68,0.08,WorthPoint
bismuth,GEMCORE: Rainbow Bismuth Crystal 98g Display Specimen Educational USA,14.0,2017-08-18,98.0,0.14,WorthPoint
bismuth,"GEMCORE: 3.7"" Bismuth Egg Geode Display Specimen Educational Rainbow Crystal USA",19.99,2017-08-17,,,WorthPoint
bismuth,GEMCORE: Rainbow Bismuth Crystal 102g Display Specimen Educational USA,12.99,2017-08-17,102.0,0.13,WorthPoint
bismuth,GEMCORE: Rainbow Bismuth Crystal 130g Display Specimen Educational USA,14.99,2017-08-17,130.0,0.12,WorthPoint
bismuth,GEMCORE: Rainbow Bismuth Temple 110g Display Crystal Specimen Educational USA,10.49,2017-08-17,110.0,0.1,WorthPoint
bismuth,"GEMCORE: 5.8"" Rainbow Bismuth Crystal Plaque Display Specimen -Stand Included",79.99,2017-08-16,,,WorthPoint
bismuth,GEMCORE: Vibrant! Rainbow Bismuth Crystal 85g Display Specimen Educational USA,10.49,2017-08-16,85.0,0.12,WorthPoint
bismuth,GEMCORE: Rainbow Bismuth Crystal 65g Display Specimen Educational USA,10.49,2017-08-16,65.0,0.16,WorthPoint
bismuth,"41.59 Gram Rainbow Bismuth Crystal Mineral Specimen From New Zealand, # TBC 3108",12.5,2017-08-15,41.59,0.3,WorthPoint
bismuth,BISMUTH CRYSTAL Cluster Impressive! 4.2 Inches 225g Iridescent USA Grown,14.9,2017-08-15,225.0,0.07,WorthPoint
bismuth,BISMUTH CRYSTAL Cluster Impressive! 3.6 Inches 230g USA Grown Mineral Specimen,15.0,2017-08-15,230.0,0.07,WorthPoint
bismuth,A Pink Blue Purple And Gold BISMUTH Crystal From Germany 80.6gr,24.99,2017-08-14,80.6,0.31,WorthPoint
bismuth,A Neat! Pink Blue Purple And Gold AAA BISMUTH Crystal From Germany! 87.9gr,24.99,2017-08-14,87.9,0.28,WorthPoint
bismuth,GEMCORE: Rainbow Bismuth Crystal 182g Display Specimen Educational USA,14.99,2017-08-14,182.0,0.08,WorthPoint
bismuth,"GEMCORE: 4.9"" Massive! Rainbow Bismuth Crystal Display Specimen Metal Iridescent",49.99,2017-08-14,,,WorthPoint
bismuth,GEMCORE: 3.3 Lb Rainbow Bismuth Crystal Bouquet Display Specimen - USA Made,102.5,2017-08-14,1496.88,0.07,WorthPoint
bismuth,GEMCORE: Rainbow Bismuth Crystal 128g Display Specimen Educational USA,11.93,2017-08-14,128.0,0.09,WorthPoint
bismuth,Lot Of 10 Bismuth Crystals Bislot117,31.92,2017-08-12,,,WorthPoint
bismuth,A Really Neat! Pink Blue And Gold BISMUTH Crystal From England 68.3gr,19.99,2017-08-11,68.3,0.29,WorthPoint
bismuth,BISMUTH CRYSTAL Plaque 4.9 Inches 507g Iridescent Rainbow W/stand,24.9,2017-08-11,507.0,0.05,WorthPoint
bismuth,"GEMCORE: 3.7"" Rainbow Bismuth Pyramid Geode Crystal Display Specimen Healing",82.99,2017-08-11,,,WorthPoint
bismuth,"GEMCORE: 2.8"" Rainbow Bismuth Geode Display Specimen Educational Rainbow Crystal",16.99,2017-08-11,,,WorthPoint
bismuth,Bismuth 100 Gram Ingot Chunk 4n 99.99 Pure,10.55,2017-08-10,100.0,0.11,WorthPoint
bismuth,A BIG Lot Of THREE Larger Super NEAT! BISMUTH Crystals Made In England 161gr,19.99,2017-08-10,161.0,0.12,WorthPoint
bismuth,GEMCORE: Rainbow Bismuth Crystal 200g Display Specimen Educational USA,10.49,2017-08-10,200.0,0.05,WorthPoint
bismuth,GEMCORE: Massive! 256g Self-Standing Rainbow Bismuth Crystal Display Specimen,27.0,2017-08-10,256.0,0.11,WorthPoint
bismuth,"DINO: 5 Rare RAINBOW BISMUTH CRYSTAL Specimens, England - 23 Grams",11.52,2017-08-10,23.0,0.5,WorthPoint
bismuth,Super Neat! A Symmetrical Pink Blue And Gold BISMUTH Crystal From Germany! 130gr,24.99,2017-08-09,130.0,0.19,WorthPoint
bismuth,GEMCORE: Rainbow Bismuth Crystal 152g Display Specimen Educational USA,24.75,2017-08-09,152.0,0.16,WorthPoint
bismuth,"GEMCORE: Rainbow Bismuth Geode 2.9"" Display Specimen Educational Rainbow Crystal",24.99,2017-08-09,,,WorthPoint
bismuth,GEMCORE: Rainbow Bismuth Crystal 150g Display Specimen Educational USA,16.99,2017-08-09,150.0,0.11,WorthPoint
bismuth,"GEMCORE: 3.5"" Rinbow Bismuth Pyramid Geode Crystal Display Specimen Healing",41.0,2017-08-09,,,WorthPoint
bismuth,GEMCORE: Rainbow Bismuth Pyramid 56g Display Specimen Educational Crystal USA,15.5,2017-08-09,56.0,0.28,WorthPoint
bismuth,"4"" Bismuth Metal Crystal Skull Geode",19.95,2017-08-08,,,WorthPoint
bismuth,GEMCORE: Huge! 161g Rainbow Bismuth Crystal Display Specimen Educational USA,16.99,2017-08-08,161.0,0.11,WorthPoint
bismuth,GEMCORE: 7 Pieces Bismuth Jewelry Wire-Wrap Crystals Educational Lab Grown USA,11.49,2017-08-08,,,WorthPoint
bismuth,GEMCORE: 1.2 Lb Massive Rainbow Bismuth Crystal Bouquet Specimen Metal USA Made!,49.99,2017-08-08,544.32,0.09,WorthPoint
bismuth,GEMCORE: 3.7 Lb Rainbow Bismuth Crystal Bouquet Specimen Museum Quality! USA,99.0,2017-08-08,1678.32,0.06,WorthPoint
bismuth,A Larger Super Symmetrical Blue And Gold BISMUTH Crystal Germany 84.8gr,29.99,2017-08-07,84.8,0.35,WorthPoint
bismuth,GEMCORE: 125g Rainbow Bismuth Crystal Display Specimen Educational USA,15.5,2017-08-07,125.0,0.12,WorthPoint
bismuth,GEMCORE: Massive! 495g Self-Standing Rainbow Bismuth Crystal Display Specimen,41.0,2017-08-07,495.0,0.08,WorthPoint
bismuth,GEMCORE: Rainbow Bismuth Crystal 228g Display Specimen Educational USA Grown,17.99,2017-08-07,228.0,0.08,WorthPoint
bismuth,GEMCORE: Rainbow Bismuth Crystal 246g Display Specimen Educational USA,20.5,2017-08-06,246.0,0.08,WorthPoint
bismuth,GEMCORE: Rainbow Bismuth Crystal 232g Display Specimen Educational USA,19.99,2017-08-06,232.0,0.09,WorthPoint
bismuth,GEMCORE: 9 Pieces Bismuth Jewelry Wire-Wrap Crystals Educational Lab Grown USA,11.5,2017-08-06,,,WorthPoint
bismuth,A BIG! Pink Green Copper And Gold AAA BISMUTH Crystal From Germany! 144gr,39.99,2017-08-05,144.0,0.28,WorthPoint
bismuth,67.53 Gram Rainbow Bismuth Crystal Mineral Specimen From New Zealand # TBC 3047,20.0,2017-08-05,67.53,0.3,WorthPoint
bismuth,GEMCORE: Rainbow Bismuth Crystal 172g Display Specimen Educational USA,15.5,2017-08-05,172.0,0.09,WorthPoint
bismuth,GEMCORE: Rainbow Bismuth Temple 70g Crystal Display Specimen Educational USA,11.5,2017-08-05,70.0,0.16,WorthPoint
bismuth,"GEMCORE: 3.6"" Bismuth Egg Geode Display Specimen Educational Rainbow Crystal USA",23.5,2017-08-05,,,WorthPoint
bismuth,GEMCORE: Rainbow Bismuth Crystal 135g Display Specimen Educational USA,12.99,2017-08-05,135.0,0.1,WorthPoint
bismuth,GEMCORE: Rainbow Bismuth Crystal 233g Display Specimen Educational USA Grown,14.99,2017-08-05,233.0,0.06,WorthPoint
bismuth,"GEMCORE: 2.9"" Rainbow Bismuth Geode Display Specimen Educational Rainbow Crystal",19.49,2017-08-05,,,WorthPoint
bismuth,BISMUTH Crystal Splash MAPLE LEAF Unique! Specimen 4.9 Inches Rainbow W/stand,19.9,2017-08-04,,,WorthPoint
bismuth,GEMCORE: 10 Pieces Bismuth Jewelry Wire-Wrap Crystals Educational Lab Grown USA,12.5,2017-08-04,,,WorthPoint
bismuth,GEMCORE: Rainbow Bismuth Crystal 140g Display Specimen Educational USA,21.5,2017-08-04,140.0,0.15,WorthPoint
bismuth,BISMUTH CRYSTAL Cluster Excellent! 4.7 Inches 752g Rainbow Self-standing Bouquet,49.9,2017-08-04,752.0,0.07,WorthPoint
bismuth,German BISMUTH Crystal 20 - 30 Gram Lab Grown Jewelry Grade Specimen RANDOM PICK,13.6,2017-08-03,30.0,0.45,WorthPoint
bismuth,"BISMUTH CRYSTAL Plaque Geode Section 6.1 Inches 823g Iridescent W/Stand ""AAA""",59.9,2017-08-03,823.0,0.07,WorthPoint
bismuth,GEMCORE: Massive! 496g Rainbow Bismuth Crystal Display Specimen Metal,40.0,2017-08-03,496.0,0.08,WorthPoint
bismuth,Bismuth Crystal Splash Pour Display Specimen 124g Rainbow Iridescent,18.0,2017-08-02,124.0,0.15,WorthPoint
bismuth,GEMCORE: Rainbow Bismuth Crystal 146g Display Specimen Educational USA,14.99,2017-08-02,146.0,0.1,WorthPoint
bismuth,"GEMCORE: 6.3"" Rainbow Bismuth Crystal Plaque Display Specimen -Stand Included",78.0,2017-08-02,,,WorthPoint
bismuth,Bismuth Crystal - A Grade 2 Ounces,11.99,2017-08-01,,,WorthPoint
bismuth,BISMUTH Crystal Geode Brilliant! 2.8 Inches 312g Iridescent Rainbow AAA,20.0,2017-08-01,312.0,0.06,WorthPoint
bismuth,BISMUTH CRYSTAL Intricate! 4.6 Inches 274g Iridescent Rainbow Mineral Specimen,15.5,2017-08-01,274.0,0.06,WorthPoint
bismuth,"GEMCORE: 6"" Rainbow Bismuth Crystal Plaque Display Specimen -Stand Included",76.0,2017-08-01,,,WorthPoint
bismuth,GEMCORE: Self-Standing 284g Rainbow Bismuth Crystal Display Specimen Metal,29.0,2017-08-01,284.0,0.1,WorthPoint
bismuth,"1 Lb 10 Oz Box Of Iridescent Bismuth Crystals, Lab Grown, Germany",22.5,2017-07-31,283.5,0.08,WorthPoint
bismuth,BISMUTH CRYSTAL Plaque Geode Plate 4.4 Inches 300g Iridescent Rainbow W/stand,19.9,2017-07-31,300.0,0.07,WorthPoint
bismuth,"GEMCORE: 6.5"" Rainbow Bismuth Crystal Plaque Display Specimen -Stand Included",90.0,2017-07-31,,,WorthPoint
bismuth,A Purple Blue And Gold AAA BISMUTH Crystal On A Caliper Stand! England 183gr E,39.99,2017-07-30,183.0,0.22,WorthPoint
bismuth,GEMCORE: Rainbow Bismuth Crystal 148g Display Specimen Educational USA,15.99,2017-07-28,148.0,0.11,WorthPoint
bismuth,BISMUTH CRYSTAL Pyramid 2.1 Inches 93g Iridescent Rainbow USA Grown 'AAA',28.0,2017-07-28,93.0,0.3,WorthPoint
bismuth,GEMCORE: 265g Rainbow Bismuth Crystal Display Specimen Educational Metal USA,19.99,2017-07-28,265.0,0.08,WorthPoint
bismuth,GEMCORE: Massive! 240g Rainbow Bismuth Crystal Display Specimen Educational USA,19.99,2017-07-27,240.0,0.08,WorthPoint
bismuth,Lot Of 10 Bismuth Crystals Bislot115,31.92,2017-07-26,,,WorthPoint
bismuth,GEMCORE: Massive Rainbow Bismuth Crystal 233g Display Specimen Educational USA,22.85,2017-07-26,233.0,0.1,WorthPoint
bismuth,"GEMCORE: 3.7"" Iridescent Bismuth Pyramid Geode Crystal Display Specimen Healing",41.0,2017-07-26,,,WorthPoint
bismuth,"2"" German Lab-Grown Rainbow Colored Skeletal Bismuth Crystal 115 Gr",30.0,2017-07-25,115.0,0.26,WorthPoint
bismuth,BISMUTH CRYSTAL Impressive! 4.3 Inches 159g Iridescent Rainbow USA Grown 'AAA',11.9,2017-07-25,159.0,0.07,WorthPoint
bismuth,Impressive! BISMUTH CRYSTAL 3.5 Inches 235g Iridescent Rainbow USA Grown 'AAA',20.5,2017-07-25,235.0,0.09,WorthPoint
bismuth,BISMUTH CRYSTAL Cluster Impressive! 5.7 Inches 790g Iridescent USA Grown,49.9,2017-07-25,790.0,0.06,WorthPoint
bismuth,BISMUTH CRYSTAL Cluster Intricate! 2.9 Inches 186g Iridescent USA Grown,13.9,2017-07-25,186.0,0.07,WorthPoint
bismuth,GEMCORE: Rainbow Bismuth Crystal 143g Display Specimen Educational USA Grown,12.49,2017-07-25,143.0,0.09,WorthPoint
bismuth,"Rainbow Bismuth Hopper Crystals - Germany - In 1.25"" Perky Box",18.26,2017-07-24,,,WorthPoint
bismuth,BISMUTH CRYSTAL Plaque Geode 6.75 Inches 1590g Iridescent USA Grown,79.9,2017-07-24,1590.0,0.05,WorthPoint
bismuth,BISMUTH CRYSTAL Intricate! 3.8 Inches 286g Iridescent Rainbow USA Grown 'AAA',19.9,2017-07-24,286.0,0.07,WorthPoint
bismuth,"GEMCORE: 2.85"" Rainbow Bismuth Geode Display Specimen Educational Crystal",14.99,2017-07-24,,,WorthPoint
bismuth,GEMCORE: Huge! 165g Rainbow Bismuth Crystal Display Specimen Educational USA,22.5,2017-07-24,165.0,0.14,WorthPoint
bismuth,GEMCORE: 118g Rainbow Bismuth Crystal Display Specimen Educational USA Grown,14.49,2017-07-24,118.0,0.12,WorthPoint
bismuth,"GEMCORE: 5.7"" Bismuth Plaque & 7.5 Bismuth Plate",150.0,2017-07-23,,,WorthPoint
bismuth,"Unique! Handmade BISMUTH CRYSTAL Gemstone Tree 7"" 543g Iridescent USA Grown",39.9,2017-07-23,543.0,0.07,WorthPoint
bismuth,"DINO: 5 Beautiful RAINBOW BISMUTH Crystal Specimens, Germany - 30 Grams",15.5,2017-07-23,30.0,0.52,WorthPoint
bismuth,GEMCORE: 72g Rainbow Bismuth Crystal Display Specimen Educational USA Grown,15.0,2017-07-23,72.0,0.21,WorthPoint
bismuth,Large Lot 25 Pieces Rainbow BISMUTH Crystals Made In Germany 46.93 G Specimen,17.5,2017-07-22,46.93,0.37,WorthPoint
bismuth,BISMUTH CRYSTAL Intricate! 3.4 Inches 151g Iridescent Rainbow USA Grown 'AAA',46.0,2017-07-22,151.0,0.3,WorthPoint
bismuth,"SUPERB RARE Native Bismuth Crystal Cluster SCHLEMA, GERMANY - Ex. Belsky",1950.0,2017-07-21,,,WorthPoint
bismuth,GEMCORE: 6 Pieces Bismuth Jewelry Wire-Wrap Crystals Educational Lab Grown USA,16.38,2017-07-21,,,WorthPoint
bismuth,GEMCORE: Huge! 172g Rainbow Bismuth Crystal Display Specimen Educational USA,17.5,2017-07-21,172.0,0.1,WorthPoint
bismuth,GEMCORE: 71g Rainbow Bismuth Crystal Temple Display Specimen Educational USA,13.5,2017-07-21,71.0,0.19,WorthPoint
bismuth,GEMCORE: 182g Self-Standing Rainbow Bismuth Crystal Display Specimen Metal,22.38,2017-07-21,182.0,0.12,WorthPoint
bismuth,GEMCORE: 163g Rainbow Bismuth Crystal Display Specimen Educational USA,19.38,2017-07-21,163.0,0.12,WorthPoint
bismuth,A Blue And Gold AAA BISMUTH Crystal On A Caliper Stand! From Germany 231gr,39.99,2017-07-20,231.0,0.17,WorthPoint
bismuth,Bismuth Crystal - Large 74 Gram Specimen - USA Grown By Gem Stallion (B.7),14.99,2017-07-20,74.0,0.2,WorthPoint
bismuth,BISMUTH CRYSTAL Intricate! 4.0 Inches 185g Iridescent Rainbow USA Grown 'AAA',27.0,2017-07-20,185.0,0.15,WorthPoint
bismuth,GEMCORE: Huge! Self-Standing Rainbow Bismuth Crystal Display Specimen Metal,22.38,2017-07-20,,,WorthPoint
bismuth,GEMCORE: Huge! 248g Self-Standing Rainbow Bismuth Crystal Display Specimen Metal,30.89,2017-07-20,248.0,0.12,WorthPoint
bismuth,GEMCORE: 8 Pieces Bismuth Jewelry Wire-Wrap Crystals Educational Lab Grown USA,20.5,2017-07-20,,,WorthPoint
bismuth,GEMCORE: Huge! 210g Self-Standing Rainbow Bismuth Crystal Display Specimen Metal,23.39,2017-07-20,210.0,0.11,WorthPoint
bismuth,GEMCORE: 75g Rainbow Bismuth Crystal Display Specimen Educational USA Grown,15.37,2017-07-20,75.0,0.2,WorthPoint
bismuth,A HUGE Super Symmetrical Blue And Gold BISMUTH Crystal From England 219gr,39.99,2017-07-19,219.0,0.18,WorthPoint
bismuth,GEMCORE: Massive! 235g Rainbow Bismuth Crystal Display Specimen Educational USA,14.0,2017-07-19,235.0,0.06,WorthPoint
bismuth,"GEMCORE: Huge! 5.9"" Self-Standing Rainbow Bismuth Crystal Display Specimen Metal",60.0,2017-07-19,,,WorthPoint
bismuth,Very Large! BISMUTH CRYSTAL 4.4 Inches 272g Iridescent Rainbow USA Grown 'AAA',17.9,2017-07-18,272.0,0.07,WorthPoint
bismuth,Unique! BISMUTH Crystal Splash BUTTERFLY Specimen 5 Inches 417g Rainbow USA Made,14.9,2017-07-18,417.0,0.04,WorthPoint
bismuth,"DINO: 7 XS RAINBOW BISMUTH CRYSTAL Specimens, Germany - 27 Grams",11.5,2017-07-18,27.0,0.43,WorthPoint
bismuth,GEMCORE: 136g Self-Standing Rainbow Bismuth Crystal Display Specimen Metal,18.01,2017-07-18,136.0,0.13,WorthPoint
bismuth,Bismuth Crystal - Large 75 Gram Specimen - USA Grown By Gem Stallion (F.18),14.99,2017-07-17,75.0,0.2,WorthPoint
bismuth,"GEMCORE: 3.7"" Blue Bismuth Pyramid Druzy Geode Crystal Display Specimen - USA",31.0,2017-07-17,,,WorthPoint
bismuth,GEMCORE: Huge! 251g Self-Standing Rainbow Bismuth Crystal Display Specimen Metal,22.5,2017-07-17,251.0,0.09,WorthPoint
bismuth,BISMUTH CRYSTAL Intricate! 3.0 Inches 185g Iridescent Rainbow USA Grown 'AAA',13.9,2017-07-17,185.0,0.08,WorthPoint
bismuth,Bismuth Crystal - Large 97 Gram Specimen - USA Grown By Gem Stallion (B.1),19.99,2017-07-16,97.0,0.21,WorthPoint
bismuth,Bismuth Crystal - Large 77 Gram Specimen - USA Grown By Gem Stallion (F.12),15.99,2017-07-16,77.0,0.21,WorthPoint
bismuth,Bismuth Crystal - Large 83 Gram Specimen - USA Grown By Gem Stallion (F.15),16.99,2017-07-16,83.0,0.2,WorthPoint
bismuth,Bismuth Crystal - Large 68 Gram Specimen - USA Grown By Gem Stallion (F.16),13.99,2017-07-16,68.0,0.21,WorthPoint
bismuth,GEMCORE: 153g Rainbow Bismuth Crystal Display Specimen Educational USA,10.5,2017-07-16,153.0,0.07,WorthPoint
bismuth,GEMCORE: Massive! Rainbow Bismuth Crystal Display Specimen Educational USA,13.85,2017-07-16,,,WorthPoint
bismuth,"Bismuth Crystal Geode 2""",36.87,2017-07-15,,,WorthPoint
bismuth,Brilliant Bismuth Crystal Cluster - Miniature,10.0,2017-07-15,,,WorthPoint
bismuth,DINO: Lg. Beautiful RAINBOW BISMUTH Crystal Specimen - 24.8 Grams England,11.82,2017-07-15,24.8,0.48,WorthPoint
bismuth,GEMCORE: 258g Rainbow Bismuth Crystal Display Specimen Educational USA,24.99,2017-07-15,258.0,0.1,WorthPoint
bismuth,GEMCORE: 4.6 Inch! Bismuth Crystal Plaque Iridescent Display Specimen -USA Made!,39.0,2017-07-14,,,WorthPoint
bismuth,"GEMCORE: 3.85"" Blue Bismuth Pyramid Druzy Geode Crystal Display Specimen - USA",26.0,2017-07-14,,,WorthPoint
bismuth,Superior! BISMUTH CRYSTAL Plaque 5.8 Inches 559g Iridescent USA Grown W/stand,57.78,2017-07-13,559.0,0.1,WorthPoint
bismuth,GEMCORE: 4.67 Lb Massive Rainbow Bismuth Crystal Display Specimen Metal USA,212.5,2017-07-13,2118.312,0.1,WorthPoint
bismuth,GEMCORE: 5.2 Inch! Massive Rainbow Bismuth Crystal Display Specimen Metal -USA,40.51,2017-07-13,,,WorthPoint
bismuth,GEMCORE: Huge! 215g Rainbow Bismuth Crystal Display Specimen Educational USA,24.99,2017-07-13,215.0,0.12,WorthPoint
bismuth,GEMCORE: Huge! 217g Rainbow Bismuth Crystal Display Specimen Educational USA,17.0,2017-07-12,217.0,0.08,WorthPoint
bismuth,"Two Bismuth Disks For Levitation, Cast Bismuth Metal Ingots",19.95,2017-07-12,,,WorthPoint
bismuth,Unique! BISMUTH Crystal Splash Specimen 8.25 Inches 616g Rainbow USA Made 'AAA',29.9,2017-07-11,616.0,0.05,WorthPoint
bismuth,Laboratory Grown Bismuth Crystal,10.0,2017-07-11,,,WorthPoint
bismuth,Impressive! BISMUTH CRYSTAL 3.95 Inches 222g Iridescent Rainbow USA Grown 'AAA',14.9,2017-07-11,222.0,0.07,WorthPoint
bismuth,Brilliant! BISMUTH Crystal Egg Geode 3.5 Inches 304g Iridescent Rainbow USA Made,14.9,2017-07-10,304.0,0.05,WorthPoint
bismuth,Brilliant! BISMUTH Crystal Geode 2.8 Inches 311g Iridescent Rainbow USA Made,17.5,2017-07-10,311.0,0.06,WorthPoint
bismuth,"GEMCORE: 7.5"" Rainbow Bismuth Crystal Plaque Display Specimen Metal - W/Stand!",107.75,2017-07-10,,,WorthPoint
bismuth,Bismuth Crystal - Large 76 Gram Specimen - USA Grown By Gem Stallion (F.5),14.99,2017-07-08,76.0,0.2,WorthPoint
bismuth,A BIG! Blue Purple Copper Green And Gold AAA BISMUTH Crystal From Germany 150gr,29.99,2017-07-08,150.0,0.2,WorthPoint
bismuth,Bismuth Crystal 82 Large Gram Specimen - USA Grown By Gem Stallion (F.19),16.99,2017-07-08,,,WorthPoint
bismuth,GEMCORE: Huge! 476g Rainbow Bismuth Crystal Display Specimen Metal USA Grown,49.0,2017-07-08,476.0,0.1,WorthPoint
bismuth,GEMCORE: Huge! 388g Rainbow Bismuth Crystal Display Specimen Educational USA,39.99,2017-07-08,388.0,0.1,WorthPoint
bismuth,Large Mix Lot Pieces Rainbow BISMUTH Crystals Made In Germany 45.83 G Specimen,16.0,2017-07-07,45.83,0.35,WorthPoint
bismuth,GEMCORE: 4.7 Inch! Bismuth Crystal Plaque Iridescent Display Specimen -w/Stand!,32.0,2017-07-07,,,WorthPoint
bismuth,GEMCORE: 130g Rainbow Bismuth Crystal Display Specimen Educational USA Grown,14.99,2017-07-07,130.0,0.12,WorthPoint
bismuth,"DINO: XS RAINBOW BISMUTH CRYSTAL Specimens, Germany - 30.8 Grams - Large Lot!",13.58,2017-07-06,30.8,0.44,WorthPoint
bismuth,"GEMCORE: 3.9"" Rainbow Bismuth Pyramid Druzy Geode Crystal Display Specimen - USA",19.99,2017-07-06,,,WorthPoint
bismuth,GEMCORE: 6.5 Inch! Bismuth Crystal Plaque Iridescent Display Specimen -w/Stand,60.0,2017-07-06,,,WorthPoint
bismuth,Bismuth Crystal - 62 Gram Specimen - USA Grown By Gem Stallion (M.14),13.99,2017-07-05,62.0,0.23,WorthPoint
bismuth,Fascinating! BISMUTH CRYSTAL 3.3 Inches 192g Iridescent Rainbow USA Grown 'AAA',13.9,2017-07-05,192.0,0.07,WorthPoint
bismuth,"GEMCORE: 5.7"" Bismuth Crystal Plaque Iridescent Display Specimen -Stand Included",88.25,2017-07-05,,,WorthPoint
bismuth,"GEMCORE: 3.8"" Rainbow Bismuth Pyramid Druzy Geode Crystal Display Specimen - USA",23.85,2017-07-05,,,WorthPoint
bismuth,GEMCORE: 158g Rainbow Bismuth Crystal Display Specimen Educational USA Grown,17.49,2017-07-04,158.0,0.11,WorthPoint
bismuth,GEMCORE: Huge! 158g Rainbow Bismuth Crystal Display Specimen Educational USA,18.5,2017-07-04,158.0,0.12,WorthPoint
bismuth,GEMCORE: Huge! 170g Rainbow Bismuth Crystal Display Specimen Educational USA,20.49,2017-07-04,170.0,0.12,WorthPoint
bismuth,GEMCORE: Huge! 225g Rainbow Bismuth Crystal Display Specimen Educational USA,28.0,2017-07-04,225.0,0.12,WorthPoint
bismuth,GEMCORE: Huge! 230g Rainbow Bismuth Crystal Display Specimen Educational USA,29.99,2017-07-04,230.0,0.13,WorthPoint
bismuth,GEMCORE: 9 Pieces Medium Bismuth Crystal Jewelry Wire-Wrap Educational Lab Grown,15.49,2017-07-04,,,WorthPoint
bismuth,Impressive! BISMUTH CRYSTAL 3.6 Inches 265g Iridescent Rainbow USA Grown 'AAA',19.9,2017-07-03,265.0,0.08,WorthPoint
bismuth,"GEMCORE: 3.8"" Blue Bismuth Pyramid Druzy Geode Crystal Display Specimen - USA",35.0,2017-07-03,,,WorthPoint
bismuth,GEMCORE: 7 Pieces Large Bismuth Crystals Jewelry Wire-Wrap Educational Lab Grown,16.05,2017-07-03,,,WorthPoint
bismuth,Bismuth - New Zealand - High Quality - Best Color - Best Shape - M-2188 - 55.15g,12.95,2017-07-02,55.15,0.23,WorthPoint
bismuth,A Huge! Blue Purple Copper And Gold AAA BISMUTH Crystal From Germany 301gr,59.99,2017-07-02,301.0,0.2,WorthPoint
bismuth,Intricate! BISMUTH CRYSTAL 4.2 Inches 226g Iridescent Rainbow USA Grown 'AAA',15.5,2017-07-01,226.0,0.07,WorthPoint
bismuth,A Pink Blue Purple And Gold Rainbow Like BISMUTH Crystal From Germany! 74.0gr E,29.99,2017-06-30,74.0,0.41,WorthPoint
bismuth,"AAA Rainbow Bismuth Crystal Cluster 46g 2.5""x1.5""x.75"" NewZealand",49.0,2017-06-30,46.0,1.07,WorthPoint
bismuth,GEMCORE: 165g Rainbow Bismuth Crystal Display Specimen Educational USA Grown,15.5,2017-06-30,165.0,0.09,WorthPoint
bismuth,GEMCORE: 5.4 Lb Massive Rainbow Bismuth Crystal Display Specimen Metal USA Grown,219.5,2017-06-30,2449.44,0.09,WorthPoint
bismuth,"240 Gram Bismuth Metal Iridescent Crystal Bowl, Element 83 Sample",13.0,2017-06-29,240.0,0.05,WorthPoint
bismuth,Bismuth Crystal - Large 73 Gram Specimen - USA Grown By Gem Stallion (B.11),14.99,2017-06-29,73.0,0.21,WorthPoint
bismuth,Brilliant! BISMUTH Crystal Geode 3.6 Inches 303g Iridescent Rainbow USA Made,20.48,2017-06-29,303.0,0.07,WorthPoint
bismuth,GEMCORE: 147g Rainbow Bismuth Crystal Display Specimen Educational USA Grown,12.5,2017-06-29,147.0,0.09,WorthPoint
bismuth,GEMCORE: 4 Inch Bismuth Crystal Plaque Iridescent Display Specimen Metal,18.0,2017-06-29,,,WorthPoint
bismuth,Bismuth Crystal - Large 80 Gram Specimen - USA Grown By Gem Stallion (F.11),15.99,2017-06-28,80.0,0.2,WorthPoint
bismuth,"DINO: XS RAINBOW BISMUTH CRYSTAL Specimens, Germany - 30 Grams- Large Lot!",12.5,2017-06-28,30.0,0.42,WorthPoint
bismuth,Lot Of 10 Bismuth Crystals Bislot113,31.92,2017-06-27,,,WorthPoint
bismuth,Super Neat! A BIG GREEN Pink PURPLE And Gold BISMUTH Crystal Germany 248gr,39.99,2017-06-27,248.0,0.16,WorthPoint
bismuth,GEMCORE: 12 Pieces Bismuth Jewelry Wire-Wrap Crystals Educational Lab Grown USA,12.5,2017-06-27,,,WorthPoint
bismuth,GEMCORE: 122g Rainbow Bismuth Crystal Display Specimen Educational USA Grown,14.99,2017-06-27,122.0,0.12,WorthPoint
bismuth,GEMCORE: 77g Rainbow Bismuth Crystal Display Specimen Educational USA Grown,15.49,2017-06-27,77.0,0.2,WorthPoint
bismuth,GEMCORE: 124g Rainbow Bismuth Crystal Display Specimen Educational USA Grown,14.49,2017-06-27,124.0,0.12,WorthPoint
bismuth,Bismuth Crystal - Large 71 Gram Specimen - USA Grown By Gem Stallion (F.23),14.99,2017-06-26,71.0,0.21,WorthPoint
bismuth,Intricate! BISMUTH CRYSTAL 2.25 Inches 83g Iridescent Rainbow USA Grown 'AAA',20.5,2017-06-26,83.0,0.25,WorthPoint
bismuth,Brilliant! BISMUTH Crystal Egg Geode 3.6 Inches 294g Iridescent Rainbow USA Made,26.98,2017-06-26,294.0,0.09,WorthPoint
bismuth,Impressive! BISMUTH CRYSTAL 4.4 Inches 321g Iridescent Rainbow USA Grown 'AAA',20.4,2017-06-26,321.0,0.06,WorthPoint
bismuth,Impressive! BISMUTH CRYSTAL 3.9 Inches 258g Iridescent Rainbow USA Grown 'AAA',37.0,2017-06-26,258.0,0.14,WorthPoint
bismuth,"GEMCORE: 8"" Rainbow Bismuth Crystal Plaque Display Specimen Metal - W/Stand!",100.99,2017-06-26,,,WorthPoint
bismuth,GEMCORE: 45g Rainbow Bismuth Crystal Display Specimen Educational USA Grown,10.0,2017-06-26,45.0,0.22,WorthPoint
bismuth,GEMCORE: 127g Rainbow Bismuth Crystal Display Specimen Educational USA Grown,15.5,2017-06-26,127.0,0.12,WorthPoint
bismuth,"Bismuth Crystal, MKSunlimited",34.21,2017-06-25,,,WorthPoint
bismuth,Bismuth Crystal - Large 113 Gram Specimen - USA Grown By Gem Stallion (R.17),22.99,2017-06-25,113.0,0.2,WorthPoint
bismuth,Bismuth Crystal - 60 Gram Specimen - USA Grown By Gem Stallion (M.13),11.99,2017-06-25,60.0,0.2,WorthPoint
bismuth,GEMCORE: 108g Rainbow Bismuth Crystal Display Specimen Educational USA Grown,13.5,2017-06-25,108.0,0.12,WorthPoint
bismuth,GEMCORE: 132g Rainbow Bismuth Crystal Display Specimen Educational USA Grown,13.5,2017-06-24,132.0,0.1,WorthPoint
bismuth,"65.81 Gram Rainbow Bismuth Crystal Mineral Specimen From New Zealand, # TBC 3003",19.75,2017-06-23,65.81,0.3,WorthPoint
bismuth,"GEMCORE: 2.9"" Bismuth Geode Display Specimen Educational Rainbow Crystal - USA",27.0,2017-06-23,,,WorthPoint
bismuth,GEMCORE: 150g Rainbow Bismuth Crystal Display Specimen Educational USA Grown,27.59,2017-06-23,150.0,0.18,WorthPoint
bismuth,A Super Symmetrical Light Blue And Gold Colored BISMUTH Crystal Germany 79.7gr,14.99,2017-06-22,79.7,0.19,WorthPoint
bismuth,"GEMCORE: 4.6"" Bismuth Crystal Plaque Iridescent Display Specimen Stand Included",20.99,2017-06-22,,,WorthPoint
bismuth,GEMCORE: 136g Rainbow Bismuth Crystal Display Specimen Educational USA Grown,18.0,2017-06-22,136.0,0.13,WorthPoint
bismuth,"294 Gram Bismuth Metal Iridescent Crystal Bowl, Element 83 Sample",14.0,2017-06-21,294.0,0.05,WorthPoint
bismuth,"DINO: 15 RAINBOW BISMUTH CRYSTAL Specimens, Germany - 25 Grams - Small Piece Lot",10.5,2017-06-21,25.0,0.42,WorthPoint
bismuth,"38.22 Gram Rainbow Bismuth Crystal Mineral Specimen From New Zealand, # TBC 3078",11.5,2017-06-21,38.22,0.3,WorthPoint
bismuth,GEMCORE: 114g Rainbow Bismuth Crystal Display Specimen Educational USA Grown,17.16,2017-06-21,114.0,0.15,WorthPoint
bismuth,GEMCORE: 3.6 Inch Bismuth Crystal Plaque Iridescent Display Specimen Metal,16.5,2017-06-21,,,WorthPoint
bismuth,"GEMCORE: 4"" Bismuth Crystal Plaque Iridescent Display Specimen - Stand Included!",43.0,2017-06-21,,,WorthPoint
bismuth,GEMCORE: 100g Rainbow Bismuth Crystal Display Specimen Educational USA Grown,11.99,2017-06-21,100.0,0.12,WorthPoint
bismuth,2x Beautiful Bismuth Crystal Geode Specimens Lot Colorful!,15.0,2017-06-20,,,WorthPoint
bismuth,A Big Symmetrical Pink Blue And Gold BISMUTH Crystal From Germany! 131gr,39.99,2017-06-20,131.0,0.31,WorthPoint
bismuth,50.01 Gram Rainbow Bismuth Crystal Mineral Specimen From New Zealand # TBC 3027,15.0,2017-06-20,50.01,0.3,WorthPoint
bismuth,GEMCORE: 8 Inch Rainbow Bismuth Crystal Plaque Display Specimen Metal - W/Stand!,99.0,2017-06-20,,,WorthPoint
bismuth,Superior! BISMUTH CRYSTAL Plaque 5.15 Inches 414g Iridescent USA Grown 'AAA',15.5,2017-06-20,414.0,0.04,WorthPoint
bismuth,Bismuth Crystals,200.0,2017-06-19,,,WorthPoint
bismuth,Super Neat! A Purple Blue Pink And Gold BISMUTH Crystal From Germany 85.3gr,19.99,2017-06-19,85.3,0.23,WorthPoint
bismuth,GEMCORE: 4.3 Inch Bismuth Crystal Plaque Iridescent Display Specimen Metal,34.0,2017-06-19,,,WorthPoint
bismuth,GEMCORE: 160g Rainbow Bismuth Crystal Display Specimen Educational USA Grown,15.5,2017-06-19,160.0,0.1,WorthPoint
bismuth,"GEMCORE: 3.5"" Blue Bismuth Pyramid Druzy Geode Crystal Display Specimen - USA",46.0,2017-06-19,,,WorthPoint
bismuth,"GEMCORE: 8"" Rainbow Bismuth Geode Plate Home Decore Display Specimen USA Grown",109.99,2017-06-18,,,WorthPoint
bismuth,BISMUTH CRYSTAL 42.5cts. 24mm X 19mm X 15mm GREAT FOR DISPLAY OR WIRE WRAPPING,12.0,2017-06-18,8.5,1.41,WorthPoint
bismuth,BISMUTH CRYSTAL 40.5cts. 35mm X 14mm GREAT FOR DISPLAY OR WIRE WRAPPING,13.0,2017-06-18,8.1,1.6,WorthPoint
bismuth,50.00 Gram Rainbow Bismuth Crystal Mineral Specimen From New Zealand # TBC 3030,17.75,2017-06-18,50.0,0.35,WorthPoint
bismuth,"DINO: XS RAINBOW BISMUTH CRYSTAL Specimens, Germany - 38 Grams- Large Lot!",17.5,2017-06-17,38.0,0.46,WorthPoint
bismuth,Superior! BISMUTH CRYSTAL 2.8 Inches 191g Iridescent Rainbow USA Grown 'AAA',14.9,2017-06-17,191.0,0.08,WorthPoint
bismuth,BISMUTH CRYSTAL Intricate! 3.2 Inches 207g Iridescent Rainbow Blue USA 'AAA',14.9,2017-06-17,207.0,0.07,WorthPoint
bismuth,GEMCORE: 142g Rainbow Bismuth Crystal Display Specimen Educational USA Grown,18.5,2017-06-17,142.0,0.13,WorthPoint
bismuth,BISMUTH CRYSTAL Intricate! 2.2 Inches 83g Iridescent Rainbow USA Grown 'AAA',11.5,2017-06-16,83.0,0.14,WorthPoint
bismuth,Bismuth Crystal - Metal Mineral Rock,12.99,2017-06-15,,,WorthPoint
bismuth,111.54 Gram Rainbow Bismuth Crystal Mineral Specimen From New Zealand # TBC 3005,33.0,2017-06-15,111.54,0.3,WorthPoint
bismuth,GEMCORE: 155g Rainbow Bismuth Crystal Display Specimen Educational USA Grown,19.99,2017-06-15,155.0,0.13,WorthPoint
bismuth,"GEMCORE: 2.7"" Bismuth Geode Display Specimen Educational Rainbow Crystal - USA",24.5,2017-06-15,,,WorthPoint
bismuth,"GEMCORE: 4"" Rainbow Bismuth Crystal Plaque Display Specimen - Stand Included!",51.0,2017-06-15,,,WorthPoint
bismuth,GEMCORE: 73g Rainbow Bismuth Crystal Display Specimen Educational USA Grown,18.68,2017-06-15,73.0,0.26,WorthPoint
bismuth,Large Lot 16 Pieces Rainbow BISMUTH Crystals Made In Germany 46.95 G Specimen,19.75,2017-06-14,46.95,0.42,WorthPoint
bismuth,GEMCORE: 79g Rainbow Bismuth Crystal Display Specimen Educational USA Grown,15.76,2017-06-14,79.0,0.2,WorthPoint
bismuth,A Larger! Purple Pink Green And Gold BISMUTH Crystal From Germany! 106.9gr E,34.99,2017-06-14,106.9,0.33,WorthPoint
bismuth,"DINO: 2 RAINBOW BISMUTH CRYSTAL SPECIMENS, England, 44 Grams Rare Display",11.49,2017-06-14,44.0,0.26,WorthPoint
bismuth,43.03 Gram Rainbow Bismuth Crystal Mineral Specimen From New Zealand # TBC 3038,12.75,2017-06-14,43.03,0.3,WorthPoint
bismuth,BISMUTH CRYSTAL Intricate! 2.8 Inches 140g Iridescent Rainbow USA Grown 'AAA',10.4,2017-06-14,140.0,0.07,WorthPoint
bismuth,"GEMCORE: 6"" Bismuth Crystal Plaque Iridescent Display Specimen - Stand Included!",67.66,2017-06-14,,,WorthPoint
bismuth,GEMCORE: 71g Rainbow Bismuth Crystal Display Specimen Educational USA Grown,10.49,2017-06-14,71.0,0.15,WorthPoint
bismuth,"GEMCORE: 9"" Bismuth Copper Wire Gemstone Tree Display Home Decor Gem Stone",99.0,2017-06-14,,,WorthPoint
bismuth,GEMCORE: 215g Rainbow Bismuth Crystal Display Specimen Educational USA Grown,19.99,2017-06-14,215.0,0.09,WorthPoint
bismuth,Bismuth 100 Gram Ingot Chunk 4n 99.99 Pure - Free 2 Day Shipping,10.96,2017-06-13,100.0,0.11,WorthPoint
bismuth,GEMCORE: 131g Rainbow Bismuth Crystal Display Specimen Educational USA Grown,15.49,2017-06-13,131.0,0.12,WorthPoint
bismuth,GEMCORE: 200g Rainbow Bismuth Crystal Display Specimen Educational USA Grown,34.0,2017-06-13,200.0,0.17,WorthPoint
bismuth,A Neat! Pink Blue Purple Green And Gold AAA BISMUTH Crystal From Germany! 97.4gr,24.99,2017-06-13,97.4,0.26,WorthPoint
bismuth,"GEMCORE: 4"" Blue Bismuth Pyramid Druzy Geode Crystal Display Specimen - USA",29.58,2017-06-12,,,WorthPoint
bismuth,GEMCORE: 16 Pieces Bismuth Jewelry Wire-Wrap Crystals Educational Lab Grown USA,31.5,2017-06-12,,,WorthPoint
bismuth,GEMCORE: 145g Rainbow Bismuth Crystal Display Specimen Educational USA Grown,20.49,2017-06-12,145.0,0.14,WorthPoint
bismuth,BISMUTH CRYSTAL Beautiful! 3.53 Inches 156g Iridescent Rainbow USA Grown 'AAA',11.0,2017-06-12,156.0,0.07,WorthPoint
bismuth,Bismuth Geode On Custom Stand,99.95,2017-06-11,,,WorthPoint
bismuth,Large Bismuth Crystal- 80gr,10.0,2017-06-11,80.0,0.12,WorthPoint
bismuth,"259 Gram Bismuth Metal Iridescent Crystal Bowl, Element 83 Sample",16.0,2017-06-11,259.0,0.06,WorthPoint
bismuth,"GEMCORE: Stunning 8.2"" Rainbow Bismuth Geode Plate Home Decore - USA Grown",130.0,2017-06-10,,,WorthPoint
bismuth,GEMCORE: 76g Rainbow Bismuth Crystal Display Specimen Educational USA Grown,12.5,2017-06-10,76.0,0.16,WorthPoint
bismuth,A BIG! Pink Blue Purple And Gold AAA BISMUTH Crystal From Germany! 184gr E,39.99,2017-06-09,184.0,0.22,WorthPoint
bismuth,"DINO: XS RAINBOW BISMUTH CRYSTAL Specimens, Germany - 82 Grams- Large Lot!",17.52,2017-06-09,82.0,0.21,WorthPoint
bismuth,"GEMCORE: 5"" Blue Bismuth Crystal Plaque Display Specimen - Stand Included!",36.0,2017-06-09,,,WorthPoint
bismuth,GEMCORE: 120g Rainbow Bismuth Crystal Display Specimen Educational USA Grown,14.99,2017-06-09,120.0,0.12,WorthPoint
bismuth,A HUGE Super Symmetrical Pink Purple Green Blue And Gold BISMUTH Crystal 422gr E,99.99,2017-06-08,422.0,0.24,WorthPoint
bismuth,"GEMCORE: 3.6"" Blue Bismuth Pyramid Druzy Geode Crystal Display Specimen - USA",22.83,2017-06-08,,,WorthPoint
bismuth,GEMCORE: 143g Rainbow Bismuth Crystal Display Specimen Educational USA Grown,15.5,2017-06-07,143.0,0.11,WorthPoint
bismuth,"315 Gram Bismuth Metal Iridescent Crystal Bowl, Element 83 Sample",18.0,2017-06-06,315.0,0.06,WorthPoint
bismuth,BISMUTH Crystal Geode Beautiful! 3.65 Inches 294g Iridescent Rainbow USA Made,27.99,2017-06-06,294.0,0.1,WorthPoint
bismuth,"(SOLD!) 6.4"" Museum-Grade Rainbow Bismuth Crystal Display Specimen - USA Grown",189.0,2017-06-05,,,WorthPoint
bismuth,"(SOLD!) 8"" Rainbow Bismuth Geode Plate Home Decore",99.0,2017-06-05,,,WorthPoint
bismuth,BISMUTH CRYSTAL Intricate! 2.68 Inches 121g Iridescent Rainbow USA Grown 'AAA',10.5,2017-06-05,121.0,0.09,WorthPoint
bismuth,Bismuth Crystal Geode Rainbow Iridescence Geometric Educational Science Gift,16.5,2017-06-04,,,WorthPoint
bismuth,Large Bismuth Crystal- 92gr,10.0,2017-06-04,92.0,0.11,WorthPoint
bismuth,GEMCORE: 86g Rainbow Bismuth Crystal Display Specimen Educational USA Grown,22.5,2017-06-03,86.0,0.26,WorthPoint
bismuth,GEMCORE: 70g Rainbow Bismuth Crystal Display Specimen Educational USA Grown,15.6,2017-06-03,70.0,0.22,WorthPoint
bismuth,GEMCORE: 67g Rainbow Bismuth Crystal Display Specimen Educational USA Grown,12.5,2017-06-02,67.0,0.19,WorthPoint
bismuth,"GEMCORE: 5.2"" Rainbow Bismuth Crystal Plaque Display Specimen - Stand Included!",162.5,2017-06-02,,,WorthPoint
bismuth,GEMCORE: 106g Rainbow Bismuth Crystal Display Specimen Educational USA Grown,13.5,2017-06-01,106.0,0.13,WorthPoint
bismuth,"GEMCORE: 2.75"" Bismuth Geode Display Specimen Educational Rainbow Crystal - USA",15.99,2017-06-01,,,WorthPoint
bismuth,A Green Pink Blue And Gold BISMUTH Crystal From Germany! 84.9gr,24.99,2017-05-31,84.9,0.29,WorthPoint
bismuth,GEMCORE: 250g Rainbow Bismuth Crystal Display Specimen Educational USA Grown,21.5,2017-05-31,250.0,0.09,WorthPoint
bismuth,GEMCORE: 200g Blue Bismuth Crystal Display Specimen Educational USA Grown,15.5,2017-05-31,200.0,0.08,WorthPoint
bismuth,GEMCORE: 92g Rainbow Bismuth Crystal Display Specimen Educational USA Grown,10.5,2017-05-31,92.0,0.11,WorthPoint
bismuth,47.75 Gram Rainbow Bismuth Crystal Mineral Specimen From New Zealand # TBC 3053,14.5,2017-05-30,47.75,0.3,WorthPoint
bismuth,BISMUTH CRYSTAL Intricate! 2.53 Inches 62g Iridescent Rainbow USA Grown 'AAA',10.0,2017-05-30,62.0,0.16,WorthPoint
bismuth,GEMCORE: 264g Rainbow Bismuth Crystal Display Specimen Educational USA Grown,32.0,2017-05-30,264.0,0.12,WorthPoint
bismuth,GEMCORE: 231g Blue Bismuth Crystal Display Specimen Educational USA Grown,31.5,2017-05-30,231.0,0.14,WorthPoint
bismuth,GEMCORE: 148g Rainbow Bismuth Crystal Display Specimen Educational USA Grown,20.5,2017-05-30,148.0,0.14,WorthPoint
bismuth,44.65 Gram Rainbow Bismuth Crystal Mineral Specimen From New Zealand # TBC 3057,13.25,2017-05-29,44.65,0.3,WorthPoint
bismuth,BISMUTH CRYSTAL Beautiful! 2.37 Inches 61 Grams Iridescent Rainbow USA Made,11.75,2017-05-29,61.0,0.19,WorthPoint
bismuth,GEMCORE: 263g Rainbow Bismuth Crystal Display Specimen Educational USA Grown,33.5,2017-05-29,263.0,0.13,WorthPoint
bismuth,GEMCORE: 151g Rainbow Bismuth Crystal Display Specimen Educational USA Grown,12.93,2017-05-29,151.0,0.09,WorthPoint
bismuth,A Larger Blue And Gold BISMUTH Crystal Made In Germany! 92.8gr,14.99,2017-05-27,92.8,0.16,WorthPoint
bismuth,A Larger Super Symmetrical Pink Blue And Gold BISMUTH Crystal Germany 124.1gr,29.99,2017-05-25,124.1,0.24,WorthPoint
bismuth,BISMUTH CRYSTAL Beautiful! 3.65 Inches 313g Iridescent Rainbow USA Made,29.9,2017-05-25,313.0,0.1,WorthPoint
bismuth,A Larger AAA Green Pink Blue Purple And Gold BISMUTH Crystal Germany 160gr E,34.99,2017-05-24,160.0,0.22,WorthPoint
bismuth,BISMUTH CRYSTAL Intricate! 2.4 Inches 78g Iridescent Rainbow USA Grown 'AAA',10.5,2017-05-21,78.0,0.13,WorthPoint
bismuth,BISMUTH CRYSTAL Beautiful! 2.35 Inches 45g Iridescent Rainbow Wire Wrap USA Made,16.5,2017-05-21,45.0,0.37,WorthPoint
bismuth,A Super Symmetrical Light Purple Blue And Gold BISMUTH Crystal Germany 130.9gr,29.99,2017-05-20,130.9,0.23,WorthPoint
bismuth,DINO: Lg. Beautiful RAINBOW BISMUTH Crystal Specimen - 27 Grams England,19.99,2017-05-20,27.0,0.74,WorthPoint
bismuth,GEMCORE: Rainbow Bismuth Crystal 89g Display Specimen Educational USA Grown,13.99,2017-05-20,89.0,0.16,WorthPoint
bismuth,63.07 Gram Rainbow Bismuth Crystal Mineral Specimen From New Zealand # TBC 3017,19.0,2017-05-19,63.07,0.3,WorthPoint
bismuth,GEMCORE: Rainbow Bismuth Crystal 100g Display Specimen Educational USA Grown,20.5,2017-05-19,100.0,0.2,WorthPoint
bismuth,"GEMCORE: 4.3"" Blue Bismuth Pyramid Druzy Geode Crystal Display Specimen - USA",36.0,2017-05-19,,,WorthPoint
bismuth,GEMCORE: Rainbow Bismuth Crystal 95g Display Specimen Educational USA Grown,26.0,2017-05-19,95.0,0.27,WorthPoint
bismuth,GEMCORE: Rainbow Bismuth Crystal 88g Display Specimen Educational USA Grown,26.0,2017-05-19,88.0,0.3,WorthPoint
bismuth,Bismuth Crystal Iridescent Mineral Specimen Minerals Rocks Ore #2,12.0,2017-05-18,,,WorthPoint
bismuth,A Big Super Symmetrical Blue And Gold BISMUTH Crystal From Germany 118.0gr,19.99,2017-05-18,118.0,0.17,WorthPoint
bismuth,A Small Super Symmetrical Purple Blue And Gold BISMUTH Crystal England 57.4gr,15.99,2017-05-18,57.4,0.28,WorthPoint
bismuth,"GEMCORE: 4.1"" Bismuth Pyramid Druzy Geode Crystal Display Specimen - USA",40.0,2017-05-18,,,WorthPoint
bismuth,GEMCORE: Rainbow Bismuth Crystal 190g Display Specimen Educational USA Grown,24.5,2017-05-18,190.0,0.13,WorthPoint
bismuth,42.02 Gram Rainbow Bismuth Crystal Mineral Specimen From New Zealand # TBC 3063,12.5,2017-05-17,42.02,0.3,WorthPoint
bismuth,GEMCORE: Rainbow Bismuth Crystal 115g Display Specimen Educational USA Grown,13.5,2017-05-17,115.0,0.12,WorthPoint
bismuth,GEMCORE: 180g Rainbow Bismuth Crystal Display Specimen Educational USA Grown,20.5,2017-05-17,180.0,0.11,WorthPoint
bismuth,"DINO: XS RAINBOW BISMUTH CRYSTAL Specimens, Germany - 74 Grams- Large Lot!",20.49,2017-05-16,74.0,0.28,WorthPoint
bismuth,GEMCORE: 157g Rainbow Bismuth Crystal Display Specimen Educational USA Grown,12.5,2017-05-16,157.0,0.08,WorthPoint
bismuth,"GEMCORE: 3.8"" Rainbow Bismuth Crystal Display Specimen Educational USA Grown",20.5,2017-05-16,,,WorthPoint
bismuth,"GEMCORE: 4.5"" Blue & Pink Bismuth Crystal Display Specimen Educational USA Grown",30.0,2017-05-16,,,WorthPoint
bismuth,DINO: 2 Rare RAINBOW BISMUTH Crystal Specimens - 45 Grams England,19.99,2017-05-15,45.0,0.44,WorthPoint
bismuth,Bismuth Skull,49.95,2017-05-15,,,WorthPoint
bismuth,Bismuth Crystal Geode Extremely Rare Worlds Largest,400.0,2017-05-15,,,WorthPoint
bismuth,BISMUTH CRYSTAL 37 Cts. 29mm X 21mm X 17mm GREAT FOR DISPLAY OR WIRE WRAPPING,12.0,2017-05-15,7.4,1.62,WorthPoint
bismuth,A BIG Super Symmetrical Purple Blue And Gold AAA BISMUTH Crystal England 138gr E,49.99,2017-05-15,138.0,0.36,WorthPoint
bismuth,A Larger Symmetrical Blue And Gold BISMUTH Crystal From Germany! 141.2gr,29.99,2017-05-15,141.2,0.21,WorthPoint
bismuth,"GEMCORE: 4"" Rainbow Bismuth Crystal Display Specimen Educational USA Grown",28.98,2017-05-15,,,WorthPoint
bismuth,A BIG VERY Symmetrical Blue Purple And Gold BISMUTH Crystal From England 173gr,79.99,2017-05-14,173.0,0.46,WorthPoint
bismuth,A Symmetrical Pink Purple Green And Gold BISMUTH Crystal From Germany 121.2gr,29.99,2017-05-14,121.2,0.25,WorthPoint
bismuth,Lot Of 10 Bismuth Crystals Bislot120,31.92,2017-05-13,,,WorthPoint
bismuth,Lot Of 10 Bismuth Crystals Bislot116,31.92,2017-05-13,,,WorthPoint
bismuth,Bismuth Globe,155.0,2017-05-11,,,WorthPoint
bismuth,"GEMCORE: 4.1"" Blue Bismuth Pyramid Druzy Geode Crystal Display Specimen - USA",50.0,2017-05-11,,,WorthPoint
bismuth,A Larger! Green Pink Blue And Gold BISMUTH Crystal From Germany! 100.7gr,19.99,2017-05-10,100.7,0.2,WorthPoint
bismuth,40.02 Gram Rainbow Bismuth Crystal Mineral Specimen From New Zealand # TBC 3036,12.5,2017-05-10,40.02,0.31,WorthPoint
bismuth,GEMCORE: 61g Rainbow Bismuth Crystal Display Specimen Educational USA Grown,10.49,2017-05-10,61.0,0.17,WorthPoint
bismuth,GEMCORE: 88g Rainbow Bismuth Crystal Display Specimen Educational USA Grown,18.5,2017-05-10,88.0,0.21,WorthPoint
bismuth,50.84 Gram Rainbow Bismuth Crystal Mineral Specimen From New Zealand # TBC 3035,15.0,2017-05-09,50.84,0.3,WorthPoint
bismuth,"49.30 Gram Rainbow Bismuth Crystal Mineral Specimen From New Zealand, # TBC 3046",14.75,2017-05-09,49.3,0.3,WorthPoint
bismuth,"GEMCORE: 7.5"" Museum-Grade Rainbow Bismuth Crystal Display Specimen - USA",79.0,2017-05-09,,,WorthPoint
bismuth,GEMCORE: Gorgeous Blue Bismuth Crystal 238g Display Specimen Educational - USA,30.0,2017-05-09,238.0,0.13,WorthPoint
bismuth,"BISMUTH CRYSTAL 3.39 Inches 159g Iridescent Rainbow Mineral Specimen ""AAA""",21.21,2017-05-09,159.0,0.13,WorthPoint
bismuth,Bismuth Goede,99.95,2017-05-08,,,WorthPoint
bismuth,"GEMCORE: 3.7"" Rainbow Bismuth Crystal Display Specimen Educational USA Grown",18.49,2017-05-08,,,WorthPoint
bismuth,GEMCORE: Rainbow Bismuth Crystal 114g Display Specimen Educational USA Grown,10.5,2017-05-08,114.0,0.09,WorthPoint
bismuth,"GEMCORE: 3.3"" Rainbow Bismuth Crystal Display Specimen Educational USA Grown",15.49,2017-05-08,,,WorthPoint
bismuth,GEMCORE: Huge! Blue Bismuth Crystal 169g Display Specimen Educational USA Grown,19.5,2017-05-08,169.0,0.12,WorthPoint
bismuth,Super Neat! A Green Pink Purple Blue And Gold BISMUTH Crystal Germany 84.4gr,24.99,2017-05-07,84.4,0.3,WorthPoint
bismuth,A Super Symmetrical Light Blue And Gold BISMUTH Crystal Germany 72.2gr,14.99,2017-05-06,72.2,0.21,WorthPoint
bismuth,A Larger Very Symmetrical PINK BLUE & Gold BISMUTH Crystal From Germany 111.6gr,19.99,2017-05-06,111.6,0.18,WorthPoint
bismuth,"333 Gram Bismuth Metal Iridescent Crystal Bowl, Element 83 Sample",25.0,2017-05-06,333.0,0.08,WorthPoint
bismuth,"DINO: XS RAINBOW BISMUTH CRYSTAL Specimens, Germany - 64 Grams- Large Lot!",19.99,2017-05-06,64.0,0.31,WorthPoint
bismuth,"GEMCORE: 6"" Museum-Grade Rainbow Bismuth Crystal Display Specimen Self-Standing!",199.0,2017-05-05,,,WorthPoint
bismuth,GEMCORE: Stunning Blue Bismuth Crystal 281g Display Specimen Educational USA,26.0,2017-05-05,281.0,0.09,WorthPoint
bismuth,37.66 Gram Rainbow Bismuth Crystal Mineral Specimen From New Zealand # TBC 3104,11.5,2017-05-04,37.66,0.31,WorthPoint
bismuth,73.70 Gram Rainbow Bismuth Crystal Mineral Specimen From New Zealand # TBC 3014,22.0,2017-05-04,73.7,0.3,WorthPoint
bismuth,GEMCORE: Rainbow Bismuth Crystal 173g Display Specimen Educational USA Grown,15.49,2017-05-04,173.0,0.09,WorthPoint
bismuth,"GEMCORE: 8"" Museum-Grade Rainbow Bismuth Crystal Display Specimen Self-Standing!",199.0,2017-05-03,,,WorthPoint
bismuth,51.80 Gram Rainbow Bismuth Crystal Mineral Specimen From New Zealand # TBC 3015,15.5,2017-05-03,51.8,0.3,WorthPoint
bismuth,GEMCORE: Rainbow Bismuth Crystal 101g Display Specimen Educational USA Grown,12.99,2017-05-02,101.0,0.13,WorthPoint
bismuth,GEMCORE: Rainbow Bismuth Crystal 105g Display Specimen Educational USA Grown,20.5,2017-05-02,105.0,0.2,WorthPoint
bismuth,GEMCORE: Rainbow Bismuth Crystal 216g Display Specimen Educational USA Grown,14.99,2017-05-01,216.0,0.07,WorthPoint
bismuth,GEMCORE: Rainbow Bismuth Crystal 185g Display Specimen Educational USA Grown,17.5,2017-05-01,185.0,0.09,WorthPoint
bismuth,5 Genuine Bismuth Crystals-They Are Indeed Very Beautiful Crystals.Free.Shipping,15.5,2017-05-01,5.0,3.1,WorthPoint
bismuth,"DINO: XS RAINBOW BISMUTH CRYSTAL Specimens, Germany - 66 Grams- Large Lot!",20.5,2017-04-28,66.0,0.31,WorthPoint
bismuth,"37.86 Gram Rainbow Bismuth Crystal Mineral Specimen From New Zealand, # TBC 3067",11.25,2017-04-28,37.86,0.3,WorthPoint
bismuth,GEMCORE: Rainbow Bismuth Crystal 197g Display Specimen Educational USA Grown,14.99,2017-04-28,197.0,0.08,WorthPoint
bismuth,Bismuth Tower Beautiful Unique One Of A Kind Display Hand Made USA Rainbow 1,18.0,2017-04-27,,,WorthPoint
bismuth,"39.08 Gram Rainbow Bismuth Crystal Mineral Specimen From New Zealand, # TBC 3102",13.5,2017-04-27,39.08,0.35,WorthPoint
bismuth,GEMCORE: Gorgeous Blue Bismuth Crystal 334g Display Specimen Educational USA,14.99,2017-04-27,334.0,0.04,WorthPoint
bismuth,"GEMCORE: Massive 8.2"" Museum-Grade Rainbow Bismuth Geode Plate Decore USA",130.0,2017-04-26,,,WorthPoint
bismuth,"34.82 Gram Rainbow Bismuth Crystal Mineral Specimen From New Zealand, # TBC 3096",10.5,2017-04-26,34.82,0.3,WorthPoint
bismuth,GEMCORE: Rainbow Bismuth Crystal 153g Display Specimen Educational USA Growng,20.5,2017-04-26,153.0,0.13,WorthPoint
bismuth,GEMCORE: Rainbow Bismuth Crystal 183g Display Specimen Educational USA Growng,20.5,2017-04-26,183.0,0.11,WorthPoint
bismuth,Kilogram Bismuth Metal 99.99% Pure - Free 2 Day Shipping,37.67,2017-04-25,,,WorthPoint
bismuth,"37.80 Gram Rainbow Bismuth Crystal Mineral Specimen From New Zealand, # TBC 3075",11.5,2017-04-25,37.8,0.3,WorthPoint
bismuth,BISMUTH CRYSTAL 3.25 Inches 170g Iridescent Rainbow USA 'AAA',14.5,2017-04-25,170.0,0.09,WorthPoint
bismuth,36.40 Gram Rainbow Bismuth Crystal Mineral Specimen From New Zealand # TBC 3085,11.0,2017-04-24,36.4,0.3,WorthPoint
bismuth,"95.98 Gram Rainbow Bismuth Crystal Mineral Specimen From New Zealand, # TBC 3019",29.0,2017-04-24,95.98,0.3,WorthPoint
bismuth,48.66 Gram Rainbow Bismuth Crystal Mineral Specimen From New Zealand # TBC 3033,14.5,2017-04-24,48.66,0.3,WorthPoint
bismuth,63.16 Gram Rainbow Bismuth Crystal Mineral Specimen From New Zealand # TBC 3039,18.75,2017-04-24,63.16,0.3,WorthPoint
bismuth,GEMCORE: Gorgeous Blue Bismuth Crystal 127g Display Specimen Educational USA,15.5,2017-04-23,127.0,0.12,WorthPoint
bismuth,A Larger! Purple Green Pink Blue And Gold BISMUTH Crystal From Germany! 106gr,29.99,2017-04-22,106.0,0.28,WorthPoint
bismuth,GEMCORE: Rainbow Bismuth Crystal Display Specimen Powerful Healing USA Grown,14.99,2017-04-22,,,WorthPoint
bismuth,"DINO: 10 RAINBOW BISMUTH CRYSTAL Specimens, Germany - 32 Grams - XS Piece Lot",17.5,2017-04-22,32.0,0.55,WorthPoint
bismuth,35.51 Gram Rainbow Bismuth Crystal Mineral Specimen From New Zealand # TBC 3050,10.5,2017-04-22,35.51,0.3,WorthPoint
bismuth,GEMCORE: Gorgeous Blue Bismuth Crystal 200g Display Specimen Educational USA,11.49,2017-04-22,200.0,0.06,WorthPoint
bismuth,GEMCORE: Rainbow Bismuth Crystal 196g Display Specimen Educational USA Grown,19.5,2017-04-22,196.0,0.1,WorthPoint
bismuth,GEMCORE: 4.89 Lb Bismuth Bouquet Museum-Grade Rainbow Crystal Specimen USA-Grown,199.0,2017-04-21,2218.104,0.09,WorthPoint
bismuth,DINO: Lg. Beautiful RAINBOW BISMUTH Crystal Specimen - 30 Grams England,12.5,2017-04-21,30.0,0.42,WorthPoint
bismuth,GEMCORE: Gorgeous Blue Bismuth Crystal 226g Display Specimen Educational USA,15.5,2017-04-21,226.0,0.07,WorthPoint
bismuth,GEMCORE: Rainbow Bismuth Crystal 260g Display Specimen Educational USA,23.5,2017-04-21,260.0,0.09,WorthPoint
bismuth,GEMCORE: Gorgeous Blue Bismuth Crystal 207g Display Specimen Educational USA,10.49,2017-04-21,207.0,0.05,WorthPoint
bismuth,"GEMCORE: 4.65"" Museum-Grade Rainbow Bismuth Crystal Specimen Healing USA Grown",41.0,2017-04-21,,,WorthPoint
bismuth,39.36 Gram Rainbow Bismuth Crystal Mineral Specimen From New Zealand # TBC 3094,11.75,2017-04-20,39.36,0.3,WorthPoint
bismuth,Bismuth Crystal 80 Large Gram Specimen - USA Grown By Gem Stallion (F.21),17.59,2017-04-20,,,WorthPoint
bismuth,"DINO: XS RAINBOW BISMUTH CRYSTAL Specimens, Germany - 75 Grams- Large Lot!",27.0,2017-04-20,75.0,0.36,WorthPoint
bismuth,GEMCORE: Gorgeous Blue Bismuth Crystal 687g Display Specimen Educational USA,32.0,2017-04-20,687.0,0.05,WorthPoint
bismuth,"GEMCORE: Striking! 4.75"" Bismuth Pyramid Geode Crystal Powerful Transformation",26.0,2017-04-20,,,WorthPoint
bismuth,Bismuth Crystal - Large 78 Gram Specimen - USA Grown By Gem Stallion (F.14),15.99,2017-04-19,78.0,0.21,WorthPoint
bismuth,GEMCORE: Blue Bismuth Geode Crystal Specimen Powerful Transformation - USA!,10.5,2017-04-19,,,WorthPoint
bismuth,GEMCORE: Rainbow Bismuth Crystal 138g Display Educational Specimen USA Grown,16.5,2017-04-19,138.0,0.12,WorthPoint
bismuth,GEMCORE: Rainbow Bismuth Crystal 224g Display Specimen Educational USA Growng,34.0,2017-04-19,224.0,0.15,WorthPoint
bismuth,36.34 Gram Rainbow Bismuth Crystal Mineral Specimen From New Zealand # TBC 3026,10.95,2017-04-18,36.34,0.3,WorthPoint
bismuth,Bismuth Crystal 99 Large Gram Specimen - USA Grown By Gem Stallion (F.22),19.99,2017-04-18,,,WorthPoint
bismuth,73.05 Gram Rainbow Bismuth Crystal Mineral Specimen From New Zealand # TBC 3032,22.0,2017-04-17,73.05,0.3,WorthPoint
bismuth,A Larger Purple Green Pink Blue & Gold AAA BISMUTH Crystal From Germany 165.8gr,39.99,2017-04-16,165.8,0.24,WorthPoint
bismuth,Bismuth Crystal - Large 105 Gram Specimen - USA Grown By Gem Stallion (B.14),20.79,2017-04-15,105.0,0.2,WorthPoint
bismuth,Bismuth Crystal Tower Metal Meditation Energy Metaphysical BIS49,18.0,2017-04-15,,,WorthPoint
bismuth,Bismuth Crystal - Large 85 Gram Specimen - USA Grown By Gem Stallion (F.1),17.59,2017-04-15,85.0,0.21,WorthPoint
bismuth,"DINO: RAINBOW BISMUTH CRYSTAL SPECIMEN, England, 25 Grams Rare Display",14.5,2017-04-15,25.0,0.58,WorthPoint
bismuth,"DINO: 10 RAINBOW BISMUTH CRYSTAL Specimens, Germany - 35 Grams - XS Piece Lot",12.5,2017-04-14,35.0,0.36,WorthPoint
bismuth,Educational Innovations Bismuth Crystal,14.45,2017-04-13,,,WorthPoint
bismuth,"68.68 Gram Rainbow Bismuth Crystal Mineral Specimen From New Zealand, # TBC 3040",20.0,2017-04-13,68.68,0.29,WorthPoint
bismuth,42.30 Gram Rainbow Bismuth Crystal Mineral Specimen From New Zealand # TBC 3069,12.5,2017-04-13,42.3,0.3,WorthPoint
bismuth,"44.54 Gram Rainbow Bismuth Crystal Mineral Specimen From New Zealand, # TBC 3031",13.5,2017-04-13,44.54,0.3,WorthPoint
bismuth,Bismuth Crystal - Large 64 Gram Specimen - USA Grown By Gem Stallion (B.13),11.99,2017-04-13,64.0,0.19,WorthPoint
bismuth,GEMCORE: Rainbow Bismuth Crystal 127g Display Educational Specimen USA Grown,15.55,2017-04-13,127.0,0.12,WorthPoint
bismuth,"DINO: XS RAINBOW BISMUTH CRYSTAL Specimens, Germany - 77 Grams- Large Lot!",20.5,2017-04-12,77.0,0.27,WorthPoint
bismuth,52.56 Gram Rainbow Bismuth Crystal Mineral Specimen From New Zealand # TBC 3051,15.75,2017-04-12,52.56,0.3,WorthPoint
bismuth,GEMCORE: Rainbow Bismuth Crystal 195g Display Educational Specimen USA Grown,19.99,2017-04-12,195.0,0.1,WorthPoint
bismuth,GEMCORE: Rainbow Bismuth Crystal 344g Display Specimen Educational USA Grown,28.0,2017-04-12,344.0,0.08,WorthPoint
bismuth,56.72 Gram Rainbow Bismuth Crystal Mineral Specimen From New Zealand # TBC 3010,17.0,2017-04-11,56.72,0.3,WorthPoint
bismuth,Bismuth Crystal - Large 117 Gram Specimen - USA Grown By Gem Stallion (B.17),23.19,2017-04-11,117.0,0.2,WorthPoint
bismuth,A Very Symmetrical Purple Blue And Gold BISMUTH Crystal From England 85.4gr,19.99,2017-04-11,85.4,0.23,WorthPoint
bismuth,A HUGE! Light Pink Blue & Gold Colored AAA BISMUTH Crystal From Germany! 330gr,59.99,2017-04-11,330.0,0.18,WorthPoint
bismuth,GEMCORE: Rainbow Bismuth Crystal 112g Display Educational Specimen USA Grown,13.0,2017-04-10,112.0,0.12,WorthPoint
bismuth,GEMCORE: Rainbow Bismuth Crystal 116g Display Specimen Educational USA Grown,12.5,2017-04-10,116.0,0.11,WorthPoint
bismuth,"GEMCORE: Massive 4.7"" Museum-Grade Rainbow Bismuth Crystal Specimen Healing USA",24.99,2017-04-10,,,WorthPoint
bismuth,GEMCORE: Rainbow Bismuth Crystal 116g Display Educational Specimen USA Grown,11.99,2017-04-10,116.0,0.1,WorthPoint
bismuth,Bismuth Crystal - 49 Gram Specimen - USA Grown By Gem Stallion (M.7),10.39,2017-04-09,49.0,0.21,WorthPoint
bismuth,A Larger Neat! Purple Blue And Gold BISMUTH Crystal From England 82.3gr,14.99,2017-04-09,82.3,0.18,WorthPoint
bismuth,A Larger! Blue Pink Purple And Gold BISMUTH Crystal From Germany! 68.2gr,24.99,2017-04-09,68.2,0.37,WorthPoint
bismuth,A BIG Symmetrical Blue And Gold BISMUTH Crystal From Germany! 178.5gr E,39.99,2017-04-09,178.5,0.22,WorthPoint
bismuth,GEMCORE: Gorgeous Blue Bismuth Crystal 121g Display Specimen Educational USA,11.99,2017-04-09,121.0,0.1,WorthPoint
bismuth,GEMCORE: Rainbow Bismuth Crystal 154g Display Educational Specimen USA Grown,12.99,2017-04-09,154.0,0.08,WorthPoint
bismuth,35.35 Gram Rainbow Bismuth Crystal Mineral Specimen From New Zealand # TBC 3110,10.75,2017-04-08,35.35,0.3,WorthPoint
bismuth,53.79 Gram Rainbow Bismuth Crystal Mineral Specimen From New Zealand # TBC 3091,16.0,2017-04-08,53.79,0.3,WorthPoint
bismuth,GEMCORE: Pink & Gold Bismuth Crystal 75g Display Specimen Educational USA Grown,26.0,2017-04-08,75.0,0.35,WorthPoint
bismuth,GEMCORE: Rainbow Bismuth Crystal 167g Display Educational Specimen USA Grown,14.99,2017-04-07,167.0,0.09,WorthPoint
bismuth,GEMCORE: Rainbow Bismuth Crystal 242g Display Specimen Educational USA Grown,19.99,2017-04-07,242.0,0.08,WorthPoint
bismuth,GEMCORE: Rainbow Bismuth Crystal 160g Display Specimen Educational USA Grown,27.0,2017-04-07,160.0,0.17,WorthPoint
bismuth,"DINO: Xlarge RAINBOW BISMUTH CRYSTAL SPECIMEN, England, 33 Grams Rare Display",19.99,2017-04-06,33.0,0.61,WorthPoint
bismuth,Bismuth Geode G5,99.95,2017-04-06,,,WorthPoint
bismuth,"DINO: 10 XS Piece Lot RAINBOW BISMUTH CRYSTAL Specimens, Germany - 22 Grams",16.02,2017-04-06,22.0,0.73,WorthPoint
bismuth,GEMCORE: Rainbow Bismuth Crystal 137g Display Educational Specimen USA Grown,13.5,2017-04-06,137.0,0.1,WorthPoint
bismuth,GEMCORE: Rainbow Bismuth Crystal 388g Display Specimen Educational USA Grown,42.03,2017-04-06,388.0,0.11,WorthPoint
bismuth,"58.73 Gram Rainbow Bismuth Crystal Mineral Specimen From New Zealand, # TBC 3064",17.5,2017-04-05,58.73,0.3,WorthPoint
bismuth,"39.97 Gram Rainbow Bismuth Crystal Mineral Specimen From New Zealand, # TBC 3043",12.0,2017-04-05,39.97,0.3,WorthPoint
bismuth,A Huge! Pink Blue Purple Green And Gold AAA BISMUTH Crystal From Germany 333gr E,99.99,2017-04-04,333.0,0.3,WorthPoint
bismuth,GEMCORE: Rainbow Bismuth Crystal 250g Display Specimen Educational USA Grown,25.01,2017-04-04,250.0,0.1,WorthPoint
bismuth,GEMCORE: Rainbow Bismuth Crystal 111g Display Specimen Educational USA Grown,11.99,2017-04-04,111.0,0.11,WorthPoint
bismuth,GEMCORE: Rainbow Bismuth Crystal 161g Display Educational Specimen USA Grown,16.5,2017-04-04,161.0,0.1,WorthPoint
bismuth,49.22 Gram Rainbow Bismuth Crystal Mineral Specimen From New Zealand # TBC 3065,17.5,2017-04-03,49.22,0.36,WorthPoint
bismuth,GEMCORE: Rainbow Bismuth Crystal 93g Display Specimen Educational USA Grown,26.0,2017-04-03,93.0,0.28,WorthPoint
campo-del-cielo-meteorite,Meteorite And Display Cube 6.8 Gram Genuine Campo Del Cielo Meteorite With COA,29.99,2026-01-23,6.8,4.41,WorthPoint
campo-del-cielo-meteorite,61.8 Grams CAMPO DEL CIELO METEORITE Polished With A Flat Side On It/ Info + COA,34.99,2026-01-21,61.8,0.57,WorthPoint
campo-del-cielo-meteorite,Low Price Super Shape! Big Campo Del Cielo Meteorite Shattered Crystal! 130.4 Gm,81.75,2026-01-20,130.4,0.63,WorthPoint
campo-del-cielo-meteorite,"Authentic Meteorites - Space Rocks Campo Del Cielo, Argentina Discovered 1576 Ad",11.5,2026-01-20,,,WorthPoint
campo-del-cielo-meteorite,Lot Of 5 Authentic Campo Del Cielo Meteorites Collection 6a,14.95,2026-01-19,,,WorthPoint
campo-del-cielo-meteorite,Authentic Real Meteorite Space Rock Campo Del Cielo Argentina 1576AD Crystal INB,15.99,2026-01-18,,,WorthPoint
campo-del-cielo-meteorite,Meteorite CAMPO DEL CIELO Rare Silicate Inclusion Of This Iron !!- Thin Section,52.0,2026-01-18,,,WorthPoint
campo-del-cielo-meteorite,Minerals *** METALLIC METEORITE Campo Del Cielo ARGENTINA,20.33,2026-01-18,,,WorthPoint
campo-del-cielo-meteorite,42.6 Grams CAMPO DEL CIELO METEORITE Polished With A Flat Side On It/ Info + COA,29.99,2026-01-18,42.6,0.7,WorthPoint
campo-del-cielo-meteorite,66.6 Grams CAMPO DEL CIELO METEORITE Polished With A Flat Side On It/ Info + COA,38.0,2026-01-18,66.6,0.57,WorthPoint
campo-del-cielo-meteorite,48 Gm Campo Del Cielo Meteorite Crystal Great Piece With Stand Jal,47.45,2026-01-17,48.0,0.99,WorthPoint
campo-del-cielo-meteorite,72.4 Grams CAMPO DEL CIELO Iron METEORITE Polished + Certificate Of Authenticity,53.99,2026-01-17,72.4,0.75,WorthPoint
campo-del-cielo-meteorite,‚ú∞ Iron Stone Meteorite Campo Del Cielo Meteor Comet Rock's Specimen Collection,19.99,2026-01-16,,,WorthPoint
campo-del-cielo-meteorite,"35.01 Gram Campo Del Cielo Argentina Meteorite, Iron From Outer Space # ME 647",26.5,2026-01-16,35.01,0.76,WorthPoint
campo-del-cielo-meteorite,"78 Grams Campo Del Cielo Meteorite Specimens, Argentinian Raw Meteorites Lot",61.5,2026-01-16,78.0,0.79,WorthPoint
campo-del-cielo-meteorite,Campo Del Cielo Meteorite 10.5 Grams,14.99,2026-01-15,10.5,1.43,WorthPoint
campo-del-cielo-meteorite,Campo Del Cielo Meteorite 19.2 Grams,18.99,2026-01-15,19.2,0.99,WorthPoint
campo-del-cielo-meteorite,Campo Del Cielo Meteorite 19.8 Grams,18.99,2026-01-15,19.8,0.96,WorthPoint
campo-del-cielo-meteorite,15.93 Gm Quality Campo Del Cielo Meteorite C. 1576 - Exact Lot 1568,19.95,2026-01-15,15.93,1.25,WorthPoint
campo-del-cielo-meteorite,74.4 Grams CAMPO DEL CIELO METEORITE Polished With A Flat Side On It/ Info + COA,42.99,2026-01-15,74.4,0.58,WorthPoint
campo-del-cielo-meteorite,70 Grams CAMPO DEL CIELO METEORITE Polished With A Flat Side On It/ Info + COA,41.0,2026-01-15,70.0,0.59,WorthPoint
campo-del-cielo-meteorite,"Beautiful Campo Del Cielo Meteorite Specimen, Triangle, Astronomy Gift, 12.84g",35.2,2026-01-14,12.84,2.74,WorthPoint
campo-del-cielo-meteorite,Meteorite Necklace W/ Chain Campo Del Cielo 7.0 Grams Real Dinosaur Girl COA 54,26.69,2026-01-14,7.0,3.81,WorthPoint
campo-del-cielo-meteorite,92.95 Gm Quality Campo Del Cielo Meteorite C. 1576 - Exact Lot 1566,28.95,2026-01-13,92.95,0.31,WorthPoint
campo-del-cielo-meteorite,6 Gram CAMPO DEL CIELO Iron Meteorite From Argentina (#F7975),8.01,2026-01-13,6.0,1.33,WorthPoint
campo-del-cielo-meteorite,706 Gm CAMPO DEL CIELO METEORITE BEAUTIFUL AAA GRADE METEORITE 1.56 POUNDS,806.55,2026-01-13,706.0,1.14,WorthPoint
campo-del-cielo-meteorite,Campo Del Cielo METEORITE 100% Natural Fell In Argentina 14.1gr,19.99,2026-01-12,14.1,1.42,WorthPoint
campo-del-cielo-meteorite,Campo Del Cielo Meteorite Etched Slice Weight 27 Grams 1.75 Inches,41.0,2026-01-12,27.0,1.52,WorthPoint
campo-del-cielo-meteorite,14.7 Grams CAMPO DEL CIELO Iron METEORITE Polished + Certificate Of Authenticity,11.49,2026-01-12,14.7,0.78,WorthPoint
campo-del-cielo-meteorite,7.90 Gm Quality Campo Del Cielo Meteorite C. 1576 - Exact Lot 1557,11.5,2026-01-11,7.9,1.46,WorthPoint
campo-del-cielo-meteorite,683 Gram CAMPO DEL CIELO METEORITE THUMBPRINTS REGMAGLYPTS,380.0,2026-01-11,683.0,0.56,WorthPoint
campo-del-cielo-meteorite,"3 X Authentic Space Meteorite Campo Del Cielo, Argentina Meteor Shower 2200 BC",30.0,2026-01-11,,,WorthPoint
campo-del-cielo-meteorite,278 Gm. Las Palmas Campo Del Cielo Meteorite Museum Gd. Stand .61 Lbs,569.05,2026-01-11,278.0,2.05,WorthPoint
campo-del-cielo-meteorite,250 GM LOT OF CAMPO DEL CIELO METEORITE CRYSTALS FROM .5-30 Gm IN SIZE MIXTURE,125.0,2026-01-11,250.0,0.5,WorthPoint
campo-del-cielo-meteorite,Lot Of 5 Authentic Campo Del Cielo Meteorites Collection 18a,14.95,2026-01-10,,,WorthPoint
campo-del-cielo-meteorite,10.6 Grams CAMPO DEL CIELO METEORITE Polished Charm Pendant For A Necklace,12.99,2026-01-10,10.6,1.23,WorthPoint
campo-del-cielo-meteorite,Campo Del Cielo Meteorite 19.5 Grams,18.99,2026-01-10,19.5,0.97,WorthPoint
campo-del-cielo-meteorite,Campo Del Cielo Meteorite 18.3 Grams,18.99,2026-01-09,18.3,1.04,WorthPoint
campo-del-cielo-meteorite,50.2 Grams NEW CAMPO DEL CIELO METEORITE Polished + Certificate Of Authenticity,37.99,2026-01-09,50.2,0.76,WorthPoint
campo-del-cielo-meteorite,34.4 Grams CAMPO DEL CIELO METEORITE Polished With A Flat Side On It/ Info + COA,19.99,2026-01-09,34.4,0.58,WorthPoint
campo-del-cielo-meteorite,9.20 Gm Quality Campo Del Cielo Meteorite C. 1576 - Exact Lot 1550,18.0,2026-01-08,9.2,1.96,WorthPoint
campo-del-cielo-meteorite,72.7 Grams CAMPO DEL CIELO METEORITE Polished With A Flat Side On It/ Info + COA,39.99,2026-01-08,72.7,0.55,WorthPoint
campo-del-cielo-meteorite,32 Gm Campo Del Cielo Meteorite Crystal Great Piece With Stand Jal,33.2,2026-01-08,32.0,1.04,WorthPoint
campo-del-cielo-meteorite,60.5 Grams CAMPO DEL CIELO METEORITE Polished With A Flat Side On It/ Info + COA,34.99,2026-01-08,60.5,0.58,WorthPoint
campo-del-cielo-meteorite,"2016 CAMPO DEL CIELO Meteorite 3oz $20 Silver Coin 333 Minted, 1 Of 12 PF-70",1200.0,2026-01-08,85.05,14.11,WorthPoint
campo-del-cielo-meteorite,35 Gm Campo Del Cielo Meteorite Crystal Great Piece With Stand Jal,33.2,2026-01-08,35.0,0.95,WorthPoint
campo-del-cielo-meteorite,"Authentic Space Meteorite - Campo Del Cielo Meteor Shower, Argentina, C. 2200 BC",10.44,2026-01-08,,,WorthPoint
campo-del-cielo-meteorite,65.8 Grams CAMPO DEL CIELO METEORITE Polished With A Flat Side On It/ Info + COA,37.99,2026-01-07,65.8,0.58,WorthPoint
campo-del-cielo-meteorite,33.3 Grams NEW CAMPO DEL CIELO METEORITE Polished + Certificate Of Authenticity,24.99,2026-01-07,33.3,0.75,WorthPoint
campo-del-cielo-meteorite,75.7 Grams CAMPO DEL CIELO METEORITE Polished With A Flat Side On It/ Info + COA,40.99,2026-01-07,75.7,0.54,WorthPoint
campo-del-cielo-meteorite,"Meteriorite Space Rock, Campo Del Cielo Argentina*",28.25,2026-01-07,,,WorthPoint
campo-del-cielo-meteorite,TWO! Small Campo Del Cielo METEORITE S 100% Authentic 13.2gr,16.99,2026-01-06,13.2,1.29,WorthPoint
campo-del-cielo-meteorite,Lot Of 5 Authentic Campo Del Cielo Meteorites Collection 13a,14.95,2026-01-05,,,WorthPoint
campo-del-cielo-meteorite,39.8 Grams NEW CAMPO DEL CIELO METEORITE Polished + Certificate Of Authenticity,29.99,2026-01-05,39.8,0.75,WorthPoint
campo-del-cielo-meteorite,14.8 Grams CAMPO DEL CIELO Iron METEORITE Polished + Certificate Of Authenticity,11.49,2026-01-05,14.8,0.78,WorthPoint
campo-del-cielo-meteorite,127.17 Carat Campo Del Cielo Meteorite From Argentina *VIDEO*,747.5,2026-01-05,25.434,29.39,WorthPoint
campo-del-cielo-meteorite,Meteorite Lot Of 5 With COA‚Äôs - Campo Del Cielo - Canyon Diablo - 30+ Lbs,3295.0,2026-01-04,,,WorthPoint
campo-del-cielo-meteorite,62.8 Grams CAMPO Del CIELO METEORITES ( 1 To 5 Grams Each ) Polished With A COA,39.99,2026-01-03,62.8,0.64,WorthPoint
campo-del-cielo-meteorite,73.8 Grams CAMPO DEL CIELO Iron METEORITE Polished + Certificate Of Authenticity,54.99,2026-01-02,73.8,0.75,WorthPoint
campo-del-cielo-meteorite,67.5 Grams NEW CAMPO DEL CIELO METEORITE Polished + Certificate Of Authenticity,49.99,2026-01-01,67.5,0.74,WorthPoint
campo-del-cielo-meteorite,Campo Del Cielo Meteorite Etched Slice Weight 44 Grams 1.75 Inches,66.0,2026-01-01,44.0,1.5,WorthPoint
campo-del-cielo-meteorite,38 Gm Campo Del Cielo Meteorite Crystal Great Piece With Stand Jal,37.95,2026-01-01,38.0,1.0,WorthPoint
campo-del-cielo-meteorite,Beautiful 260 Gm. Etched Campo Del Cielo Meteorite End Cut .57 Lbs.,236.55,2026-01-01,260.0,0.91,WorthPoint
campo-del-cielo-meteorite,94 Gm Campo Del Cielo Meteorite Crystal Great Piece With Stand Jal,94.95,2025-12-30,94.0,1.01,WorthPoint
campo-del-cielo-meteorite,Authentic Space Meteorite Campo Del Cielo Meteor Shower Argentina 2200 BC,6.74,2025-12-30,,,WorthPoint
campo-del-cielo-meteorite,1000 Gm LOT OF CAMPO DEL CIELO METEORITE CRYSTALS 1-3 GMS IN SIZE JAL,498.75,2025-12-30,1000.0,0.5,WorthPoint
campo-del-cielo-meteorite,500 Gm LOT OF CAMPO DEL CIELO METEORITE CRYSTALS 5-10 GMS IN SIZE 1/2 KILO JAL,251.75,2025-12-29,500.0,0.5,WorthPoint
campo-del-cielo-meteorite,61.3 Grams NEW CAMPO DEL CIELO METEORITE Polished + Certificate Of Authenticity,49.99,2025-12-29,61.3,0.82,WorthPoint
campo-del-cielo-meteorite,53 Grams NEW CAMPO DEL CIELO METEORITE Polished + Certificate Of Authenticity,42.99,2025-12-29,53.0,0.81,WorthPoint
campo-del-cielo-meteorite,11.3 Grams NEW CAMPO DEL CIELO METEORITE Polished + Certificate Of Authenticity,8.99,2025-12-29,11.3,0.8,WorthPoint
campo-del-cielo-meteorite,6.36 Grams~CAMPO DEL CIELO Iron METEORITE~CHRISTMAS TREE ORNAMENT/Pendant,7.79,2025-12-29,6.36,1.22,WorthPoint
campo-del-cielo-meteorite,4.67 Grams~CAMPO DEL CIELO Iron METEORITE~CHRISTMAS TREE ORNAMENT/Pendant,6.49,2025-12-29,4.67,1.39,WorthPoint
campo-del-cielo-meteorite,4.93 Grams~CAMPO DEL CIELO Iron METEORITE~CHRISTMAS TREE ORNAMENT/Pendant,6.49,2025-12-29,4.93,1.32,WorthPoint
campo-del-cielo-meteorite,78 Gm Campo Del Cielo Meteorite Crystal Great Piece With Stand Jal,75.95,2025-12-29,78.0,0.97,WorthPoint
campo-del-cielo-meteorite,Huge 1018 Gm Campo Del Cielo Meteorite Museum Collectors Grade 2.3 Lbs,1165.5,2025-12-29,1018.0,1.14,WorthPoint
campo-del-cielo-meteorite,7.68 Gm Quality Campo Del Cielo Meteorite C. 1576 - Exact Lot 1551,8.95,2025-12-29,7.68,1.17,WorthPoint
campo-del-cielo-meteorite,"Meteorite Specimen Campo Del Cielo, 32.05 Grams, Moving Piece, Astronomy Gift",57.6,2025-12-28,32.05,1.8,WorthPoint
campo-del-cielo-meteorite,5.84 Grams~CAMPO DEL CIELO Iron METEORITE~CHRISTMAS TREE ORNAMENT/Pendant,7.79,2025-12-28,5.84,1.33,WorthPoint
campo-del-cielo-meteorite,15.9 Gram CAMPO DEL CIELO Iron METEORITE Polished + Certificate Of Authenticity,11.99,2025-12-28,15.9,0.75,WorthPoint
campo-del-cielo-meteorite,Meteorite Campo Iron Nickel Large Big Piece 4600 Grams 007 Lowest Price On Ebay,499.0,2025-12-27,4600.0,0.11,WorthPoint
campo-del-cielo-meteorite,Meteorite And Display Cube 15.1 Gram Genuine Campo Del Cielo Meteorite With COA,44.99,2025-12-27,15.1,2.98,WorthPoint
campo-del-cielo-meteorite,Beautiful 648 Gm Campo Del Cielo Polished & Tumbled Meteorite 1.4 Lb,474.05,2025-12-27,648.0,0.73,WorthPoint
campo-del-cielo-meteorite,Campo Del Cielo Meteorite Flight Orientated !! 364 Grams Iron Nickel Meteorite,231.0,2025-12-27,364.0,0.63,WorthPoint
campo-del-cielo-meteorite,Lot Of 5 Authentic Campo Del Cielo Meteorites Collection 2a,14.95,2025-12-27,,,WorthPoint
campo-del-cielo-meteorite,420 Gram Campo Del Cielo Iron Nickel Meteorite Flight Orientated,289.0,2025-12-26,420.0,0.69,WorthPoint
campo-del-cielo-meteorite,"31.55 Gram Campo Del Cielo Argentina Meteorite, Iron From Outer Space # ME 524",23.75,2025-12-26,31.55,0.75,WorthPoint
campo-del-cielo-meteorite,"Campo Del Cielo Meteorite,Certified Iron Meteorite In Display Box",280.0,2025-12-25,,,WorthPoint
campo-del-cielo-meteorite,"CAMPO DEL CIELO METEORITE; .68 LBS., Heavy, 308 Grams",100.0,2025-12-25,308.0,0.32,WorthPoint
campo-del-cielo-meteorite,296 Gm Campo Del Cielo Polished & Tumbled Meteorite .7 Lb Silicate,199.45,2025-12-24,296.0,0.67,WorthPoint
campo-del-cielo-meteorite,62 Gm Campo Del Cielo Meteorite Crystal Great Piece With Stand Jal,64.95,2025-12-24,62.0,1.05,WorthPoint
campo-del-cielo-meteorite,4.85 Grams~CAMPO DEL CIELO Iron METEORITE~PENDANT~Cosmic Jewelry!,7.99,2025-12-24,4.85,1.65,WorthPoint
campo-del-cielo-meteorite,88.52 Gm Quality Campo Del Cielo Meteorite C. 1576 - Exact Lot 1561,28.95,2025-12-24,88.52,0.33,WorthPoint
campo-del-cielo-meteorite,"94.67 Gram Campo Del Cielo Argentina Meteorite, Iron From Outer Space # ME 708",59.0,2025-12-24,94.67,0.62,WorthPoint
campo-del-cielo-meteorite,Meteorites - 147g Campo Del Cielo Polished And Unfinished Slices,147.0,2025-12-23,147.0,1.0,WorthPoint
campo-del-cielo-meteorite,Campo Del Cielo Meteorite 38 Grams,28.99,2025-12-23,38.0,0.76,WorthPoint
campo-del-cielo-meteorite,Lg 980 Gm Campo Del Cielo Meteorite Aaa Grade 2.1 Lbs Stand,1075.5,2025-12-23,980.0,1.1,WorthPoint
campo-del-cielo-meteorite,5 -Authentic Real Meteorites Space Rock Campo Del Cielo Meteor Shower Argentina,25.0,2025-12-23,,,WorthPoint
campo-del-cielo-meteorite,18.14 Grams All 4 Campo Del Cielo Meteorites Christmas Tree Ornaments,15.0,2025-12-23,18.14,0.83,WorthPoint
campo-del-cielo-meteorite,Authentic Meteorite-space Rock Campo Del Cielo Argentina Discovered 1576ad,7.75,2025-12-22,,,WorthPoint
campo-del-cielo-meteorite,292 Gm New Campo Del Cielo Meteorite ;a Grade!! Beautiful Small Meteorite,331.74,2025-12-22,292.0,1.14,WorthPoint
campo-del-cielo-meteorite,12.2 Grams CAMPO DEL CIELO Iron METEORITE Polished + Certificate Of Authenticity,9.99,2025-12-22,12.2,0.82,WorthPoint
campo-del-cielo-meteorite,CAMPO DEL CIELO LARGE METEORITE With Certificate Of Authenticity (31-40g),34.99,2025-12-21,40.0,0.87,WorthPoint
campo-del-cielo-meteorite,GENUINE CAMPO DE CIELO METEORITE PIECE - 2.7 X 1.4 X 1.0 Cms 8.72 Gms #11,22.66,2025-12-21,8.72,2.6,WorthPoint
campo-del-cielo-meteorite,GENUINE CAMPO DE CIELO METEORITE PIECE - 1.8 X 1.5 X 0.9 Cms 6.42 Gms #10,19.99,2025-12-21,6.42,3.11,WorthPoint
campo-del-cielo-meteorite,61.9 Grams NEW CAMPO DEL CIELO METEORITE Polished + Certificate Of Authenticity,49.99,2025-12-21,61.9,0.81,WorthPoint
campo-del-cielo-meteorite,Campo Del Cielo Meteorite Etched Slice Weight 39.4 Grams 1.75 Inches,59.0,2025-12-21,39.4,1.5,WorthPoint
campo-del-cielo-meteorite,Larger! Campo Del Cielo METEORITE 100% Natural Fell In Argentina 40.0gr,39.99,2025-12-21,40.0,1.0,WorthPoint
campo-del-cielo-meteorite,8.21 Gm Quality Campo Del Cielo Meteorite C. 1576 - Exact Lot 1559,8.95,2025-12-21,8.21,1.09,WorthPoint
campo-del-cielo-meteorite,132 Gm. Las Palmas Campo Meteorite ; Museum Gd. Burn Hole,949.99,2025-12-21,132.0,7.2,WorthPoint
campo-del-cielo-meteorite,Campo Del Cielo METEORITE 100% Natural Fell In Argentina 30.3gr,31.99,2025-12-21,30.3,1.06,WorthPoint
campo-del-cielo-meteorite,39.6 Grams NEW CAMPO DEL CIELO METEORITE Polished + Certificate Of Authenticity,30.99,2025-12-21,39.6,0.78,WorthPoint
campo-del-cielo-meteorite,5.81 Gm Quality Campo Del Cielo Meteorite C. 1576 - Exact Lot 1369,8.95,2025-12-21,5.81,1.54,WorthPoint
campo-del-cielo-meteorite,90.27 Gm Quality Campo Del Cielo Meteorite C. 1576 - Exact Lot 1560,28.95,2025-12-20,90.27,0.32,WorthPoint
campo-del-cielo-meteorite,8.55 Grams CAMPO DEL CIELO METEORITE Polished Charm Pendant For A Necklace,11.99,2025-12-20,8.55,1.4,WorthPoint
campo-del-cielo-meteorite,Campo Del Cielo Genuine Iron Nickel Meteorite Pendant Necklace 6.51 Grams,22.27,2025-12-19,6.51,3.42,WorthPoint
campo-del-cielo-meteorite,25.9 Grams All 8 CAMPO Del CIELO METEORITES Polished Charms Pendants With A COA,23.99,2025-12-19,25.9,0.93,WorthPoint
campo-del-cielo-meteorite,Campo Del Cielo Iron Meteorite Fragment 0.95 Grams With Case And Info Card,12.8,2025-12-19,0.95,13.47,WorthPoint
campo-del-cielo-meteorite,Lot Of THREE! Small Campo Del Cielo Meteorites 100% Authentic 14.9gr,20.99,2025-12-19,14.9,1.41,WorthPoint
campo-del-cielo-meteorite,"Meteorite Nugget Specimen Campo Del Cielo, 59.13g, Moving Piece, Astronomy Gift",88.8,2025-12-19,59.13,1.5,WorthPoint
campo-del-cielo-meteorite,15.8 Grams CAMPO DEL CIELO Iron METEORITE Polished + Certificate Of Authenticity,11.99,2025-12-19,15.8,0.76,WorthPoint
campo-del-cielo-meteorite,18.06 Grams NEW CAMPO DEL CIELO METEORITE Polished + Certificate Of Authenticity,14.49,2025-12-19,18.06,0.8,WorthPoint
campo-del-cielo-meteorite,14.91 Grams CAMPO DEL CIELO METEORITE Polished Charm Pendant For A Necklace,13.99,2025-12-18,14.91,0.94,WorthPoint
campo-del-cielo-meteorite,Campo Del Cielo Meteorite 100% Natural FELL In Argentina 16.1gr,23.99,2025-12-18,16.1,1.49,WorthPoint
campo-del-cielo-meteorite,38.1 Grams NEW CAMPO DEL CIELO METEORITE Polished + Certificate Of Authenticity,29.99,2025-12-18,38.1,0.79,WorthPoint
campo-del-cielo-meteorite,83.81 Gm Quality Campo Del Cielo Meteorite C. 1576 - Exact Lot 1562,32.0,2025-12-18,83.81,0.38,WorthPoint
campo-del-cielo-meteorite,AMAZING UNIQUELY SHAPED 429g CAMPO IRON METEORITE COVERED IN THUMBPRINTS!,325.0,2025-12-18,429.0,0.76,WorthPoint
campo-del-cielo-meteorite,Campo Del Cielo METEORITE 100% Natural FELL In Argentina 12.9gr,19.99,2025-12-18,12.9,1.55,WorthPoint
campo-del-cielo-meteorite,83.24 Gram - Campo Del Cielo - Iron Meteorite Crystal - Found In Argentina,84.0,2025-12-18,83.24,1.01,WorthPoint
campo-del-cielo-meteorite,Campo Del Cielo Meteorite 20‚Äì30g ‚Äì Real Space Rock Nugget Holiday Science Giftüåå,38.98,2025-12-17,30.0,1.3,WorthPoint
campo-del-cielo-meteorite,93.45 Gram - Campo Del Cielo - Iron Meteorite Crystal - Found In Argentina,75.2,2025-12-17,93.45,0.8,WorthPoint
campo-del-cielo-meteorite,Authentic Campo Del Cielo Meteorite,350.0,2025-12-17,,,WorthPoint
campo-del-cielo-meteorite,5.33 Grams~CAMPO DEL CIELO Iron METEORITE~CHRISTMAS TREE ORNAMENT/Pendant,6.49,2025-12-17,5.33,1.22,WorthPoint
campo-del-cielo-meteorite,64.8 Grams NEW CAMPO DEL CIELO METEORITE Polished + Certificate Of Authenticity,46.99,2025-12-17,64.8,0.73,WorthPoint
campo-del-cielo-meteorite,Larger! Campo Del Cielo Meteorite 100% Natural From Argentina 37.0gr,37.99,2025-12-17,37.0,1.03,WorthPoint
campo-del-cielo-meteorite,8.57 Grams NEW CAMPO DEL CIELO METEORITE Polished Charm Pendant For A Necklace,9.99,2025-12-17,8.57,1.17,WorthPoint
campo-del-cielo-meteorite,87.7 Grams NEW CAMPO DEL CIELO METEORITE Polished + Certificate Of Authenticity,64.99,2025-12-17,87.7,0.74,WorthPoint
campo-del-cielo-meteorite,Meteorite Campo Iron Nickel Large Big Piece Of 1769 Grams 016 Lowest Price On E,799.0,2025-12-17,1769.0,0.45,WorthPoint
campo-del-cielo-meteorite,Lot Of 5 Authentic Campo Del Cielo Meteorites Collection 14a,6.9,2025-12-17,,,WorthPoint
campo-del-cielo-meteorite,124.00 Gm Quality Campo Del Cielo Meteorite C. 1576 - Exact Lot 1563,29.95,2025-12-17,124.0,0.24,WorthPoint
campo-del-cielo-meteorite,7.70 Gm Quality Campo Del Cielo Meteorite C. 1576 - Exact Lot 1558,8.95,2025-12-17,7.7,1.16,WorthPoint
campo-del-cielo-meteorite,15.7 Grams~CAMPO DEL CIELO Iron METEORITE~Pendant NECKLACE~Cosmic Jewelry!,29.99,2025-12-17,15.7,1.91,WorthPoint
campo-del-cielo-meteorite,250 GM LOT OF CAMPO DEL CIELO METEORITE CRYSTALS FROM 10-15 Gm IN SIZE,128.25,2025-12-16,250.0,0.51,WorthPoint
campo-del-cielo-meteorite,250 GRS LOT OF CAMPO DEL CIELO METEORITE CRYSTALS FROM 5-10 Gm IN SIZE,128.25,2025-12-16,250.0,0.51,WorthPoint
campo-del-cielo-meteorite,Lot Of 12 Authentic Meteorite Space Rock Campo Del Cielo Argentina 1576 AD,46.01,2025-12-16,,,WorthPoint
campo-del-cielo-meteorite,85.88 Gram - Campo Del Cielo - Iron Meteorite Crystal - Found In Argentina,68.0,2025-12-16,85.88,0.79,WorthPoint
campo-del-cielo-meteorite,Campo Del Cielo METEORITE 100% Natural FELL In Argentina 11.3gr,19.99,2025-12-16,11.3,1.77,WorthPoint
campo-del-cielo-meteorite,37.6 Grams NEW CAMPO DEL CIELO METEORITE Polished + Certificate Of Authenticity,28.99,2025-12-16,37.6,0.77,WorthPoint
campo-del-cielo-meteorite,110.00 Gm Quality Campo Del Cielo Meteorite C. 1576 - Exact Lot 1564,28.95,2025-12-16,110.0,0.26,WorthPoint
campo-del-cielo-meteorite,9.52 Gm Quality Campo Del Cielo Meteorite C. 1576 - Exact Lot 1554,8.95,2025-12-16,9.52,0.94,WorthPoint
campo-del-cielo-meteorite,12.6 Grams CAMPO DEL CIELO Iron METEORITE Polished + Certificate Of Authenticity,9.99,2025-12-15,12.6,0.79,WorthPoint
campo-del-cielo-meteorite,36.2 Grams NEW CAMPO DEL CIELO METEORITE Polished + Certificate Of Authenticity,28.99,2025-12-15,36.2,0.8,WorthPoint
campo-del-cielo-meteorite,Lot Of 5 Authentic Campo Del Cielo Meteorites Collection 12a,6.9,2025-12-15,,,WorthPoint
campo-del-cielo-meteorite,Campo Del Cielo Argentina 3 Gram Meteorite Fragment,20.0,2025-12-15,3.0,6.67,WorthPoint
campo-del-cielo-meteorite,68.29 Gm Quality Campo Del Cielo Meteorite C. 1576 - Exact Lot 1565,29.95,2025-12-15,68.29,0.44,WorthPoint
campo-del-cielo-meteorite,Meteorite And Display Cube 11.8 Gram Genuine Campo Del Cielo Meteorite With COA,37.99,2025-12-15,11.8,3.22,WorthPoint
campo-del-cielo-meteorite,5.00 Grams~CAMPO DEL CIELO Iron METEORITE~CHRISTMAS TREE ORNAMENT/Pendant,6.49,2025-12-14,5.0,1.3,WorthPoint
campo-del-cielo-meteorite,1000 Gm LOT OF CAMPO DEL CIELO METEORITE CRYSTALS 20-30 GMS IN SIZE 1 KILO JAL,498.75,2025-12-14,1000.0,0.5,WorthPoint
campo-del-cielo-meteorite,45 Gm BABY CAMPO DEL CIELO METEORITE BEAUTIFUL AA GRADE METEORITE JAL,56.05,2025-12-14,45.0,1.25,WorthPoint
campo-del-cielo-meteorite,190 Gm Campo Del Cielo Polished & Tumbled Meteorite .41 Lb,189.95,2025-12-14,190.0,1.0,WorthPoint
campo-del-cielo-meteorite,78.07 Gram - Campo Del Cielo - Iron Meteorite Crystal - Found In Argentina,66.3,2025-12-14,78.07,0.85,WorthPoint
campo-del-cielo-meteorite,Lot Of 5 Authentic Campo Del Cielo Meteorites Collection 11a,6.9,2025-12-14,,,WorthPoint
campo-del-cielo-meteorite,6.58 Grams CAMPO DEL CIELO METEORITE Polished Charm Pendant For A Necklace,9.99,2025-12-14,6.58,1.52,WorthPoint
campo-del-cielo-meteorite,Campo Del Cielo Meteorite 100% Natural FELL In Argentina 13.3gr,22.99,2025-12-13,13.3,1.73,WorthPoint
campo-del-cielo-meteorite,78.5 Grams NEW CAMPO DEL CIELO METEORITE Polished + Certificate Of Authenticity,60.99,2025-12-13,78.5,0.78,WorthPoint
campo-del-cielo-meteorite,82.5 Grams NEW CAMPO DEL CIELO METEORITE Polished + Certificate Of Authenticity,69.99,2025-12-13,82.5,0.85,WorthPoint
campo-del-cielo-meteorite,11.1 Grams CAMPO DEL CIELO METEORITE Pendant M-6,11.99,2025-12-13,11.1,1.08,WorthPoint
campo-del-cielo-meteorite,8.6 Grams CAMPO DEL CIELO METEORITE Pendant M-11,10.99,2025-12-13,8.6,1.28,WorthPoint
campo-del-cielo-meteorite,11.1 Grams CAMPO DEL CIELO METEORITE Pendant M-5,11.99,2025-12-13,11.1,1.08,WorthPoint
campo-del-cielo-meteorite,15.1 Grams CAMPO DEL CIELO METEORITE Polished Charm Pendant For A Necklace,13.99,2025-12-13,15.1,0.93,WorthPoint
campo-del-cielo-meteorite,78.2 Grams NEW CAMPO DEL CIELO METEORITE Polished + Certificate Of Authenticity,60.99,2025-12-13,78.2,0.78,WorthPoint
campo-del-cielo-meteorite,12.8 Grams CAMPO DEL CIELO Iron METEORITE Polished + Certificate Of Authenticity,9.99,2025-12-13,12.8,0.78,WorthPoint
campo-del-cielo-meteorite,Lot Of 5 Authentic Campo Del Cielo Meteorites Collection 10a,6.9,2025-12-13,,,WorthPoint
campo-del-cielo-meteorite,"544 Gm. Campo Del Cielo Individual Meteorite Aaa Gd, 1.2 Lbs. Std Beautiful Jal",616.55,2025-12-13,544.0,1.13,WorthPoint
campo-del-cielo-meteorite,57.90 Gm Quality Campo Del Cielo Meteorite C. 1576 - Exact Lot 1567,28.95,2025-12-13,57.9,0.5,WorthPoint
campo-del-cielo-meteorite,5.82 Grams~CAMPO DEL CIELO Iron METEORITE~Pendant NECKLACE~Cosmic Jewelry!,14.99,2025-12-13,5.82,2.58,WorthPoint
campo-del-cielo-meteorite,"Campo Del Cielo Meteorite Piece, From Argentina",39.99,2025-12-13,,,WorthPoint
campo-del-cielo-meteorite,95.27 Gram - Campo Del Cielo - Iron Meteorite Crystal - Found In Argentina,81.6,2025-12-12,95.27,0.86,WorthPoint
campo-del-cielo-meteorite,Lg 181 Gm Campo Del Cielo Meteorite Aaa Grade .4 Lbs Stand,179.1,2025-12-12,181.0,0.99,WorthPoint
campo-del-cielo-meteorite,INDIVIDUAL BEAUTIFUL 36g CAMPO DEL CIELO IRON METEORITE FRAGMENT!,32.0,2025-12-12,36.0,0.89,WorthPoint
campo-del-cielo-meteorite,Highest Quality Lot! Best Ever! New Campo Meteorite Shattered Crystals 500 Gms,250.0,2025-12-12,500.0,0.5,WorthPoint
campo-del-cielo-meteorite,"""Campo Del Cielo Meteorite Pendant Necklace On A 24"""" Snake Chain, Argentina""",29.99,2025-12-12,,,WorthPoint
campo-del-cielo-meteorite,11.9 Grams CAMPO DEL CIELO Iron METEORITE Polished + Certificate Of Authenticity,8.99,2025-12-12,11.9,0.76,WorthPoint
campo-del-cielo-meteorite,176 Gm Campo Del Cielo Polished & Tumbled Etched Meteorite .4 Lb,237.45,2025-12-12,176.0,1.35,WorthPoint
campo-del-cielo-meteorite,18.12 Grams NEW CAMPO DEL CIELO METEORITE Polished + Certificate Of Authenticity,14.49,2025-12-12,18.12,0.8,WorthPoint
campo-del-cielo-meteorite,500 Gm LOT OF CAMPO DEL CIELO METEORITE CRYSTALS 3-5 GMS IN SIZE 1/2 KILO JAL,239.16,2025-12-12,500.0,0.48,WorthPoint
campo-del-cielo-meteorite,125 Gm LOT OF CAMPO DEL CIELO METEORITE CRYSTALS 15-20 GMS IN SIZE 1/8 KILO JAL,66.5,2025-12-12,125.0,0.53,WorthPoint
campo-del-cielo-meteorite,"Large 5400 Gm Campo Del Cielo Meteorite Museum Collectors Grade, 12 Pounds",1495.0,2025-12-12,5400.0,0.28,WorthPoint
campo-del-cielo-meteorite,Space Meteorite Fragment Campo Del Cielo Meteor Shower Argentina C. 2200 BC,43.2,2025-12-12,,,WorthPoint
campo-del-cielo-meteorite,Campo Del Cielo Meteorite 100% Natural From Argentina 20.3gr,29.99,2025-12-11,20.3,1.48,WorthPoint
campo-del-cielo-meteorite,Campo Del Cielo Meteorite 100% Natural FELL In Argentina 18.8gr,24.99,2025-12-11,18.8,1.33,WorthPoint
campo-del-cielo-meteorite,Campo Del Cielo Meteorite 100% Natural FELL In Argentina 24.8gr,29.99,2025-12-11,24.8,1.21,WorthPoint
campo-del-cielo-meteorite,Campo Del Cielo Meteorite 100% Natural FELL In Argentina 17.8gr,24.99,2025-12-11,17.8,1.4,WorthPoint
campo-del-cielo-meteorite,13.1 Grams CAMPO DEL CIELO METEORITE Polished Charm Pendant For A Necklace,15.99,2025-12-11,13.1,1.22,WorthPoint
campo-del-cielo-meteorite,Authentic Space Meteorite - Campo Del Cielo Meteor Shower Argentina 2200 Bc,5.95,2025-12-11,,,WorthPoint
campo-del-cielo-meteorite,"Campo Del Cielo Iron Meteorite ‚Äì Authentic Space Rock, Certified And Historical",18.0,2025-12-11,,,WorthPoint
campo-del-cielo-meteorite,Lot Of 5 Authentic Campo Del Cielo Meteorites Collection 8a,8.05,2025-12-11,,,WorthPoint
campo-del-cielo-meteorite,"Beautiful Campo Del Cielo Meteorite Specimen 38.26 Grams, Astronomy Gift, Space",57.6,2025-12-10,38.26,1.51,WorthPoint
campo-del-cielo-meteorite,10.4 Grams CAMPO DEL CIELO METEORITE Polished Charm Pendant For A Necklace,12.99,2025-12-10,10.4,1.25,WorthPoint
campo-del-cielo-meteorite,9.37 Grams CAMPO DEL CIELO METEORITE Polished Charm Pendant For A Necklace,12.99,2025-12-10,9.37,1.39,WorthPoint
campo-del-cielo-meteorite,8.87 Gm Quality Campo Del Cielo Meteorite C. 1576 - Exact Lot 1361,8.95,2025-12-10,8.87,1.01,WorthPoint
campo-del-cielo-meteorite,Lg 408 Gm Campo Del Cielo Meteorite Aa Grade .9 Lbs Stand,422.1,2025-12-10,408.0,1.03,WorthPoint
campo-del-cielo-meteorite,Meteorite And Display Cube 7.0 Gram Genuine Campo Del Cielo Meteorite With COA,29.99,2025-12-10,7.0,4.28,WorthPoint
campo-del-cielo-meteorite,INDIVIDUAL BEAUTIFUL LARGE 97g CAMPO DEL CIELO IRON METEORITE FRAGMENT!,87.0,2025-12-10,97.0,0.9,WorthPoint
campo-del-cielo-meteorite,Lot Of 5 Authentic Campo Del Cielo Meteorites Collection 7a,6.9,2025-12-10,,,WorthPoint
campo-del-cielo-meteorite,63.5 Grams NEW CAMPO DEL CIELO METEORITE Polished + Certificate Of Authenticity,50.99,2025-12-10,63.5,0.8,WorthPoint
campo-del-cielo-meteorite,59.4 Grams NEW CAMPO DEL CIELO METEORITE Polished + Certificate Of Authenticity,45.99,2025-12-10,59.4,0.77,WorthPoint
campo-del-cielo-meteorite,60.6 Grams NEW CAMPO DEL CIELO METEORITE Polished + Certificate Of Authenticity,45.99,2025-12-10,60.6,0.76,WorthPoint
campo-del-cielo-meteorite,9.62 Grams~CAMPO DEL CIELO Iron METEORITE~Pendant NECKLACE~Cosmic Jewelry!,19.99,2025-12-10,9.62,2.08,WorthPoint
campo-del-cielo-meteorite,Flight Orientated Campo Del Cielo Meteorite 1327 Grams Iron Nickel Meteorite,734.0,2025-12-10,1327.0,0.55,WorthPoint
campo-del-cielo-meteorite,Campo Del Cielo Large Iron Nickel Meteorite Big Piece Meteor Asteroid Space Rock,62.99,2025-12-10,,,WorthPoint
campo-del-cielo-meteorite,About 33.10 Grams Authentic NEW CAMPO DEL CIELO METEORITE,28.95,2025-12-10,33.1,0.87,WorthPoint
campo-del-cielo-meteorite,35.3 Grams Authentic CAMPO DEL CIELO METEORITE,31.99,2025-12-10,35.3,0.91,WorthPoint
campo-del-cielo-meteorite,Campo Del Cielo Meteorite Etched Slice Weight 30.1 Grams 1.75 Inches,45.0,2025-12-09,30.1,1.5,WorthPoint
campo-del-cielo-meteorite,X262-351) 9+ G Campo Del Cielo Iron Meteorite 1576 Octahedrite Fragment Specimen,22.99,2025-12-09,,,WorthPoint
campo-del-cielo-meteorite,44 Gm Campo Del Cielo Meteorite Crystal Great Piece With Stand Jal,42.7,2025-12-09,44.0,0.97,WorthPoint
campo-del-cielo-meteorite,67.4 Grams NEW CAMPO DEL CIELO METEORITE Polished + Certificate Of Authenticity,52.99,2025-12-09,67.4,0.79,WorthPoint
campo-del-cielo-meteorite,84.4 Grams NEW CAMPO DEL CIELO METEORITE Polished + Certificate Of Authenticity,63.99,2025-12-09,84.4,0.76,WorthPoint
campo-del-cielo-meteorite,67.7 Grams NEW CAMPO DEL CIELO METEORITE Polished + Certificate Of Authenticity,54.0,2025-12-09,67.7,0.8,WorthPoint
campo-del-cielo-meteorite,87.2 Grams NEW CAMPO DEL CIELO METEORITE Polished + Certificate Of Authenticity,64.99,2025-12-09,87.2,0.75,WorthPoint
campo-del-cielo-meteorite,6.02 Gm Quality Campo Del Cielo Meteorite C. 1576 - Exact Lot 1367,8.95,2025-12-09,6.02,1.49,WorthPoint
campo-del-cielo-meteorite,9.19 Gm Quality Campo Del Cielo Meteorite C. 1576 - Exact Lot 1353,10.5,2025-12-09,9.19,1.14,WorthPoint
campo-del-cielo-meteorite,11.66 Grams NEW CAMPO DEL CIELO METEORITE Polished + Certificate Of Authenticity,8.99,2025-12-09,11.66,0.77,WorthPoint
campo-del-cielo-meteorite,17.42 Grams NEW CAMPO DEL CIELO METEORITE Polished + Certificate Of Authenticity,13.49,2025-12-08,17.42,0.77,WorthPoint
campo-del-cielo-meteorite,Campo Del Cielo Meteorite 47.1 Gram,34.99,2025-12-08,47.1,0.74,WorthPoint
campo-del-cielo-meteorite,96.54 Gram - Campo Del Cielo - Iron Meteorite Crystal - Found In Argentina,96.0,2025-12-08,96.54,0.99,WorthPoint
campo-del-cielo-meteorite,Larger Campo Del Cielo Meteorite 100% Natural From Argentina 21.3gr,29.99,2025-12-08,21.3,1.41,WorthPoint
campo-del-cielo-meteorite,Lot Of 5 Authentic Campo Del Cielo Meteorites Collection 5a,11.5,2025-12-08,,,WorthPoint
campo-del-cielo-meteorite,10.02 Gm Quality Campo Del Cielo Meteorite C. 1576 - Exact Lot 1354,8.95,2025-12-08,10.02,0.89,WorthPoint
campo-del-cielo-meteorite,6pc Campo Del Cielo Meteorite Specimens Iron Nickel Meteorites Argentina Lot,26.0,2025-12-08,,,WorthPoint
campo-del-cielo-meteorite,19.48 Grams NEW CAMPO DEL CIELO METEORITE Polished + Certificate Of Authenticity,15.49,2025-12-07,19.48,0.8,WorthPoint
campo-del-cielo-meteorite,96.63 Gram - Campo Del Cielo - Iron Meteorite Crystal - Found In Argentina,82.45,2025-12-07,96.63,0.85,WorthPoint
campo-del-cielo-meteorite,6.40 Grams NEW CAMPO DEL CIELO METEORITE Polished Charm Pendant For A Necklace,9.99,2025-12-07,6.4,1.56,WorthPoint
campo-del-cielo-meteorite,810 GM. CAMPO DEL CIELO METEORITE ; B GRADE; BEAUTIFUL ;1.78 + Pounds; CHEAP!!,474.95,2025-12-07,810.0,0.59,WorthPoint
campo-del-cielo-meteorite,696 Gm Campo Del Cielo Meteorite Aa Grade 1.5 Lbs Low Low Price Beautiful Lg,629.1,2025-12-07,696.0,0.9,WorthPoint
campo-del-cielo-meteorite,41.7 Grams NEW CAMPO DEL CIELO METEORITE Polished + Certificate Of Authenticity,31.99,2025-12-07,41.7,0.77,WorthPoint
campo-del-cielo-meteorite,15 Grams CAMPO DEL CIELO Iron METEORITE Polished + Certificate Of Authenticity,11.99,2025-12-07,15.0,0.8,WorthPoint
campo-del-cielo-meteorite,Lot Of 5 Authentic Campo Del Cielo Meteorites Collection 4a,12.5,2025-12-07,,,WorthPoint
campo-del-cielo-meteorite,10.24 Gm Quality Campo Del Cielo Meteorite C. 1576 - Exact Lot 1355,10.5,2025-12-07,10.24,1.03,WorthPoint
campo-del-cielo-meteorite,"Meteorite Specimen Campo Del Cielo, 48.10 Grams, Iron Meteorite, Astronomy Gift",70.4,2025-12-06,48.1,1.46,WorthPoint
campo-del-cielo-meteorite,Lot Of 5 Authentic Campo Del Cielo Meteorites Collection 3a,14.5,2025-12-06,,,WorthPoint
campo-del-cielo-meteorite,9.35 Gm Quality Campo Del Cielo Meteorite C. 1576 - Exact Lot 1356,9.5,2025-12-06,9.35,1.02,WorthPoint
campo-del-cielo-meteorite,16.18 Grams NEW CAMPO DEL CIELO METEORITE Polished + Certificate Of Authenticity,13.49,2025-12-05,16.18,0.83,WorthPoint
campo-del-cielo-meteorite,72.9 Grams Of 6 NEW CAMPO DEL CIELO METEORITE Christmas Tree Ornaments With COA,38.99,2025-12-05,72.9,0.53,WorthPoint
campo-del-cielo-meteorite,16.3 Grams NEW CAMPO DEL CIELO METEORITE Polished + Certificate Of Authenticity,13.49,2025-12-05,16.3,0.83,WorthPoint
campo-del-cielo-meteorite,18.5 Grams NEW CAMPO DEL CIELO METEORITE Polished + Certificate Of Authenticity,14.49,2025-12-05,18.5,0.78,WorthPoint
campo-del-cielo-meteorite,38.9 Grams All 6 CAMPO Del CIELO METEORITES Christmas Tree Ornaments With A COA,27.99,2025-12-05,38.9,0.72,WorthPoint
campo-del-cielo-meteorite,9.29 Gm Quality Campo Del Cielo Meteorite C. 1576 - Exact Lot 1357,9.5,2025-12-05,9.29,1.02,WorthPoint
campo-del-cielo-meteorite,Meteorite And Display Cube 7.1 Gram Genuine Campo Del Cielo Meteorite With COA,29.99,2025-12-05,7.1,4.22,WorthPoint
campo-del-cielo-meteorite,Meteorite And Display Cube 6.3 Gram Genuine Campo Del Cielo Meteorite With COA,34.99,2025-12-05,6.3,5.55,WorthPoint
campo-del-cielo-meteorite,65.6 Grams NEW CAMPO DEL CIELO METEORITE Polished + Certificate Of Authenticity,55.99,2025-12-04,65.6,0.85,WorthPoint
campo-del-cielo-meteorite,67.3 Grams NEW CAMPO DEL CIELO METEORITE Polished + Certificate Of Authenticity,56.99,2025-12-04,67.3,0.85,WorthPoint
campo-del-cielo-meteorite,63.3 Grams NEW CAMPO DEL CIELO METEORITE Polished + Certificate Of Authenticity,53.0,2025-12-04,63.3,0.84,WorthPoint
campo-del-cielo-meteorite,67.6 Grams NEW CAMPO DEL CIELO METEORITE Polished + Certificate Of Authenticity,55.99,2025-12-04,67.6,0.83,WorthPoint
campo-del-cielo-meteorite,63.7 Grams NEW CAMPO DEL CIELO METEORITE Polished + Certificate Of Authenticity,48.99,2025-12-04,63.7,0.77,WorthPoint
campo-del-cielo-meteorite,Lot Of 5 Authentic Campo Del Cielo Meteorites Collection 1a,15.5,2025-12-04,,,WorthPoint
campo-del-cielo-meteorite,6.20 Gm Quality Campo Del Cielo Meteorite C. 1576 - Exact Lot 1358,8.95,2025-12-04,6.2,1.44,WorthPoint
campo-del-cielo-meteorite,638 Gm. Campo Del Cielo Meteorite Aa Grade 1.4 Lbs Stand Cleaned,474.96,2025-12-03,638.0,0.74,WorthPoint
campo-del-cielo-meteorite,9.60 Gm Quality Campo Del Cielo Meteorite C. 1576 - Exact Lot 1360,8.95,2025-12-03,9.6,0.93,WorthPoint
campo-del-cielo-meteorite,37.7 Grams NEW CAMPO DEL CIELO METEORITE Polished + Certificate Of Authenticity,28.99,2025-12-03,37.7,0.77,WorthPoint
campo-del-cielo-meteorite,66.8 Grams NEW CAMPO DEL CIELO METEORITE Polished + Certificate Of Authenticity,51.99,2025-12-03,66.8,0.78,WorthPoint
campo-del-cielo-meteorite,4.33 Grams~CAMPO DEL CIELO Iron METEORITE~PENDANT~Cosmic Jewelry!,10.99,2025-12-03,4.33,2.54,WorthPoint
campo-del-cielo-meteorite,3.95 Grams~CAMPO DEL CIELO Iron METEORITE~PENDANT~Cosmic Jewelry!,10.99,2025-12-03,3.95,2.78,WorthPoint
campo-del-cielo-meteorite,Lot Of 5 Authentic Campo Del Cielo Meteorites Collection 21a,7.5,2025-12-03,,,WorthPoint
campo-del-cielo-meteorite,250 Gm LOT OF CAMPO DEL CIELO METEORITE CRYSTALS 30-50 GMS IN SIZE 1/4 KILO JAL,128.25,2025-12-03,250.0,0.51,WorthPoint
campo-del-cielo-meteorite,15.2 Grams CAMPO DEL CIELO METEORITE Pendant M-15,15.99,2025-12-02,15.2,1.05,WorthPoint
campo-del-cielo-meteorite,Genuine Meteorite And Display Cube 11.1 Gram Campo Del Cielo Meteorite With COA,34.99,2025-12-02,11.1,3.15,WorthPoint
campo-del-cielo-meteorite,16.48 Grams NEW CAMPO DEL CIELO METEORITE Polished + Certificate Of Authenticity,13.49,2025-12-02,16.48,0.82,WorthPoint
campo-del-cielo-meteorite,Ancient & Medieval World Coins With Campo Del Cielo Meteorite,37.38,2025-12-02,,,WorthPoint
campo-del-cielo-meteorite,Meteorite Necklace W/ Chain Campo Del Cielo 5.2 Grams -Authentic,19.99,2025-12-01,5.2,3.84,WorthPoint
campo-del-cielo-meteorite,Campo Del Cielo Meteorite 100% Natural From Argentina 19.2gr,27.99,2025-12-01,19.2,1.46,WorthPoint
campo-del-cielo-meteorite,Lot Of 6 Authentic Meteorite Space Rock Campo Del Cielo & NWA Nickel Iron,50.47,2025-12-01,,,WorthPoint
campo-del-cielo-meteorite,Lot Of 5 Authentic Campo Del Cielo Meteorites Collection 19a,6.9,2025-12-01,,,WorthPoint
campo-del-cielo-meteorite,9.52 Grams CAMPO DEL CIELO METEORITE Polished Charm Pendant For A Necklace,10.99,2025-12-01,9.52,1.15,WorthPoint
campo-del-cielo-meteorite,4.48 Grams CAMPO DEL CIELO METEORITE Polished Charm Pendant For A Necklace,9.99,2025-12-01,4.48,2.23,WorthPoint
campo-del-cielo-meteorite,7.63 Grams CAMPO DEL CIELO METEORITE Polished Charm Pendant For A Necklace,10.99,2025-12-01,7.63,1.44,WorthPoint
campo-del-cielo-meteorite,Meteorites - 124g Campo Del Cielo Assorted Cut Pieces,49.95,2025-11-30,124.0,0.4,WorthPoint
campo-del-cielo-meteorite,Meteorites - 73g Campo Del Cielo Assorted Small Slices,24.95,2025-11-30,73.0,0.34,WorthPoint
campo-del-cielo-meteorite,7.81 Grams CAMPO DEL CIELO METEORITE Polished Charm Pendant For A Necklace,8.99,2025-11-30,7.81,1.15,WorthPoint
campo-del-cielo-meteorite,Meteorite Campo Iron Nickel Large Big Piece 549 Grams 018 Lowest Price On Ebay,199.0,2025-11-29,549.0,0.36,WorthPoint
campo-del-cielo-meteorite,28.72 Grams All 8 CAMPO Del CIELO METEORITES Polished Charms Pendants With A COA,25.99,2025-11-29,28.72,0.9,WorthPoint
campo-del-cielo-meteorite,66.9 Grams NEW CAMPO DEL CIELO METEORITE Polished + Certificate Of Authenticity,55.99,2025-11-29,66.9,0.84,WorthPoint
campo-del-cielo-meteorite,Campo Del Cielo METEORITE 100% Natural Fell In Argentina 27.6gr,29.99,2025-11-29,27.6,1.09,WorthPoint
campo-del-cielo-meteorite,19.4 Grams NEW CAMPO DEL CIELO METEORITE Polished + Certificate Of Authenticity,15.49,2025-11-29,19.4,0.8,WorthPoint
campo-del-cielo-meteorite,‚ú∞ Iron Stone Meteorite Campo Del Cielo Meteor Comet Rock's üî•Black Friday Sale!,20.5,2025-11-29,,,WorthPoint
campo-del-cielo-meteorite,76.44 Gram - Campo Del Cielo - Iron Meteorite Crystal - Found In Argentina,65.45,2025-11-29,76.44,0.86,WorthPoint
campo-del-cielo-meteorite,Lot Of 5 Authentic Campo Del Cielo Meteorites Collection 17a,8.5,2025-11-29,,,WorthPoint
campo-del-cielo-meteorite,(x262-74) 5 G Campo Del Cielo Iron Meteorite 1576 Shrapnel Fragment Specimen,10.49,2025-11-29,5.0,2.1,WorthPoint
campo-del-cielo-meteorite,X262-350) 9 G Campo Del Cielo Iron Meteorite 1576 Octahedrite Fragment Specimen,16.09,2025-11-29,9.0,1.79,WorthPoint
campo-del-cielo-meteorite,28.4 Grams All 8 CAMPO Del CIELO METEORITES Polished Charms Pendants With A COA,24.99,2025-11-28,28.4,0.88,WorthPoint
campo-del-cielo-meteorite,558 Gm. Campo Del Cielo Meteorite Aaa Grade Beautiful Meteorite 1.23lbs,629.1,2025-11-28,558.0,1.13,WorthPoint
campo-del-cielo-meteorite,390 Gm Campo Del Cielo Polished & Tumbled Meteorite .9 Lb Silicate,260.95,2025-11-28,390.0,0.67,WorthPoint
campo-del-cielo-meteorite,Lot Of 5 Authentic Campo Del Cielo Meteorites Collection 16a,6.9,2025-11-28,,,WorthPoint
campo-del-cielo-meteorite,224 Gm Campo Del Cielo Polished & Tumbled Etched Meteorite .5 Lb Silicate,242.95,2025-11-28,224.0,1.08,WorthPoint
campo-del-cielo-meteorite,Campo Del Cielo Meteorite,149.0,2025-11-27,,,WorthPoint
campo-del-cielo-meteorite,342 Gm . CAMPO DEL CIELO METEORITE; A GRADE ; .75 LBS.,314.1,2025-11-27,342.0,0.92,WorthPoint
campo-del-cielo-meteorite,388 Gm. New Campo Del Cielo Meteorite ;.85 Lbs Aaa Grade Very Few Left,359.96,2025-11-27,388.0,0.93,WorthPoint
campo-del-cielo-meteorite,Lot Of 5 Authentic Campo Del Cielo Meteorites Collection 15a,12.5,2025-11-27,,,WorthPoint
campo-del-cielo-meteorite,Beautiful 222 Gm Campo Del Cielo Polished & Tumbled Etched Meteorite,179.95,2025-11-27,222.0,0.81,WorthPoint
campo-del-cielo-meteorite,1412 Gm. Campo Del Cielo Meteorite ; Aa Grade! Beautiful Meteorite; 3.1 Lbs,842.1,2025-11-27,1412.0,0.6,WorthPoint
campo-del-cielo-meteorite,Low Price! Super Shape! Campo Del Cielo Meteorite Shattered Crystal! 172 Gms,104.25,2025-11-26,172.0,0.61,WorthPoint
campo-del-cielo-meteorite,Huge 142 Gm Campo Del Cielo Meteorite Crystal Great Piece W/ Stand .31 Lb Jal,141.55,2025-11-26,142.0,1.0,WorthPoint
campo-del-cielo-meteorite,Genuine Meteorite In Display Box | Campo Del Cielo Meteorite | Certified,235.0,2025-11-26,,,WorthPoint
campo-del-cielo-meteorite,Meteorite Campo Del Cielo Strike Iron Nickle Argentina 2 Mm 11.3 Grams JL72,15.99,2025-11-26,11.3,1.42,WorthPoint
campo-del-cielo-meteorite,4.98 Grams CAMPO DEL CIELO METEORITE Polished Charm Pendant For A Necklacey,9.99,2025-11-26,4.98,2.01,WorthPoint
campo-del-cielo-meteorite,36 Grams All 8 CAMPO Del CIELO METEORITES Polished Charms Pendants With A COA,29.99,2025-11-26,36.0,0.83,WorthPoint
campo-del-cielo-meteorite,Campo Del Cielo METEORITE 100% Natural Fell In Argentina 23.7gr,29.99,2025-11-26,23.7,1.27,WorthPoint
campo-del-cielo-meteorite,5.09 Grams CAMPO DEL CIELO METEORITE Polished Charm Pendant For A Necklace + COA,6.99,2025-11-26,5.09,1.37,WorthPoint
campo-del-cielo-meteorite,Genuine Authentic Space Meteorite From Campo Del Cielo Meteor Shower Argentina,11.0,2025-11-25,,,WorthPoint
campo-del-cielo-meteorite,90.00 Gram - Campo Del Cielo - Iron Meteorite Crystal - Found In Argentina,76.5,2025-11-25,90.0,0.85,WorthPoint
campo-del-cielo-meteorite,250 Gm LOT OF CAMPO DEL CIELO METEORITE CRYSTALS 3-5 GMS IN SIZE 1/4 KILO JAL,121.84,2025-11-25,250.0,0.49,WorthPoint
campo-del-cielo-meteorite,84.97 Gram - Campo Del Cielo - Iron Meteorite Crystal - Found In Argentina,72.25,2025-11-25,84.97,0.85,WorthPoint
campo-del-cielo-meteorite,15.7 Grams NEW CAMPO DEL CIELO METEORITE Polished + Certificate Of Authenticity,12.49,2025-11-25,15.7,0.8,WorthPoint
campo-del-cielo-meteorite,‚òÜ Sm. Campo Del Cielo Nickel Iron Meteorite Pendant Necklace Meteor Space Rock ‚òÜ,17.77,2025-11-24,,,WorthPoint
campo-del-cielo-meteorite,13.1 Grams CAMPO DEL CIELO METEORITE Pendant M-13,13.99,2025-11-24,13.1,1.07,WorthPoint
campo-del-cielo-meteorite,20.8 Grams NEW CAMPO DEL CIELO METEORITE Polished + Certificate Of Authenticity,16.49,2025-11-24,20.8,0.79,WorthPoint
campo-del-cielo-meteorite,Meteorite Campo Iron Nickel Large Big Piece 6050 Grams 005 Lowest Price On Ebay,1490.0,2025-11-24,6050.0,0.25,WorthPoint
campo-del-cielo-meteorite,6.12 Grams NEW CAMPO DEL CIELO METEORITE Polished Charm Pendant For A Necklace,9.99,2025-11-24,6.12,1.63,WorthPoint
campo-del-cielo-meteorite,28.7 Grams All 8 CAMPO Del CIELO METEORITES Polished Charms Pendants With A COA,26.99,2025-11-24,28.7,0.94,WorthPoint
campo-del-cielo-meteorite,68.2 Grams NEW CAMPO DEL CIELO METEORITE Polished + Certificate Of Authenticity,55.99,2025-11-24,68.2,0.82,WorthPoint
campo-del-cielo-meteorite,16.7 Grams NEW CAMPO DEL CIELO METEORITE Polished + Certificate Of Authenticity,11.99,2025-11-24,16.7,0.72,WorthPoint
campo-del-cielo-meteorite,Campo Del Cielo METEORITE 100% Natural Fell In Argentina 33.6gr,34.99,2025-11-24,33.6,1.04,WorthPoint
campo-del-cielo-meteorite,77.17 Gram - Campo Del Cielo - Iron Meteorite Crystal - Found In Argentina,65.45,2025-11-23,77.17,0.85,WorthPoint
campo-del-cielo-meteorite,500 GRS LOT OF CAMPO DEL CIELO METEORITE CRYSTALS FROM 50-100 Gm IN SIZE,251.75,2025-11-23,500.0,0.5,WorthPoint
campo-del-cielo-meteorite,"Authentic Space Meteorite: Campo Del Cielo, Argentina - Circa 2200 BC",8.0,2025-11-22,,,WorthPoint
campo-del-cielo-meteorite,Meteorite Campo Iron Nickel Large Big Piece 2260 Grams 013 Best Price On Ebay,800.0,2025-11-22,2260.0,0.35,WorthPoint
campo-del-cielo-meteorite,214.59 G - Campo Del Cielo - Iron Meteorite 5 Slices - UGLY NEED RE-POLISH/ETCH,182.75,2025-11-22,214.59,0.85,WorthPoint
campo-del-cielo-meteorite,"TEN Campo Del Cielo Meteorite Pendant Pieces, From Argentina",49.99,2025-11-22,,,WorthPoint
campo-del-cielo-meteorite,Lot Of 7 Meteorites - 5 Campo Del Cielo And 2 North West Africa 7a,9.95,2025-11-22,,,WorthPoint
campo-del-cielo-meteorite,CAMPO Del Cielo METEORITE Pendant Or Necklace...a Falling Star! Argentina 1.95,15.99,2025-11-22,,,WorthPoint
campo-del-cielo-meteorite,Genuine Meteorite And Display Cube 16.2 Gram Campo Del Cielo Meteorite With COA,39.99,2025-11-21,16.2,2.47,WorthPoint
campo-del-cielo-meteorite,Huge 165 Gm Campo Del Cielo Meteorite Crystal Great Piece W/ Stand .36 Lb Jal,160.55,2025-11-21,165.0,0.97,WorthPoint
campo-del-cielo-meteorite,Lot Of 5 Authentic Campo Del Cielo Meteorites Collection 9a,7.4,2025-11-21,,,WorthPoint
campo-del-cielo-meteorite,AUTHENTIC METEORITE SPACE ROCK From CAMPO DEL CIELO ARGENTINA 1576 AD,15.0,2025-11-21,,,WorthPoint
campo-del-cielo-meteorite,CAMPO DEL CIELO NICKEL IRON METEORITE PIECE METEOR SPACE ROCK ASTEROID SHARD 5g,12.95,2025-11-21,5.0,2.59,WorthPoint
campo-del-cielo-meteorite,Campo Del Cielo Iron Meteorite Crystal: Under 2 Grams,11.0,2025-11-20,2.0,5.5,WorthPoint
campo-del-cielo-meteorite,Meteorite And Display Cube 6.1 Gram Genuine Campo Del Cielo Meteorite With COA,29.99,2025-11-20,6.1,4.92,WorthPoint
campo-del-cielo-meteorite,14.2 Grams~CAMPO DEL CIELO Iron METEORITE~Fell In Argentina!,14.99,2025-11-20,14.2,1.06,WorthPoint
campo-del-cielo-meteorite,12.95 Grams NEW CAMPO DEL CIELO METEORITE Polished + Certificate Of Authenticity,10.49,2025-11-20,12.95,0.81,WorthPoint
campo-del-cielo-meteorite,Meteorite And Display Cube 6.5 Gram Genuine Campo Del Cielo Meteorite With COA,29.99,2025-11-20,6.5,4.61,WorthPoint
campo-del-cielo-meteorite,AUTHENTIC METEORITE üí• CAMPO DEL CIELO ARGENTINA 1576 AD üí• With COA üí•,9.95,2025-11-20,,,WorthPoint
campo-del-cielo-meteorite,Campo Del Cielo Meteorite Pendant ‚Äì Genuine Iron From Space With Certificate,39.0,2025-11-20,,,WorthPoint
campo-del-cielo-meteorite,Campo Del Cielo Large Iron Nickel Meteorite Piece Meteor Big Space Rock Asteroid,32.95,2025-11-20,,,WorthPoint
campo-del-cielo-meteorite,7.79 Grams CAMPO DEL CIELO METEORITE Polished Charm Pendant For A Necklace,9.99,2025-11-20,7.79,1.28,WorthPoint
campo-del-cielo-meteorite,6.50 Grams NEW CAMPO DEL CIELO METEORITE Polished Charm Pendant For A Necklace,9.99,2025-11-20,6.5,1.54,WorthPoint
campo-del-cielo-meteorite,Meteorite And Display Cube 11.1 Gram Genuine Campo Del Cielo Meteorite With COA,34.99,2025-11-20,11.1,3.15,WorthPoint
campo-del-cielo-meteorite,‚òÑÔ∏èUnique Campo Del Cielo Meteorite 2-3g Real Space Rock! 4.6 BILLION YRS OLD!(P),6.95,2025-11-20,3.0,2.32,WorthPoint
campo-del-cielo-meteorite,7.23 Gm Quality Campo Del Cielo Meteorite C. 1576 - Exact Lot 1372,8.95,2025-11-20,7.23,1.24,WorthPoint
campo-del-cielo-meteorite,500 Gm LOT OF CAMPO DEL CIELO METEORITE CRYSTALS. 20-30 GMS IN SIZE JAL,251.75,2025-11-19,500.0,0.5,WorthPoint
campo-del-cielo-meteorite,18.41 Grams NEW CAMPO DEL CIELO METEORITE Polished + Certificate Of Authenticity,13.99,2025-11-19,18.41,0.76,WorthPoint
campo-del-cielo-meteorite,125 Gm LOT OF CAMPO DEL CIELO METEORITE CRYSTALS 1-3 GMS IN SIZE LOW PRICE JAL,66.5,2025-11-19,125.0,0.53,WorthPoint
campo-del-cielo-meteorite,6.11 Gm Quality Campo Del Cielo Meteorite C. 1576 - Exact Lot 1380,8.95,2025-11-19,6.11,1.46,WorthPoint
campo-del-cielo-meteorite,7.06 Gm Quality Campo Del Cielo Meteorite C. 1576 - Exact Lot 1373,8.95,2025-11-19,7.06,1.27,WorthPoint
campo-del-cielo-meteorite,"Meteorite Specimen Campo Del Cielo, 30.48 Grams, Iron Meteorite, Astronomy Gift",47.2,2025-11-19,30.48,1.55,WorthPoint
campo-del-cielo-meteorite,"Meteorite Specimen Campo Del Cielo, 86.90 Grams, Iron Meteorite, Astronomy Gift",129.6,2025-11-19,86.9,1.49,WorthPoint
campo-del-cielo-meteorite,250 Gm LOT OF CAMPO DEL CIELO METEORITE CRYSTALS 0-1 GMS IN SIZE LOW PRICE JAL,128.25,2025-11-18,250.0,0.51,WorthPoint
campo-del-cielo-meteorite,6.52 Gm Quality Campo Del Cielo Meteorite C. 1576 - Exact Lot 1374,18.5,2025-11-18,6.52,2.84,WorthPoint
campo-del-cielo-meteorite,Meteorites - 74g Campo Del Cielo Assorted Small Slices,24.95,2025-11-17,74.0,0.34,WorthPoint
campo-del-cielo-meteorite,‚òÑÔ∏èUnique Campo Del Cielo Meteorite 1-2g Real Space Rock! 4.6 BILLION YRS OLD!(E),5.95,2025-11-17,2.0,2.98,WorthPoint
campo-del-cielo-meteorite,14.7 Grams CAMPO DEL CIELO METEORITE Pendant M-2,14.99,2025-11-17,14.7,1.02,WorthPoint
campo-del-cielo-meteorite,13.8 Grams NEW CAMPO DEL CIELO METEORITE Polished + Certificate Of Authenticity,10.99,2025-11-17,13.8,0.8,WorthPoint
campo-del-cielo-meteorite,7.99 Gm Quality Campo Del Cielo Meteorite C. 1576 - Exact Lot 1375,8.95,2025-11-17,7.99,1.12,WorthPoint
campo-del-cielo-meteorite,"Genuine Campo Del Cielo Meteorite, 7.2g",50.0,2025-11-16,7.2,6.94,WorthPoint
campo-del-cielo-meteorite,Campo Del Cielo Meteorites. Set Of Four Specimens W/ Certificate Of Authenticity,20.0,2025-11-16,,,WorthPoint
campo-del-cielo-meteorite,6.50 Gm Quality Campo Del Cielo Meteorite C. 1576 - Exact Lot 1376,8.95,2025-11-16,6.5,1.38,WorthPoint
campo-del-cielo-meteorite,87.3 Grams NEW CAMPO DEL CIELO METEORITE Polished + Certificate Of Authenticity,64.99,2025-11-16,87.3,0.74,WorthPoint
campo-del-cielo-meteorite,78.58 Gram - Campo Del Cielo - Iron Meteorite Crystal - Found In Argentina,66.3,2025-11-16,78.58,0.84,WorthPoint
campo-del-cielo-meteorite,Authentic Real Meteorite Space Rock Campo Del Cielo Meteor Shower Argentina,5.0,2025-11-16,,,WorthPoint
campo-del-cielo-meteorite,5.28 Grams~CAMPO DEL CIELO Iron METEORITE~Fell In Argentina!,5.99,2025-11-16,5.28,1.13,WorthPoint
campo-del-cielo-meteorite,12.2 Grams CAMPO DEL CIELO METEORITE Pendant M-16,12.99,2025-11-15,12.2,1.06,WorthPoint
campo-del-cielo-meteorite,Low Price! Super Shape! Big Campo Del Cielo Meteorite Shattered Crystal! 134 Gms,78.75,2025-11-15,134.0,0.59,WorthPoint
campo-del-cielo-meteorite,Genuine Meteorite And Display Cube 8.8 Gram Campo Del Cielo Meteorite With COA,32.99,2025-11-15,8.8,3.75,WorthPoint
campo-del-cielo-meteorite,96.38 Gram - Campo Del Cielo - Iron Meteorite Crystal - Found In Argentina,81.92,2025-11-15,96.38,0.85,WorthPoint
campo-del-cielo-meteorite,6.62 Gm Quality Campo Del Cielo Meteorite C. 1576 - Exact Lot 1384,8.95,2025-11-15,6.62,1.35,WorthPoint
campo-del-cielo-meteorite,7.25 Gm Quality Campo Del Cielo Meteorite C. 1576 - Exact Lot 1377,8.95,2025-11-15,7.25,1.23,WorthPoint
campo-del-cielo-meteorite,500 Gm LOT OF CAMPO DEL CIELO METEORITE CRYSTALS 0-1 GMS IN SIZE LOW PRICE JAL,249.38,2025-11-14,500.0,0.5,WorthPoint
campo-del-cielo-meteorite,"Authentic Sealed Campo Del Cielo Meteorite Collection, 4 Fragments Argentina",6.99,2025-11-14,,,WorthPoint
campo-del-cielo-meteorite,614 GM. CAMPO DEL CIELO METEORITE A GRADE 1.35 Lbs. CHEAP! CLEANED SILICATE,449.1,2025-11-14,614.0,0.73,WorthPoint
campo-del-cielo-meteorite,108 Grams NEW CAMPO DEL CIELO METEORITE Light Rust Showing Can Be Cleaned Off.,59.99,2025-11-14,108.0,0.56,WorthPoint
campo-del-cielo-meteorite,6.98 Gm Quality Campo Del Cielo Meteorite C. 1576 - Exact Lot 1378,8.95,2025-11-14,6.98,1.28,WorthPoint
campo-del-cielo-meteorite,392 Gm . CAMPO DEL CIELO METEORITE; BEAUTIFU AAA GRADE METEORITE!! .9+ LBS,422.28,2025-11-14,392.0,1.08,WorthPoint
campo-del-cielo-meteorite,1146 GM. CAMPO DEL CIELO METEORITE MED GRADE LARGE METEORITE 2.5 Lbs.,680.1,2025-11-13,1146.0,0.59,WorthPoint
campo-del-cielo-meteorite,1- Pair Of Campo Del Cielo Meteorite Crystal Pendants 8-10 Gms Each No Chain Jal,18.0,2025-11-13,10.0,1.8,WorthPoint
campo-del-cielo-meteorite,Meteorites - 4 Campo Del Cielo Dust/Cuttings Specimen Vials,47.95,2025-11-13,,,WorthPoint
campo-del-cielo-meteorite,33.4 Grams NEW CAMPO DEL CIELO METEORITE Polished + Certificate Of Authenticity,27.49,2025-11-13,33.4,0.82,WorthPoint
campo-del-cielo-meteorite,15.6 Grams NEW CAMPO DEL CIELO METEORITE Polished + Certificate Of Authenticity,12.49,2025-11-13,15.6,0.8,WorthPoint
campo-del-cielo-meteorite,19.9 Grams NEW CAMPO DEL CIELO METEORITE Polished + Certificate Of Authenticity,14.99,2025-11-13,19.9,0.75,WorthPoint
campo-del-cielo-meteorite,6.95 Gm Quality Campo Del Cielo Meteorite C. 1576 - Exact Lot 1379,10.01,2025-11-13,6.95,1.44,WorthPoint
campo-del-cielo-meteorite,1636 Gm. Campo Del Cielo Meteorite ; Med. Grade Cleaned; 3.46 Lbs.; Cheap!,809.1,2025-11-12,1636.0,0.49,WorthPoint
campo-del-cielo-meteorite,5.94 Grams~CAMPO DEL CIELO Iron METEORITE~Pendant NECKLACE~Cosmic Jewelry!,14.99,2025-11-12,5.94,2.52,WorthPoint
campo-del-cielo-meteorite,12.4 Grams CAMPO DEL CIELO METEORITE Pendant M-33,12.99,2025-11-12,12.4,1.05,WorthPoint
campo-del-cielo-meteorite,13.3 Grams CAMPO DEL CIELO METEORITE Pendant M-14,13.99,2025-11-12,13.3,1.05,WorthPoint
campo-del-cielo-meteorite,Campo Del Cielo Meteorite 100% Natural From Argentina 26.7gr,29.99,2025-11-12,26.7,1.12,WorthPoint
campo-del-cielo-meteorite,69.1 Grams NEW CAMPO DEL CIELO METEORITE Has A Polished Flat Side With A COA,34.99,2025-11-12,69.1,0.51,WorthPoint
campo-del-cielo-meteorite,64.7 Grams NEW CAMPO DEL CIELO METEORITE Polished + Certificate Of Authenticity,49.99,2025-11-11,64.7,0.77,WorthPoint
campo-del-cielo-meteorite,6.23 Grams CAMPO DEL CIELO METEORITE Polished Charm Pendant For A Necklace,8.99,2025-11-11,6.23,1.44,WorthPoint
campo-del-cielo-meteorite,Meteorites - 72g Campo Del Cielo Assorted Small Slices,24.95,2025-11-11,72.0,0.35,WorthPoint
campo-del-cielo-meteorite,Meteorites - 17.3g Campo Del Cielo Small Pieces Specimen Vial,17.95,2025-11-11,17.3,1.04,WorthPoint
campo-del-cielo-meteorite,Meteorites - 125g Campo Del Cielo Assorted Cut Pieces,49.95,2025-11-11,125.0,0.4,WorthPoint
campo-del-cielo-meteorite,1709 Gm. Campo Del Cielo Meteorite Aa Grade 3.8 Lb Stand,310.0,2025-11-11,1709.0,0.18,WorthPoint
campo-del-cielo-meteorite,Campo Del Cielo Nickel Iron Meteorite Pendant Necklace Piece Meteor Space Rock,27.95,2025-11-11,,,WorthPoint
campo-del-cielo-meteorite,6.35 Grams CAMPO DEL CIELO METEORITE Polished Charm Pendant For A Necklace,7.99,2025-11-11,6.35,1.26,WorthPoint
campo-del-cielo-meteorite,Lot Of 5 Authentic Campo Del Cielo Meteorites Collection 20a,15.5,2025-11-11,,,WorthPoint
campo-del-cielo-meteorite,Campo Del Cielo Iron Nickel Meteorite Argentina 19.57 Grams,29.75,2025-11-11,19.57,1.52,WorthPoint
campo-del-cielo-meteorite,7.08 Gm Quality Campo Del Cielo Meteorite C. 1576 - Exact Lot 1381,8.95,2025-11-11,7.08,1.26,WorthPoint
campo-del-cielo-meteorite,"""Campo Del Cielo Meteorite Pendant Necklace On A 24"""" Link Chain, Argentina""",25.99,2025-11-10,,,WorthPoint
campo-del-cielo-meteorite,Meteorite Lot Campo Del Cielo Northwest Africa NWA Nickel Iron Space Rocks,45.42,2025-11-10,,,WorthPoint
campo-del-cielo-meteorite,500 Gm LOT OF CAMPO DEL CIELO METEORITE CRYSTALS 50-100 GMS IN SIZE JAL,251.75,2025-11-10,500.0,0.5,WorthPoint
campo-del-cielo-meteorite,500 Gm LOT OF CAMPO DEL CIELO METEORITE CRYSTALS 30-50 GMS IN SIZE 1/2 KILO JAL,251.75,2025-11-10,500.0,0.5,WorthPoint
campo-del-cielo-meteorite,7.32 Gm Quality Campo Del Cielo Meteorite C. 1576 - Exact Lot 1382,8.95,2025-11-10,7.32,1.22,WorthPoint
campo-del-cielo-meteorite,82.96 Gram - Campo Del Cielo - Iron Meteorite Crystal - Found In Argentina,85.0,2025-11-10,82.96,1.02,WorthPoint
campo-del-cielo-meteorite,1244 GM. NEW CAMPO DEL CIELO METEORITE ; AA+ GRADE!! 2.7+ Pound CLEANED,750.0,2025-11-10,1244.0,0.6,WorthPoint
campo-del-cielo-meteorite,340 Gm . CAMPO DEL CIELO METEORITE AAA GRADE .75 LBS. JAL,323.0,2025-11-10,340.0,0.95,WorthPoint
campo-del-cielo-meteorite,68.6 Grams NEW CAMPO DEL CIELO METEORITE Has A Polished Flat Side With A COA,34.99,2025-11-09,68.6,0.51,WorthPoint
campo-del-cielo-meteorite,AUTHENTIC METEORITE SPACE ROCK CAMPO DEL CIELO ARGENTINA 1576 AD. Slab ID Varies,11.99,2025-11-09,,,WorthPoint
campo-del-cielo-meteorite,35.1 Grams NEW CAMPO DEL CIELO METEORITE Polished + Certificate Of Authenticity,28.49,2025-11-08,35.1,0.81,WorthPoint
campo-del-cielo-meteorite,13.55 Grams NEW CAMPO DEL CIELO METEORITE Polished + Certificate Of Authenticity,10.99,2025-11-08,13.55,0.81,WorthPoint
campo-del-cielo-meteorite,Original Meteorite - Campo Del Cielo Site - With Display Case FREE SHIPPING G,14.0,2025-11-07,,,WorthPoint
campo-del-cielo-meteorite,12.84 Grams NEW CAMPO DEL CIELO METEORITE Polished + Certificate Of Authenticity,10.49,2025-11-07,12.84,0.82,WorthPoint
campo-del-cielo-meteorite,Campo Del Cielo Meteorite 40 Grams,29.99,2025-11-07,40.0,0.75,WorthPoint
campo-del-cielo-meteorite,18.74 Grams NEW CAMPO DEL CIELO METEORITE Polished + Certificate Of Authenticity,14.99,2025-11-07,18.74,0.8,WorthPoint
campo-del-cielo-meteorite,Campo Del Cielo Meteorite Pendant,184.0,2025-11-06,,,WorthPoint
campo-del-cielo-meteorite,Meteorite And Display Cube 7.5 Gram Genuine Campo Del Cielo Meteorite With COA,29.99,2025-11-06,7.5,4.0,WorthPoint
campo-del-cielo-meteorite,250 Gm LOT OF CAMPO DEL CIELO METEORITE CRYSTALS 10-15 GMS IN SIZE; JAL,128.25,2025-11-06,250.0,0.51,WorthPoint
campo-del-cielo-meteorite,114 Gm BABY CAMPO DEL CIELO METEORITE BEAUTIFUL B GRADE METEORITE JAL,143.1,2025-11-06,114.0,1.26,WorthPoint
campo-del-cielo-meteorite,6.36 Gm Quality Campo Del Cielo Meteorite C. 1576 - Exact Lot 1386,8.95,2025-11-06,6.36,1.41,WorthPoint
campo-del-cielo-meteorite,(2 Lot) Iron Meteorite 9.58g; 6.14g Campo Del Cielo #9027,25.0,2025-11-06,9.58,2.61,WorthPoint
campo-del-cielo-meteorite,17.9 Grams~CAMPO DEL CIELO Iron METEORITE~Fell In Argentina!,17.99,2025-11-05,17.9,1.01,WorthPoint
campo-del-cielo-meteorite,Possible Campo Del Cielo Meteorite With Natural Indentations,100.0,2025-11-05,,,WorthPoint
campo-del-cielo-meteorite,Meteorites - 100 Grams Of Campo Del Cielo Fine Dust Bulk Package,47.95,2025-11-05,100.0,0.48,WorthPoint
campo-del-cielo-meteorite,Meteorites - Campo Del Cielo Dust/Cuttings 100 Gram Quantity Lot,79.95,2025-11-05,100.0,0.8,WorthPoint
campo-del-cielo-meteorite,"Campo Del Cielo, Iron, IAB-MG Meteorite Found In Argentina 1576, 1655.9 Grams",650.0,2025-11-05,1655.9,0.39,WorthPoint
campo-del-cielo-meteorite,5.45 Gm Quality Campo Del Cielo Meteorite C. 1576 - Exact Lot 1387,8.95,2025-11-05,5.45,1.64,WorthPoint
campo-del-cielo-meteorite,4.32 Grams~CAMPO DEL CIELO Iron METEORITE~Pendant NECKLACE~Cosmic Jewelry!,19.99,2025-11-05,4.32,4.63,WorthPoint
campo-del-cielo-meteorite,7.26 Grams~CAMPO DEL CIELO Iron METEORITE~Pendant NECKLACE~Cosmic Jewelry!,19.99,2025-11-05,7.26,2.75,WorthPoint
campo-del-cielo-meteorite,Authentic Campo Del Cielo Meteorite Authenticated Certified Holder INB 1576 AD,12.5,2025-11-04,,,WorthPoint
campo-del-cielo-meteorite,Campo Del Cielo METEORITE Necklace ...a Falling Star! Argentina 2.67,16.99,2025-11-04,,,WorthPoint
campo-del-cielo-meteorite,19.8 Grams NEW CAMPO DEL CIELO METEORITE Polished + Certificate Of Authenticity,15.99,2025-11-04,19.8,0.81,WorthPoint
campo-del-cielo-meteorite,Meteorites Space Rock ALIEN SHAPE Campo Del Cielo Argentina Asteroid 221645457,12.45,2025-11-04,,,WorthPoint
campo-del-cielo-meteorite,Meteorite And Display Cube 10.5 Gram Genuine Campo Del Cielo Meteorite With COA,34.99,2025-11-04,10.5,3.33,WorthPoint
campo-del-cielo-meteorite,20.5 Grams NEW CAMPO DEL CIELO METEORITE Polished + Certificate Of Authenticity,14.99,2025-11-04,20.5,0.73,WorthPoint
campo-del-cielo-meteorite,36.7 Grams NEW CAMPO DEL CIELO METEORITE Polished + Certificate Of Authenticity,28.99,2025-11-04,36.7,0.79,WorthPoint
campo-del-cielo-meteorite,20.6 Grams NEW CAMPO DEL CIELO METEORITE Polished + Certificate Of Authenticity,14.99,2025-11-04,20.6,0.73,WorthPoint
campo-del-cielo-meteorite,18.21 Grams NEW CAMPO DEL CIELO METEORITE Polished + Certificate Of Authenticity,14.99,2025-11-04,18.21,0.82,WorthPoint
campo-del-cielo-meteorite,43.5 Grams NEW CAMPO DEL CIELO METEORITE Polished + Certificate Of Authenticity,34.99,2025-11-04,43.5,0.8,WorthPoint
campo-del-cielo-meteorite,20.9 Grams NEW CAMPO DEL CIELO METEORITE Polished + Certificate Of Authenticity,16.99,2025-11-04,20.9,0.81,WorthPoint
campo-del-cielo-meteorite,About 33 Grams Authentic NEW CAMPO DEL CIELO METEORITE,29.95,2025-11-03,33.0,0.91,WorthPoint
campo-del-cielo-meteorite,61.8 Grams NEW CAMPO DEL CIELO METEORITE Has A Polished Flat Side With A COA,32.99,2025-11-02,61.8,0.53,WorthPoint
campo-del-cielo-meteorite,Campo Del Cielo Iron Meteorite Large Pendant Necklace Charm Meteor Space Rock,39.95,2025-11-02,,,WorthPoint
campo-del-cielo-meteorite,93.47 Gram - Campo Del Cielo - Iron Meteorite Crystal - Found In Argentina,95.0,2025-11-01,93.47,1.02,WorthPoint
campo-del-cielo-meteorite,Campo Del Cielo Metorite 239 Grams,100.0,2025-11-01,239.0,0.42,WorthPoint
campo-del-cielo-meteorite,Large Campo Del Cielo Meteorite 4147.5 Grams,1000.0,2025-11-01,4147.5,0.24,WorthPoint
campo-del-cielo-meteorite,Campo Del Cielo Meteorite 1364 Grams,117.5,2025-11-01,1364.0,0.09,WorthPoint
campo-del-cielo-meteorite,18.55 Grams NEW CAMPO DEL CIELO METEORITE Polished + Certificate Of Authenticity,14.49,2025-11-01,18.55,0.78,WorthPoint
campo-del-cielo-meteorite,Campo Del Cielo Meteorite 140.3 G,189.99,2025-10-31,140.3,1.35,WorthPoint
campo-del-cielo-meteorite,3 Authentic Meteorites Campo Del Cielo Meteor Shower,29.9,2025-10-31,,,WorthPoint
campo-del-cielo-meteorite,Lot Of THREE! Smaller Campo Del Cielo METEORITE S 100% Authentic 18.4gr,21.99,2025-10-31,18.4,1.2,WorthPoint
campo-del-cielo-meteorite,Campo Del Cielo Iron Nickel Meteorite Argentina 3.92 Grams,12.75,2025-10-30,3.92,3.25,WorthPoint
campo-del-cielo-meteorite,Campo Del Cielo Iron Nickel Meteorite Argentina 16.26 Grams,32.75,2025-10-30,16.26,2.01,WorthPoint
campo-del-cielo-meteorite,53.2 Grams NEW CAMPO DEL CIELO METEORITE Polished + Certificate Of Authenticity,39.99,2025-10-30,53.2,0.75,WorthPoint
campo-del-cielo-meteorite,99.02 Gram - Campo Del Cielo - Iron Meteorite Crystal - Found In Argentina,99.0,2025-10-30,99.02,1.0,WorthPoint
campo-del-cielo-meteorite,Meteorite And Display Cube 9.9 Gram Genuine Campo Del Cielo Meteorite With COA,32.99,2025-10-29,9.9,3.33,WorthPoint
campo-del-cielo-meteorite,"Meteorite Specimen Campo Del Cielo, 20.32 Grams, Iron Meteorite, Astronomy Gift",39.0,2025-10-29,20.32,1.92,WorthPoint
campo-del-cielo-meteorite,141 Gm. Baby Campo Del Cielo Meteorite A+ Grade W Stand,152.1,2025-10-29,141.0,1.08,WorthPoint
campo-del-cielo-meteorite,14.13 Grams NEW CAMPO DEL CIELO METEORITE Polished + Certificate Of Authenticity,11.99,2025-10-29,14.13,0.85,WorthPoint
campo-del-cielo-meteorite,12.8 Grams NEW CAMPO DEL CIELO METEORITE Polished + Certificate Of Authenticity,10.49,2025-10-29,12.8,0.82,WorthPoint
campo-del-cielo-meteorite,12.9 Grams NEW CAMPO DEL CIELO METEORITE Polished + Certificate Of Authenticity,10.49,2025-10-29,12.9,0.81,WorthPoint
campo-del-cielo-meteorite,Meteorite Campo Iron Nickel Large Big Piece 453 Grams 019 Lowest Price On Ebay,199.0,2025-10-28,453.0,0.44,WorthPoint
campo-del-cielo-meteorite,34.3 Grams NEW CAMPO DEL CIELO METEORITE Polished + Certificate Of Authenticity,27.99,2025-10-28,34.3,0.82,WorthPoint
campo-del-cielo-meteorite,Huge 186 Gm Campo Del Cielo Meteorite Crystal Great Piece W/ Stand .41 Lb Jal,189.05,2025-10-28,186.0,1.02,WorthPoint
campo-del-cielo-meteorite,47 Gm Campo Del Cielo Meteorite Crystal Great Piece With Stand Jal,47.45,2025-10-28,47.0,1.01,WorthPoint
campo-del-cielo-meteorite,180 Gm Baby Campo Del Cielo Meteorite A Grade! Stand Cleaned .4#,179.1,2025-10-28,180.0,0.99,WorthPoint
campo-del-cielo-meteorite,11.2 Grams CAMPO DEL CIELO METEORITE Pendant M-21,14.99,2025-10-27,11.2,1.34,WorthPoint
campo-del-cielo-meteorite,6.17 Grams CAMPO DEL CIELO METEORITE Polished Charm Pendant For A Necklace,8.99,2025-10-27,6.17,1.46,WorthPoint
campo-del-cielo-meteorite,81.10 Gram - Campo Del Cielo - Iron Meteorite Crystal - Found In Argentina,81.0,2025-10-27,81.1,1.0,WorthPoint
campo-del-cielo-meteorite,Vintage Campo Del Cielo Meteorite Charm 5/8‚Äù X 1/2‚Äù,6.99,2025-10-26,,,WorthPoint
campo-del-cielo-meteorite,18.3 Grams~CAMPO DEL CIELO Iron METEORITE~Fell In Argentina! Flat Side,14.99,2025-10-26,18.3,0.82,WorthPoint
campo-del-cielo-meteorite,Meteorite And Display Cube 8.3 Gram Genuine Campo Del Cielo Meteorite With COA,32.99,2025-10-26,8.3,3.97,WorthPoint
campo-del-cielo-meteorite,"CAMPO DEL CIELO METEORITE, MOLDAVITE & Pakimer Diamond NECKLACE!",79.99,2025-10-26,,,WorthPoint
campo-del-cielo-meteorite,"33.68 Gram Campo Del Cielo Argentina Meteorite, Iron From Outer Space # ME 600 B",31.0,2025-10-26,33.68,0.92,WorthPoint
campo-del-cielo-meteorite,20.7 Grams NEW CAMPO DEL CIELO METEORITE Polished + Certificate Of Authenticity,16.49,2025-10-25,20.7,0.8,WorthPoint
campo-del-cielo-meteorite,20 Grams NEW CAMPO DEL CIELO METEORITE Polished + Certificate Of Authenticity,16.49,2025-10-25,20.0,0.82,WorthPoint
campo-del-cielo-meteorite,500 GM LOT OF CAMPO DEL CIELO METEORITE CRYSTALS FROM 10-15 Gm IN SIZE,251.75,2025-10-25,500.0,0.5,WorthPoint
campo-del-cielo-meteorite,34.6 Grams NEW CAMPO DEL CIELO METEORITE Polished + Certificate Of Authenticity,27.99,2025-10-24,34.6,0.81,WorthPoint
campo-del-cielo-meteorite,7.22 Gm Quality Campo Del Cielo Meteorite C. 1576 - Exact Lot 1005,18.25,2025-10-24,7.22,2.53,WorthPoint
campo-del-cielo-meteorite,Meteorites - 70g Campo Del Cielo Assorted Small Slices,24.95,2025-10-23,70.0,0.36,WorthPoint
campo-del-cielo-meteorite,14 Grams NEW CAMPO DEL CIELO METEORITE Polished + Certificate Of Authenticity,10.99,2025-10-23,14.0,0.79,WorthPoint
campo-del-cielo-meteorite,9.892 Grams NEW CAMPO DEL CIELO METEORITE Polished + Certificate Of Authenticity,7.99,2025-10-23,9.892,0.81,WorthPoint
campo-del-cielo-meteorite,HUGE 23.5 Kgm CAMPO DEL CIELO METEORITE AAA GD METEORITE 51.7 LB SCULPTURED JAL,16195.5,2025-10-23,23500.0,0.69,WorthPoint
campo-del-cielo-meteorite,1 Campo Del Cielo Meteorite Necklace With Box Per Lot. 7 Grams,20.0,2025-10-23,7.0,2.86,WorthPoint
campo-del-cielo-meteorite,Meteorites - Campo Del Cielo Fine Dust Specimen Vial,10.95,2025-10-22,,,WorthPoint
campo-del-cielo-meteorite,Meteorites - Campo Del Cielo Dust/Cuttings Specimen Vial,12.95,2025-10-22,,,WorthPoint
campo-del-cielo-meteorite,"Meteorite Specimen Campo Del Cielo, 77.24 Grams, Iron Meteorite, Astronomy Gift",123.2,2025-10-22,77.24,1.6,WorthPoint
campo-del-cielo-meteorite,Meteorites - 65g Campo Del Cielo Assorted Small Slices,24.95,2025-10-22,65.0,0.38,WorthPoint
campo-del-cielo-meteorite,50 Campo Del Cielo Meteorites In This Lot,65.0,2025-10-22,,,WorthPoint
campo-del-cielo-meteorite,Flown Apollo 11 Kapton Foil And Campo Del Cielo With Crater-Like Regmaglypts,1250.0,2025-10-21,,,WorthPoint
campo-del-cielo-meteorite,4.52 Grams CAMPO DEL CIELO METEORITE Polished Charm Pendant For A Necklace + COA,5.99,2025-10-21,4.52,1.33,WorthPoint
campo-del-cielo-meteorite,350 Gm. Baby Campo Del Cielo Meteorite Museum Grade! Beautiful .8 Lbs. Cleaned,299.0,2025-10-21,350.0,0.85,WorthPoint
campo-del-cielo-meteorite,250 Gm LOT OF CAMPO DEL CIELO METEORITE CRYSTALS. 20-30 GMS IN SIZE 1/4 KG JAL,128.25,2025-10-20,250.0,0.51,WorthPoint
campo-del-cielo-meteorite,9.24 Grams CAMPO DEL CIELO METEORITE Polished Charm Pendant For A Necklace,11.99,2025-10-20,9.24,1.3,WorthPoint
campo-del-cielo-meteorite,1242 Gm. Campo Del Cielo Meteorite Aaa Grade Sculptured 2.7 Lb Cleaned,899.1,2025-10-19,1242.0,0.72,WorthPoint
campo-del-cielo-meteorite,Campo Del Cielo Meteorite Fragments Genuine Iron Nickel Space Rock Set Of 5,14.52,2025-10-19,,,WorthPoint
campo-del-cielo-meteorite,Meteorite Campo Iron Nickel Large Big Piece 1069 Grams 017 Lowest Price On Ebay,350.0,2025-10-18,1069.0,0.33,WorthPoint
campo-del-cielo-meteorite,5.92 Grams CAMPO DEL CIELO METEORITE Polished Charm Pendant For A Necklace,8.99,2025-10-18,5.92,1.52,WorthPoint
campo-del-cielo-meteorite,14.8 Grams NEW CAMPO DEL CIELO METEORITE Polished + Certificate Of Authenticity,10.49,2025-10-18,14.8,0.71,WorthPoint
campo-del-cielo-meteorite,112 Grams NEW CAMPO DEL CIELO METEORITE Polished + Certificate Of Authenticity,85.99,2025-10-18,112.0,0.77,WorthPoint
campo-del-cielo-meteorite,442 Gm. Campo Del Cielo Meteorite ; A Grade Meteorite 1 Pounds; Beautiful,302.1,2025-10-17,442.0,0.68,WorthPoint
campo-del-cielo-meteorite,"""Campo Del Cielo Iron Meteorite Piece 1"""" Holocene Argentina COA 6405""",34.95,2025-10-17,,,WorthPoint
campo-del-cielo-meteorite,Meteorite - Campo Del Cielo - Iron Meteorite - CDC-5057 - 5.26g - COA - Crystals,24.95,2025-10-17,5.26,4.74,WorthPoint
campo-del-cielo-meteorite,13.24 Grams NEW CAMPO DEL CIELO METEORITE Polished + Certificate Of Authenticity,10.49,2025-10-17,13.24,0.79,WorthPoint
campo-del-cielo-meteorite,2x Campo Del Cielo Authentic Space Meteorite 2200BC Slabbed + 7pc NWA Meteorite,25.0,2025-10-17,,,WorthPoint
campo-del-cielo-meteorite,Meteorite Campo Iron Nickel Mass Piece Of 12.150 Grams 025 Lowest Price On Ebay,10342.0,2025-10-16,12.15,851.19,WorthPoint
campo-del-cielo-meteorite,748 Gm CAMPO DEL CIELO METEORITE BEAUTIFUL BABY AAA GD METEORITE 1.68LBS JAL,809.1,2025-10-16,748.0,1.08,WorthPoint
campo-del-cielo-meteorite,Meteorites - 17.4g Campo Del Cielo Small Pieces Specimen Vial,17.95,2025-10-15,17.4,1.03,WorthPoint
campo-del-cielo-meteorite,9.92 Grams CAMPO DEL CIELO METEORITE Polished Charm Pendant For A Necklace,12.99,2025-10-15,9.92,1.31,WorthPoint
campo-del-cielo-meteorite,28.6 Grams All 8 CAMPO Del CIELO METEORITES Polished Charms Pendants With A COA,26.99,2025-10-15,28.6,0.94,WorthPoint
campo-del-cielo-meteorite,"84.33 Gram Campo Del Cielo Argentina Meteorite, Iron From Outer Space # ME 694 B",69.0,2025-10-15,84.33,0.82,WorthPoint
campo-del-cielo-meteorite,Beautiful 414 Gm Campo Del Cielo Polished & Tumbled Etched Meteorite,359.96,2025-10-15,414.0,0.87,WorthPoint
campo-del-cielo-meteorite,6.792 Grams CAMPO DEL CIELO METEORITE Polished Charm Pendant For A Necklace,9.99,2025-10-14,6.792,1.47,WorthPoint
campo-del-cielo-meteorite,1728 Gm. Campo Del Cielo Meteorite ; Aa Grade! Meteorite! 3.8 Lbs,1345.5,2025-10-13,1728.0,0.78,WorthPoint
campo-del-cielo-meteorite,1576 X 3 Pcs. METEORITE Slabbed Campo Del Cielo Meteor Space Rocks = 3 Pieces NR,16.99,2025-10-13,,,WorthPoint
campo-del-cielo-meteorite,125 Gm LOT OF CAMPO DEL CIELO METEORITE CRYSTALS 0-1 GMS IN SIZE LOW PRICE JAL,61.75,2025-10-12,125.0,0.49,WorthPoint
campo-del-cielo-meteorite,Campo Del Cielo Meteorite 33 Grams,24.99,2025-10-12,33.0,0.76,WorthPoint
campo-del-cielo-meteorite,About 34.6 Grams Authentic NEW CAMPO DEL CIELO METEORITE,27.95,2025-10-12,34.6,0.81,WorthPoint
campo-del-cielo-meteorite,Huge 137 Gm Campo Del Cielo Meteorite Crystal Great Piece With Stand .3 Lb Jal,132.05,2025-10-12,137.0,0.96,WorthPoint
campo-del-cielo-meteorite,63.7 Grams NEW CAMPO DEL CIELO METEORITE Has A Polished Flat Side With A COA,51.0,2025-10-12,63.7,0.8,WorthPoint
campo-del-cielo-meteorite,632 Gm CAMPO DEL CIELO METEORITE BEAUTIFUL AAA GRADE METEORIT 1.4 POUNDS,683.1,2025-10-11,632.0,1.08,WorthPoint
campo-del-cielo-meteorite,250 Gm LOT OF CAMPO DEL CIELO METEORITE CRYSTALS 5-10 GMS IN SIZE 1/4 KILO JAL,128.25,2025-10-11,250.0,0.51,WorthPoint
campo-del-cielo-meteorite,6.51 Grams CAMPO DEL CIELO METEORITE Polished Charm Pendant For A Necklace,8.99,2025-10-11,6.51,1.38,WorthPoint
campo-del-cielo-meteorite,Meteorite Necklace W/ Chain Campo Del Cielo 5.1 Grams Real Dinosaur Girl COA 48,26.09,2025-10-10,5.1,5.12,WorthPoint
campo-del-cielo-meteorite,1036 Gm. Campo Del Cielo Meteorite Collectors Gd. Sculptured Meteorite 2.3 Lbs,1799.1,2025-10-09,1036.0,1.74,WorthPoint
campo-del-cielo-meteorite,Campo Del Cielo Iron Nickel Meteorite Argentina 6.90 Grams,12.75,2025-10-09,6.9,1.85,WorthPoint
campo-del-cielo-meteorite,17.3 Grams NEW CAMPO DEL CIELO METEORITE Polished + Certificate Of Authenticity,13.99,2025-10-09,17.3,0.81,WorthPoint
campo-del-cielo-meteorite,"2200 B.C. Authentic Space Meteorite Campo Del Cielo, Meteor Shower Argentina!",18.5,2025-10-09,,,WorthPoint
campo-del-cielo-meteorite,218 Gm. Campo Del Cielo Meteorite ; Museum Grade! Silicated Meteorite; .5 Lbs,241.1,2025-10-08,218.0,1.11,WorthPoint
campo-del-cielo-meteorite,INDIVIDUAL BEAUTIFUL Large 110g CAMPO DEL CIELO IRON METEORITE FRAGMENT!,99.0,2025-10-08,110.0,0.9,WorthPoint
campo-del-cielo-meteorite,Iron Meteorite ~ Sculpted Campo Del Cielo!,24.99,2025-10-08,,,WorthPoint
campo-del-cielo-meteorite,37.6 Grams All 5 CAMPO Del CIELO METEORITES Christmas Tree Ornaments With A COA,21.99,2025-10-08,37.6,0.58,WorthPoint
campo-del-cielo-meteorite,5.99 Grams CAMPO DEL CIELO METEORITE Polished Charm Pendant For A Necklace,8.99,2025-10-07,5.99,1.5,WorthPoint
campo-del-cielo-meteorite,Campo Del Cielo Meteorite 79 Grams,59.99,2025-10-07,79.0,0.76,WorthPoint
campo-del-cielo-meteorite,"Lot Of 11, Authentic Space Meteorite- Campo Del Cielo Argentina 2200 BC",19.0,2025-10-07,,,WorthPoint
campo-del-cielo-meteorite,13.47 Grams NEW CAMPO DEL CIELO METEORITE Polished + Certificate Of Authenticity,10.49,2025-10-07,13.47,0.78,WorthPoint
campo-del-cielo-meteorite,12.1 Grams NEW CAMPO DEL CIELO METEORITE Polished + Certificate Of Authenticity,9.99,2025-10-07,12.1,0.83,WorthPoint
campo-del-cielo-meteorite,250 Gm LOT OF CAMPO DEL CIELO METEORITE CRYSTALS 1-3 GMS IN SIZE LOW PRICE JAL,128.25,2025-10-06,250.0,0.51,WorthPoint
campo-del-cielo-meteorite,"201 Gram CAMPO DEL CIELO-Chaco Iron Octahedrite, Coarse From Argentina",22.5,2025-10-05,201.0,0.11,WorthPoint
campo-del-cielo-meteorite,Campo Del Cielo Iron Meteorites Magnetized Argentina Lot Of 2 See Video,16.99,2025-10-05,,,WorthPoint
campo-del-cielo-meteorite,5.86 Grams CAMPO DEL CIELO Iron METEORITE Fell In Argentina!,6.99,2025-10-05,5.86,1.19,WorthPoint
campo-del-cielo-meteorite,6.22 Grams CAMPO DEL CIELO METEORITE Polished Charm Pendant For A Necklace,7.99,2025-10-05,6.22,1.28,WorthPoint
campo-del-cielo-meteorite,166 Grams NEW CAMPO DEL CIELO METEORITE Polished + Certificate Of Authenticity,139.99,2025-10-05,166.0,0.84,WorthPoint
campo-del-cielo-meteorite,About 37.2 Grams Authentic NEW CAMPO DEL CIELO METEORITE,30.95,2025-10-04,37.2,0.83,WorthPoint
campo-del-cielo-meteorite,INDIVIDUAL BEAUTIFUL LARGE 114g CAMPO DEL CIELO IRON METEORITE FRAGMENT!,103.0,2025-10-03,114.0,0.9,WorthPoint
campo-del-cielo-meteorite,Space Meteorite Collection (7) From Campo Del Cielo And Africa Meteor Showers M1,22.45,2025-10-03,,,WorthPoint
campo-del-cielo-meteorite,17.2 Grams NEW CAMPO DEL CIELO METEORITE Polished + Certificate Of Authenticity,13.49,2025-10-03,17.2,0.78,WorthPoint
campo-del-cielo-meteorite,10.48 Gm Quality Campo Del Cielo Meteorite C. 1576 - Exact Lot 1002,15.5,2025-10-03,10.48,1.48,WorthPoint
campo-del-cielo-meteorite,"35.07 Gram Campo Del Cielo Argentina Meteorite, Iron From Outer Space # ME 582 B",31.0,2025-10-03,35.07,0.88,WorthPoint
campo-del-cielo-meteorite,6.31 Grams NEW CAMPO DEL CIELO METEORITE Polished Charm Pendant For A Necklace,9.49,2025-10-02,6.31,1.5,WorthPoint
campo-del-cielo-meteorite,13 Grams CAMPO DEL CIELO METEORITE Polished Charm Pendant For A Necklace + COA,11.99,2025-10-02,13.0,0.92,WorthPoint
campo-del-cielo-meteorite,7.86 Grams CAMPO DEL CIELO METEORITE Polished Charm Pendant For A Necklace,9.99,2025-10-02,7.86,1.27,WorthPoint
campo-del-cielo-meteorite,25.7 Grams All 8 CAMPO Del CIELO METEORITES Polished Charms Pendants With A COA,23.99,2025-10-02,25.7,0.93,WorthPoint
campo-del-cielo-meteorite,25.5 Grams All 8 CAMPO Del CIELO METEORITES Polished Charms Pendants With A COA,21.99,2025-10-02,25.5,0.86,WorthPoint
campo-del-cielo-meteorite,Meteorite Campo Del Cielo Strike Iron Nickle Argentina 5.6 Grams U26,8.99,2025-10-01,5.6,1.61,WorthPoint
campo-del-cielo-meteorite,302 Gm Campo Del Cielo Polished & Tumbled Meteorite .7 Lb,188.95,2025-09-29,302.0,0.63,WorthPoint
campo-del-cielo-meteorite,"Authentic Meteorite, Campo Del Cielo, Argentina-Discovered 1576 AD .10 G Crystal",6.0,2025-09-29,10.0,0.6,WorthPoint
campo-del-cielo-meteorite,Beautiful 344 Gm Campo Del Cielo Etched Meteorite Slab!!!,305.1,2025-09-26,344.0,0.89,WorthPoint
campo-del-cielo-meteorite,"""Campo Del Cielo Iron Meteorite From Argentina 1 3/4"""" By 1 1/4"""" 42.3 Grams""",29.99,2025-09-26,42.3,0.71,WorthPoint
campo-del-cielo-meteorite,Beautiful Thick Slice Of Campo Del Cielo Meteorite Slab 776 Gms 1.7 Lbs,494.1,2025-09-24,776.0,0.64,WorthPoint
campo-del-cielo-meteorite,1044 Gm CAMPO DEL CIELO METEORITE BEAUTIFUL LG MUSEUM GRADE 2.3 LBS STABILIZED,525.0,2025-09-24,1044.0,0.5,WorthPoint
campo-del-cielo-meteorite,10.9 Grams CAMPO DEL CIELO Iron METEORITE Fell In Argentina!,26.0,2025-09-21,10.9,2.39,WorthPoint
campo-del-cielo-meteorite,20.7 Grams CAMPO DEL CIELO Iron METEORITE Fell In Argentina!,32.0,2025-09-21,20.7,1.55,WorthPoint
campo-del-cielo-meteorite,International Numismatic Bureau Meteorite Campo Del Cielo Argentina (x2) -A,19.99,2025-09-20,,,WorthPoint
campo-del-cielo-meteorite,X260-23) 4.6g Campo Del Cielo Meteorite Natural Shape Space Pendant Iron Nickel,34.99,2025-09-19,4.6,7.61,WorthPoint
campo-del-cielo-meteorite,"Lot Of 81 Authentic Space Meteorite: Campo Del Cielo, Argentina - Circa 2200 BC",9.0,2025-09-19,,,WorthPoint
campo-del-cielo-meteorite,1122 Gm. Campo Del Cielo Meteorite Aaa Grade!! Beautiful 2.45 Pounds; Cheap!,610.0,2025-09-18,1122.0,0.54,WorthPoint
campo-del-cielo-meteorite,1734 GM. CAMPO DEL CIELO METEORITE B GD 3.8 Lbs. INEXPENSIVE CLEANED SILICATE,899.0,2025-09-18,1734.0,0.52,WorthPoint
campo-del-cielo-meteorite,1656 Gm. New Campo Del Cielo Meteorite ; B Grade!! Beautiful; 3.64 Pounds; Cheap,895.5,2025-09-18,1656.0,0.54,WorthPoint
campo-del-cielo-meteorite,Beautiful 2092 Gm. Campo Del Cielo Meteorite 4.6 # Quarter Cut,989.1,2025-09-18,2092.0,0.47,WorthPoint
campo-del-cielo-meteorite,Beautiful 975 Gm. Etched Campo Del Cielo Meteorite Triple Cut,863.1,2025-09-18,975.0,0.89,WorthPoint
campo-del-cielo-meteorite,1234 GM. CAMPO DEL CIELO METEORITE B+ GRADE LARGE METEORITE 2.7 Lbs. CLEANED,719.1,2025-09-18,1234.0,0.58,WorthPoint
campo-del-cielo-meteorite,Meteorites - 17.7g Campo Del Cielo Small Pieces Specimen Vial,17.95,2025-09-17,17.7,1.01,WorthPoint
campo-del-cielo-meteorite,Campo Del Cielo Iron Meteorite Specimen SHOOTING STAR W/ Display Case & ID Card,8.98,2025-09-16,,,WorthPoint
campo-del-cielo-meteorite,68.3 Grams NEW CAMPO DEL CIELO METEORITE Polished + Certificate Of Authenticity,55.99,2025-09-16,68.3,0.82,WorthPoint
campo-del-cielo-meteorite,‚óè(1 Pc) Authentic Real Meteorite Space Rock Campo Del Cielo Argentina 1576 ADINB,6.99,2025-09-15,,,WorthPoint
campo-del-cielo-meteorite,Meteorites - 15.0g Campo Del Cielo Small Pieces Specimen Vial,14.95,2025-09-15,15.0,1.0,WorthPoint
campo-del-cielo-meteorite,Campo Del Cielo Iron Meteorite Fragment (Argentina) W/ Wooden Desktop Plaque,49.99,2025-09-14,,,WorthPoint
campo-del-cielo-meteorite,83.90 Gram - Campo Del Cielo - Iron Meteorite Crystal - Found In Argentina,83.0,2025-09-13,83.9,0.99,WorthPoint
campo-del-cielo-meteorite,"Meteorite, Campo Del Cielo Authentic Iron-nickel Specimen (45 Grams)",45.0,2025-09-13,45.0,1.0,WorthPoint
campo-del-cielo-meteorite,2 SLICES CAMPO DEL CIELO METEORITE SLABS 452 GMS And 718 GMS.,500.0,2025-09-13,452.0,1.11,WorthPoint
campo-del-cielo-meteorite,4 Authentic Real Meteorite Space Rock Campo Del Cielo Meteor Shower Argentina,24.99,2025-09-13,,,WorthPoint
campo-del-cielo-meteorite,4.37 Grams CAMPO DEL CIELO METEORITE Polished Charm Pendant For A Necklace + COA,6.99,2025-09-13,4.37,1.6,WorthPoint
campo-del-cielo-meteorite,67.9 Grams NEW CAMPO DEL CIELO METEORITE Polished + Certificate Of Authenticity,53.99,2025-09-11,67.9,0.8,WorthPoint
campo-del-cielo-meteorite,Campo Del Cielo Iron Nickel Meteorite Argentina 3.64 Grams,12.75,2025-09-11,3.64,3.5,WorthPoint
campo-del-cielo-meteorite,Campo Del Cielo Iron Nickel Meteorite Argentina 5.75 Grams,12.75,2025-09-11,5.75,2.22,WorthPoint
campo-del-cielo-meteorite,4.0g Campo Del Cielo Iron Nickel Meteorite ‚Äì Real Space Rock Asteroid Fragment,14.94,2025-09-10,4.0,3.73,WorthPoint
campo-del-cielo-meteorite,LOT OF CAMPO DEL CIELO METEORITE -Argentina* In Hard Case,15.5,2025-09-10,,,WorthPoint
campo-del-cielo-meteorite,17.6 Grams NEW CAMPO DEL CIELO METEORITE Polished + Certificate Of Authenticity,13.49,2025-09-10,17.6,0.77,WorthPoint
campo-del-cielo-meteorite,16.6 Grams NEW CAMPO DEL CIELO METEORITE Polished + Certificate Of Authenticity,12.49,2025-09-10,16.6,0.75,WorthPoint
campo-del-cielo-meteorite,5.24 Grams CAMPO DEL CIELO METEORITE Polished Charm Pendant For A Necklace + COA,6.99,2025-09-09,5.24,1.33,WorthPoint
campo-del-cielo-meteorite,6.00 Grams CAMPO DEL CIELO Iron METEORITE Fell In Argentina!,6.99,2025-09-09,6.0,1.17,WorthPoint
campo-del-cielo-meteorite,Meteorite And Display Cube 8.2 Gram Genuine Campo Del Cielo Meteorite With COA,32.99,2025-09-08,8.2,4.02,WorthPoint
campo-del-cielo-meteorite,125 Gm LOT OF CAMPO DEL CIELO METEORITE CRYSTALS 3-5 GMS IN SIZE 1/8 KILO JAL,61.75,2025-09-08,125.0,0.49,WorthPoint
campo-del-cielo-meteorite,Set Of 4 Authentic Space Meteorites - Campo Del Cielo - Argentina ~2200 BC,15.0,2025-09-08,,,WorthPoint
campo-del-cielo-meteorite,17.0 Grams CAMPO DEL CIELO Iron METEORITE Fell In Argentina!,12.99,2025-09-08,17.0,0.76,WorthPoint
campo-del-cielo-meteorite,Meteorite Campo Del Cielo Strike Iron Nickel Argentina 8.8 Grams I70,11.87,2025-09-07,8.8,1.35,WorthPoint
campo-del-cielo-meteorite,Meteorite Campo Del Cielo Strike Iron Nickel Argentina 9.4 Grams I96,13.19,2025-09-07,9.4,1.4,WorthPoint
campo-del-cielo-meteorite,INDIVIDUAL BEAUTIFUL LARGE 101g CAMPO DEL CIELO IRON METEORITE FRAGMENT!,92.0,2025-09-07,101.0,0.91,WorthPoint
campo-del-cielo-meteorite,500 Gm LOT OF CAMPO DEL CIELO METEORITE CRYSTALS 15-20 GMS IN SIZE 1/2 KILO JAL,251.75,2025-09-06,500.0,0.5,WorthPoint
campo-del-cielo-meteorite,Iron Meteorite ~ Sculpted Campo Del Cielo With Holes!!!,24.99,2025-09-06,,,WorthPoint
campo-del-cielo-meteorite,462 Gm Campo Del Cielo Meteorite 1 Lb,260.0,2025-09-06,462.0,0.56,WorthPoint
campo-del-cielo-meteorite,"Campo Del Cielo Meteorite Display Label, Aluminum",6.5,2025-09-06,,,WorthPoint
campo-del-cielo-meteorite,1082 Gm. Campo Del Cielo Meteorite B Grade 2.4 Lbs. Cheap Silicate Cleaned,629.1,2025-09-06,1082.0,0.58,WorthPoint
campo-del-cielo-meteorite,Iron Meteorite ~ Sculpted Campo Del Cielo,7.99,2025-09-05,,,WorthPoint
campo-del-cielo-meteorite,10.00 Gram - Campo Del Cielo - Iron Meteorite Pendant - From Argentina,25.0,2025-09-05,10.0,2.5,WorthPoint
campo-del-cielo-meteorite,5.6g Campo Del Cielo Iron Nickel Meteorite Piece Meteor Space Rock Asteroid 0013,17.35,2025-09-05,5.6,3.1,WorthPoint
campo-del-cielo-meteorite,ONE Campo Del Cielo Meteorite - Genuine Iron Nickel Meteorite From Argentina,12.0,2025-09-04,,,WorthPoint
campo-del-cielo-meteorite,"31.59 Gram Campo Del Cielo Argentina Meteorite, Iron From Outer Space # ME 598 B",25.0,2025-09-03,31.59,0.79,WorthPoint
campo-del-cielo-meteorite,"METEORITE NECKLACE, IRON NICKEL, CAMPO Del CIELO, SPACE ROCK #4028",19.95,2025-09-03,,,WorthPoint
campo-del-cielo-meteorite,LARGE 1650g CAMPO DEL CIELO METEORITE! 3.5LB! 4 Billion Years Old!!,650.0,2025-09-03,1650.0,0.39,WorthPoint
campo-del-cielo-meteorite,1394 Gm CAMPO DEL CIELO METEORITE BEAUTIFUL AAA GRADE METEORITE 3.1 POUNDS,1529.1,2025-09-02,1394.0,1.1,WorthPoint
campo-del-cielo-meteorite,MUSEUM QUALITY HUGE 50 Lb CAMPO DEL CIELO IRON METEORITE COVERED IN THUMBPRINTS!,16000.0,2025-09-02,22680.0,0.71,WorthPoint
campo-del-cielo-meteorite,436 Gm CAMPO DEL CIELO METEORITE BEAUTIFUL AA GRADE METEORITE .95 POUNDS,476.1,2025-09-02,436.0,1.09,WorthPoint
campo-del-cielo-meteorite,Campo Del Cielo Meteorite Kamacite Crystal 53.6 Grams,25.0,2025-09-02,53.6,0.47,WorthPoint
campo-del-cielo-meteorite,"78.89 Gram Campo Del Cielo Argentina Meteorite, Iron From Outer Space # ME 681 C",64.0,2025-09-02,78.89,0.81,WorthPoint
campo-del-cielo-meteorite,"Meteorite, Campo Del Cielo Authentic Iron-nickel Specimen (34.3 Grams)",34.3,2025-09-01,34.3,1.0,WorthPoint
campo-del-cielo-meteorite,"(2) 1576 METEORITE Slabbed Campo Del Cielo Meteor Space Rocks, Qty 2",20.0,2025-09-01,,,WorthPoint
campo-del-cielo-meteorite,290 Gm. Campo Del Cielo Meteorite ; B Grade!! .63 Pounds; Cheap!! Cheap!!,269.1,2025-08-31,290.0,0.93,WorthPoint
campo-del-cielo-meteorite,Authentic Campo Del Cielo Meteorite In Case-3 Grams,11.95,2025-08-30,3.0,3.98,WorthPoint
campo-del-cielo-meteorite,Campo Del Cielo Meteorite - 25.17 Kilograms,7500.0,2025-08-29,,,WorthPoint
campo-del-cielo-meteorite,"Campo Del Cielo Meteorite - 4,800 Grams",5500.0,2025-08-29,800.0,6.88,WorthPoint
campo-del-cielo-meteorite,"Campo Del Cielo Meteorite Sphere - 2,896.1 Grams",9375.0,2025-08-29,896.1,10.46,WorthPoint
campo-del-cielo-meteorite,Campo Del Cielo Meteorite - 15.87 Kilograms,6562.5,2025-08-29,,,WorthPoint
campo-del-cielo-meteorite,"Campo Del Cielo Meteorite - 1,673.4 Grams",2500.0,2025-08-29,673.4,3.71,WorthPoint
campo-del-cielo-meteorite,1000 GRS LOT OF CAMPO DEL CIELO METEORITE CRYSTALS FROM 20-30 Gm IN SIZE,498.75,2025-08-29,1000.0,0.5,WorthPoint
campo-del-cielo-meteorite,Lot Of FIVE! Small Campo Del Cielo Meteorites 100% Authentic 7.8gr,16.99,2025-08-28,7.8,2.18,WorthPoint
campo-del-cielo-meteorite,Beautiful 304 Gm Campo Del Cielo Polished & Tumbled Etched Meteorite,269.95,2025-08-28,304.0,0.89,WorthPoint
campo-del-cielo-meteorite,About 52.5 Grams Authentic NEW CAMPO DEL CIELO METEORITE,42.99,2025-08-28,52.5,0.82,WorthPoint
campo-del-cielo-meteorite,"32.95 Gram Campo Del Cielo Argentina Meteorite, Iron From Outer Space # ME 648 B",24.75,2025-08-28,32.95,0.75,WorthPoint
campo-del-cielo-meteorite,About 32.82 Grams Authentic CAMPO DEL CIELO METEORITE,29.95,2025-08-28,32.82,0.91,WorthPoint
campo-del-cielo-meteorite,31.6 Grams All 8 CAMPO Del CIELO METEORITES Polished Charms Pendants With A COA,25.99,2025-08-26,31.6,0.82,WorthPoint
campo-del-cielo-meteorite,Dealer Lot! Highest Quality Ever! New Campo Meteorite Shattered Crystals 1 Kilo,450.0,2025-08-26,,,WorthPoint
campo-del-cielo-meteorite,5.38 Grams CAMPO DEL CIELO Iron METEORITE Fell In Argentina!,6.99,2025-08-25,5.38,1.3,WorthPoint
campo-del-cielo-meteorite,Meteorites -Campo Del Cielo Iron Meteorite 48.6g Unfinished Slices Lot Of 8,60.75,2025-08-24,48.6,1.25,WorthPoint
campo-del-cielo-meteorite,23.5 Grams CAMPO DEL CIELO METEORITE Polished + Certificate Of Authenticity,18.99,2025-08-24,23.5,0.81,WorthPoint
campo-del-cielo-meteorite,"Campo Del Cielo Meteorite Specimens, Lot Of Ten, 126 Grams, Astronomy Gift",126.0,2025-08-24,126.0,1.0,WorthPoint
campo-del-cielo-meteorite,Authentic Space Meteorite- Campo Del Cielo Argentina 2200 BC,5.55,2025-08-23,,,WorthPoint
campo-del-cielo-meteorite,200 Gm. Campo Del Cielo Meteorite A Grade! .44 Pound Cleaned Baby Campo Cheap,206.1,2025-08-22,200.0,1.03,WorthPoint
campo-del-cielo-meteorite,8.41 Grams CAMPO DEL CIELO Iron METEORITE Fell In Argentina!,9.99,2025-08-19,8.41,1.19,WorthPoint
campo-del-cielo-meteorite,MUSEUM QUALITY METEORITE- From Campo Del Cielo Meteorite- HUGE 37.8 POUNDS!,8600.0,2025-08-18,,,WorthPoint
campo-del-cielo-meteorite,Lg 1006 Gm Campo Del Cielo Meteorite Museum Collectors Grade 2.2 Lbs,1165.5,2025-08-18,1006.0,1.16,WorthPoint
campo-del-cielo-meteorite,SLICE CAMPO DEL CIELO METEORITE SLAB 292 GMS 5-6 Mm Thick .64 LB,224.95,2025-08-17,292.0,0.77,WorthPoint
campo-del-cielo-meteorite,Meteorite And Display Cube 6.4 Gram Genuine Campo Del Cielo Meteorite With COA,29.99,2025-08-17,6.4,4.69,WorthPoint
campo-del-cielo-meteorite,Campo Del Cielo - Space Coin - Cut From A Meteorite - Super Cool Item - RARE,51.99,2025-08-17,,,WorthPoint
campo-del-cielo-meteorite,4.97 Grams CAMPO DEL CIELO METEORITE Polished Charm Pendant For A Necklace + COA,5.99,2025-08-17,4.97,1.21,WorthPoint
campo-del-cielo-meteorite,Campo Del Cielo Iron Meteorite From Space Found In Argentina,13.99,2025-08-17,,,WorthPoint
campo-del-cielo-meteorite,About 36.14 Grams Authentic NEW CAMPO DEL CIELO METEORITE,28.99,2025-08-16,36.14,0.8,WorthPoint
campo-del-cielo-meteorite,Campo Del Cielo Meteorite Coarse Iron Octahedrite 405 Grams Found 1576,80.0,2025-08-16,405.0,0.2,WorthPoint
campo-del-cielo-meteorite,500 Gm LOT OF CAMPO DEL CIELO METEORITE CRYSTALS 1-3 GMS IN SIZE LOW PRICE JAL,256.5,2025-08-15,500.0,0.51,WorthPoint
campo-del-cielo-meteorite,5.11 Grams CAMPO DEL CIELO METEORITE Polished Charm Pendant For A Necklace + COA,6.99,2025-08-15,5.11,1.37,WorthPoint
campo-del-cielo-meteorite,"Campo Del Cielo, Argentina Meteorite 84 Grams With Certificate Of Authenticity",79.25,2025-08-15,84.0,0.94,WorthPoint
campo-del-cielo-meteorite,SUPERB 449g CAMPO DEL CIELO IRON METEORITE COVERED IN THUMBPRINTS! GREAT SHAPE!,489.0,2025-08-15,449.0,1.09,WorthPoint
campo-del-cielo-meteorite,23.3 Grams NEW CAMPO DEL CIELO METEORITE Polished + Certificate Of Authenticity,16.99,2025-08-14,23.3,0.73,WorthPoint
campo-del-cielo-meteorite,290 Gm. Campo Del Cielo Meteorite Aaa Grade!! Beautiful Baby Meteorite; .63#,314.1,2025-08-14,290.0,1.08,WorthPoint
campo-del-cielo-meteorite,Large Iron Nickel Meteorite Campo Big Piece 2850 Grams 001 Astro Space Rock,499.0,2025-08-14,2850.0,0.18,WorthPoint
campo-del-cielo-meteorite,Large Iron Nickel Meteorite Campo Big Piece 3050 Grams 003 Astro Space Rock,499.0,2025-08-14,3050.0,0.16,WorthPoint
campo-del-cielo-meteorite,Large Iron Nickel Meteorite Campo Big Piece 252 Grams 002 Astro Space Rock,130.0,2025-08-14,252.0,0.52,WorthPoint
campo-del-cielo-meteorite,250 GRS LOT OF CAMPO DEL CIELO METEORITE CRYSTALS FROM 50-100 Gm IN SIZE,128.25,2025-08-12,250.0,0.51,WorthPoint
campo-del-cielo-meteorite,4.76 Gram - Campo Del Cielo - Iron Meteorite Pendant - From Argentina,20.0,2025-08-12,4.76,4.2,WorthPoint
campo-del-cielo-meteorite,1586 Gm. Campo Del Cielo Meteorite Museum Grade 3.5lbs. Stand Jal Ablation Cav,1799.1,2025-08-11,1586.0,1.13,WorthPoint
campo-del-cielo-meteorite,SUPER SHAPE! BEAUTIFUL LARGE 572g CAMPO DEL CIELO IRON METEORITE FRAGMENT!,545.0,2025-08-11,572.0,0.95,WorthPoint
campo-del-cielo-meteorite,78.6 Grams NEW CAMPO DEL CIELO METEORITE Polished + Certificate Of Authenticity,60.99,2025-08-11,78.6,0.78,WorthPoint
campo-del-cielo-meteorite,4.62 Grams CAMPO DEL CIELO METEORITE Polished Charm Pendant For A Necklace + COA,6.49,2025-08-11,4.62,1.4,WorthPoint
campo-del-cielo-meteorite,7.8 Kilogram CAMPO DEL CIELO Like METEORITE Replica AAA GRADE LARGE CRATER 17 Lb,121.5,2025-08-11,7711.2,0.02,WorthPoint
campo-del-cielo-meteorite,Authentic Campo Del Cielo Meteorite | Certified Space Rock From Argentina,180.0,2025-08-11,,,WorthPoint
campo-del-cielo-meteorite,36.3 Grams NEW CAMPO DEL CIELO METEORITE Polished + Certificate Of Authenticity,27.99,2025-08-10,36.3,0.77,WorthPoint
campo-del-cielo-meteorite,CAMPO DEL CIELO PENDANT Iron Meteorite Specimen SHOOTING STAR Argentina,31.99,2025-08-10,,,WorthPoint
campo-del-cielo-meteorite,CAMPO DEL CIELO IRON NICKEL METEORITE 1400 Grams Florida US,590.0,2025-08-10,1400.0,0.42,WorthPoint
campo-del-cielo-meteorite,"Campo Del Cielo Iron IAB Meteorite Found In Argentina 1576, 19.63 Grams",25.0,2025-08-10,19.63,1.27,WorthPoint
campo-del-cielo-meteorite,Campo Del Cielo METEORITE 100% Natural From Argentina 8.6gr,13.99,2025-08-10,8.6,1.63,WorthPoint
campo-del-cielo-meteorite,29.93 Gram Campo Del Cielo Fractured Meteorite Iron Crystal Argentina C38,29.93,2025-08-09,29.93,1.0,WorthPoint
campo-del-cielo-meteorite,389 Gm. Campo Del Cielo Meteorite ;.85 Lbs,150.0,2025-08-09,389.0,0.39,WorthPoint
campo-del-cielo-meteorite,7 Authentic Real Meteorite Space Rock Campo Del Cielo Meteor Shower Argentina,7.0,2025-08-09,,,WorthPoint
campo-del-cielo-meteorite,50 Gm Campo Del Cielo Meteorite Crystal Great Piece With Stand Jal,47.45,2025-08-08,50.0,0.95,WorthPoint
campo-del-cielo-meteorite,5.79 Grams CAMPO DEL CIELO METEORITE Polished Charm Pendant For A Necklace + COA,6.99,2025-08-08,5.79,1.21,WorthPoint
campo-del-cielo-meteorite,245 Gm Campo Del Cielo Meteorite ;.86 Lbs,107.5,2025-08-07,245.0,0.44,WorthPoint
campo-del-cielo-meteorite,9.16 Grams CAMPO DEL CIELO METEORITE Polished Charm Pendant For A Necklace,9.99,2025-08-07,9.16,1.09,WorthPoint
campo-del-cielo-meteorite,660 GM. CAMPO DEL CIELO METEORITE ; MED GRADE! METEORITE! 1.4 LBS. Cheap!!,359.96,2025-08-07,660.0,0.55,WorthPoint
campo-del-cielo-meteorite,Meteorite And Display Cube 9.0 Gram Genuine Campo Del Cielo Meteorite With COA,32.99,2025-08-06,9.0,3.67,WorthPoint
campo-del-cielo-meteorite,45.9 Grams All 12 CAMPO Del CIELO METEORITES Polished Charms Pendants With A COA,33.99,2025-08-06,45.9,0.74,WorthPoint
campo-del-cielo-meteorite,790 Gm CAMPO DEL CIELO METEORITE BEAUTIFUL BABY AAA GD METEORITE 1.74 LBS JAL,854.95,2025-08-05,790.0,1.08,WorthPoint
campo-del-cielo-meteorite,Huge 134 Gm Campo Del Cielo Meteorite Crystal Great Piece W/ Stand .29 Lb Jal,141.55,2025-08-05,134.0,1.06,WorthPoint
campo-del-cielo-meteorite,(30) Pieces Iron Meteorites 64.1 Grams Campo Del Cielo From Argentina Info Card,52.5,2025-08-05,64.1,0.82,WorthPoint
campo-del-cielo-meteorite,33.8 Grams NEW CAMPO DEL CIELO METEORITE Polished + Certificate Of Authenticity,26.99,2025-08-04,33.8,0.8,WorthPoint
campo-del-cielo-meteorite,27.6 Grams NEW CAMPO DEL CIELO METEORITE Polished + Certificate Of Authenticity,22.99,2025-08-03,27.6,0.83,WorthPoint
campo-del-cielo-meteorite,26.4 Grams CAMPO DEL CIELO METEORITE Polished + Certificate Of Authenticity,21.0,2025-08-03,26.4,0.8,WorthPoint
campo-del-cielo-meteorite,Iron Nickel Meteorite Campo Del Cielo Flight Orientated !! 174 Grams,174.0,2025-08-03,174.0,1.0,WorthPoint
campo-del-cielo-meteorite,Meteorite Campo Del Cielo Strike Iron Nickle Argentina 5.5 Grams U8,8.99,2025-08-02,5.5,1.63,WorthPoint
campo-del-cielo-meteorite,INDIVIDUAL BEAUTIFUL LARGE 180g CAMPO DEL CIELO IRON METEORITE FRAGMENT!,162.0,2025-08-02,180.0,0.9,WorthPoint
campo-del-cielo-meteorite,Gorgeous Chunk Of Genuine Campo Del Cielo Meteorite 30 Grams + Custom Display,59.95,2025-08-02,30.0,2.0,WorthPoint
campo-del-cielo-meteorite,BEAUTIFUL 466 GM CAMPO DEL CIELO POLISHED & TUMBLED ETCHED METEORITE!! Silicate,359.96,2025-08-01,466.0,0.77,WorthPoint
campo-del-cielo-meteorite,INDIVIDUAL BEAUTIFUL LARGE 83g CAMPO DEL CIELO IRON METEORITE FRAGMENT!,75.0,2025-08-01,83.0,0.9,WorthPoint
campo-del-cielo-meteorite,16.9 Grams NEW CAMPO DEL CIELO METEORITE Polished + Certificate Of Authenticity,12.99,2025-08-01,16.9,0.77,WorthPoint
campo-del-cielo-meteorite,Campo Del Cielo - Iron Meteorite - CDC-5063 - 0.50g COA - Nice Crystal Specimen,5.5,2025-08-01,0.5,11.0,WorthPoint
campo-del-cielo-meteorite,Campo Del Cielo - Iron Meteorite - CDC-4985 - 2.43g COA - Nice Crystal Specimen,24.95,2025-08-01,2.43,10.27,WorthPoint
campo-del-cielo-meteorite,Beautiful 1120 Gm. Campo Del Cielo Meteorite 2.5 # Quarter Cut;,539.1,2025-07-31,1120.0,0.48,WorthPoint
campo-del-cielo-meteorite,Campo Del Cielo Space Meteorite Slab,27.84,2025-07-31,,,WorthPoint
campo-del-cielo-meteorite,5.98 Grams NEW CAMPO DEL CIELO METEORITE Polished Charm Pendant For A Necklace,9.99,2025-07-30,5.98,1.67,WorthPoint
campo-del-cielo-meteorite,77.2 Grams NEW CAMPO DEL CIELO METEORITE Polished + Certificate Of Authenticity,64.99,2025-07-30,77.2,0.84,WorthPoint
campo-del-cielo-meteorite,CAMPO Del Cielo METEORITE 100% Natural From Argentina 8.7gr,14.99,2025-07-30,8.7,1.72,WorthPoint
campo-del-cielo-meteorite,556 Gm CAMPO DEL CIELO METEORITE BEAUTIFUL AAA GRADE METEORITE 1.2 POUNDS JAL,692.1,2025-07-29,556.0,1.24,WorthPoint
campo-del-cielo-meteorite,30.05 Gram Campo Del Cielo Fractured Meteorite Iron Crystal Argentina C32,30.05,2025-07-29,30.05,1.0,WorthPoint
campo-del-cielo-meteorite,29.40 Gram Campo Del Cielo Fractured Meteorite Iron Crystal Argentina C56,29.4,2025-07-29,29.4,1.0,WorthPoint
campo-del-cielo-meteorite,29.8 Grams All 8 CAMPO Del CIELO METEORITES Polished Charms Pendants With A COA,25.49,2025-07-28,29.8,0.86,WorthPoint
campo-del-cielo-meteorite,44.2 Grams All 12 CAMPO Del CIELO METEORITES Polished Charms Pendants With A COA,34.99,2025-07-28,44.2,0.79,WorthPoint
campo-del-cielo-meteorite,5.19 Grams CAMPO DEL CIELO METEORITE Polished Charm Pendant For A Necklace + COA,6.99,2025-07-28,5.19,1.35,WorthPoint
campo-del-cielo-meteorite,3 Grams Of Meteorite From Campo Del Cielo In Argentina üî•üëÄüî•,18.99,2025-07-28,3.0,6.33,WorthPoint
campo-del-cielo-meteorite,"Lot Of 8, Authentic Space Meteorite- Campo Del Cielo Argentina 2200 BC",21.0,2025-07-28,,,WorthPoint
campo-del-cielo-meteorite,Lot 0f (8) Authentic Space Meteorites From Campo Del Cielo - Argentina ~2200 BC,45.0,2025-07-28,,,WorthPoint
campo-del-cielo-meteorite,Lot Of 6 Small Campo Del Cielo Iron Meteorite Crystals 7.18g Total Weight,25.0,2025-07-28,7.18,3.48,WorthPoint
campo-del-cielo-meteorite,500 GRS LOT OF CAMPO DEL CIELO METEORITE CRYSTALS FROM 5-10 Gm IN SIZE,251.75,2025-07-28,500.0,0.5,WorthPoint
campo-del-cielo-meteorite,(30) Pieces Iron Meteorites 41.5 Grams Campo Del Cielo From Argentina Info Card,30.0,2025-07-28,41.5,0.72,WorthPoint
campo-del-cielo-meteorite,Campo Del Cielo Authentic Meteorite Specimen (52.8 Grams),52.8,2025-07-27,52.8,1.0,WorthPoint
campo-del-cielo-meteorite,Campo Del Cielo Iron Nickel Meteorite Lot Argentina 26.02 Grams,31.27,2025-07-26,26.02,1.2,WorthPoint
campo-del-cielo-meteorite,Campo Del Cielo Iron Nickel Meteorite Lot Argentina 25.24 Grams,31.27,2025-07-26,25.24,1.24,WorthPoint
campo-del-cielo-meteorite,Meteorite Campo Del Cielo Strike Iron Nickel Argentina 5.7 Grams I72,8.99,2025-07-25,5.7,1.58,WorthPoint
campo-del-cielo-meteorite,114 Grams Total And You Get All 9 CAMPO DEL CIELO METEORITES Polished With COA,82.99,2025-07-24,114.0,0.73,WorthPoint
campo-del-cielo-meteorite,Campo Del Cielo Iron Nickel Meteorite Argentina 3.84 Grams,12.75,2025-07-24,3.84,3.32,WorthPoint
campo-del-cielo-meteorite,Beautiful 612 Gm Campo Del Cielo Etched Meteorite Slab!!!,250.0,2025-07-23,612.0,0.41,WorthPoint
campo-del-cielo-meteorite,Lot Of 6 Genuine Authentic Space Meteorite From Campo Del Cielo Meteor Shower,17.0,2025-07-23,6.0,2.83,WorthPoint
campo-del-cielo-meteorite,19.5 Grams NEW CAMPO DEL CIELO METEORITE Polished + Certificate Of Authenticity,14.99,2025-07-22,19.5,0.77,WorthPoint
campo-del-cielo-meteorite,Big Lot Of Little Campo Del Cielo METEORITE S 100% Authentic Argentina 18.8gr,20.99,2025-07-22,18.8,1.12,WorthPoint
campo-del-cielo-meteorite,"Authentic Space Meteorite, Campo Del Cielo, C. 2200 BC",8.29,2025-07-22,,,WorthPoint
campo-del-cielo-meteorite,Beautiful 634 Gm Campo Del Cielo Meteorite Quarter Cut 2 Sides,404.1,2025-07-21,634.0,0.64,WorthPoint
campo-del-cielo-meteorite,117 Grams Total And You Get All 9 CAMPO DEL CIELO METEORITES Polished With COA,83.99,2025-07-21,117.0,0.72,WorthPoint
campo-del-cielo-meteorite,90.5 Grams NEW CAMPO DEL CIELO METEORITE Polished + Certificate Of Authenticity,69.99,2025-07-21,90.5,0.77,WorthPoint
campo-del-cielo-meteorite,31.64 Gram Campo Del Cielo Fractured Meteorite Iron Crystal Argentina C55,31.64,2025-07-21,31.64,1.0,WorthPoint
campo-del-cielo-meteorite,15.8 Grams CAMPO DEL CIELO METEORITE Pendant M-39,15.99,2025-07-21,15.8,1.01,WorthPoint
campo-del-cielo-meteorite,(3√ó) Campo Del Cielo Space Meteorite AUTHENTIC Slabbed 2200bc,8.74,2025-07-21,,,WorthPoint
campo-del-cielo-meteorite,Campo Del Cielo Authentic Meteorite Specimen (41.3 Grams),36.0,2025-07-21,41.3,0.87,WorthPoint
campo-del-cielo-meteorite,"Meteorite, Campo Del Cielo Authentic Iron-nickel Specimen (52.1 Grams)",41.68,2025-07-20,52.1,0.8,WorthPoint
campo-del-cielo-meteorite,59.1 Grams CAMPO DEL CIELO METEORITE Polished With A Certificate Of Authenticity,47.99,2025-07-20,59.1,0.81,WorthPoint
campo-del-cielo-meteorite,16.5 Grams NEW CAMPO DEL CIELO METEORITE Polished + Certificate Of Authenticity,11.99,2025-07-19,16.5,0.73,WorthPoint
campo-del-cielo-meteorite,16.8 Grams NEW CAMPO DEL CIELO METEORITE Polished + Certificate Of Authenticity,12.49,2025-07-19,16.8,0.74,WorthPoint
campo-del-cielo-meteorite,FOUR 25.6 Grams NEW CAMPO DEL CIELO METEORITES - User The_prime_connection Only,12.49,2025-07-19,25.6,0.49,WorthPoint
campo-del-cielo-meteorite,Genuine Space Meteorites From Campo Del Cielo Meteor Shower Argentina In Case,5.75,2025-07-18,,,WorthPoint
campo-del-cielo-meteorite,63 Grams NEW CAMPO DEL CIELO METEORITE Polished + Certificate Of Authenticity,53.0,2025-07-18,63.0,0.84,WorthPoint
campo-del-cielo-meteorite,11.35 Grams CAMPO DEL CIELO METEORITE Polished Charm Pendant For A Necklace,14.99,2025-07-17,11.35,1.32,WorthPoint
campo-del-cielo-meteorite,Big Lot Of Little Campo Del Cielo Meteorites 100% Authentic Argentina 19.5gr,20.99,2025-07-17,19.5,1.08,WorthPoint
campo-del-cielo-meteorite,1000 GRS LOT OF CAMPO DEL CIELO METEORITE CRYSTALS FROM 5-10 Gm IN SIZE,498.75,2025-07-17,1000.0,0.5,WorthPoint
campo-del-cielo-meteorite,596 Gm. Campo Del Cielo Meteorite ; Museum Grade!! Beautiful Baby Campo 1.3 Lb,539.1,2025-07-16,596.0,0.9,WorthPoint
campo-del-cielo-meteorite,"35.51 Gram Campo Del Cielo Argentina Meteorite, Iron From Outer Space # ME 641 B",26.75,2025-07-16,35.51,0.75,WorthPoint
campo-del-cielo-meteorite,7.78 Grams CAMPO DEL CIELO METEORITE Polished Charm Pendant For A Necklace,6.99,2025-07-15,7.78,0.9,WorthPoint
campo-del-cielo-meteorite,"23.7 KG, (52.4lbs) CAMPO DEL CIELO Meteorite ACQUIRED ‚Äú1998‚Äù!",5750.0,2025-07-15,23700.0,0.24,WorthPoint
campo-del-cielo-meteorite,104 Gm Campo Del Cielo Meteorite Crystal Great Piece With Stand Jal,103.55,2025-07-15,104.0,1.0,WorthPoint
campo-del-cielo-meteorite,48 Gm Campo Del Cielo Meteorite A Grade!! Cheap. Stand,53.95,2025-07-14,48.0,1.12,WorthPoint
campo-del-cielo-meteorite,SLICE OF CAMPO DEL CIELO METEORITE SLAB 575 GMS STAND; 4 Mm Thick 1.26 Lbs,359.96,2025-07-14,575.0,0.63,WorthPoint
campo-del-cielo-meteorite,1000 Gm LOT OF CAMPO DEL CIELO METEORITE CRYSTALS 3-5 GMS IN SIZE 1 KILO JAL,498.75,2025-07-14,1000.0,0.5,WorthPoint
campo-del-cielo-meteorite,98 Grams NEW CAMPO DEL CIELO METEORITE Polished + Certificate Of Authenticity,74.99,2025-07-14,98.0,0.77,WorthPoint
campo-del-cielo-meteorite,Campo Del Cielo Iron Nickel Meteorite Argentina 4.04 Grams,12.75,2025-07-14,4.04,3.16,WorthPoint
campo-del-cielo-meteorite,18.3 Grams NEW CAMPO DEL CIELO METEORITE Polished + Certificate Of Authenticity,13.49,2025-07-14,18.3,0.74,WorthPoint
campo-del-cielo-meteorite,18.8 Grams NEW CAMPO DEL CIELO METEORITE Polished + Certificate Of Authenticity,13.99,2025-07-14,18.8,0.74,WorthPoint
campo-del-cielo-meteorite,"41.44 Gram Campo Del Cielo Argentina Meteorite, Iron From Outer Space # ME 645 B",31.0,2025-07-14,41.44,0.75,WorthPoint
campo-del-cielo-meteorite,Authentic Meteorite Specimen Campo Del Cielo Bronze High Relief 50 Mm Medal,105.0,2025-07-13,,,WorthPoint
campo-del-cielo-meteorite,Authentic Campo Del Cielo Meteorite Authenticated,5.49,2025-07-12,,,WorthPoint
campo-del-cielo-meteorite,11.9 Grams NEW CAMPO DEL CIELO METEORITE Polished + Certificate Of Authenticity,8.99,2025-07-12,11.9,0.76,WorthPoint
campo-del-cielo-meteorite,1148 Gm. Campo Del Cielo Meteorite B Grade 2.5 Lbs Cheap Stand Cleaned,629.96,2025-07-11,1148.0,0.55,WorthPoint
campo-del-cielo-meteorite,"44.25 Gram Campo Del Cielo Argentina Meteorite, Iron From Outer Space # ME 610 B",33.25,2025-07-10,44.25,0.75,WorthPoint
campo-del-cielo-meteorite,4.46 Grams CAMPO DEL CIELO METEORITE Polished Charm Pendant For A Necklace + COA,5.99,2025-07-10,4.46,1.34,WorthPoint
campo-del-cielo-meteorite,5.97 Grams CAMPO DEL CIELO METEORITE Polished Charm Pendant For A Necklace + COA,6.49,2025-07-10,5.97,1.09,WorthPoint
campo-del-cielo-meteorite,6.55 Grams NEW CAMPO DEL CIELO METEORITE Polished Charm Pendant For A Necklace,9.99,2025-07-10,6.55,1.53,WorthPoint
campo-del-cielo-meteorite,CAMPO Del Cielo METEORITE 100% Natural From Argentina 7.5gr,14.99,2025-07-10,7.5,2.0,WorthPoint
campo-del-cielo-meteorite,Campo Del Cielo METEORITE 100% Natural From Argentina 7.7gr,15.99,2025-07-10,7.7,2.08,WorthPoint
campo-del-cielo-meteorite,29.11 Gram Campo Del Cielo Fractured Meteorite Iron Crystal Argentina C39,29.11,2025-07-10,29.11,1.0,WorthPoint
campo-del-cielo-meteorite,30.28 Gram Campo Del Cielo Fractured Meteorite Iron Crystal Argentina C33,30.28,2025-07-10,30.28,1.0,WorthPoint
campo-del-cielo-meteorite,Meteorite Necklace W/ Chain Campo Del Cielo 2.6 Grams Real Dinosaur Girl COA 41,28.49,2025-07-10,2.6,10.96,WorthPoint
campo-del-cielo-meteorite,27.2 Grams All 8 CAMPO Del CIELO METEORITES Polished Charms Pendants With A COA,23.99,2025-07-10,27.2,0.88,WorthPoint
campo-del-cielo-meteorite,6.42 Grams CAMPO DEL CIELO METEORITE Polished Charm Pendant For A Necklace,5.99,2025-07-10,6.42,0.93,WorthPoint
campo-del-cielo-meteorite,82 Gm Campo Del Cielo Meteorite Crystal Great Piece With Stand Jal,84.55,2025-07-10,82.0,1.03,WorthPoint
campo-del-cielo-meteorite,151 Gm Campo Del Cielo Meteorite B Grade Low Low Price,120.0,2025-07-09,151.0,0.79,WorthPoint
campo-del-cielo-meteorite,Beautiful 474 Gm. Etched Campo Del Cielo Meteorite Triple Cut,314.1,2025-07-09,474.0,0.66,WorthPoint
campo-del-cielo-meteorite,996 Gm CAMPO DEL CIELO METEORITE BEAUTIFUL AAA GRADE METEORITE 2.2 POUNDS,1075.5,2025-07-08,996.0,1.08,WorthPoint
campo-del-cielo-meteorite,2pcs Authentic Real Meteorite Space Rock Campo Del Cielo Argentina 1576AD .10g,8.52,2025-07-07,10.0,0.85,WorthPoint
campo-del-cielo-meteorite,Meteorite And Display Cube 8.7 Gram Genuine Campo Del Cielo Meteorite With COA,32.99,2025-07-07,8.7,3.79,WorthPoint
campo-del-cielo-meteorite,Pair Of Meteorites..nwa & Campo Del Cielo,15.99,2025-07-07,,,WorthPoint
campo-del-cielo-meteorite,Meteorite Necklace W/ Chain Campo Del Cielo 14.1 Grams Real Dinosaur Girl COA 01,32.25,2025-07-05,14.1,2.29,WorthPoint
campo-del-cielo-meteorite,96.8 Grams NEW CAMPO DEL CIELO METEORITE Polished + Certificate Of Authenticity,73.99,2025-07-05,96.8,0.76,WorthPoint
campo-del-cielo-meteorite,ARGENTINA MNH Selections: Scott #2445 Campo Del Cielo Meteorite 3D CV$10+,6.27,2025-07-04,,,WorthPoint
campo-del-cielo-meteorite,Huge 1690 Gm Campo Del Cielo Meteorite Aaa Museum Collectors Grade 3.7 Lbs Jal,2245.5,2025-07-04,1690.0,1.33,WorthPoint
campo-del-cielo-meteorite,13.1 Grams CAMPO DEL CIELO METEORITE Pendant M-29,13.99,2025-07-04,13.1,1.07,WorthPoint
campo-del-cielo-meteorite,29g Campo Del Cielo Iron-nickel Meteorite Fragment. Argentina. Excellent.,27.0,2025-07-04,29.0,0.93,WorthPoint
campo-del-cielo-meteorite,9158 Gm Campo Del Cielo Meteorite Aaa Grade. 20.2 Lbs Sculptured; Jal,7495.5,2025-07-03,9158.0,0.82,WorthPoint
campo-del-cielo-meteorite,"Meteorite Nugget Specimen Campo Del Cielo, 39.18g, Moving Piece, Astronomy Gift",63.2,2025-07-03,39.18,1.61,WorthPoint
campo-del-cielo-meteorite,944 Gm. Campo Del Cielo Meteorite ; Aa Grade!! 2.1+ Lbs. Strand Cleaned,656.96,2025-07-03,944.0,0.7,WorthPoint
campo-del-cielo-meteorite,944 Gm. Campo Del Cielo Meteorite ; A Grade!! Beautiful 2.1 Pounds; Cleaned,539.1,2025-07-03,944.0,0.57,WorthPoint
campo-del-cielo-meteorite,8.51 Grams NEW CAMPO DEL CIELO METEORITE Polished Charm Pendant For A Necklace,9.99,2025-07-02,8.51,1.17,WorthPoint
campo-del-cielo-meteorite,Meteorite Campo Del Cielo Strike Iron Nickel Argentina 4.5 Grams I16,8.99,2025-07-01,4.5,2.0,WorthPoint
campo-del-cielo-meteorite,1522 Gm. New Campo Del Cielo Meteorite A Grade!! Silicate 3.34 Pounds Stand,700.0,2025-07-01,1522.0,0.46,WorthPoint
campo-del-cielo-meteorite,Campo Del Cielo Iron Meteorite 32 Grams Met-I-1 Chaco Mexico,28.0,2025-06-30,32.0,0.88,WorthPoint
campo-del-cielo-meteorite,"HEFTY, 2368 Gram CAMPO DEL CIELO IRON METEORITE COVERED IN THUMBPRINTS!",1695.0,2025-06-30,2368.0,0.72,WorthPoint
campo-del-cielo-meteorite,Campo Del Cielo Meteorite Etched Slice Weight 19.9 Grams 1.75 Inches,30.0,2025-06-29,19.9,1.51,WorthPoint
campo-del-cielo-meteorite,984 Gm CAMPO DEL CIELO METEORITE AAA GRADE METEORITE 2.2 POUNDS,1079.1,2025-06-29,984.0,1.1,WorthPoint
campo-del-cielo-meteorite,Slice Campo Del Cielo Meteorite Slab 38 Gms Stand,44.95,2025-06-29,38.0,1.18,WorthPoint
campo-del-cielo-meteorite,X6 Authentic Space Meteorite - Campo Del Cielo Meteor Shower - Argentina,15.78,2025-06-29,,,WorthPoint
campo-del-cielo-meteorite,Two Authentic Space Meteorite Rocks 2200 BC Campo Del Cielo Meteor Shower,11.87,2025-06-28,,,WorthPoint
campo-del-cielo-meteorite,Campo Del Cielo Meteorite Slice Widmanst√§tten Patterns Argentina COA 6244,39.95,2025-06-28,,,WorthPoint
campo-del-cielo-meteorite,4 Slices; 2 SERICHO Pallasite Meteorite And 2 Campo Del Cielo Meteorites Slices,53.1,2025-06-26,,,WorthPoint
campo-del-cielo-meteorite,LG 5.75X5.25 IN SLICE OF CAMPO DEL CIELO METEORITE SLICE 600 GMS STD; 1.3 Lbs,386.96,2025-06-26,600.0,0.64,WorthPoint
campo-del-cielo-meteorite,Monstrous 334 Gm Campo Del Cielo Meteorite Crystal W/ Stand .73 Lb,350.55,2025-06-26,334.0,1.05,WorthPoint
campo-del-cielo-meteorite,4.54 Grams NEW CAMPO DEL CIELO METEORITE Polished Charm Pendant For A Necklace,8.99,2025-06-24,4.54,1.98,WorthPoint
campo-del-cielo-meteorite,30.9 Grams All 8 CAMPO Del CIELO METEORITES Polished Charms Pendants With A COA,25.99,2025-06-24,30.9,0.84,WorthPoint
campo-del-cielo-meteorite,Meteorite Campo Del Cielo Strike Iron Nickel Argentina 6.3 Grams I56,10.22,2025-06-24,6.3,1.62,WorthPoint
campo-del-cielo-meteorite,Lot Of 4 Authentic Meteorites Space Rock Campo Del Cielo Argentina 1576AD Slab,16.5,2025-06-23,,,WorthPoint
campo-del-cielo-meteorite,4 Authentic Space Meteorites ~ Campo Del Cielo Meteor Shower ~argentina ~2200 Bc,24.0,2025-06-23,,,WorthPoint
campo-del-cielo-meteorite,Campo Del Cielo Meteorite Specimens,42.0,2025-06-23,,,WorthPoint
campo-del-cielo-meteorite,4.33 Grams CAMPO DEL CIELO METEORITE Polished Charm Pendant For A Necklace + COA,5.99,2025-06-22,4.33,1.38,WorthPoint
campo-del-cielo-meteorite,Campo Del Cielo - Iron Meteorite - CDC-4983 - COA - Crystals Specimen Pendant,14.95,2025-06-22,,,WorthPoint
campo-del-cielo-meteorite,4.11 Grams CAMPO DEL CIELO METEORITE Polished Charm Pendant For A Necklace + COA,5.99,2025-06-21,4.11,1.46,WorthPoint
campo-del-cielo-meteorite,314 Gm. Campo Del Cielo Meteorite ; Aaa Grade!! Beautiful Museum Gd .7 Lbs,296.96,2025-06-21,314.0,0.95,WorthPoint
campo-del-cielo-meteorite,570 Gm.campo Del Cielo Meteorite ; Aaa Grade!! 1.3 Lbs.;,539.1,2025-06-20,570.0,0.95,WorthPoint
campo-del-cielo-meteorite,125 GRS LOT OF CAMPO DEL CIELO METEORITE CRYSTALS FROM 5-10 Gm IN SIZE,61.75,2025-06-20,125.0,0.49,WorthPoint
campo-del-cielo-meteorite,864 Gm CAMPO DEL CIELO METEORITE BEAUTIFUL LG MUSEUM GD METEORITE 1.9 LBS JAL,1165.5,2025-06-20,864.0,1.35,WorthPoint
campo-del-cielo-meteorite,"Meteorite Specimen Campo Del Cielo, 104.54g, Space Gift, COA, Astronomy Gift",140.0,2025-06-19,104.54,1.34,WorthPoint
campo-del-cielo-meteorite,Beautiful 164 Gm Campo Del Cielo Polished & Tumbled Meteorite!!,107.96,2025-06-18,164.0,0.66,WorthPoint
campo-del-cielo-meteorite,186 Gm Campo Del Cielo Meteorite A Grade .41 Lbs. Stand Cleaned,179.1,2025-06-18,186.0,0.96,WorthPoint
campo-del-cielo-meteorite,400 Gm. Campo Del Cielo Meteorite ; A Aa Grade! Gorgeous Baby Campo Meteorite,449.96,2025-06-18,400.0,1.12,WorthPoint
campo-del-cielo-meteorite,20.3 Grams NEW CAMPO DEL CIELO METEORITE Polished + Certificate Of Authenticity,14.99,2025-06-17,20.3,0.74,WorthPoint
campo-del-cielo-meteorite,27.6 Grams All 8 CAMPO Del CIELO METEORITES Polished Charms Pendants With A COA,23.99,2025-06-17,27.6,0.87,WorthPoint
campo-del-cielo-meteorite,31.1 Grams All 8 CAMPO Del CIELO METEORITES Polished Charms Pendants With A COA,24.99,2025-06-17,31.1,0.8,WorthPoint
campo-del-cielo-meteorite,2210 Gm CAMPO DEL CIELO METEORITE ; AAA GRADE 4.86+ Lbs.; Beautiful Lg.meteorite,1795.5,2025-06-17,2210.0,0.81,WorthPoint
campo-del-cielo-meteorite,Campo Del Cielo Meteorite Etched Slice Weight 27.3 Grams 1.5 Inches,41.0,2025-06-16,27.3,1.5,WorthPoint
campo-del-cielo-meteorite,Beautiful 282 Gm Campo Del Cielo Polished & Tumbled Et Meteorite .62 Lb,179.1,2025-06-16,282.0,0.64,WorthPoint
campo-del-cielo-meteorite,"Authentic Meteorite Campo Del Cielo, Diamond Crystal #4 In All",15.0,2025-06-16,,,WorthPoint
campo-del-cielo-meteorite,104 Grams NEW CAMPO DEL CIELO METEORITE Polished + Certificate Of Authenticity,74.99,2025-06-16,104.0,0.72,WorthPoint
campo-del-cielo-meteorite,14.3 Grams CAMPO DEL CIELO METEORITE Polished Charm Pendant For A Necklace,11.99,2025-06-15,14.3,0.84,WorthPoint
campo-del-cielo-meteorite,Small Meteorite Specimen Campo Del Cielo In Case,9.99,2025-06-15,,,WorthPoint
campo-del-cielo-meteorite,10.46kg Campo Del Cielo Iron Meteorite,5520.0,2025-06-15,10460.0,0.53,WorthPoint
campo-del-cielo-meteorite,Beautiful 402 Gm. Etched Campo Del Cielo Meteorite Sculptural Multi Cut .9 Lbs,314.1,2025-06-13,402.0,0.78,WorthPoint
campo-del-cielo-meteorite,"32.60 Gram Campo Del Cielo Argentina Meteorite, Iron From Outer Space # ME 547 B",24.5,2025-06-12,32.6,0.75,WorthPoint
campo-del-cielo-meteorite,500 GM LOT OF CAMPO DEL CIELO METEORITE CRYSTALS FROM 15-20 Gm IN SIZE,251.75,2025-06-12,500.0,0.5,WorthPoint
campo-del-cielo-meteorite,"Meteorite Specimen Campo Del Cielo, 38.49 Grams, Iron Meteorite, Astronomy Gift",53.6,2025-06-12,38.49,1.39,WorthPoint
campo-del-cielo-meteorite,INDIVIDUAL BEAUTIFUL LARGE 80g CAMPO DEL CIELO IRON METEORITE FRAGMENT!,72.0,2025-06-10,80.0,0.9,WorthPoint
campo-del-cielo-meteorite,19.2 Grams NEW CAMPO DEL CIELO METEORITE Polished + Certificate Of Authenticity,14.99,2025-06-10,19.2,0.78,WorthPoint
campo-del-cielo-meteorite,Meteorite Campo Del Cielo Strike Iron Nickel Argentina 9.1 Grams I67,12.53,2025-06-09,9.1,1.38,WorthPoint
campo-del-cielo-meteorite,Meteorite Campo Del Cielo Strike Iron Nickle Argentina 2.9 Grams U22,8.99,2025-06-09,2.9,3.1,WorthPoint
campo-del-cielo-meteorite,11.4 Grams NEW CAMPO DEL CIELO METEORITE Polished + Certificate Of Authenticity,8.29,2025-06-09,11.4,0.73,WorthPoint
campo-del-cielo-meteorite,Beautiful 390 Gm. Campo Del Cielo Meteorite .85 Lb Sculptural Cut 6 Sides,251.95,2025-06-09,390.0,0.65,WorthPoint
campo-del-cielo-meteorite,129 Gm. Campo Del Cielo Meteorite Aaa Grade .28+ Lbs. Std Cleaned Polished Jal,152.95,2025-06-09,129.0,1.19,WorthPoint
campo-del-cielo-meteorite,Campo Del Cielo METEORITE 100% Natural From Argentina 7.1gr,15.99,2025-06-09,7.1,2.25,WorthPoint
campo-del-cielo-meteorite,Campo Del Cielo Meteorite Etched Full Slice Weight 146.8 Grams 6.5 Inches,187.0,2025-06-08,146.8,1.27,WorthPoint
campo-del-cielo-meteorite,24.2 Grams NEW CAMPO DEL CIELO METEORITE Polished + Certificate Of Authenticity,19.99,2025-06-08,24.2,0.83,WorthPoint
campo-del-cielo-meteorite,16 Grams NEW CAMPO DEL CIELO METEORITE Polished + Certificate Of Authenticity,11.99,2025-06-07,16.0,0.75,WorthPoint
campo-del-cielo-meteorite,52 Gram Campo Del Cielo Argentina Iron Meteorite From Outer Space,39.0,2025-06-07,52.0,0.75,WorthPoint
campo-del-cielo-meteorite,19 Grams NEW CAMPO DEL CIELO METEORITE Polished + Certificate Of Authenticity,14.99,2025-06-06,19.0,0.79,WorthPoint
campo-del-cielo-meteorite,548 G Or 1.3 Lbs Campo Del Cielo Iron Meteorite,399.99,2025-06-04,548.0,0.73,WorthPoint
campo-del-cielo-meteorite,37 Gm Campo Del Cielo Meteorite Crystal Great Piece With Stand Jal,37.95,2025-06-03,37.0,1.03,WorthPoint
campo-del-cielo-meteorite,17 Grams NEW CAMPO DEL CIELO METEORITE Polished + Certificate Of Authenticity,13.39,2025-06-01,17.0,0.79,WorthPoint
campo-del-cielo-meteorite,Campo Del Cielo Iron Nickel Meteorite Lot Argentina 25.32 Grams,34.75,2025-06-01,25.32,1.37,WorthPoint
campo-del-cielo-meteorite,1240 GM. CAMPO DEL CIELO METEORITE B GRADE LARGE METEORITE 2.73 Lbs. CLEANED,647.19,2025-05-31,1240.0,0.52,WorthPoint
campo-del-cielo-meteorite,"DANCING BEAR Meteorite From Space, 5 Pcs Campo Del Cielo From Argentina/",16.95,2025-05-31,,,WorthPoint
campo-del-cielo-meteorite,26.5 Grams CAMPO DEL CIELO METEORITE Polished + Certificate Of Authenticity,20.99,2025-05-30,26.5,0.79,WorthPoint
campo-del-cielo-meteorite,Meteorite - Campo Del Cielo - Iron Meteorite - CDC-5058 - 5.22g - COA - Crystals,24.95,2025-05-29,5.22,4.78,WorthPoint
campo-del-cielo-meteorite,542 Gm. Campo Del Cielo Meteorite ; Med Grade! 1.1 Pounds; Stand; Cheap!!,554.9,2025-05-29,542.0,1.02,WorthPoint
campo-del-cielo-meteorite,Campo Del Cielo Authentic Meteorite Specimen (62.7 Grams),56.43,2025-05-29,62.7,0.9,WorthPoint
campo-del-cielo-meteorite,Lg 190 Gm Campo Del Cielo Meteorite Aaa Grade 4.1 Lbs Stand,224.1,2025-05-27,190.0,1.18,WorthPoint
campo-del-cielo-meteorite,3 Authentic Space Meteorites ~ Campo Del Cielo Meteor Shower ~argentina ~2200 Bc,18.88,2025-05-26,,,WorthPoint
campo-del-cielo-meteorite,3.88g CAMPO DEL CIELO METEORITE Pendant,10.5,2025-05-25,3.88,2.71,WorthPoint
campo-del-cielo-meteorite,5.29 Grams CAMPO DEL CIELO METEORITE Polished Charm Pendant For A Necklace + COA,6.99,2025-05-25,5.29,1.32,WorthPoint
campo-del-cielo-meteorite,3.49 Grams CAMPO DEL CIELO METEORITE Polished Charm Pendant For A Necklace + COA,5.99,2025-05-25,3.49,1.72,WorthPoint
campo-del-cielo-meteorite,4.87 Grams CAMPO DEL CIELO METEORITE Polished Charm Pendant For A Necklace + COA,5.99,2025-05-25,4.87,1.23,WorthPoint
campo-del-cielo-meteorite,Campo Del Cielo Meteorite AUTHENTIC Slabbed Lot Of 5!!!,9.99,2025-05-25,,,WorthPoint
campo-del-cielo-meteorite,184 Gm Campo Del Cielo Meteorite A Grade!! Beautiful Cleaned. Stand,179.95,2025-05-25,184.0,0.98,WorthPoint
campo-del-cielo-meteorite,Campo Del Cielo Meteorite Flight Orientated !! 180 Grams Iron Nickel Meteorite,159.0,2025-05-25,180.0,0.88,WorthPoint
campo-del-cielo-meteorite,CAMPO DEL CIELO 875g Iron Meteorite THICK ETCHED SLICE Stabilized IMCA Sellers,710.0,2025-05-23,875.0,0.81,WorthPoint
campo-del-cielo-meteorite,5.55 Grams CAMPO DEL CIELO METEORITE Polished Charm Pendant For A Necklace + COA,6.99,2025-05-23,5.55,1.26,WorthPoint
campo-del-cielo-meteorite,1576 METEORITE Slabbed Campo Del Cielo Meteor Space Rock LOT #3 NR,19.99,2025-05-23,,,WorthPoint
campo-del-cielo-meteorite,Campo Del Cielo Iron Nickel Meteorite Argentina 3.78 Grams,12.75,2025-05-23,3.78,3.37,WorthPoint
campo-del-cielo-meteorite,9.3 Grams CAMPO DEL CIELO METEORITE Pendant M-16,11.99,2025-05-23,9.3,1.29,WorthPoint
campo-del-cielo-meteorite,32 Grams All 8 CAMPO Del CIELO METEORITES Polished Charms Pendants With A COA,25.99,2025-05-22,32.0,0.81,WorthPoint
campo-del-cielo-meteorite,Campo Del Cielo Authentic Meteorite Specimen (59.9 Grams),54.0,2025-05-22,59.9,0.9,WorthPoint
campo-del-cielo-meteorite,Campo Del Cielo Authentic Meteorite Specimen (59.8 Grams),53.82,2025-05-22,59.8,0.9,WorthPoint
campo-del-cielo-meteorite,682 Gm . CAMPO DEL CIELO METEORITE 1.5+ Pounds LOW LOW PRICE AAA GRADE CLEANED,566.19,2025-05-22,682.0,0.83,WorthPoint
campo-del-cielo-meteorite,Meterorite Necklace W/ Chain Campo Del Cielo 13.1 Grams Genuine Dino Girl COA 30,29.69,2025-05-22,13.1,2.27,WorthPoint
campo-del-cielo-meteorite,42.5 Grams All 12 CAMPO Del CIELO METEORITES Polished Charms Pendants With A COA,32.99,2025-05-21,42.5,0.78,WorthPoint
campo-del-cielo-meteorite,119 Grams Total And You Get All 9 CAMPO DEL CIELO METEORITES Polished With COA,84.99,2025-05-21,119.0,0.71,WorthPoint
campo-del-cielo-meteorite,28 Gm Campo Del Cielo Meteorite A Grade Beautiful Tiny Meteorite Stand,42.71,2025-05-21,28.0,1.53,WorthPoint
campo-del-cielo-meteorite,218 Gm CAMPO DEL CIELO METEORITE ; AA GRADE . 47 LBS CLEANED STAND,206.28,2025-05-21,218.0,0.95,WorthPoint
campo-del-cielo-meteorite,"Campo Del Cielo Iron IAB Meteorite Found Argentina 1576, 17.58 Grams",24.0,2025-05-20,17.58,1.37,WorthPoint
campo-del-cielo-meteorite,26 Grams CAMPO DEL CIELO METEORITE Polished + Certificate Of Authenticity,20.99,2025-05-20,26.0,0.81,WorthPoint
campo-del-cielo-meteorite,25.1 Grams CAMPO DEL CIELO METEORITE Polished + Certificate Of Authenticity,19.99,2025-05-20,25.1,0.8,WorthPoint
campo-del-cielo-meteorite,25.5 Grams CAMPO DEL CIELO METEORITE Polished + Certificate Of Authenticity,19.99,2025-05-19,25.5,0.78,WorthPoint
campo-del-cielo-meteorite,5.08 Grams CAMPO DEL CIELO Iron METEORITE Fell In Argentina!,6.99,2025-05-19,5.08,1.38,WorthPoint
campo-del-cielo-meteorite,"44.90 Gram Campo Del Cielo Argentina Meteorite, Iron From Outer Space # ME 628 B",33.75,2025-05-17,44.9,0.75,WorthPoint
campo-del-cielo-meteorite,Mini Museum Meteorite Campo Del Cielo Meteorite,25.0,2025-05-16,,,WorthPoint
campo-del-cielo-meteorite,Beautiful 586 Gm. Etched Campo Del Cielo Meteorite Quarter Cut,359.1,2025-05-15,586.0,0.61,WorthPoint
campo-del-cielo-meteorite,Campo Del Cielo METEORITE 100% Natural From Argentina 9.9gr,15.99,2025-05-15,9.9,1.62,WorthPoint
campo-del-cielo-meteorite,4.94 Grams CAMPO DEL CIELO METEORITE Polished Charm Pendant For A Necklace + COA,5.99,2025-05-15,4.94,1.21,WorthPoint
campo-del-cielo-meteorite,"Meteorite Specimen Campo Del Cielo, 35.38 Grams, Iron Meteorite, Astronomy Gift",58.0,2025-05-13,35.38,1.64,WorthPoint
campo-del-cielo-meteorite,AMAZING SCULPTED 130g BABY CAMPO DEL CIELO IRON METEORITE!,179.0,2025-05-13,130.0,1.38,WorthPoint
campo-del-cielo-meteorite,Campo Del Cielo Authentic Meteorite Specimen (66.4 Grams),59.76,2025-05-12,66.4,0.9,WorthPoint
campo-del-cielo-meteorite,Authentic Space Meteorite Lot Of 14 Campo Del Cielo Meteor Shower Argentina,93.49,2025-05-12,,,WorthPoint
campo-del-cielo-meteorite,39.6 Grams All 12 CAMPO Del CIELO METEORITES Polished Charms Pendants With A COA,34.0,2025-05-12,39.6,0.86,WorthPoint
campo-del-cielo-meteorite,20.6 Grams CAMPO DEL CIELO METEORITE Polished + Certificate Of Authenticity,15.99,2025-05-12,20.6,0.78,WorthPoint
campo-del-cielo-meteorite,5.61 Grams CAMPO DEL CIELO METEORITE Polished Charm Pendant For A Necklace + COA,6.99,2025-05-11,5.61,1.25,WorthPoint
campo-del-cielo-meteorite,16.9 Grams CAMPO DEL CIELO METEORITE Polished + Certificate Of Authenticity,11.99,2025-05-11,16.9,0.71,WorthPoint
campo-del-cielo-meteorite,5 In. SLICE OF CAMPO DEL CIELO METEORITE SLAB 450 GMS STAND; 1 Lbs,313.45,2025-05-11,450.0,0.7,WorthPoint
campo-del-cielo-meteorite,123.4 Grams Lot Of NEW CAMPO DEL CIELO Shiny METEORITES 1 To 2 Grams Each W/ COA,87.99,2025-05-10,123.4,0.71,WorthPoint
campo-del-cielo-meteorite,4.26 Grams CAMPO DEL CIELO METEORITE Polished Charm Pendant For A Necklace + COA,5.99,2025-05-09,4.26,1.41,WorthPoint
campo-del-cielo-meteorite,42.3 Grams All 12 CAMPO Del CIELO METEORITES Polished Charms Pendants With A COA,30.99,2025-05-09,42.3,0.73,WorthPoint
campo-del-cielo-meteorite,494 Gm .CAMPO DEL CIELO METEORITE ; AAA QUALITY; 1.1 LB BEAUTIFUL;,664.05,2025-05-09,494.0,1.34,WorthPoint
campo-del-cielo-meteorite,Huge 189 Gm Campo Del Cielo Meteorite Crystal Great Piece W/ Stand .41 Lb Jal,189.05,2025-05-08,189.0,1.0,WorthPoint
campo-del-cielo-meteorite,"Campo Del Cielo Iron Meteorite, Lot Of Many Small Fragments, 290 Gr #2",289.99,2025-05-07,290.0,1.0,WorthPoint
campo-del-cielo-meteorite,4.22 Grams CAMPO DEL CIELO METEORITE Polished Charm Pendant For A Necklace + COA,5.99,2025-05-06,4.22,1.42,WorthPoint
campo-del-cielo-meteorite,13.4 Grams CAMPO DEL CIELO METEORITE Polished Charm Pendant For A Necklace,12.99,2025-05-06,13.4,0.97,WorthPoint
campo-del-cielo-meteorite,130.8 Grams Lot Of NEW CAMPO DEL CIELO Shiny METEORITES 1 To 2 Grams Each W/ COA,95.0,2025-05-06,130.8,0.73,WorthPoint
campo-del-cielo-meteorite,Campo Del Cielo Authentic Meteorite Specimen (43 Grams),43.2,2025-05-06,43.0,1.0,WorthPoint
campo-del-cielo-meteorite,7.64 Grams NEW CAMPO DEL CIELO METEORITE Polished Charm Pendant For A Necklace,12.99,2025-05-06,7.64,1.7,WorthPoint
campo-del-cielo-meteorite,5.32 Grams CAMPO DEL CIELO Iron METEORITE Fell In Argentina!,5.99,2025-05-06,5.32,1.13,WorthPoint
campo-del-cielo-meteorite,8.43 Grams NEW CAMPO DEL CIELO METEORITE Polished Charm Pendant For A Necklace,10.0,2025-05-05,8.43,1.19,WorthPoint
campo-del-cielo-meteorite,16.3 Grams CAMPO DEL CIELO METEORITE Polished Charm Pendant For A Necklace,15.99,2025-05-05,16.3,0.98,WorthPoint
campo-del-cielo-meteorite,9.58 Grams NEW CAMPO DEL CIELO METEORITE Polished Charm Pendant For A Necklace,9.99,2025-05-05,9.58,1.04,WorthPoint
campo-del-cielo-meteorite,11.9 Grams NEW CAMPO DEL CIELO METEORITE Polished Charm Pendant For A Necklace,9.99,2025-05-05,11.9,0.84,WorthPoint
campo-del-cielo-meteorite,11.6 Grams NEW CAMPO DEL CIELO METEORITE Polished Charm Pendant For A Necklace,10.99,2025-05-05,11.6,0.95,WorthPoint
campo-del-cielo-meteorite,15 Grams CAMPO DEL CIELO METEORITE Polished Charm Pendant For A Necklace + COA,14.99,2025-05-05,15.0,1.0,WorthPoint
campo-del-cielo-meteorite,31.1 Grams CAMPO DEL CIELO METEORITE Polished + Certificate Of Authenticity,24.99,2025-05-05,31.1,0.8,WorthPoint
campo-del-cielo-meteorite,11.7 Grams NEW CAMPO DEL CIELO METEORITE Polished Charm Pendant For A Necklace,9.99,2025-05-05,11.7,0.85,WorthPoint
campo-del-cielo-meteorite,11.4 Grams CAMPO DEL CIELO METEORITE Polished Charm Pendant For A Necklace,13.99,2025-05-05,11.4,1.23,WorthPoint
campo-del-cielo-meteorite,14.4 Grams CAMPO DEL CIELO METEORITE Polished Charm Pendant For A Necklace + COA,12.99,2025-05-05,14.4,0.9,WorthPoint
campo-del-cielo-meteorite,11.3 Grams CAMPO DEL CIELO METEORITE Polished Charm Pendant For A Necklace + COA,10.99,2025-05-05,11.3,0.97,WorthPoint
campo-del-cielo-meteorite,14.5 Grams CAMPO DEL CIELO METEORITE Polished Charm Pendant For A Necklace + COA,12.99,2025-05-05,14.5,0.9,WorthPoint
campo-del-cielo-meteorite,10.3 Grams CAMPO DEL CIELO METEORITE Polished Charm Pendant For A Necklace +COA,12.99,2025-05-05,10.3,1.26,WorthPoint
campo-del-cielo-meteorite,15.2 Grams NEW CAMPO DEL CIELO METEORITE Polished Charm Pendant For A Necklace,12.99,2025-05-05,15.2,0.85,WorthPoint
campo-del-cielo-meteorite,10.5 Grams CAMPO DEL CIELO METEORITE Polished Charm Pendant For A Necklace +COA,12.99,2025-05-05,10.5,1.24,WorthPoint
campo-del-cielo-meteorite,11 Grams CAMPO DEL CIELO METEORITE Polished Charm Pendant For A Necklace,13.99,2025-05-05,11.0,1.27,WorthPoint
campo-del-cielo-meteorite,11.2 Grams NEW CAMPO DEL CIELO METEORITE Polished Charm Pendant For A Necklace,10.99,2025-05-05,11.2,0.98,WorthPoint
campo-del-cielo-meteorite,9.08 Grams NEW CAMPO DEL CIELO METEORITE Polished Charm Pendant For A Necklace,9.99,2025-05-05,9.08,1.1,WorthPoint
campo-del-cielo-meteorite,11.2 Grams CAMPO DEL CIELO METEORITE Polished Charm Pendant For A Necklace +COA,13.99,2025-05-05,11.2,1.25,WorthPoint
campo-del-cielo-meteorite,12.1 Grams CAMPO DEL CIELO METEORITE Polished Charm Pendant For A Necklace + COA,11.99,2025-05-05,12.1,0.99,WorthPoint
campo-del-cielo-meteorite,9.30 Grams CAMPO DEL CIELO METEORITE Polished Charm Pendant For A Necklace,9.99,2025-05-05,9.3,1.07,WorthPoint
campo-del-cielo-meteorite,15.8 Grams CAMPO DEL CIELO METEORITE Polished Charm Pendant For A Necklace +COA,16.99,2025-05-05,15.8,1.08,WorthPoint
campo-del-cielo-meteorite,58.8 Grams NEW CAMPO DEL CIELO METEORITE Polished + Certificate Of Authenticity,50.99,2025-05-05,58.8,0.87,WorthPoint
campo-del-cielo-meteorite,12.7 Grams CAMPO DEL CIELO METEORITE Polished Charm Pendant For A Necklace + COA,11.99,2025-05-05,12.7,0.94,WorthPoint
campo-del-cielo-meteorite,14.9 Grams NEW CAMPO DEL CIELO METEORITE Polished Charm Pendant For A Necklace,12.99,2025-05-05,14.9,0.87,WorthPoint
campo-del-cielo-meteorite,14.1 Grams CAMPO DEL CIELO METEORITE Polished Charm Pendant For A Necklace +COA,15.99,2025-05-05,14.1,1.13,WorthPoint
campo-del-cielo-meteorite,8.62 Grams CAMPO DEL CIELO METEORITE Polished Charm Pendant For A Necklace,9.99,2025-05-05,8.62,1.16,WorthPoint
campo-del-cielo-meteorite,Large Slice Of Campo Del Cielo Meteorite Slab 508 Gms,341.05,2025-05-05,508.0,0.67,WorthPoint
campo-del-cielo-meteorite,Meteorite Collection ‚Äì 9 Authentic Specimens ‚Äì Boxed Campo Del Cielo + 8 Capsule,22.52,2025-05-05,,,WorthPoint
campo-del-cielo-meteorite,Campo Del Cielo Iron Nickel Meteorite Argentina 6.11 Grams,12.11,2025-05-05,6.11,1.98,WorthPoint
campo-del-cielo-meteorite,5.40 Grams CAMPO DEL CIELO Iron METEORITE Fell In Argentina!,5.99,2025-05-05,5.4,1.11,WorthPoint
campo-del-cielo-meteorite,25.4 Grams CAMPO DEL CIELO METEORITE Polished + Certificate Of Authenticity,20.0,2025-05-04,25.4,0.79,WorthPoint
campo-del-cielo-meteorite,Four Authentic Space Meteorite Rocks 2200 BC Campo Del Cielo Meteor Shower,10.0,2025-05-03,,,WorthPoint
campo-del-cielo-meteorite,Authentic Meteorite Space Rock Campo Del Cielo Argentina 5 Ea,20.0,2025-05-03,,,WorthPoint
campo-del-cielo-meteorite,About 39.9 Grams Authentic NEW CAMPO DEL CIELO METEORITE,38.95,2025-05-03,39.9,0.98,WorthPoint
campo-del-cielo-meteorite,Campo Del Cielo Authentic Meteorite Specimen (63.3 Grams),56.97,2025-05-03,63.3,0.9,WorthPoint
campo-del-cielo-meteorite,Campo Del Cielo Authentic Meteorite Specimen (70.7 Grams),63.63,2025-05-03,70.7,0.9,WorthPoint
campo-del-cielo-meteorite,Meteorite Campo Del Cielo Strike Iron Nickel Argentina 4.2 Grams I30,8.99,2025-05-02,4.2,2.14,WorthPoint
campo-del-cielo-meteorite,Campo Del Cielo METEORITE 100% Natural From Argentina 8.5gr,15.99,2025-05-01,8.5,1.88,WorthPoint
campo-del-cielo-meteorite,4.0g Campo Del Cielo Iron Nickel Meteorite Piece Meteor Space Rock Asteroid 0014,16.94,2025-05-01,4.0,4.24,WorthPoint
campo-del-cielo-meteorite,1000 Gm LOT OF CAMPO DEL CIELO METEORITE CRYSTALS 5-10 GMS IN SIZE 1 KILO JAL,498.75,2025-05-01,1000.0,0.5,WorthPoint
campo-del-cielo-meteorite,250 Gm LOT OF CAMPO DEL CIELO METEORITE CRYSTALS 15-20 GMS IN SIZE 1/4 KILO JAL,128.25,2025-05-01,250.0,0.51,WorthPoint
campo-del-cielo-meteorite,3.59 Grams CAMPO DEL CIELO Iron METEORITE Fell In Argentina!,7.0,2025-05-01,3.59,1.95,WorthPoint
campo-del-cielo-meteorite,Lot Of THREE! Smaller Campo Del Cielo Meteorites 100% Authentic 18.9gr,18.99,2025-04-30,18.9,1.0,WorthPoint
campo-del-cielo-meteorite,11.1 Grams CAMPO DEL CIELO METEORITE Polished Charm Pendant For A Necklace + COA,10.99,2025-04-30,11.1,0.99,WorthPoint
campo-del-cielo-meteorite,AAA Quality Campo Del Cielo Iron Meteorite! 8.5kg. Unbeatable Shape.,4995.0,2025-04-30,8500.0,0.59,WorthPoint
campo-del-cielo-meteorite,836 Gm CAMPO DEL CIELO METEORITE ;AAA GRADE METEORITE; 1.8 LB STAND,785.0,2025-04-29,836.0,0.94,WorthPoint
campo-del-cielo-meteorite,1076 Gm. Campo Del Cielo Meteorite B Grade ; 2.34 Lbs. Cheap! Cleaned Silicate,584.1,2025-04-29,1076.0,0.54,WorthPoint
campo-del-cielo-meteorite,194 Gm Campo Del Cielo Meteorite A Grade Beautiful .42 Lbs Cleaned Stand,179.95,2025-04-29,194.0,0.93,WorthPoint
campo-del-cielo-meteorite,268 Gm Campo Del Cielo Meteorite. B Grade Beautiful Cleaned Meteorite .58 Lbs,249.0,2025-04-29,268.0,0.93,WorthPoint
campo-del-cielo-meteorite,Campo Del Cielo Authentic Meteorite Specimen (61.7 Grams),61.7,2025-04-29,61.7,1.0,WorthPoint
campo-del-cielo-meteorite,842 GM. CAMPO DEL CIELO METEORITE B+ GRADE 1.85+ Pound CLEANED STAND,539.96,2025-04-29,842.0,0.64,WorthPoint
campo-del-cielo-meteorite,4 Meteorites Each In Display Jar! 2 Sikhote-Alin & 2 Campo Del Cielo! No Reserve,9.99,2025-04-28,,,WorthPoint
campo-del-cielo-meteorite,24.3 Grams NEW CAMPO DEL CIELO METEORITE Polished + Certificate Of Authenticity,19.99,2025-04-28,24.3,0.82,WorthPoint
campo-del-cielo-meteorite,Lot Of 5 Authentic Meteorites Space Rock Campo Del Cielo Argentina 1576AD Slab,29.99,2025-04-28,,,WorthPoint
campo-del-cielo-meteorite,"2,635 G Or 5.8lbs Campo Del Cielo Iron Meteorite",2150.0,2025-04-28,635.0,3.39,WorthPoint
campo-del-cielo-meteorite,"""Collection Of 13 Authentic Space Meteorite """"Campo Del Cielo Argentina"""" 2200 BC""",200.0,2025-04-27,,,WorthPoint
campo-del-cielo-meteorite,Huge 3446 Gm Campo Del Cielo Meteorite Grade A 7.6 Pounds Sculptural Shape!,1399.0,2025-04-27,3446.0,0.41,WorthPoint
campo-del-cielo-meteorite,"Campo Del Cielo Iron Meteorite From Argentina, 19.4 Grams",7.99,2025-04-27,19.4,0.41,WorthPoint
campo-del-cielo-meteorite,Lot Of 4 AuthenticCampo Del Cielo Meteorite - In Holder,11.03,2025-04-27,,,WorthPoint
campo-del-cielo-meteorite,36 Gm Campo Del Cielo Meteorite Crystal Great Piece With Stand Jal,37.95,2025-04-27,36.0,1.05,WorthPoint
campo-del-cielo-meteorite,Beautiful 656 Gm Campo Del Cielo Etched Meteorite Slab Silicate Areas And Seams,664.05,2025-04-27,656.0,1.01,WorthPoint
campo-del-cielo-meteorite,10 Total Authentic Meteorite Space Rock Campo Del Cielo Argentina C 2200 BC,18.5,2025-04-27,,,WorthPoint
campo-del-cielo-meteorite,Beautiful 858 Gm. Etched Campo Del Cielo Meteorite Quarter Cut,629.1,2025-04-26,858.0,0.73,WorthPoint
campo-del-cielo-meteorite,Beautiful 340 Gm. Etched Campo Del Cielo Meteorite Quarter Cut .75 Lbs,236.55,2025-04-26,340.0,0.7,WorthPoint
campo-del-cielo-meteorite,12 Grams CAMPO DEL CIELO METEORITE Polished Charm Pendant For A Necklace,11.99,2025-04-26,12.0,1.0,WorthPoint
campo-del-cielo-meteorite,8.77 Grams NEW CAMPO DEL CIELO METEORITE Polished Charm Pendant For A Necklace,9.99,2025-04-26,8.77,1.14,WorthPoint
campo-del-cielo-meteorite,2 Authentic Space Meteorite Rocks 2200 BC Campo Del Cielo Meteor Shower,9.5,2025-04-26,,,WorthPoint
campo-del-cielo-meteorite,(20+) Campo Del Cielo Iron Meteorite Specimens,17.7,2025-04-26,,,WorthPoint
campo-del-cielo-meteorite,"Authentic Meteorite-Space Rock, Campo Del Cielo Argentina, INB",9.99,2025-04-24,,,WorthPoint
campo-del-cielo-meteorite,Campo Del Cielo Meteorite - 50.80 Kilograms,27500.0,2025-04-23,,,WorthPoint
campo-del-cielo-meteorite,Campo Del Cielo Meteorite - 31.2 Kilograms,12500.0,2025-04-23,,,WorthPoint
campo-del-cielo-meteorite,"Campo Del Cielo Meteorite - 6,570 Grams",4500.0,2025-04-23,570.0,7.89,WorthPoint
campo-del-cielo-meteorite,"Campo Del Cielo Meteorite - 2,371.9 Grams",2562.5,2025-04-23,371.9,6.89,WorthPoint
campo-del-cielo-meteorite,Campo Del Cielo Meteorite Etched ''Cube'' - 700.6 Grams,1750.0,2025-04-23,700.6,2.5,WorthPoint
campo-del-cielo-meteorite,65 Grams NEW CAMPO DEL CIELO METEORITE Polished + Certificate Of Authenticity,54.99,2025-04-23,65.0,0.85,WorthPoint
campo-del-cielo-meteorite,BEAUTIFUL 5.5x2.75 INCH 210 GM CAMPO DEL CIELO METEORITE SLAB .46 LBS,170.05,2025-04-23,210.0,0.81,WorthPoint
campo-del-cielo-meteorite,858 Gm. Campo Del Cielo Meteorite ; A Grade!! Beautiful 1.8 Pounds; Cheap!,499.0,2025-04-23,858.0,0.58,WorthPoint
campo-del-cielo-meteorite,67.2 Grams NEW CAMPO DEL CIELO METEORITE Polished + Certificate Of Authenticity,53.99,2025-04-23,67.2,0.8,WorthPoint
campo-del-cielo-meteorite,Authentic Space Meteorite - Campo Del Cielo Meteor Shower - Argentina C 2200 BC,9.99,2025-04-22,,,WorthPoint
campo-del-cielo-meteorite,Meteorite CAMPO DEL CIELO 56 Grams W/Wooden Storage Box & Velvet Pouch,29.99,2025-04-22,56.0,0.54,WorthPoint
campo-del-cielo-meteorite,734 GM. CAMPO DEL CIELO METEORITE ; AAA GRADE METEORITE 1.6+lbs.,675.97,2025-04-22,734.0,0.92,WorthPoint
campo-del-cielo-meteorite,60.58 Grams Authentic CAMPO DEL CIELO METEORITE,51.95,2025-04-21,60.58,0.86,WorthPoint
campo-del-cielo-meteorite,Campo Del Cielo Authentic Meteorite Specimen (64.3 Grams),64.3,2025-04-21,64.3,1.0,WorthPoint
campo-del-cielo-meteorite,Campo Del Cielo Authentic Meteorite Specimen (58 Grams),58.0,2025-04-21,58.0,1.0,WorthPoint
campo-del-cielo-meteorite,Campo Del Cielo Authentic Meteorite Specimen (59.2 Grams),59.2,2025-04-21,59.2,1.0,WorthPoint
campo-del-cielo-meteorite,AAA Quality Campo Del Cielo Iron Meteorite 1.932kg. Remnant Fusion Crust! Stable,757.57,2025-04-20,1932.0,0.39,WorthPoint
campo-del-cielo-meteorite,INDIVIDUAL BEAUTIFUL LARGE 112g CAMPO DEL CIELO IRON METEORITE FRAGMENT!,99.0,2025-04-20,112.0,0.88,WorthPoint
campo-del-cielo-meteorite,Campo Del Cielo Iron Nickel Meteorite Argentina 6.55 Grams,11.86,2025-04-20,6.55,1.81,WorthPoint
campo-del-cielo-meteorite,Pair Of Authentic Space Meteorite Rocks 2200 BC Campo Del Cielo Meteor Shower,7.88,2025-04-20,,,WorthPoint
campo-del-cielo-meteorite,500 GRS LOT OF CAMPO DEL CIELO METEORITE CRYSTALS FROM. 20-30 Gm IN SIZE,251.75,2025-04-19,500.0,0.5,WorthPoint
campo-del-cielo-meteorite,INDIVIDUAL BEAUTIFUL LARGE 94g CAMPO DEL CIELO IRON METEORITE FRAGMENT!,85.0,2025-04-18,94.0,0.9,WorthPoint
campo-del-cielo-meteorite,X260-15 Campo Del Cielo Meteorite 5 Gr Slice Pendant Widmanstatten Iron Nickel,25.99,2025-04-17,5.0,5.2,WorthPoint
campo-del-cielo-meteorite,39 Gm Campo Del Cielo Meteorite Crystal Great Piece With Stand Jal,42.7,2025-04-17,39.0,1.09,WorthPoint
campo-del-cielo-meteorite,Genuine Meteorite And Display Cube 6.5 Gram Campo Del Cielo Meteorite And Magnet,29.99,2025-04-16,6.5,4.61,WorthPoint
campo-del-cielo-meteorite,Campo Del Cielo METEORITE 100% Natural From Argentina 8.2gr,15.99,2025-04-16,8.2,1.95,WorthPoint
campo-del-cielo-meteorite,Campo Del Cielo Iron Meteorite From Argentina With Regmaglypts 409 Grams,225.0,2025-04-16,409.0,0.55,WorthPoint
campo-del-cielo-meteorite,Argentina 1576 CAMPO DEL CIELO Meteorite Medal GEM W/ Actual METEOR Piece W/ COA,32.5,2025-04-15,,,WorthPoint
campo-del-cielo-meteorite,28.7 Grams CAMPO DEL CIELO METEORITE Polished + Certificate Of Authenticity,22.99,2025-04-15,28.7,0.8,WorthPoint
campo-del-cielo-meteorite,34 Gm Campo Del Cielo Meteorite Crystal Great Piece With Stand Jal,36.96,2025-04-14,34.0,1.09,WorthPoint
campo-del-cielo-meteorite,"Meteorite Specimen Pendant, Campo Del Cielo Meteorite",20.0,2025-04-14,,,WorthPoint
campo-del-cielo-meteorite,15 Grams NEW CAMPO DEL CIELO METEORITE Polished + Certificate Of Authenticity,11.49,2025-04-14,15.0,0.77,WorthPoint
campo-del-cielo-meteorite,SUPER SHAPE! BEAUTIFUL LARGE 99g CAMPO DEL CIELO IRON METEORITE FRAGMENT!,89.0,2025-04-14,99.0,0.9,WorthPoint
campo-del-cielo-meteorite,INDIVIDUAL BEAUTIFUL Large 115g CAMPO DEL CIELO IRON METEORITE FRAGMENT!,105.0,2025-04-14,115.0,0.91,WorthPoint
campo-del-cielo-meteorite,"Meteorite Specimen Campo Del Cielo, 12.67 Grams, Iron Meteorite, Astronomy Gift",44.8,2025-04-14,12.67,3.54,WorthPoint
campo-del-cielo-meteorite,106g CAMPO DEL CIELO IRON NICKEL METEORITE,59.0,2025-04-13,106.0,0.56,WorthPoint
campo-del-cielo-meteorite,Campo Del Cielo Iron Nickel Meteorite Lot Argentina 25.28 Grams,33.01,2025-04-13,25.28,1.31,WorthPoint
campo-del-cielo-meteorite,Huge 45 Kgms Campo Del Cielo Meteorite Aaa Collectors Museum Grade 99 Lbs. Jal,40608.44,2025-04-13,45000.0,0.9,WorthPoint
campo-del-cielo-meteorite,1090 Gm. Campo Del Cielo Meteorite ; A Grade Meteorite; Beautiful 2.4 Lbs.,631.7,2025-04-13,1090.0,0.58,WorthPoint
campo-del-cielo-meteorite,8.54 Grams CAMPO DEL CIELO METEORITE Polished Charm Pendant For A Necklace,9.99,2025-04-12,8.54,1.17,WorthPoint
campo-del-cielo-meteorite,11.4 Grams NEW CAMPO DEL CIELO METEORITE Polished Charm Pendant For A Necklace,9.99,2025-04-12,11.4,0.88,WorthPoint
campo-del-cielo-meteorite,13.1 Grams NEW CAMPO DEL CIELO METEORITE Polished Charm Pendant For A Necklace,10.99,2025-04-12,13.1,0.84,WorthPoint
campo-del-cielo-meteorite,29.6 Grams CAMPO DEL CIELO METEORITE Polished + Certificate Of Authenticity,23.99,2025-04-12,29.6,0.81,WorthPoint
campo-del-cielo-meteorite,27.4 Grams CAMPO DEL CIELO METEORITE Polished + Certificate Of Authenticity,21.99,2025-04-12,27.4,0.8,WorthPoint
campo-del-cielo-meteorite,30.6 Grams CAMPO DEL CIELO METEORITE Polished + Certificate Of Authenticity,24.99,2025-04-12,30.6,0.82,WorthPoint
campo-del-cielo-meteorite,"Authentic Meteorite, Space Rock, Campo Del Cielo, Argentina-Discovered 1576 AD",9.99,2025-04-11,,,WorthPoint
campo-del-cielo-meteorite,3x Campo Del Cielo Meteorite Authentic Space Dust C. 2200 BC Slabbed L3,11.99,2025-04-11,,,WorthPoint
campo-del-cielo-meteorite,Campo Del Cielo Meteorite AUTHENTIC Slabbed Lot Of 13 & Loose NW African,50.0,2025-04-11,,,WorthPoint
campo-del-cielo-meteorite,Campo Del Cielo Iron Nickel Meteorite Lot Argentina 50.28 Grams,59.75,2025-04-11,50.28,1.19,WorthPoint
campo-del-cielo-meteorite,Beautiful 778 Gm. Etched Campo Del Cielo Meteorite Quarter Cut,521.55,2025-04-10,778.0,0.67,WorthPoint
campo-del-cielo-meteorite,24.6 Grams NEW CAMPO DEL CIELO METEORITE Polished + Certificate Of Authenticity,19.99,2025-04-10,24.6,0.81,WorthPoint
campo-del-cielo-meteorite,6.89 Grams NEW CAMPO DEL CIELO METEORITE Polished Charm Pendant For A Necklace,8.99,2025-04-10,6.89,1.3,WorthPoint
campo-del-cielo-meteorite,Campo Del Cielo Authentic Meteorite Specimen (64.8 Grams),64.8,2025-04-10,64.8,1.0,WorthPoint
campo-del-cielo-meteorite,31.9 Grams CAMPO DEL CIELO METEORITE Polished + Certificate Of Authenticity,24.99,2025-04-10,31.9,0.78,WorthPoint
campo-del-cielo-meteorite,30.4 Grams CAMPO DEL CIELO METEORITE Polished + Certificate Of Authenticity,23.99,2025-04-10,30.4,0.79,WorthPoint
campo-del-cielo-meteorite,21.1 Grams NEW CAMPO DEL CIELO METEORITE Polished + Certificate Of Authenticity,16.99,2025-04-10,21.1,0.81,WorthPoint
campo-del-cielo-meteorite,12.4 Grams NEW CAMPO DEL CIELO METEORITE Polished Charm Pendant For A Necklace,9.99,2025-04-09,12.4,0.81,WorthPoint
campo-del-cielo-meteorite,12.52 Grams NEW CAMPO DEL CIELO METEORITE Polished Charm Pendant For A Necklace,9.99,2025-04-09,12.52,0.8,WorthPoint
campo-del-cielo-meteorite,14.3 Grams NEW CAMPO DEL CIELO METEORITE Polished Charm Pendant For A Necklace,13.5,2025-04-09,14.3,0.94,WorthPoint
campo-del-cielo-meteorite,5.39 Grams NEW CAMPO DEL CIELO METEORITE Polished Charm Pendant For A Necklace,8.99,2025-04-09,5.39,1.67,WorthPoint
campo-del-cielo-meteorite,15.5 Grams NEW CAMPO DEL CIELO METEORITE Polished Charm Pendant For A Necklace,12.99,2025-04-09,15.5,0.84,WorthPoint
campo-del-cielo-meteorite,12.5 Grams NEW CAMPO DEL CIELO METEORITE Polished Charm Pendant For A Necklace,9.99,2025-04-09,12.5,0.8,WorthPoint
campo-del-cielo-meteorite,630 Gm Campo Del Cielo Meteorite Aaa Grade Meteorite Silicated 1.4# Std Cleaned,630.22,2025-04-09,630.0,1.0,WorthPoint
campo-del-cielo-meteorite,96.9 Grams NEW CAMPO DEL CIELO METEORITE Polished + Certificate Of Authenticity,73.99,2025-04-09,96.9,0.76,WorthPoint
campo-del-cielo-meteorite,"34.60 Gram Campo Del Cielo Argentina Meteorite, Iron From Outer Space # ME 603 B",26.0,2025-04-09,34.6,0.75,WorthPoint
campo-del-cielo-meteorite,9.60 Grams NEW CAMPO DEL CIELO METEORITE Polished Charm Pendant For A Necklace,9.99,2025-04-08,9.6,1.04,WorthPoint
campo-del-cielo-meteorite,Campo Del Cielo Iron Nickel Meteorite Argentina 10.16 Grams,15.75,2025-04-08,10.16,1.55,WorthPoint
campo-del-cielo-meteorite,DANCING BEAR Real Meteorite Extra Large (35-55g) Genuine Form Campo 35-55g,83.99,2025-04-08,55.0,1.53,WorthPoint
campo-del-cielo-meteorite,21.3 Grams NEW CAMPO DEL CIELO METEORITE Polished + Certificate Of Authenticity,15.99,2025-04-08,21.3,0.75,WorthPoint
campo-del-cielo-meteorite,3688 Gm Campo Del Cielo Meteorite Aaa Grade 8.1 Lbs Lowest Price Jal,3651.07,2025-04-08,3688.0,0.99,WorthPoint
campo-del-cielo-meteorite,4 Authentic Space Meteorites Campo Del Cielo Meteor Shower Argentina 2200 BC,8.0,2025-04-07,,,WorthPoint
campo-del-cielo-meteorite,12.2 Grams NEW CAMPO DEL CIELO METEORITE Polished Charm Pendant For A Necklace,9.99,2025-04-07,12.2,0.82,WorthPoint
campo-del-cielo-meteorite,Pair Authentic Space Meteorite Rocks 2200 BC Campo Del Cielo Meteor Shower,5.87,2025-04-07,,,WorthPoint
campo-del-cielo-meteorite,"AAA Quality Campo Del Cielo Iron Meteorite! 1.571kg. Spectacular Shape, Stable.",651.52,2025-04-07,1571.0,0.41,WorthPoint
campo-del-cielo-meteorite,12.8 Grams CAMPO DEL CIELO METEORITE Polished Charm Pendant For A Necklace,14.99,2025-04-06,12.8,1.17,WorthPoint
campo-del-cielo-meteorite,Meteorite Campo Del Cielo Strike Iron Nickel Argentina 4.9 Grams I6,8.99,2025-04-06,4.9,1.83,WorthPoint
campo-del-cielo-meteorite,Campo Del Cielo Meteorite 23.5 Gm - IAB-MG Polished Slice,15.0,2025-04-06,23.5,0.64,WorthPoint
campo-del-cielo-meteorite,SLICE CAMPO DEL CIELO METEORITE SLAB 372 GMS STAND 4-5 Mm Thick,270.7,2025-04-05,372.0,0.73,WorthPoint
campo-del-cielo-meteorite,Campo Del Cielo METEORITE 100% Natural From Argentina 8.03gr,13.99,2025-04-04,8.03,1.74,WorthPoint
campo-del-cielo-meteorite,Campo Del Cielo Meteorite 100% Natural From Argentina 8.4gr,14.99,2025-04-04,8.4,1.78,WorthPoint
campo-del-cielo-meteorite,Campo Del Cielo METEORITE 100% Natural Argentina 8.0gr,15.99,2025-04-04,8.0,2.0,WorthPoint
campo-del-cielo-meteorite,Campo Del Cielo METEORITE 100% Natural From Argentina 9.04gr,13.99,2025-04-04,9.04,1.55,WorthPoint
campo-del-cielo-meteorite,8.611 Grams NEW CAMPO DEL CIELO METEORITE Polished Charm Pendant For A Necklace,8.99,2025-04-04,8.611,1.04,WorthPoint
campo-del-cielo-meteorite,78 Gm Baby Campo Del Cielo Meteorite A Grade Stand Included,89.35,2025-04-03,78.0,1.15,WorthPoint
campo-del-cielo-meteorite,7.7 Grams CAMPO DEL CIELO METEORITE Pendant M-4,8.99,2025-04-03,7.7,1.17,WorthPoint
campo-del-cielo-meteorite,Meteorite Slab *Authentic Campo Del Cielo Meteorite* Est. Age 4.5 Billion Yrs,7.99,2025-04-03,,,WorthPoint
campo-del-cielo-meteorite,Authentic Meteorite - Space Rock From Campo Del Cielo - 1576 AD - Crystal,7.65,2025-04-03,,,WorthPoint
campo-del-cielo-meteorite,746 Gm . CAMPO DEL CIELO METEORITE ; .1.6 LBS; VERY LOW PRICE ;A GRADE,446.09,2025-04-02,746.0,0.6,WorthPoint
campo-del-cielo-meteorite,2 Authentic Space Meteorites Campo Del Cielo Meteor Shower Argentina C 2200 BC,12.0,2025-04-02,,,WorthPoint
campo-del-cielo-meteorite,368 Gm CAMPO DEL CIELO METEORITE BEAUTIFUL VERY FINE METEORITE .81 POUNDS,102.5,2025-04-02,368.0,0.28,WorthPoint
campo-del-cielo-meteorite,Campo Del Cielo Iron Nickel Meteorite Lot Argentina 25.23 Grams,34.75,2025-04-01,25.23,1.38,WorthPoint
campo-del-cielo-meteorite,65.8 Grams Lot CAMPO DEL CIELO METEORITES Polished 3 To 5+ Grams Each With COA,51.99,2025-04-01,65.8,0.79,WorthPoint
campo-del-cielo-meteorite,"2 Authentic Meteorite, Space Rock, Campo Del Cielo Argentina-Discovered 1576 AD",10.5,2025-04-01,,,WorthPoint
campo-del-cielo-meteorite,BEAUTIFUL 5.5x2.85 INCH 286 GM CAMPO DEL CIELO METEORITE SLAB .63 LBS,189.05,2025-04-01,286.0,0.66,WorthPoint
campo-del-cielo-meteorite,108 Gm . CAMPO DEL CIELO METEORITE PART A GRADE ; .71 LBS.,105.97,2025-03-31,108.0,0.98,WorthPoint
campo-del-cielo-meteorite,Campo Del Cielo Meteorite Authentic Space Dust AUTHENTIC Slabbed Lot Of 3,14.95,2025-03-31,,,WorthPoint
campo-del-cielo-meteorite,87 Gm Campo Del Cielo Meteorite Crystal Great Piece With Stand,80.32,2025-03-31,87.0,0.92,WorthPoint
campo-del-cielo-meteorite,4 Campo Del Cielo Meteorites In Display Jar! No Reserve Auction!,7.99,2025-03-31,,,WorthPoint
campo-del-cielo-meteorite,31.2 Grams NEW CAMPO DEL CIELO METEORITE Polished + Certificate Of Authenticity,26.99,2025-03-31,31.2,0.87,WorthPoint
campo-del-cielo-meteorite,4x Campo Del Cielo Meteor Fragments,30.0,2025-03-31,,,WorthPoint
campo-del-cielo-meteorite,480 Gm. Campo Del Cielo Meteorite ; Aaa Grade!! Beautiful 1.1 Pound;,487.31,2025-03-30,480.0,1.02,WorthPoint
campo-del-cielo-meteorite,26.7 Grams NEW CAMPO DEL CIELO METEORITE Polished + Certificate Of Authenticity,19.99,2025-03-30,26.7,0.75,WorthPoint
campo-del-cielo-meteorite,31.3 Grams CAMPO DEL CIELO METEORITE Polished With A Certificate Of Authenticity,21.99,2025-03-30,31.3,0.7,WorthPoint
campo-del-cielo-meteorite,29.8 Grams NEW CAMPO DEL CIELO METEORITE Polished + Certificate Of Authenticity,22.99,2025-03-30,29.8,0.77,WorthPoint
campo-del-cielo-meteorite,8.68 Grams NEW CAMPO DEL CIELO METEORITE Polished Charm Pendant For A Necklace,9.99,2025-03-30,8.68,1.15,WorthPoint
campo-del-cielo-meteorite,15.2 Grams CAMPO DEL CIELO METEORITE Polished Charm Pendant For A Necklace + COA,14.99,2025-03-30,15.2,0.99,WorthPoint
campo-del-cielo-meteorite,9.54 Grams CAMPO DEL CIELO METEORITE Polished Charm Pendant For A Necklace +COA,12.99,2025-03-30,9.54,1.36,WorthPoint
campo-del-cielo-meteorite,SLICE OF CAMPO DEL CIELO METEORITE SLAB 430 GMS 1 Lb. 6 MM THICK,269.85,2025-03-30,430.0,0.63,WorthPoint
campo-del-cielo-meteorite,Authentic Campo Del Cielo Meteorite .10g Fragments,9.99,2025-03-30,10.0,1.0,WorthPoint
campo-del-cielo-meteorite,103 Gm. Campo Del Cielo Meteorite Museum Grade!!. Stand The Very Best,189.95,2025-03-29,103.0,1.84,WorthPoint
campo-del-cielo-meteorite,Campo Del Cielo Meteorite From Argentina,10.99,2025-03-29,,,WorthPoint
campo-del-cielo-meteorite,1000 Gm LOT OF CAMPO DEL CIELO METEORITE CRYSTALS 50-100 GMS IN SIZE; 1 KILO,473.81,2025-03-29,1000.0,0.47,WorthPoint
campo-del-cielo-meteorite,Meteorite - Campo Del Cielo 4.5 Billions Years Old Found In 1576,21.0,2025-03-29,,,WorthPoint
campo-del-cielo-meteorite,"36.88 Gram Campo Del Cielo Argentina Meteorite, Iron From Outer Space # ME 677 B",27.75,2025-03-29,36.88,0.75,WorthPoint
campo-del-cielo-meteorite,SLICE CAMPO DEL CIELO METEORITE SLAB 282 GMS STAND 5 Mm Thick .62 Lb,198.5,2025-03-28,282.0,0.7,WorthPoint
campo-del-cielo-meteorite,Campo Del Cielo METEORITE 52.1 Grams,59.0,2025-03-27,52.1,1.13,WorthPoint
campo-del-cielo-meteorite,6 In SLICE CAMPO DEL CIELO METEORITE SLAB 326 GMS STAND 7 Mm Thick .71 Lb,207.53,2025-03-27,326.0,0.64,WorthPoint
campo-del-cielo-meteorite,"192 Gm. Campo Del Cielo Individual Meteorite A Grade, .42 Lbs. Stand Cleaned",218.5,2025-03-26,192.0,1.14,WorthPoint
campo-del-cielo-meteorite,Beautiful 502 Gm Campo Del Cielo Etched Meteorite Slab!!!,474.05,2025-03-26,502.0,0.94,WorthPoint
campo-del-cielo-meteorite,(4.4kg) Campo Del Cielo IRON METEORITE TOWER Etched On 4 Sides,1136.0,2025-03-26,4400.0,0.26,WorthPoint
campo-del-cielo-meteorite,6.88 Grams CAMPO DEL CIELO METEORITE Polished Charm Pendant For A Necklace,7.99,2025-03-26,6.88,1.16,WorthPoint
campo-del-cielo-meteorite,Campo Del Cielo METEORITE PENDANT 7.2 Grams,24.0,2025-03-26,7.2,3.33,WorthPoint
campo-del-cielo-meteorite,‚òÑÔ∏èmeteorite Campo Del Cielo Argentina 10.7 Grams (u),7.5,2025-03-25,10.7,0.7,WorthPoint
campo-del-cielo-meteorite,‚òÑÔ∏èmeteorite Campo Del Cielo Argentina 12.3 Grams (w),6.99,2025-03-25,12.3,0.57,WorthPoint
campo-del-cielo-meteorite,Campo Del Cielo Iron Nickel Meteorite Lot Argentina 25.55 Grams,34.75,2025-03-25,25.55,1.36,WorthPoint
campo-del-cielo-meteorite,Campo Del Cielo Iron Nickel Meteorite Lot Argentina 50.24 Grams,59.75,2025-03-25,50.24,1.19,WorthPoint
campo-del-cielo-meteorite,AAA Quality Campo Del Cielo Iron Meteorite! 3.801kg. Spectacular Regmaglypts,1995.0,2025-03-25,3801.0,0.52,WorthPoint
campo-del-cielo-meteorite,Beautiful 973 Gm. Etched Campo Del Cielo Meteorite Rectangular Cube,260.0,2025-03-23,973.0,0.27,WorthPoint
campo-del-cielo-meteorite,4.1g Campo Del Cielo Iron Nickel Meteorite Piece Meteor Space Rock Asteroid 0012,16.94,2025-03-23,4.1,4.13,WorthPoint
campo-del-cielo-meteorite,32.5 Grams NEW CAMPO DEL CIELO METEORITE Polished + Certificate Of Authenticity,25.99,2025-03-21,32.5,0.8,WorthPoint
campo-del-cielo-meteorite,Large Slab Of Campo Del Cielo Meteorite 1068 Gms Stand 16 Mmthick ;,949.05,2025-03-21,1068.0,0.89,WorthPoint
campo-del-cielo-meteorite,Iron Meteorite Lot Collection Campo Agoudal Nantan Muonionalusta Gibeon,199.99,2025-03-21,,,WorthPoint
campo-del-cielo-meteorite,14.9 Grams CAMPO DEL CIELO METEORITE Polished Charm Pendant For A Necklace + COA,12.99,2025-03-20,14.9,0.87,WorthPoint
campo-del-cielo-meteorite,Big Lot Of Small Campo Del Cielo Meteorites 100% Authentic 19.35gr,19.99,2025-03-20,19.35,1.03,WorthPoint
campo-del-cielo-meteorite,Beautiful 694 Gm Campo Del Cielo Etched Meteorite Slab!!!,654.55,2025-03-20,694.0,0.94,WorthPoint
campo-del-cielo-meteorite,15.8 Grams NEW CAMPO DEL CIELO METEORITE Polished + Certificate Of Authenticity,12.49,2025-03-19,15.8,0.79,WorthPoint
campo-del-cielo-meteorite,Monstrous 308 Gm Campo Del Cielo Meteorite Crystal W/ Stand,296.1,2025-03-19,308.0,0.96,WorthPoint
campo-del-cielo-meteorite,13 Pounds Etched Campo MASSIVE INCLUSION Iron Meteorite,1950.0,2025-03-18,,,WorthPoint
campo-del-cielo-meteorite,Authentic Campo Del Cielo Meteorite - Authenticated In Certified Holder #7173,11.96,2025-03-18,,,WorthPoint
campo-del-cielo-meteorite,256 Gm . CAMPO DEL CIELO METEORITE .56 Pounds LOW LOW PRICE B GRADE,189.05,2025-03-17,256.0,0.74,WorthPoint
campo-del-cielo-meteorite,500 Gm LOT OF CAMPO DEL CIELO METEORITE CRYSTALS 10-15 GMS IN SIZE;,251.75,2025-03-17,500.0,0.5,WorthPoint
campo-del-cielo-meteorite,130.7 Grams NEW CAMPO DEL CIELO METEORITE Polished + Certificate Of Authenticity,89.99,2025-03-17,130.7,0.69,WorthPoint
campo-del-cielo-meteorite,15.3 Grams NEW CAMPO DEL CIELO METEORITE Polished + Certificate Of Authenticity,11.99,2025-03-17,15.3,0.78,WorthPoint
campo-del-cielo-meteorite,26.3 Grams NEW CAMPO DEL CIELO METEORITE Polished + Certificate Of Authenticity,19.99,2025-03-17,26.3,0.76,WorthPoint
campo-del-cielo-meteorite,500 Gm LOT OF CAMPO DEL CIELO METEORITE CRYSTALS; 15-20 GMS IN SIZE; 1/2 KILO,251.75,2025-03-16,500.0,0.5,WorthPoint
campo-del-cielo-meteorite,63.4 Grams NEW CAMPO DEL CIELO METEORITE Polished + Certificate Of Authenticity,50.99,2025-03-16,63.4,0.8,WorthPoint
campo-del-cielo-meteorite,"Campo Del Cielo Iron Meteorite From Argentina, 19.1 Grams.",10.5,2025-03-16,19.1,0.55,WorthPoint
campo-del-cielo-meteorite,"Campo Del Cielo Iron Meteorite From Argentina, 16.0 Grams.",7.99,2025-03-16,16.0,0.5,WorthPoint
campo-del-cielo-meteorite,250 GRS LOT OF CAMPO DEL CIELO METEORITE CRYSTALS FROM 30-50 Gm IN SIZE,128.25,2025-03-14,250.0,0.51,WorthPoint
campo-del-cielo-meteorite,Authentic Meteorite Space Rock Campo Del Cielo Argentina INB,11.8,2025-03-14,,,WorthPoint
campo-del-cielo-meteorite,"Authentic Meteorite X2 Lot- Campo Del Cielo, Argentina - 1576 AD .10g Crystal",24.99,2025-03-14,10.0,2.5,WorthPoint
campo-del-cielo-meteorite,Campo Del Cielo Meteorite From Argentina 4.8 Grams,5.99,2025-03-13,4.8,1.25,WorthPoint
campo-del-cielo-meteorite,Campo Del Cielo Authentic Meteorite Specimen (65.4 Grams),60.17,2025-03-13,65.4,0.92,WorthPoint
campo-del-cielo-meteorite,"Campo Del Cielo ""Crystal""",337.5,2025-03-13,,,WorthPoint
campo-del-cielo-meteorite,Campo Del Cielo Authentic Meteorite Specimen (55.5 Grams),51.06,2025-03-13,55.5,0.92,WorthPoint
campo-del-cielo-meteorite,2 Kg. Campo Del Cielo Meteorite Crystals 0-1 Gms & 2 Kg Larger Size Of Choice,1900.0,2025-03-13,1.0,1900.0,WorthPoint
campo-del-cielo-meteorite,Campo Del Cielo Meteorite 100% Natural From Argentina 10.0gr,14.99,2025-03-12,10.0,1.5,WorthPoint
campo-del-cielo-meteorite,14.4 Grams NEW CAMPO DEL CIELO METEORITE Polished + Certificate Of Authenticity,10.99,2025-03-12,14.4,0.76,WorthPoint
campo-del-cielo-meteorite,15.31 Grams NEW CAMPO DEL CIELO METEORITE Polished + Certificate Of Authenticity,11.99,2025-03-12,15.31,0.78,WorthPoint
campo-del-cielo-meteorite,Campo Del Cielo Meteorite Gorgeous End Piece 75mm 171g Argentina COA 5794,399.95,2025-03-11,171.0,2.34,WorthPoint
campo-del-cielo-meteorite,138 Gm . CAMPO DEL CIELO METEORITE B GRADE ; .3 LBS.,122.55,2025-03-11,138.0,0.89,WorthPoint
campo-del-cielo-meteorite,16.4 Grams NEW CAMPO DEL CIELO METEORITE Polished + Certificate Of Authenticity,12.99,2025-03-11,16.4,0.79,WorthPoint
campo-del-cielo-meteorite,1000 GRS LOT OF CAMPO DEL CIELO METEORITE CRYSTALS FROM 100 PLUS Gms. IN SIZE,525.0,2025-03-11,1000.0,0.53,WorthPoint
campo-del-cielo-meteorite,120 Gm . CAMPO DEL CIELO METEORITE B GRADE ; .26 LBS.,132.05,2025-03-10,120.0,1.1,WorthPoint
campo-del-cielo-meteorite,18.4 Grams NEW CAMPO DEL CIELO METEORITE Polished + Certificate Of Authenticity,14.99,2025-03-10,18.4,0.81,WorthPoint
campo-del-cielo-meteorite,11.1 Grams NEW CAMPO DEL CIELO METEORITE Polished + Certificate Of Authenticity,8.99,2025-03-10,11.1,0.81,WorthPoint
campo-del-cielo-meteorite,11 Total Authentic Meteorite Space Rock Campo Del Cielo Argentina C 2200 BC,35.0,2025-03-10,,,WorthPoint
campo-del-cielo-meteorite,Huge 208 Gm Campo Del Cielo Meteorite Crystal Great Piece With Stand .45 Lb,189.05,2025-03-09,208.0,0.91,WorthPoint
campo-del-cielo-meteorite,41 Gm Campo Del Cielo Meteorite Crystal Great Piece With Stand,42.7,2025-03-09,41.0,1.04,WorthPoint
campo-del-cielo-meteorite,7 Authentic Space Meteorite Rocks From The 2200 BC Campo Del Cielo Meteor Shower,15.0,2025-03-09,,,WorthPoint
campo-del-cielo-meteorite,"Campo Del Cielo Iron Meteorite From Argentina, 18.0 Grams",7.99,2025-03-09,18.0,0.44,WorthPoint
campo-del-cielo-meteorite,412 Gm CAMPO DEL CIELO METEORITE BEAUTIFUL AAA GRADE METEORITE .9 POUNDS,422.1,2025-03-09,412.0,1.02,WorthPoint
campo-del-cielo-meteorite,Beautiful 480 Gm. Etched Campo Del Cielo Meteorite Quad Cut,314.1,2025-03-09,480.0,0.65,WorthPoint
campo-del-cielo-meteorite,19.1 Grams NEW CAMPO DEL CIELO METEORITE Polished + Certificate Of Authenticity,15.49,2025-03-09,19.1,0.81,WorthPoint
campo-del-cielo-meteorite,34 Gm .CAMPO DEL CIELO METEORITE,35.0,2025-03-09,34.0,1.03,WorthPoint
campo-del-cielo-meteorite,"35.19 Gram Campo Del Cielo Argentina Meteorite, Iron From Outer Space # ME 563 B",26.5,2025-03-09,35.19,0.75,WorthPoint
campo-del-cielo-meteorite,"46.97 Gram Campo Del Cielo Argentina Meteorite, Iron From Outer Space # ME 646 B",35.5,2025-03-09,46.97,0.76,WorthPoint
campo-del-cielo-meteorite,"Meteorite, Iron, Campo Del Cielo, Argentina, Large 726g/1.6lbs,",650.0,2025-03-08,726.0,0.9,WorthPoint
campo-del-cielo-meteorite,1954 Gm CAMPO DEL CIELO METEORITE BEAUTIFUL LG MUSEUM GRADE METEORITE 4.3 LBS,2695.5,2025-03-08,1954.0,1.38,WorthPoint
campo-del-cielo-meteorite,Authentic Meteorite Space Rock Campo Del Cielo Argentina Discovered 1576 AD,10.0,2025-03-08,,,WorthPoint
campo-del-cielo-meteorite,Campo Del Cielo Iron Meteorite 28.05,26.99,2025-03-08,,,WorthPoint
campo-del-cielo-meteorite,Iron Metal Space Meteorite Mineral Campo Del Cielo Argentina,19.99,2025-03-08,,,WorthPoint
campo-del-cielo-meteorite,11.9 Grams CAMPO DEL CIELO METEORITE Polished Charm Pendant For A Necklace + COA,10.99,2025-03-08,11.9,0.92,WorthPoint
campo-del-cielo-meteorite,13.2 Grams CAMPO DEL CIELO METEORITE Polished Charm Pendant For A Necklace + COA,12.99,2025-03-08,13.2,0.98,WorthPoint
campo-del-cielo-meteorite,374 Gm CAMPO DEL CIELO METEORITE BEAUTIFUL AAA GRADE METEORITE .83 POUNDS,375.0,2025-03-08,374.0,1.0,WorthPoint
campo-del-cielo-meteorite,1874 Gm .CAMPO DEL CIELO METEORITE ;B GRADE; 4.1+ LBS BEAUTIFUL; CHEAP,895.5,2025-03-08,1874.0,0.48,WorthPoint
campo-del-cielo-meteorite,Lot Of 2 Meteorite Samples NW Africa Sahara Desert Campo Del Cielo Argentina,7.99,2025-03-07,,,WorthPoint
campo-del-cielo-meteorite,Huge 104 Gm Campo Del Cielo Meteorite Crystal Great Piece With Stand .23 Lb,94.05,2025-03-07,104.0,0.9,WorthPoint
campo-del-cielo-meteorite,Lot Of 4 Authentic Space Meteorite Campo Del Cielo Argentina. D01,15.0,2025-03-06,,,WorthPoint
campo-del-cielo-meteorite,"Campo Del Cielo Meteorite ""Crystal""",600.0,2025-03-06,,,WorthPoint
campo-del-cielo-meteorite,1792 GM. CAMPO DEL CIELO METEORITE ;AA GRADE LARGE METEORITE 3.94 Lbs. CHEAP!,989.1,2025-03-06,1792.0,0.55,WorthPoint
campo-del-cielo-meteorite,‚òÑÔ∏èUnique Campo Del Cielo Meteorite 3-4g Real Space Rock! 4.6 BILLION YRS OLD!(B),7.95,2025-03-06,4.0,1.99,WorthPoint
campo-del-cielo-meteorite,Large 2550 Gm Campo Del Cielo Meteorite Aa Grade 5.6 Lbs Low Low Price,1169.1,2025-03-06,2550.0,0.46,WorthPoint
campo-del-cielo-meteorite,13.45 Grams NEW CAMPO DEL CIELO METEORITE Polished + Certificate Of Authenticity,10.49,2025-03-05,13.45,0.78,WorthPoint
campo-del-cielo-meteorite,13.4 Grams NEW CAMPO DEL CIELO METEORITE Polished + Certificate Of Authenticity,10.49,2025-03-05,13.4,0.78,WorthPoint
campo-del-cielo-meteorite,Monstrous 368 Gm Campo Del Cielo Meteorite Crystal Great Piece With Stand,331.55,2025-03-05,368.0,0.9,WorthPoint
campo-del-cielo-meteorite,8 Grams CAMPO DEL CIELO METEORITE Pendant M-9,9.99,2025-03-05,8.0,1.25,WorthPoint
campo-del-cielo-meteorite,"Beautiful 7.6x4.6 Inch, 664 Gm Campo Del Cielo Etched Meteorite Slab!!!",566.1,2025-03-04,664.0,0.85,WorthPoint
campo-del-cielo-meteorite,Beautiful 820 Gm. Etched Campo Del Cielo Meteorite Pair 1.8 Lbs Stands,674.1,2025-03-04,820.0,0.82,WorthPoint
campo-del-cielo-meteorite,Beautiful 318 Gm Campo Del Cielo Polished & Tumbled Meteorite!!,206.95,2025-03-04,318.0,0.65,WorthPoint
campo-del-cielo-meteorite,9 Grams CAMPO DEL CIELO METEORITE Pendant M-7,9.99,2025-03-04,9.0,1.11,WorthPoint
campo-del-cielo-meteorite,26.9 Grams CAMPO DEL CIELO METEORITE Polished With A Certificate Of Authenticity,19.49,2025-03-04,26.9,0.72,WorthPoint
campo-del-cielo-meteorite,234 Gm . CAMPO DEL CIELO METEORITE; AA GRADE ; .51 LBS.,255.65,2025-03-04,234.0,1.09,WorthPoint
campo-del-cielo-meteorite,Beautiful 1098 Gm. Etched Campo Del Cielo Meteorite Pair 2.4 Lbs Stands,809.1,2025-03-04,1098.0,0.74,WorthPoint
campo-del-cielo-meteorite,Beautiful 260 Gm Campo Del Cielo Polished & Tumbled Meteorite!!,179.95,2025-03-03,260.0,0.69,WorthPoint
campo-del-cielo-meteorite,588 Gm Campo Del Cielo Polished & Tumbled Meteorite 1.3 Lb,359.96,2025-03-03,588.0,0.61,WorthPoint
campo-del-cielo-meteorite,5 Total Authentic Meteorite Slabs Space Rock Campo Del Cielo Argentina C 2200 BC,8.22,2025-03-03,,,WorthPoint
campo-del-cielo-meteorite,"35.32 Gram Campo Del Cielo Argentina Meteorite, Iron From Outer Space # ME 629 B",46.0,2025-03-03,35.32,1.3,WorthPoint
campo-del-cielo-meteorite,65.1 Grams NEW CAMPO DEL CIELO METEORITE Polished + Certificate Of Authenticity,53.99,2025-03-02,65.1,0.83,WorthPoint
campo-del-cielo-meteorite,7 Total Authentic Meteorite Space Rock Campo Del Cielo Argentina C 2200 BC,35.0,2025-03-02,,,WorthPoint
campo-del-cielo-meteorite,Space Meteorite From Campo Del Cielo Meteor Shower Argentina Genuine Authentic,16.75,2025-03-02,,,WorthPoint
campo-del-cielo-meteorite,"Space Meteorite From Campo Del Cielo, Argentina - Space Rock - Asteroid",6.99,2025-03-01,,,WorthPoint
campo-del-cielo-meteorite,Beautiful 218 Gm Campo Del Cielo Polished & Tumbled Meteorite!!,152.95,2025-03-01,218.0,0.7,WorthPoint
campo-del-cielo-meteorite,Beautiful 356 Gm Campo Del Cielo Polished & Tumbled Etched Meteorite,224.1,2025-03-01,356.0,0.63,WorthPoint
campo-del-cielo-meteorite,"1-Meteorite, Campo Del Cielo, Argentina-Discovered 1576 AD. Pic 3 Included",5.5,2025-03-01,,,WorthPoint
campo-del-cielo-meteorite,13 Grams NEW CAMPO DEL CIELO METEORITE Polished + Certificate Of Authenticity,9.99,2025-03-01,13.0,0.77,WorthPoint
campo-del-cielo-meteorite,Campo Del Cielo METEORITE 100% Natural From Argentina 9.60gr,13.99,2025-02-28,9.6,1.46,WorthPoint
campo-del-cielo-meteorite,74 Gm Campo Del Cielo Meteorite Crystal Great Piece With Stand,71.3,2025-02-27,74.0,0.96,WorthPoint
campo-del-cielo-meteorite,Campo Del Cielo Iron-Nickel Meteorite 178 Gram Etched Slice,150.0,2025-02-27,178.0,0.84,WorthPoint
campo-del-cielo-meteorite,Esthetic 5 Pound Campo Del Cielo Iron-Nickel Meteorite,362.5,2025-02-27,,,WorthPoint
campo-del-cielo-meteorite,4 AUTHENTIC METEORITES SPACE ROCK From CAMPO DEL CIELO ARGENTINA 1576 AD,15.0,2025-02-27,,,WorthPoint
campo-del-cielo-meteorite,LARGE 5+ CAMPO DEL CIELO METEORITE AAA GRADE 7+ LBS. Stand,305.0,2025-02-27,,,WorthPoint
campo-del-cielo-meteorite,16.1 Grams NEW CAMPO DEL CIELO METEORITE Polished + Certificate Of Authenticity,12.99,2025-02-26,16.1,0.81,WorthPoint
campo-del-cielo-meteorite,Lot Of 2 Authentic Meteorites Campo Del Cielo,15.0,2025-02-26,,,WorthPoint
campo-del-cielo-meteorite,2880 Gm. Campo Del Cielo Meteorite ; Aaa Grade 6lb 5oz,1150.0,2025-02-26,2880.0,0.4,WorthPoint
campo-del-cielo-meteorite,"Meteorite Specimen Campo Del Cielo, 56.00 Grams, Iron Meteorite, Astronomy Gift",67.2,2025-02-26,56.0,1.2,WorthPoint
campo-del-cielo-meteorite,14 Total Authentic Meteorite Space Rock Campo Del Cielo Argentina C 2200 BC,35.0,2025-02-25,,,WorthPoint
campo-del-cielo-meteorite,688 Gm. Campo Del Cielo Meteorite ;1.5 Lbs Museum Gd. Beautiful Lg. Meteorite,805.5,2025-02-25,688.0,1.17,WorthPoint
campo-del-cielo-meteorite,5.3 Grams CAMPO DEL CIELO METEORITE Pendant M-6,6.99,2025-02-25,5.3,1.32,WorthPoint
campo-del-cielo-meteorite,Campo Del Cielo Iron Meteorite - 4 Grams In Argentina,25.0,2025-02-23,4.0,6.25,WorthPoint
campo-del-cielo-meteorite,"89.03 Gram Campo Del Cielo Argentina Meteorite, Iron From Outer Space # ME 700 B",67.0,2025-02-23,89.03,0.75,WorthPoint
campo-del-cielo-meteorite,"40g Meteorite Fragment. Campo Del Cielo Strike, Argentina. Great Details. Exc.",26.0,2025-02-22,40.0,0.65,WorthPoint
campo-del-cielo-meteorite,15.33 Grams NEW CAMPO DEL CIELO METEORITE Polished + Certificate Of Authenticity,11.99,2025-02-21,15.33,0.78,WorthPoint
campo-del-cielo-meteorite,194 Gm . CAMPO DEL CIELO METEORITE; AA GRADE ; .43 LBS. STAND,204.35,2025-02-21,194.0,1.05,WorthPoint
campo-del-cielo-meteorite,Beautiful 325 Gm. Etched Campo Del Cielo Meteorite Pair .72 Lbs Stands,314.1,2025-02-20,325.0,0.97,WorthPoint
campo-del-cielo-meteorite,Campo Del Cielo METEORITE 100% Natural From Argentina 8.01gr,12.99,2025-02-20,8.01,1.62,WorthPoint
campo-del-cielo-meteorite,Campo Del Cielo METEORITE 100% Natural From Argentina 10.70gr,14.99,2025-02-20,10.7,1.4,WorthPoint
campo-del-cielo-meteorite,45 Gm Campo Del Cielo Meteorite Crystal Great Piece With Stand,40.57,2025-02-20,45.0,0.9,WorthPoint
campo-del-cielo-meteorite,"79.38 Gram Campo Del Cielo Argentina Meteorite, Iron From Outer Space # ME 692 B",84.0,2025-02-20,79.38,1.06,WorthPoint
campo-del-cielo-meteorite,Campo Del Cielo Meteorite In Riker Mount ‚Ä¢ 23 Grams,38.0,2025-02-19,23.0,1.65,WorthPoint
campo-del-cielo-meteorite,Huge 120 Gm Campo Del Cielo Meteorite Crystal Great Piece With Stand .26 Lb,98.37,2025-02-19,120.0,0.82,WorthPoint
campo-del-cielo-meteorite,133 Gm . CAMPO DEL CIELO METEORITE; AAA COLLECTORS GRADE ; .29 LBS.,179.1,2025-02-19,133.0,1.35,WorthPoint
campo-del-cielo-meteorite,Beautiful 4.25x4.5 Inch 426 Gm Campo Del Cielo Meteorite Slab 1 Lbs,269.1,2025-02-19,426.0,0.63,WorthPoint
campo-del-cielo-meteorite,SLICE CAMPO DEL CIELO METEORITE SLAB 296 GMS STAND 5 Mm Thick .65 Lb,224.95,2025-02-19,296.0,0.76,WorthPoint
campo-del-cielo-meteorite,164 Gm. New Campo Del Cielo Meteorite ; B Grade Meteorite; .36 Lb;,152.96,2025-02-18,164.0,0.93,WorthPoint
campo-del-cielo-meteorite,14.7 Grams CAMPO DEL CIELO METEORITE Polished Charm Pendant For A Necklace,13.99,2025-02-17,14.7,0.95,WorthPoint
campo-del-cielo-meteorite,Big Lot Of Small Campo Del Cielo Meteorites 100% Authentic 20.26gr,19.99,2025-02-17,20.26,0.99,WorthPoint
campo-del-cielo-meteorite,Campo Del Cielo(Fields Of Heaven) Argentina 100g Iron Nickel Meteorite Authentic,94.99,2025-02-17,100.0,0.95,WorthPoint
campo-del-cielo-meteorite,602 Gm. Las Palmas Campo Meteorite 1.3 Lbs Museum Gd. Terrific Sculpturing,1075.5,2025-02-16,602.0,1.79,WorthPoint
campo-del-cielo-meteorite,698 Gm . CAMPO DEL CIELO METEORITE; A GRADE ; 1.5 LBS. CHEAP!!,359.1,2025-02-16,698.0,0.51,WorthPoint
campo-del-cielo-meteorite,1000 Gm LOT OF CAMPO DEL CIELO METEORITE CRYSTALS 30-50 GMS IN SIZE; 1 KILO,473.81,2025-02-16,1000.0,0.47,WorthPoint
campo-del-cielo-meteorite,Campo Del Cielo Meteorite Don‚Äôt Know The Weigh Nice Size Piece 1 3/4‚Äù Across,39.99,2025-02-16,,,WorthPoint
campo-del-cielo-meteorite,SLICE CAMPO DEL CIELO METEORITE SLAB 412 GMS STAND 6 Mm Thick .91 Lb,269.95,2025-02-15,412.0,0.66,WorthPoint
campo-del-cielo-meteorite,26 Gram - 5 PIECES CAMPO DEL CIELO IRON METEORITE,13.01,2025-02-15,26.0,0.5,WorthPoint
campo-del-cielo-meteorite,77.1 Grams Of 6 NEW CAMPO DEL CIELO METEORITE Christmas Tree Ornaments With COA,38.99,2025-02-15,77.1,0.51,WorthPoint
campo-del-cielo-meteorite,60 Gm Campo Del Cielo Meteorite W/ Stand ‚Äî Hole For Jewelry,40.0,2025-02-15,60.0,0.67,WorthPoint
campo-del-cielo-meteorite,Campo Del Cielo Authentic Meteorite Specimen (59.6 Grams),59.6,2025-02-14,59.6,1.0,WorthPoint
campo-del-cielo-meteorite,34.4 Grams NEW CAMPO DEL CIELO METEORITE Polished + Certificate Of Authenticity,26.99,2025-02-13,34.4,0.78,WorthPoint
campo-del-cielo-meteorite,428 Gm CAMPO DEL CIELO METEORITE BEAUTIFUL AAA GRADE METEORITE .94 POUNDS,476.1,2025-02-13,428.0,1.11,WorthPoint
campo-del-cielo-meteorite,Campo Del Cielo Meteorite 100% Natural From Argentina 16.7gr,15.99,2025-02-12,16.7,0.96,WorthPoint
campo-del-cielo-meteorite,Beautiful 159 Gm Campo Del Cielo Polished & Tumbled Meteorite!!,116.96,2025-02-12,159.0,0.74,WorthPoint
campo-del-cielo-meteorite,166 Gm . CAMPO DEL CIELO METEORITE; AA GRADE ; .36 LBS.,170.15,2025-02-12,166.0,1.03,WorthPoint
campo-del-cielo-meteorite,24.6 Grams CAMPO DEL CIELO METEORITE Polished With A Certificate Of Authenticity,18.49,2025-02-12,24.6,0.75,WorthPoint
campo-del-cielo-meteorite,102 Gm Campo Del Cielo Meteorite Crystal Great Piece With Stand,98.37,2025-02-12,102.0,0.96,WorthPoint
campo-del-cielo-meteorite,Campo Del Cielo Meteorite Necklace Pendant LüëÄüëÄK,9.95,2025-02-11,,,WorthPoint
campo-del-cielo-meteorite,3 Authentic Space Meteorite Rocks 2200 BC Campo Del Cielo Meteor Shower In INB,5.95,2025-02-11,,,WorthPoint
campo-del-cielo-meteorite,Campo Del Cielo METEORITE 100% Natural Argentina 9.9gr,15.99,2025-02-10,9.9,1.62,WorthPoint
campo-del-cielo-meteorite,Meteorite Slabs Campo Del Cielo Argentina 5 Piece LOT Gifts Space Science,29.99,2025-02-10,,,WorthPoint
campo-del-cielo-meteorite,"Meteorite Specimen Campo Del Cielo, 111.66 Grams, Iron Meteorite, Astronomy Gift",169.0,2025-02-09,111.66,1.51,WorthPoint
campo-del-cielo-meteorite,Campo Del Cielo METEORITE 100% Natural From Argentina 10.85gr,15.99,2025-02-08,10.85,1.47,WorthPoint
campo-del-cielo-meteorite,Campo Del Cielo METEORITE 100% Natural From Argentina 10.63gr,14.99,2025-02-08,10.63,1.41,WorthPoint
campo-del-cielo-meteorite,4.39 Grams NEW CAMPO DEL CIELO METEORITE Polished Charm Pendant For A Necklace,7.49,2025-02-08,4.39,1.71,WorthPoint
campo-del-cielo-meteorite,5.75 Grams NEW CAMPO DEL CIELO METEORITE Polished Charm Pendant For A Necklace,9.99,2025-02-08,5.75,1.74,WorthPoint
campo-del-cielo-meteorite,13.5 Grams CAMPO DEL CIELO METEORITE Polished Charm Pendant For A Necklace +COA,14.99,2025-02-08,13.5,1.11,WorthPoint
campo-del-cielo-meteorite,13.54 Grams CAMPO DEL CIELO METEORITE Polished Charm Pendant For A Necklace +COA,15.99,2025-02-08,13.54,1.18,WorthPoint
campo-del-cielo-meteorite,Authentic Campo Del Cielo Space Meteorite - Argentina C. 2200 BC,17.22,2025-02-08,,,WorthPoint
campo-del-cielo-meteorite,Authentic Campo Del Cielo Meteorite Fragment - Space Collectible From Argentina C. 2200 BC,9.84,2025-02-08,,,WorthPoint
campo-del-cielo-meteorite,1034 Gm. Campo Del Cielo Meteorite ; Med. Grade!! Beautiful; 2.2 Lbs.; Cheap!,539.1,2025-02-08,1034.0,0.52,WorthPoint
campo-del-cielo-meteorite,Campo Del Cielo Meteorites..1 Big 5 Small,29.0,2025-02-07,,,WorthPoint
campo-del-cielo-meteorite,Campo Del Cielo METEORITE 100% Natural From Argentina 7.28gr,13.99,2025-02-07,7.28,1.92,WorthPoint
campo-del-cielo-meteorite,16.2 Grams CAMPO DEL CIELO METEORITE Polished Charm Pendant For A Necklace +COA,17.99,2025-02-07,16.2,1.11,WorthPoint
campo-del-cielo-meteorite,10.53 Grams CAMPO DEL CIELO METEORITE Polished Charm Pendant For A Necklace +COA,13.99,2025-02-07,10.53,1.33,WorthPoint
campo-del-cielo-meteorite,6 Total Authentic Meteorite Space Rock Campo Del Cielo Argentina C 2200 BC W36,20.99,2025-02-07,,,WorthPoint
campo-del-cielo-meteorite,Beautiful 152 Gm Campo Del Cielo Polished & Tumbled Meteorite!!,107.96,2025-02-07,152.0,0.71,WorthPoint
campo-del-cielo-meteorite,"Meteorite Specimen Campo Del Cielo, 56.95 Grams, Iron Meteorite, Astronomy Gift",90.4,2025-02-07,56.95,1.59,WorthPoint
campo-del-cielo-meteorite,1000 GRS LOT OF CAMPO DEL CIELO METEORITE CRYSTALS FROM 50-100 Gm IN SIZE,473.81,2025-02-06,1000.0,0.47,WorthPoint
campo-del-cielo-meteorite,1000 GM LOT OF CAMPO DEL CIELO METEORITE CRYSTALS FROM 10-15 Gm IN SIZE,473.81,2025-02-06,1000.0,0.47,WorthPoint
campo-del-cielo-meteorite,PERFECT VALENTINE'S DAY GIFT Genuine Campo Del Cielo METEORITE Pieces Spell LOVE,122.0,2025-02-06,,,WorthPoint
campo-del-cielo-meteorite,Beautiful 802 Gm. Etched Campo Del Cielo Meteorite Triple Cut,539.1,2025-02-06,802.0,0.67,WorthPoint
campo-del-cielo-meteorite,508 Gm. Campo Del Cielo Meteorite ; Meteorite; 1.1 Lbs. Aaa Grade,674.95,2025-02-05,508.0,1.33,WorthPoint
campo-del-cielo-meteorite,Lot Of 5 Genuine Authentic Space Meteorite From Campo Del Cielo Meteor Shower,17.39,2025-02-04,5.0,3.48,WorthPoint
campo-del-cielo-meteorite,M√©t√©orite Campo Del Cielo Meteorite 138.7 Grams,49.0,2025-02-04,138.7,0.35,WorthPoint
campo-del-cielo-meteorite,Huge 174 Gm Campo Del Cielo Meteorite Crystal Great Piece With Stand,151.05,2025-02-03,174.0,0.87,WorthPoint
campo-del-cielo-meteorite,Lot Of FIVE! Smaller Campo Del Cielo Meteorites 100% Authentic 18.54gr,22.99,2025-02-03,18.54,1.24,WorthPoint
campo-del-cielo-meteorite,Beautiful 780 Gm. Etched Campo Del Cielo Meteorite Tripple Cut,719.1,2025-02-03,780.0,0.92,WorthPoint
campo-del-cielo-meteorite,690 Gm CAMPO DEL CIELO METEORITE AAA GRADE METEORITE 1.5 POUNDS SCULPTURED,899.1,2025-02-02,690.0,1.3,WorthPoint
campo-del-cielo-meteorite,125 Gm . CAMPO DEL CIELO METEORITE; A GRADE ; .28 LBS.,107.1,2025-02-02,125.0,0.86,WorthPoint
campo-del-cielo-meteorite,488 Gm CAMPO DEL CIELO METEORITE BEAUTIFUL AAA GRADE METEORITE 1.1 POUNDS,539.1,2025-02-02,488.0,1.1,WorthPoint
campo-del-cielo-meteorite,SLICE OF CAMPO DEL CIELO METEORITE SLAB 46 GMS 1-2 Mm Thick,35.1,2025-02-01,46.0,0.76,WorthPoint
campo-del-cielo-meteorite,Campo Del Cielo Meteorites..1 Big 1 Small,15.0,2025-02-01,,,WorthPoint
campo-del-cielo-meteorite,"37.21 Gram Campo Del Cielo Argentina Meteorite, Iron From Outer Space # ME 602 B",28.0,2025-02-01,37.21,0.75,WorthPoint
campo-del-cielo-meteorite,Meteorite Campo Del Cielo 1.5 Long 47.5 And Misc,16.1,2025-01-31,,,WorthPoint
campo-del-cielo-meteorite,226 GM. CAMPO DEL CIELO METEORITE ; B GRADE LARGE METEORITE .5 Lbs. CHEAP!,197.1,2025-01-30,226.0,0.87,WorthPoint
campo-del-cielo-meteorite,New Campo Del Cielo Iron Nickel Meteorite 78 Grams,49.49,2025-01-30,78.0,0.63,WorthPoint
campo-del-cielo-meteorite,Campo Del Cielo METEORITE 100% Natural From Argentina 7.65gr,12.99,2025-01-29,7.65,1.7,WorthPoint
campo-del-cielo-meteorite,Campo Del Cielo METEORITE 100% Natural From Argentina 8.41gr,13.99,2025-01-29,8.41,1.66,WorthPoint
campo-del-cielo-meteorite,100 Gm Campo Del Cielo Meteorite Crystal Great Piece With Stand,103.55,2025-01-29,100.0,1.04,WorthPoint
campo-del-cielo-meteorite,33g Meteorite Fragment. Campo Del Cielo Strike Argentina. Super Details. Exc.,26.0,2025-01-29,33.0,0.79,WorthPoint
campo-del-cielo-meteorite,13.7 Grams CAMPO DEL CIELO METEORITE Polished Charm Pendant For A Necklace +COA,15.99,2025-01-29,13.7,1.17,WorthPoint
campo-del-cielo-meteorite,Campo Del Cielo METEORITE 100% Natural From Argentina 10.23gr,14.99,2025-01-29,10.23,1.47,WorthPoint
campo-del-cielo-meteorite,"Authentic Alien Shape Meteorite Space Rock Campo Del Cielo Argentina, Discovered 1576 AD INB",11.8,2025-01-27,,,WorthPoint
campo-del-cielo-meteorite,125 Gm LOT OF CAMPO DEL CIELO METEORITE CRYSTALS; 15-20 GMS IN SIZE; 1/8 KILO,66.5,2025-01-26,125.0,0.53,WorthPoint
campo-del-cielo-meteorite,Campo Del Cielo Authentic Meteorite Specimen (71.2 Grams),64.08,2025-01-26,71.2,0.9,WorthPoint
campo-del-cielo-meteorite,Museum Quality 2kg Campo Del Cielo Meteorite.,1199.0,2025-01-25,2000.0,0.6,WorthPoint
campo-del-cielo-meteorite,500 GRS LOT OF CAMPO DEL CIELO METEORITE CRYSTALS FROM 100 Plus Gm IN SIZE,251.75,2025-01-24,500.0,0.5,WorthPoint
campo-del-cielo-meteorite,143 Grams Total And You Get All 12 CAMPO DEL CIELO METEORITES Polished With COA,104.99,2025-01-23,143.0,0.73,WorthPoint
campo-del-cielo-meteorite,6 Campo Del Cielo Meteorite 194g -Space Rock- Plus Authenticity And Info. Card,149.0,2025-01-23,194.0,0.77,WorthPoint
campo-del-cielo-meteorite,SLICE OF CAMPO DEL CIELO METEORITE SLAB 500 GMS 5-6 Mm Thick 1.1 Lbs,314.1,2025-01-22,500.0,0.63,WorthPoint
campo-del-cielo-meteorite,9.76 Grams CAMPO DEL CIELO METEORITE Polished Charm Pendant For A Necklace +COA,11.99,2025-01-21,9.76,1.23,WorthPoint
campo-del-cielo-meteorite,24.9 Grams CAMPO DEL CIELO METEORITE Polished With A Certificate Of Authenticity,18.49,2025-01-20,24.9,0.74,WorthPoint
campo-del-cielo-meteorite,22.9 Grams NEW CAMPO DEL CIELO METEORITE Polished + Certificate Of Authenticity,17.99,2025-01-20,22.9,0.79,WorthPoint
campo-del-cielo-meteorite,1000 Gm LOT OF CAMPO DEL CIELO METEORITE CRYSTALS; 15-20 GMS IN SIZE; 1 KILO,498.75,2025-01-20,1000.0,0.5,WorthPoint
campo-del-cielo-meteorite,(3) Iron Meteorite Campo Del Cielo | International Numismatic Bureau Argentina,29.99,2025-01-19,,,WorthPoint
campo-del-cielo-meteorite,28.8 Grams NEW CAMPO DEL CIELO METEORITE Polished + Certificate Of Authenticity,21.99,2025-01-19,28.8,0.76,WorthPoint
campo-del-cielo-meteorite,Lot Of 4 Campo Del Cielo Meteorite - Authentic Space Rocks ~2200 BC Argentina,15.0,2025-01-19,,,WorthPoint
campo-del-cielo-meteorite,Authentic Campo Del Cielo Meteorite In Display,14.0,2025-01-19,,,WorthPoint
campo-del-cielo-meteorite,Campo Del Cielo Meteorite Pieces Slices Etc. 284 Gms Total Weight,199.95,2025-01-19,284.0,0.7,WorthPoint
campo-del-cielo-meteorite,25.4 Grams CAMPO DEL CIELO METEORITE Polished With Certificate Of Authenticity,18.99,2025-01-18,25.4,0.75,WorthPoint
campo-del-cielo-meteorite,29 Grams CAMPO DEL CIELO METEORITE Polished With Certificate Of Authenticity,22.99,2025-01-18,29.0,0.79,WorthPoint
campo-del-cielo-meteorite,Meteorite:CampoDel Cielo ‚òÅÔ∏è‚òÑÔ∏è Weight 12.626 Grams:Cool Iron Meteorite! ‚ù§Ô∏è,40.0,2025-01-17,12.626,3.17,WorthPoint
campo-del-cielo-meteorite,SLICE CAMPO DEL CIELO METEORITE SLAB 350 GMS STAND 5 Mm Thick .8 Lb,224.95,2025-01-17,350.0,0.64,WorthPoint
campo-del-cielo-meteorite,80.4 Grams NEW CAMPO DEL CIELO METEORITE Polished + Certificate Of Authenticity,59.99,2025-01-16,80.4,0.75,WorthPoint
campo-del-cielo-meteorite,Authentic Space Meteorite Ca. 2200 BC Campo Del Cielo Meteor Shower Argentina Space Rock INB,17.7,2025-01-16,,,WorthPoint
campo-del-cielo-meteorite,21.1 Grams CAMPO DEL CIELO METEORITE Polished With Certificate Of Authenticity,15.49,2025-01-16,21.1,0.73,WorthPoint
campo-del-cielo-meteorite,21.6 Grams CAMPO DEL CIELO METEORITE Polished With Certificate Of Authenticity,15.99,2025-01-16,21.6,0.74,WorthPoint
campo-del-cielo-meteorite,"78.87 Gram Campo Del Cielo Argentina Meteorite, Iron From Outer Space # ME 713 B",60.0,2025-01-15,78.87,0.76,WorthPoint
campo-del-cielo-meteorite,"10g Campo Del Cielo, Iron Meteorite Shavings - Very Clean - Ring Making Supply",45.0,2025-01-14,10.0,4.5,WorthPoint
campo-del-cielo-meteorite,Campo Del Cielo METEORITE 100% Natural From Argentina 8.93gr,14.99,2025-01-13,8.93,1.68,WorthPoint
campo-del-cielo-meteorite,Beautiful 141 Gm Campo Del Cielo Polished & Tumbled Meteorite!!,116.96,2025-01-13,141.0,0.83,WorthPoint
campo-del-cielo-meteorite,Campo Del Cielo Meteorite 100% Natural From Argentina 14.5gr,21.99,2025-01-13,14.5,1.52,WorthPoint
campo-del-cielo-meteorite,21.2 Grams CAMPO DEL CIELO METEORITE Polished With Certificate Of Authenticity,15.49,2025-01-13,21.2,0.73,WorthPoint
campo-del-cielo-meteorite,7.09 Grams NEW CAMPO DEL CIELO METEORITE Polished Charm Pendant For A Necklace,9.99,2025-01-13,7.09,1.41,WorthPoint
campo-del-cielo-meteorite,AAA Quality Campo Del Cielo Iron Meteorite! 4.433kg. Spectacular Regmaglypts!,1236.0,2025-01-13,4433.0,0.28,WorthPoint
campo-del-cielo-meteorite,15.7 Grams CAMPO DEL CIELO METEORITE Polished Charm Pendant For A Necklace,14.99,2025-01-10,15.7,0.95,WorthPoint
campo-del-cielo-meteorite,28 Grams NEW CAMPO DEL CIELO METEORITE Polished + Certificate Of Authenticity,21.49,2025-01-10,28.0,0.77,WorthPoint
campo-del-cielo-meteorite,87.5 Grams NEW CAMPO DEL CIELO METEORITE Polished + Certificate Of Authenticity,69.99,2025-01-10,87.5,0.8,WorthPoint
campo-del-cielo-meteorite,"Authentic Meteorite Space Rock: Campo Del Cielo Argentina, Discovered 1576 AD .10g Crystal",12.98,2025-01-10,10.0,1.3,WorthPoint
campo-del-cielo-meteorite,"81.23 Gram Campo Del Cielo Argentina Meteorite, Iron From Outer Space # ME 683 B",84.0,2025-01-09,81.23,1.03,WorthPoint
campo-del-cielo-meteorite,57 Gm Campo Del Cielo Meteorite Crystal Great Piece With Stand,51.3,2025-01-09,57.0,0.9,WorthPoint
campo-del-cielo-meteorite,2 Cases Of 2 Meteorites From Campo Del Cielo,12.0,2025-01-09,,,WorthPoint
campo-del-cielo-meteorite,Sterling Silver Meteorite Campo Del Cielo Ring Size 10,24.0,2025-01-08,,,WorthPoint
campo-del-cielo-meteorite,1712 GM. CAMPO DEL CIELO METEORITE ;AAA GRADE LARGE METEORITE 3.7 Lbs.,1050.0,2025-01-07,1712.0,0.61,WorthPoint
campo-del-cielo-meteorite,AWESOME 7.2g CAMPO IRON METEORITE FRAGMENT PENDANT! BEAUTIFUL SPECIMEN! AAAA++,15.95,2025-01-07,7.2,2.22,WorthPoint
campo-del-cielo-meteorite,10.2 Grams CAMPO DEL CIELO METEORITE Polished Charm Pendant For A Necklace,9.99,2025-01-07,10.2,0.98,WorthPoint
campo-del-cielo-meteorite,54 Gm Campo Del Cielo Meteorite Crystal Great Piece With Stand,51.3,2025-01-06,54.0,0.95,WorthPoint
campo-del-cielo-meteorite,Campo Del Cielo Iron Meteorite (IAB) 6607 Gm (14.6 LBS),3000.0,2025-01-06,6607.0,0.45,WorthPoint
campo-del-cielo-meteorite,About 65.3 Grams Authentic CAMPO DEL CIELO METEORITE,52.99,2025-01-06,65.3,0.81,WorthPoint
campo-del-cielo-meteorite,Campo Del Cielo Meteorite Lot In Display Boxes,19.0,2025-01-06,,,WorthPoint
campo-del-cielo-meteorite,Beautiful 244 Gm. Polished Campo Del Cielo Meteorite Sculptured Cut 6 Sides,179.1,2025-01-06,244.0,0.73,WorthPoint
campo-del-cielo-meteorite,69 Grams NEW CAMPO DEL CIELO METEORITE Polished + Certificate Of Authenticity,57.99,2025-01-05,69.0,0.84,WorthPoint
campo-del-cielo-meteorite,310 Gm CAMPO DEL CIELO METEORITE BEAUTIFUL BABY AAA GRADE METEORITE .68LBS,355.5,2025-01-04,310.0,1.15,WorthPoint
campo-del-cielo-meteorite,About 72.2 Grams Authentic NEW CAMPO DEL CIELO METEORITE,57.99,2025-01-04,72.2,0.8,WorthPoint
campo-del-cielo-meteorite,Campo Del Cielo Iron Nickel Meteorite Pendant Necklace Gold Plated 6.15 Grams,29.75,2025-01-04,6.15,4.84,WorthPoint
campo-del-cielo-meteorite,Campo Del Cielo - Iron Meteorite - CDC-5050 - 5.13g W/COA - Crystal Specimens,5.5,2025-01-03,5.13,1.07,WorthPoint
campo-del-cielo-meteorite,SLICE CAMPO DEL CIELO METEORITE SLAB 696 GMS 6 Mm Thick 1.5#,404.96,2025-01-02,696.0,0.58,WorthPoint
campo-del-cielo-meteorite,80.3 Grams NEW CAMPO DEL CIELO METEORITE Polished + Certificate Of Authenticity,62.99,2025-01-02,80.3,0.78,WorthPoint
campo-del-cielo-meteorite,70.5 Grams NEW CAMPO DEL CIELO METEORITE Polished + Certificate Of Authenticity,59.0,2025-01-02,70.5,0.84,WorthPoint
campo-del-cielo-meteorite,45 Gm. Las Palmas Campo Meteorite ; Museum Gd. Burn Hole,449.99,2025-01-02,45.0,10.0,WorthPoint
campo-del-cielo-meteorite,Campo Del Cielo - Iron Meteorite - CDC-5049 - 5.15g W/COA - Crystal Specimens,7.5,2025-01-02,5.15,1.46,WorthPoint
campo-del-cielo-meteorite,"Rare Campo Del Cielo Marvelous Meteorite Specimen In Plexiglass Cube, NEW!",84.34,2025-01-02,,,WorthPoint
campo-del-cielo-meteorite,Sterling Silver Meteorite Campo Del Cielo Ring Size 11,16.8,2025-01-01,,,WorthPoint
campo-del-cielo-meteorite,194 Gm New Campo Del Cielo Meteorite B Grade Beautiful Meteorite,179.96,2025-01-01,194.0,0.93,WorthPoint
campo-del-cielo-meteorite,Campo Del Cielo Meteorite. Iron IAB-MG 123.8 Grams.,110.0,2025-01-01,123.8,0.89,WorthPoint
campo-del-cielo-meteorite,16.2 Grams CAMPO DEL CIELO METEORITE Polished + Certificate Of Authenticity,11.99,2024-12-31,16.2,0.74,WorthPoint
campo-del-cielo-meteorite,18.5 Grams CAMPO DEL CIELO METEORITE Polished With A Certificate Of Authenticity,14.99,2024-12-31,18.5,0.81,WorthPoint
campo-del-cielo-meteorite,17.23 Grams CAMPO DEL CIELO METEORITE Polished With Certificate Of Authenticity,12.99,2024-12-31,17.23,0.75,WorthPoint
campo-del-cielo-meteorite,17.3 Grams CAMPO DEL CIELO METEORITE Polished With A Certificate Of Authenticity,12.99,2024-12-31,17.3,0.75,WorthPoint
campo-del-cielo-meteorite,31.6 Grams CAMPO DEL CIELO METEORITE Polished With A Certificate Of Authenticity,21.99,2024-12-31,31.6,0.7,WorthPoint
campo-del-cielo-meteorite,26.6 Grams NEW CAMPO DEL CIELO METEORITE Polished + Certificate Of Authenticity,19.99,2024-12-31,26.6,0.75,WorthPoint
campo-del-cielo-meteorite,16.8 Grams CAMPO DEL CIELO METEORITE Polished With A Certificate Of Authenticity,12.99,2024-12-31,16.8,0.77,WorthPoint
campo-del-cielo-meteorite,19.5 Grams CAMPO DEL CIELO METEORITE Polished With Certificate Of Authenticity,14.99,2024-12-31,19.5,0.77,WorthPoint
campo-del-cielo-meteorite,23 Grams CAMPO DEL CIELO METEORITE Polished With A Certificate Of Authenticity,16.99,2024-12-31,23.0,0.74,WorthPoint
campo-del-cielo-meteorite,22.3 Grams CAMPO DEL CIELO METEORITE Polished With A Certificate Of Authenticity,15.99,2024-12-31,22.3,0.72,WorthPoint
campo-del-cielo-meteorite,25.4 Grams CAMPO DEL CIELO METEORITE Polished With A Certificate Of Authenticity,19.49,2024-12-31,25.4,0.77,WorthPoint
campo-del-cielo-meteorite,18.8 Grams CAMPO DEL CIELO METEORITE Polished With A Certificate Of Authenticity,13.99,2024-12-31,18.8,0.74,WorthPoint
campo-del-cielo-meteorite,üî•IRON METEORITE CAMPO DEL CIELO 253GR Sale,68.9,2024-12-31,253.0,0.27,WorthPoint
campo-del-cielo-meteorite,4.16 Grams NEW CAMPO DEL CIELO METEORITE Polished Charm Pendant For A Necklace,6.99,2024-12-31,4.16,1.68,WorthPoint
campo-del-cielo-meteorite,32.8 Grams NEW CAMPO DEL CIELO METEORITE Polished + Certificate Of Authenticity,25.99,2024-12-30,32.8,0.79,WorthPoint
campo-del-cielo-meteorite,"Meteorite Specimen Campo Del Cielo, 116.45 Grams, Moving Piece, Astronomy Gift",175.0,2024-12-29,116.45,1.5,WorthPoint
campo-del-cielo-meteorite,464 Gm. Campo Del Cielo Meteorite ; Aaa Grade!! Beautiful Baby Campo 1 Lbs,431.1,2024-12-29,464.0,0.93,WorthPoint
campo-del-cielo-meteorite,‚òÑÔ∏èUnique Campo Del Cielo Meteorite! ~ Real Space Rock! 4.6 BILLION YRS OLD!üî•(K),5.95,2024-12-29,,,WorthPoint
campo-del-cielo-meteorite,Beautiful 170 Gm Campo Del Cielo Polished & Tumbled Meteorite!!,134.96,2024-12-29,170.0,0.79,WorthPoint
campo-del-cielo-meteorite,Campo Del Cielo - Iron Meteorite - CDC-5047 - 5.17g W/COA - Crystal Specimens,7.5,2024-12-29,5.17,1.45,WorthPoint
campo-del-cielo-meteorite,Campo Del Cielo - Iron Meteorite - CDC-5045 - 5.15g W/COA - Crystal Specimens,7.5,2024-12-28,5.15,1.46,WorthPoint
campo-del-cielo-meteorite,19.9 Grams CAMPO DEL CIELO METEORITE Polished With Certificate Of Authenticity,14.99,2024-12-27,19.9,0.75,WorthPoint
campo-del-cielo-meteorite,8.51 Grams CAMPO DEL CIELO METEORITE Polished Charm Pendant For A Necklace,8.99,2024-12-27,8.51,1.06,WorthPoint
campo-del-cielo-meteorite,"Campo Del Cielo Meteorite Pendant Piece, From Argentina #2",22.99,2024-12-26,,,WorthPoint
campo-del-cielo-meteorite,Campo Del Cielo Meteorite 100% Natural Argentina Genuine Boxed Case 30 Carat 6g,20.0,2024-12-26,6.0,3.33,WorthPoint
campo-del-cielo-meteorite,91.5 Grams NEW CAMPO DEL CIELO METEORITE Polished + Certificate Of Authenticity,70.99,2024-12-26,91.5,0.78,WorthPoint
campo-del-cielo-meteorite,Authentic Meteorite ALIEN SHAPE Campo Del Cielo Argentina Discovered 1576 AD,9.99,2024-12-25,,,WorthPoint
campo-del-cielo-meteorite,486 Gm. Campo Del Cielo Meteorite ; Aaa Grade; Great Price,359.96,2024-12-24,486.0,0.74,WorthPoint
campo-del-cielo-meteorite,Campo Del Cielo METEORITE 100% Natural Argentina 10.02gr,15.99,2024-12-24,10.02,1.6,WorthPoint
campo-del-cielo-meteorite,35.4 Grams NEW CAMPO DEL CIELO METEORITE Polished + Certificate Of Authenticity,27.99,2024-12-23,35.4,0.79,WorthPoint
campo-del-cielo-meteorite,36.9 Grams NEW CAMPO DEL CIELO METEORITE Polished + Certificate Of Authenticity,27.99,2024-12-23,36.9,0.76,WorthPoint
campo-del-cielo-meteorite,31.25 Grams NEW CAMPO DEL CIELO METEORITE Polished + Certificate Of Authenticity,26.99,2024-12-23,31.25,0.86,WorthPoint
campo-del-cielo-meteorite,8.36 Grams CAMPO DEL CIELO METEORITE Polished With A Certificate Of Authenticity,6.99,2024-12-22,8.36,0.84,WorthPoint
campo-del-cielo-meteorite,70.1 Grams NEW CAMPO DEL CIELO METEORITE Polished + Certificate Of Authenticity,54.99,2024-12-21,70.1,0.78,WorthPoint
campo-del-cielo-meteorite,Campo Del Cielo Meteorite 100% Natural From Argentina 17.8gr,19.99,2024-12-21,17.8,1.12,WorthPoint
campo-del-cielo-meteorite,"2pcs Authentic Space Meteorite: Campo Del Cielo, Argentina - Circa 2200 BC",5.0,2024-12-21,,,WorthPoint
campo-del-cielo-meteorite,"85.01 Gram Campo Del Cielo Argentina Meteorite, Iron From Outer Space # ME 689 B",69.0,2024-12-21,85.01,0.81,WorthPoint
campo-del-cielo-meteorite,"37.40 Gram Campo Del Cielo Argentina Meteorite, Iron From Outer Space # ME 622 B",28.0,2024-12-21,37.4,0.75,WorthPoint
campo-del-cielo-meteorite,140 Gm Campo Del Cielo Meteorite A Grade Baby Meteorite Beautiful,134.96,2024-12-20,140.0,0.96,WorthPoint
campo-del-cielo-meteorite,Campo Del Cielo Meteorite 100% Natural From Argentina 9.66gr,14.99,2024-12-20,9.66,1.55,WorthPoint
campo-del-cielo-meteorite,634 Gm. Campo Del Cielo Meteorite ; Aaa Grade!!1.4 Lbs,584.1,2024-12-20,634.0,0.92,WorthPoint
campo-del-cielo-meteorite,Genuine Campo Del Cielo Meteorite 26.6oz,165.0,2024-12-20,754.11,0.22,WorthPoint
campo-del-cielo-meteorite,142 Gm. Baby Campo Del Cielo Meteorite ; Med Grade! .31 Pounds; Stand; Cheap!!,127.4,2024-12-19,142.0,0.9,WorthPoint
campo-del-cielo-meteorite,16.1 Grams CAMPO DEL CIELO METEORITE Polished With Certificate Of Authenticity,11.99,2024-12-19,16.1,0.74,WorthPoint
campo-del-cielo-meteorite,15.7 Grams CAMPO DEL CIELO METEORITE Polished With Certificate Of Authenticity,11.49,2024-12-19,15.7,0.73,WorthPoint
campo-del-cielo-meteorite,90.4 Grams NEW CAMPO DEL CIELO METEORITE Polished + Certificate Of Authenticity,69.99,2024-12-19,90.4,0.77,WorthPoint
campo-del-cielo-meteorite,18.4 Grams CAMPO DEL CIELO METEORITE Polished With A Certificate Of Authenticity,13.99,2024-12-19,18.4,0.76,WorthPoint
campo-del-cielo-meteorite,"79.43 Gram Campo Del Cielo Argentina Meteorite, Iron From Outer Space # ME 690 B",66.0,2024-12-19,79.43,0.83,WorthPoint
campo-del-cielo-meteorite,5.83 Grams NEW CAMPO DEL CIELO METEORITE Polished Charm Pendant For A Necklace,8.99,2024-12-18,5.83,1.54,WorthPoint
campo-del-cielo-meteorite,15 Grams CAMPO DEL CIELO METEORITE Polished With A Certificate Of Authenticity,11.49,2024-12-18,15.0,0.77,WorthPoint
campo-del-cielo-meteorite,131 Grams NEW CAMPO DEL CIELO METEORITE Polished + Certificate Of Authenticity,88.99,2024-12-18,131.0,0.68,WorthPoint
campo-del-cielo-meteorite,Campo Del Cielo Authentic Meteorite Specimen (75.2 Grams),60.16,2024-12-18,75.2,0.8,WorthPoint
campo-del-cielo-meteorite,226 Grams Lot CAMPO DEL CIELO METEORITES Polished 15 To 20 Grams Each With COA,159.99,2024-12-18,226.0,0.71,WorthPoint
campo-del-cielo-meteorite,"31.61 Gram Campo Del Cielo Argentina Meteorite, Iron From Outer Space # ME 570 B",25.0,2024-12-18,31.61,0.79,WorthPoint
campo-del-cielo-meteorite,"79.32 Gram Campo Del Cielo Argentina Meteorite, Iron From Outer Space # ME 701 B",64.0,2024-12-18,79.32,0.81,WorthPoint
campo-del-cielo-meteorite,51.4 Grams NEW CAMPO DEL CIELO METEORITE Polished + Certificate Of Authenticity,41.99,2024-12-17,51.4,0.82,WorthPoint
campo-del-cielo-meteorite,53.1 Grams NEW CAMPO DEL CIELO METEORITE Polished + Certificate Of Authenticity,42.99,2024-12-17,53.1,0.81,WorthPoint
campo-del-cielo-meteorite,16 Grams CAMPO DEL CIELO METEORITE Polished + Certificate Of Authenticity,11.99,2024-12-17,16.0,0.75,WorthPoint
campo-del-cielo-meteorite,13.2 Grams CAMPO DEL CIELO METEORITE Polished With A Certificate Of Authenticity,9.99,2024-12-17,13.2,0.76,WorthPoint
campo-del-cielo-meteorite,Campo Del Cielo Authentic Meteorite Specimen (73.3 Grams),58.64,2024-12-17,73.3,0.8,WorthPoint
campo-del-cielo-meteorite,"82.01 Gram Campo Del Cielo Argentina Meteorite, Iron From Outer Space # ME 723 B",61.5,2024-12-17,82.01,0.75,WorthPoint
campo-del-cielo-meteorite,8.82 Grams CAMPO DEL CIELO METEORITE Polished With A Certificate Of Authenticity,6.99,2024-12-16,8.82,0.79,WorthPoint
campo-del-cielo-meteorite,7.88 Grams CAMPO DEL CIELO METEORITE Polished With A Certificate Of Authenticity,6.29,2024-12-16,7.88,0.8,WorthPoint
campo-del-cielo-meteorite,6.63 Grams NEW CAMPO DEL CIELO METEORITE Polished Charm Pendant For A Necklace,9.99,2024-12-16,6.63,1.51,WorthPoint
campo-del-cielo-meteorite,56.6 Grams NEW CAMPO DEL CIELO METEORITE Polished + Certificate Of Authenticity,42.99,2024-12-16,56.6,0.76,WorthPoint
campo-del-cielo-meteorite,36.26 Gram - CAMPO DEL CIELO IRON METEORITE Crystal - Found 1576 In Argentina,23.85,2024-12-16,36.26,0.66,WorthPoint
campo-del-cielo-meteorite,"Authentic Meteorite - Alien Shape - Campo Del Cielo, Argentina - Space Rock -MD",9.0,2024-12-16,,,WorthPoint
campo-del-cielo-meteorite,890 Gm CAMPO DEL CIELO METEORITE BEAUTIFUL MUSEUM GRADE METEORITE 1.95 POUNDS,989.1,2024-12-15,890.0,1.11,WorthPoint
campo-del-cielo-meteorite,9.22 Grams CAMPO DEL CIELO METEORITE Polished Charm Pendant For A Necklace,9.99,2024-12-15,9.22,1.08,WorthPoint
campo-del-cielo-meteorite,Meteorite Slab LOT/Campo Del Cielo/Argentina/Random 5 Piece LOT,14.97,2024-12-15,,,WorthPoint
campo-del-cielo-meteorite,6.3 Grams CAMPO DEL CIELO METEORITE Pendant M-2,6.99,2024-12-15,6.3,1.11,WorthPoint
campo-del-cielo-meteorite,9.37 Grams NEW CAMPO DEL CIELO METEORITE Polished Charm Pendant For A Necklace,9.99,2024-12-15,9.37,1.07,WorthPoint
campo-del-cielo-meteorite,Authentic Space Meteorite Rock 2200 BC Campo Del Cielo Meteor Shower,7.0,2024-12-15,,,WorthPoint
campo-del-cielo-meteorite,Campo Del Cielo Meteorite 100% Natural From Argentina 6.81gr,15.99,2024-12-14,6.81,2.35,WorthPoint
campo-del-cielo-meteorite,6.28 Grams CAMPO DEL CIELO METEORITE Polished Charm Pendant For A Necklace,7.99,2024-12-14,6.28,1.27,WorthPoint
campo-del-cielo-meteorite,"48g CAMPO DEL CIELO IRON METEORITE 4.6 Billion Yrs Old, Impact Age 5500 Yrs Ago",30.0,2024-12-14,48.0,0.62,WorthPoint
campo-del-cielo-meteorite,Lot Of 11 Genuine Authentic Space Meteorite From Campo Del Cielo Ôøº,39.95,2024-12-13,11.0,3.63,WorthPoint
campo-del-cielo-meteorite,10.3 Grams NEW CAMPO DEL CIELO METEORITE Polished Charm Pendant For A Necklace,13.99,2024-12-13,10.3,1.36,WorthPoint
campo-del-cielo-meteorite,10.7 Grams NEW CAMPO DEL CIELO METEORITE Polished Charm Pendant For A Necklace,12.99,2024-12-12,10.7,1.21,WorthPoint
campo-del-cielo-meteorite,6.67 Grams CAMPO DEL CIELO METEORITE Polished Charm Pendant For A Necklace,7.99,2024-12-12,6.67,1.2,WorthPoint
campo-del-cielo-meteorite,33 Grams NEW CAMPO DEL CIELO METEORITE Polished + Certificate Of Authenticity,26.99,2024-12-12,33.0,0.82,WorthPoint
campo-del-cielo-meteorite,Sterling Silver Meteorite Campo Del Cielo Pendant Rock Stone Lapidary Specimen,21.6,2024-12-12,,,WorthPoint
campo-del-cielo-meteorite,117 Grams NEW CAMPO DEL CIELO METEORITE Polished + Certificate Of Authenticity,78.99,2024-12-12,117.0,0.68,WorthPoint
campo-del-cielo-meteorite,SLICE CAMPO DEL CIELO METEORITE SLAB 614 GMS STAND 6-7 Mm Thick 1.4#,429.95,2024-12-12,614.0,0.7,WorthPoint
campo-del-cielo-meteorite,380 Gm. Campo Del Cielo Meteorite A Grade!! Beautiful Meteorite; .83#,369.95,2024-12-12,380.0,0.97,WorthPoint
campo-del-cielo-meteorite,Meteorite Sample Piece Campo Del CIelo 2.3 G COA,19.99,2024-12-12,2.3,8.69,WorthPoint
campo-del-cielo-meteorite,"Rare Campo Del Cielo Meteorite Specimen 21.00g, Astronomy Gift, Space Gift",36.75,2024-12-12,21.0,1.75,WorthPoint
campo-del-cielo-meteorite,38.22 Gram - CAMPO DEL CIELO IRON METEORITE Crystal - Found 1576 In Argentina,26.5,2024-12-11,38.22,0.69,WorthPoint
campo-del-cielo-meteorite,Campo Del Cielo Iron Nickel Meteorite Argentina 3.24 Grams,12.75,2024-12-11,3.24,3.94,WorthPoint
campo-del-cielo-meteorite,9.07 Grams CAMPO DEL CIELO METEORITE Polished With A Certificate Of Authenticity,7.49,2024-12-11,9.07,0.83,WorthPoint
campo-del-cielo-meteorite,73.27 Gram - CAMPO DEL CIELO IRON METEORITE Crystal - Found 1576 In Argentina,47.5,2024-12-11,73.27,0.65,WorthPoint
campo-del-cielo-meteorite,161 Grams Total And You Get All 12 CAMPO DEL CIELO METEORITES Polished With COA,114.99,2024-12-11,161.0,0.71,WorthPoint
campo-del-cielo-meteorite,42 Gm Campo Del Cielo Meteorite Crystal Great Piece With Stand,42.7,2024-12-11,42.0,1.02,WorthPoint
campo-del-cielo-meteorite,Campo Del Cielo Meteorite Cut Slab 36 Grams,24.0,2024-12-11,36.0,0.67,WorthPoint
campo-del-cielo-meteorite,"45.13 Gram Campo Del Cielo Argentina Meteorite, Iron From Outer Space # ME 678 B",34.0,2024-12-11,45.13,0.75,WorthPoint
campo-del-cielo-meteorite,156 Grams NEW CAMPO DEL CIELO METEORITE Polished + Certificate Of Authenticity,99.99,2024-12-10,156.0,0.64,WorthPoint
campo-del-cielo-meteorite,123.6 Grams NEW CAMPO DEL CIELO METEORITE Polished + Certificate Of Authenticity,79.99,2024-12-10,123.6,0.65,WorthPoint
campo-del-cielo-meteorite,6.70 Grams CAMPO DEL CIELO METEORITE Polished Charm Pendant For A Necklace,7.99,2024-12-10,6.7,1.19,WorthPoint
campo-del-cielo-meteorite,12.1 Grams CAMPO DEL CIELO METEORITE Pendant M-3,13.99,2024-12-10,12.1,1.16,WorthPoint
campo-del-cielo-meteorite,15.2 Grams CAMPO DEL CIELO METEORITE Pendant M-60,15.99,2024-12-10,15.2,1.05,WorthPoint
campo-del-cielo-meteorite,Campo Del Cielo Meteorite 100% Natural From Argentina 16.4gr,18.99,2024-12-10,16.4,1.16,WorthPoint
campo-del-cielo-meteorite,AMAZING CONDITION! GORGEOUS 3.15g CAMPO DEL CIELO IRON METEORITE PENDANT!,15.95,2024-12-10,3.15,5.06,WorthPoint
campo-del-cielo-meteorite,112 Grams Total And You Get All 9 CAMPO DEL CIELO METEORITES Polished With COA,81.99,2024-12-10,112.0,0.73,WorthPoint
campo-del-cielo-meteorite,Campo Del Cielo Authentic Meteorite Specimen (74.5 Grams),59.6,2024-12-09,74.5,0.8,WorthPoint
campo-del-cielo-meteorite,1000 Gm LOT OF CAMPO DEL CIELO METEORITE CRYSTALS 0-1 GMS IN SIZE LOWEST PRICE,498.75,2024-12-08,1000.0,0.5,WorthPoint
campo-del-cielo-meteorite,Genuine Meteorite And Display Cube 7.4 Gram Campo Del Cielo Meteorite And Magnet,29.99,2024-12-08,7.4,4.05,WorthPoint
campo-del-cielo-meteorite,21.9 Grams CAMPO DEL CIELO METEORITE Polished With A Certificate Of Authenticity,15.99,2024-12-08,21.9,0.73,WorthPoint
campo-del-cielo-meteorite,"45.56 Gram Campo Del Cielo Argentina Meteorite, Iron From Outer Space # ME 653 B",34.25,2024-12-08,45.56,0.75,WorthPoint
campo-del-cielo-meteorite,RSR- 649.8 Grams CAMPO DEL CIELO METEORITE ; AAA GRADE -classified,750.0,2024-12-07,649.8,1.15,WorthPoint
campo-del-cielo-meteorite,Big! Lot Of Little Campo Del Cielo Meteorites From Argentina 2200bc,9.0,2024-12-07,,,WorthPoint
campo-del-cielo-meteorite,BEAUTIFUL 114g CAMPO IRON METEORITE FRAGMENT! SUPERB METEORITE SPECIMEN! AAAA+++,163.35,2024-12-06,114.0,1.43,WorthPoint
campo-del-cielo-meteorite,878 GM. CAMPO DEL CIELO METEORITE ;A GRADE LARGE METEORITE 1.9 Lbs. CHEAP!,539.1,2024-12-06,878.0,0.61,WorthPoint
campo-del-cielo-meteorite,122 Grams NEW CAMPO DEL CIELO METEORITE Polished + Certificate Of Authenticity,79.99,2024-12-06,122.0,0.66,WorthPoint
campo-del-cielo-meteorite,About 86.2 Grams Authentic NEW CAMPO DEL CIELO METEORITE,68.95,2024-12-06,86.2,0.8,WorthPoint
campo-del-cielo-meteorite,Genuine Meteorite And Display Cube 9.1 Gram Campo Del Cielo Meteorite And Magnet,32.99,2024-12-06,9.1,3.63,WorthPoint
campo-del-cielo-meteorite,Nice Lot! Best Quality! Super New Campo Meteorite Shattered Crystals 250 Gms,150.0,2024-12-06,250.0,0.6,WorthPoint
campo-del-cielo-meteorite,6.2 Grams CAMPO DEL CIELO METEORITE Pendant M-5,7.99,2024-12-06,6.2,1.29,WorthPoint
campo-del-cielo-meteorite,7.8 Grams CAMPO DEL CIELO METEORITE Pendant M-22,9.99,2024-12-06,7.8,1.28,WorthPoint
campo-del-cielo-meteorite,124.5 Grams Lot Of NEW CAMPO DEL CIELO Shiny METEORITES 1 To 2 Grams Each W/ COA,87.99,2024-12-05,124.5,0.71,WorthPoint
campo-del-cielo-meteorite,Genuine Meteorite And Display Cube 7.8 Gram Campo Del Cielo Meteorite And Magnet,29.99,2024-12-05,7.8,3.84,WorthPoint
campo-del-cielo-meteorite,About 34.2 Grams Authentic NEW CAMPO DEL CIELO METEORITE,28.0,2024-12-05,34.2,0.82,WorthPoint
campo-del-cielo-meteorite,Meteorite Campo Del Cielo Strike Iron Nickel Argentina 8.5 Grams I98,11.87,2024-12-04,8.5,1.4,WorthPoint
campo-del-cielo-meteorite,Meteorite Campo Del Cielo Strike Iron Nickel Argentina 7.8 Grams I80,11.87,2024-12-04,7.8,1.52,WorthPoint
campo-del-cielo-meteorite,Meteorite Campo Del Cielo Strike Iron Nickel Argentina 10.9 Grams I86,14.51,2024-12-04,10.9,1.33,WorthPoint
campo-del-cielo-meteorite,Meteorite Campo Del Cielo Strike Iron Nickel Argentina 8.6 Grams I14,11.87,2024-12-04,8.6,1.38,WorthPoint
campo-del-cielo-meteorite,14.3 Grams CAMPO DEL CIELO METEORITE Polished With Certificate Of Authenticity,10.99,2024-12-04,14.3,0.77,WorthPoint
campo-del-cielo-meteorite,5.51 Gram Campo Del Cielo Fractured Meteorite Iron Crystal Argentina U152,11.98,2024-12-03,5.51,2.17,WorthPoint
campo-del-cielo-meteorite,14.8 Grams CAMPO DEL CIELO METEORITE Polished Charm Pendant For A Necklace,15.99,2024-12-02,14.8,1.08,WorthPoint
campo-del-cielo-meteorite,13.6 Grams CAMPO DEL CIELO METEORITE Polished Charm Pendant For A Necklace,12.99,2024-12-02,13.6,0.96,WorthPoint
campo-del-cielo-meteorite,150 Gm. Campo Del Cielo Meteorite ; B Grade; .33 Lbs,135.0,2024-12-02,150.0,0.9,WorthPoint
campo-del-cielo-meteorite,BEAUTIFUL LARGE 5995g CAMPO DEL CIELO IRON METEORITE GREAT SHAPE AND THUMBPRINTS,3595.5,2024-12-02,5995.0,0.6,WorthPoint
campo-del-cielo-meteorite,46.7 Grams Lot CAMPO DEL CIELO METEORITES Polished 3 To 5+ Grams Each With COA,34.99,2024-12-01,46.7,0.75,WorthPoint
campo-del-cielo-meteorite,5.3 Grams CAMPO DEL CIELO METEORITE Pendant M-13,6.99,2024-12-01,5.3,1.32,WorthPoint
campo-del-cielo-meteorite,Beautiful 900 Gm Campo Del Cielo Etched Meteorite Slab 2 Lb.,809.1,2024-12-01,900.0,0.9,WorthPoint
campo-del-cielo-meteorite,13.5 Grams CAMPO DEL CIELO METEORITE Pendant M-61,13.99,2024-12-01,13.5,1.04,WorthPoint
campo-del-cielo-meteorite,4.58 Grams NEW CAMPO DEL CIELO METEORITE Polished Charm Pendant For A Necklace,6.99,2024-12-01,4.58,1.53,WorthPoint
campo-del-cielo-meteorite,Campo Del Cielo Meteorite. 22.83 Grams. Nice Individual Crystal.,20.0,2024-12-01,22.83,0.88,WorthPoint
campo-del-cielo-meteorite,"Campo Del Cielo Iron Meteorite Specimen,Certified Meteorite,RareMeteorite",155.0,2024-11-30,,,WorthPoint
campo-del-cielo-meteorite,18.1 Grams CAMPO DEL CIELO METEORITE Polished With A Certificate Of Authenticity,13.99,2024-11-30,18.1,0.77,WorthPoint
campo-del-cielo-meteorite,AAA Quality Campo Del Cielo Iron Meteorite! 7.95kg. Spectacular Regmaglypts!,3300.0,2024-11-30,7950.0,0.42,WorthPoint
campo-del-cielo-meteorite,Campo Del Cielo Iron Meteorite 27.5g From Argentina,44.0,2024-11-30,27.5,1.6,WorthPoint
campo-del-cielo-meteorite,518 GM CAMPO DEL CIELO POLISHED & TUMBLED METEORITE!! 1.2+ LBS; Silicate,332.1,2024-11-29,518.0,0.64,WorthPoint
campo-del-cielo-meteorite,62.5 Grams NEW CAMPO DEL CIELO METEORITE Polished + Certificate Of Authenticity,51.99,2024-11-29,62.5,0.83,WorthPoint
campo-del-cielo-meteorite,43.8 Grams Of 5 NEW CAMPO DEL CIELO METEORITE Christmas Tree Ornaments With COA,27.99,2024-11-29,43.8,0.64,WorthPoint
campo-del-cielo-meteorite,Campo Del Cielo Etched Meteorite End Piece 196 Gms Stand ;,179.95,2024-11-28,196.0,0.92,WorthPoint
campo-del-cielo-meteorite,147 Gm. Campo Del Cielo Meteorite B Grade!! Beautiful Baby Meteorite;,134.1,2024-11-28,147.0,0.91,WorthPoint
campo-del-cielo-meteorite,1000 Gm LOT OF CAMPO DEL CIELO METEORITE CRYSTALS; 20-30 GMS IN SIZE; 1 KILO,498.75,2024-11-27,1000.0,0.5,WorthPoint
campo-del-cielo-meteorite,Beautiful 862 Gm. Etched Campo Del Cielo Meteorite Triple Cut,719.1,2024-11-27,862.0,0.83,WorthPoint
campo-del-cielo-meteorite,83.6 Grams Of 7 NEW CAMPO DEL CIELO METEORITES With Loops For Arts And Crafts,64.0,2024-11-27,83.6,0.77,WorthPoint
campo-del-cielo-meteorite,22.4 Grams CAMPO DEL CIELO METEORITE Polished With A Certificate Of Authenticity,16.99,2024-11-27,22.4,0.76,WorthPoint
campo-del-cielo-meteorite,93g CAMPO DEL CIELO LARGE IRON NICKEL METEORITE 4.5 Billion Yrs Old SPACE ROCK!,114.99,2024-11-27,93.0,1.24,WorthPoint
campo-del-cielo-meteorite,"THIRTY Campo Del Cielo Meteorite Pendant Pieces, From Argentina",145.99,2024-11-26,,,WorthPoint
campo-del-cielo-meteorite,34.8 Grams NEW CAMPO DEL CIELO METEORITE Polished + Certificate Of Authenticity,28.99,2024-11-25,34.8,0.83,WorthPoint
campo-del-cielo-meteorite,104.8 Grams Lot CAMPO DEL CIELO METEORITES Polished 3 To 5+ Grams Each With COA,79.99,2024-11-25,104.8,0.76,WorthPoint
campo-del-cielo-meteorite,63.3 Grams Lot CAMPO DEL CIELO METEORITES Polished 3 To 5+ Grams Each With COA,51.99,2024-11-25,63.3,0.82,WorthPoint
campo-del-cielo-meteorite,59.5 Grams Lot CAMPO DEL CIELO METEORITES Polished 3 To 5+ Grams Each With COA,45.99,2024-11-25,59.5,0.77,WorthPoint
campo-del-cielo-meteorite,59.6 Grams Lot CAMPO DEL CIELO METEORITES Polished 3 To 5+ Grams Each With COA,45.99,2024-11-25,59.6,0.77,WorthPoint
campo-del-cielo-meteorite,2.22g Campo Del Cielo Iron Nickel Meteorite Meteor Space Rock Asteroid Cdc7,21.94,2024-11-25,2.22,9.88,WorthPoint
campo-del-cielo-meteorite,52.8 Grams NEW CAMPO DEL CIELO METEORITE Polished + Certificate Of Authenticity,41.99,2024-11-25,52.8,0.8,WorthPoint
campo-del-cielo-meteorite,"Meteorite Specimen Campo Del Cielo, 266.93 Grams, Iron Meteorite, Astronomy Gift",399.0,2024-11-25,266.93,1.49,WorthPoint
campo-del-cielo-meteorite,AAA Quality Campo Del Cielo Iron Meteorite! 3.56kg. Spectacular Regmaglypts!,2653.0,2024-11-25,3560.0,0.75,WorthPoint
campo-del-cielo-meteorite,Large 7 Kg Campo Del Cielo Meteorite 15.5 Lbs Superior Specimen Discovered 1576,3495.0,2024-11-24,7000.0,0.5,WorthPoint
campo-del-cielo-meteorite,16.6 Grams CAMPO DEL CIELO METEORITE Polished With A Certificate Of Authenticity,12.49,2024-11-24,16.6,0.75,WorthPoint
campo-del-cielo-meteorite,82.3 Grams NEW CAMPO DEL CIELO METEORITE Polished + Certificate Of Authenticity,60.99,2024-11-24,82.3,0.74,WorthPoint
campo-del-cielo-meteorite,"32.02 Gram Campo Del Cielo Argentina Meteorite, Iron From Outer Space # ME 557 B",26.0,2024-11-24,32.02,0.81,WorthPoint
campo-del-cielo-meteorite,About 71.1 Grams Authentic NEW CAMPO DEL CIELO METEORITE,56.99,2024-11-23,71.1,0.8,WorthPoint
campo-del-cielo-meteorite,Meteorite Campo Del Cielo Strike Iron Nickel Argentina 5.2 Grams I2,8.99,2024-11-23,5.2,1.73,WorthPoint
campo-del-cielo-meteorite,244 Gm. New Campo Del Cielo Meteorite ; Aaa Grade!! Beautiful Meteorite; .6 Lbs,233.96,2024-11-22,244.0,0.96,WorthPoint
campo-del-cielo-meteorite,Campo Del Cielo METEORITE 100% Natural Argentina 18.1gr,16.99,2024-11-22,18.1,0.94,WorthPoint
campo-del-cielo-meteorite,278 Gm CAMPO DEL CIELO METEORITE BEAUTIFUL AA GRADE METEORITE .6 POUNDS,296.1,2024-11-22,278.0,1.07,WorthPoint
campo-del-cielo-meteorite,Campo Del Cielo Meteorite Partial Cube,937.5,2024-11-20,,,WorthPoint
campo-del-cielo-meteorite,All 6 Space Meteorites From Campo Del Cielo Meteor Shower Argentina In Case,18.0,2024-11-20,,,WorthPoint
campo-del-cielo-meteorite,356 Gm CAMPO DEL CIELO METEORITE ; BEAUTIFUL AAA GRADE METEORITE; .8 POUNDS,359.96,2024-11-20,356.0,1.01,WorthPoint
campo-del-cielo-meteorite,502 GM. CAMPO DEL CIELO METEORITE ; GORGEOUS AAA GRADE** 1.1 Lbs.,494.1,2024-11-20,502.0,0.98,WorthPoint
campo-del-cielo-meteorite,700 GM. CAMPO DEL CIELO METEORITE ; AAA GRADE LARGE METEORITE 1.5+lbs.,809.1,2024-11-20,700.0,1.16,WorthPoint
campo-del-cielo-meteorite,30g Meteorite Fragment. Campo Del Cielo Strike Argentina. Excellent.,19.0,2024-11-20,30.0,0.63,WorthPoint
campo-del-cielo-meteorite,Authentic Campo Del Cielo Meteorite - Authenticated,10.0,2024-11-20,,,WorthPoint
campo-del-cielo-meteorite,All 7 Space Meteorites From Campo Del Cielo Meteor Shower Argentina In Case,25.0,2024-11-20,,,WorthPoint
campo-del-cielo-meteorite,(12) Slabbed Space Meteorites / Campo Del Cielo Meteor Shower Argentina 2200 BC,31.96,2024-11-20,,,WorthPoint
campo-del-cielo-meteorite,20 Grams CAMPO DEL CIELO METEORITE Polished With A Certificate Of Authenticity,15.99,2024-11-20,20.0,0.8,WorthPoint
campo-del-cielo-meteorite,364 Gm CAMPO DEL CIELO METEORITE BEAUTIFUL AAA GRADE METEORITE .8 POUNDS,404.1,2024-11-19,364.0,1.11,WorthPoint
campo-del-cielo-meteorite,Campo Del Cielo METEORITE 100% Natural Argentina 7.1gr,15.99,2024-11-19,7.1,2.25,WorthPoint
campo-del-cielo-meteorite,LOVELY 6.5g CAMPO IRON METEORITE FRAGMENT PENDANT! BEAUTIFUL SPECIMEN! AAAA+++,15.95,2024-11-19,6.5,2.45,WorthPoint
campo-del-cielo-meteorite,8.0Grams IRON METAL SPACE METEORITE MINERAL CAMPO DEL CIELO ARGENTINA,9.95,2024-11-19,8.0,1.24,WorthPoint
campo-del-cielo-meteorite,26.67 Gram - CAMPO DEL CIELO IRON METEORITE Crystal - Found 1576 In Argentina,45.0,2024-11-18,26.67,1.69,WorthPoint
campo-del-cielo-meteorite,USA SALE *SEE VIDEO 16g METEORITE CAMPO DEL CIELO (ARGENTINA) SILVER SPACE ROCK,23.0,2024-11-18,16.0,1.44,WorthPoint
campo-del-cielo-meteorite,250 GM LOT OF CAMPO DEL CIELO METEORITE CRYSTALS FROM 3-5 Gm IN SIZE,118.75,2024-11-18,250.0,0.47,WorthPoint
campo-del-cielo-meteorite,125 Gm LOT OF CAMPO DEL CIELO METEORITE CRYSTALS 5-10 GMS IN SIZE LOWEST PRICE,61.75,2024-11-18,125.0,0.49,WorthPoint
campo-del-cielo-meteorite,4.5 In. SLICE OF CAMPO DEL CIELO METEORITE SLAB 200 GMS STAND; .44lbs,134.96,2024-11-18,200.0,0.67,WorthPoint
campo-del-cielo-meteorite,"Authentic Space Meteorite Fragment - Campo Del Cielo, Argentina C. 2200 BC - Cosmic Collector's Item",6.0,2024-11-18,,,WorthPoint
campo-del-cielo-meteorite,Authentic Campo Del Cielo Meteorite Fragment - Ancient Space Collectible From Argentina (c. 2200 BC),9.6,2024-11-18,,,WorthPoint
campo-del-cielo-meteorite,24.5 Grams NEW CAMPO DEL CIELO METEORITE Polished + Certificate Of Authenticity,18.99,2024-11-18,24.5,0.78,WorthPoint
campo-del-cielo-meteorite,14.1 Grams CAMPO DEL CIELO METEORITE Polished With A Certificate Of Authenticity,10.99,2024-11-17,14.1,0.78,WorthPoint
campo-del-cielo-meteorite,11.3 Grams CAMPO DEL CIELO METEORITE Polished With A Certificate Of Authenticity,8.99,2024-11-17,11.3,0.8,WorthPoint
campo-del-cielo-meteorite,"5-Authentic Space Meteorites From Campo Del Cielo, 1 Authentic Meteorite Rock",28.0,2024-11-17,,,WorthPoint
campo-del-cielo-meteorite,49.5 Grams NEW CAMPO DEL CIELO METEORITE Polished + Certificate Of Authenticity,37.99,2024-11-16,49.5,0.77,WorthPoint
campo-del-cielo-meteorite,Large 12232 Gm Campo Del Cielo Meteorite Museum Collectors Grade 26.5 Lbs,12595.5,2024-11-16,12232.0,1.03,WorthPoint
campo-del-cielo-meteorite,BEAUTIFUL 340 GM CAMPO DEL CIELO POLISHED & TUMBLED ETCHED METEORITE; Silicate,224.1,2024-11-16,340.0,0.66,WorthPoint
campo-del-cielo-meteorite,50.5 Grams NEW CAMPO DEL CIELO METEORITE Polished + Certificate Of Authenticity,39.99,2024-11-16,50.5,0.79,WorthPoint
campo-del-cielo-meteorite,117.5 Grams Lot Of NEW CAMPO DEL CIELO Shiny METEORITES 1 To 2 Grams Each W/ COA,84.99,2024-11-15,117.5,0.72,WorthPoint
campo-del-cielo-meteorite,700 Gram Campo Del Cielo Meteorite High Grade Meteorite,400.0,2024-11-14,700.0,0.57,WorthPoint
campo-del-cielo-meteorite,"Meteorite Specimen Campo Del Cielo, 40.73 Grams, Iron Meteorite, Astronomy Gift",65.0,2024-11-14,40.73,1.6,WorthPoint
campo-del-cielo-meteorite,Campo Del Cielo - Iron Meteorite - CDC-5021 - 5.02g W/COA - Crystal Specimens,5.5,2024-11-14,5.02,1.1,WorthPoint
campo-del-cielo-meteorite,Campo Del Cielo METEORITE 100% Natural Argentina 10.5gr,16.99,2024-11-14,10.5,1.62,WorthPoint
campo-del-cielo-meteorite,5.7g Campo Del Cielo Iron Nickel Meteorite Piece Meteor Space Rock Asteroid 7,27.94,2024-11-13,5.7,4.9,WorthPoint
campo-del-cielo-meteorite,CAMPO DEL CIELO 739 G IRON NICKEL METEORITE,506.0,2024-11-12,739.0,0.68,WorthPoint
campo-del-cielo-meteorite,1856 GM. CAMPO DEL CIELO METEORITE ; AA GRADE LARGE METEORITE 4+lbs.,989.1,2024-11-12,1856.0,0.53,WorthPoint
campo-del-cielo-meteorite,63.7 Grams You Get All 16 Of The CAMPO DEL CIELO METEORITES Polished With COA,50.99,2024-11-12,63.7,0.8,WorthPoint
campo-del-cielo-meteorite,Genuine Meteorite And Display Cube 4.8 Gram Campo Del Cielo Meteorite And Magnet,27.99,2024-11-12,4.8,5.83,WorthPoint
campo-del-cielo-meteorite,Huge! Lot Of Little Campo Del Cielo Meteorites 100% Authentic 19.72gr,24.99,2024-11-11,19.72,1.27,WorthPoint
campo-del-cielo-meteorite,Campo Del Cielo Iron Nickel Meteorite Argentina 73.05 Grams,77.75,2024-11-10,73.05,1.06,WorthPoint
campo-del-cielo-meteorite,55.2 Grams NEW CAMPO DEL CIELO METEORITE Polished + Certificate Of Authenticity,27.99,2024-11-10,55.2,0.51,WorthPoint
campo-del-cielo-meteorite,"Meteorite Specimen Campo Del Cielo, 35.16 Grams, Iron Meteorite, Astronomy Gift",59.0,2024-11-09,35.16,1.68,WorthPoint
campo-del-cielo-meteorite,196 Gm CAMPO DEL CIELO METEORITE BEAUTIFUL A GRADE METEORITE .43 POUNDS,215.1,2024-11-08,196.0,1.1,WorthPoint
campo-del-cielo-meteorite,"Authentic Meteorite Space Rock Campo Del Cielo Argentina, Discovered 1576 AD Graded By INB",17.7,2024-11-08,,,WorthPoint
campo-del-cielo-meteorite,Kennedy Space Center Authentic Meteorite Campo Del Cielo Argentina 24.76 Grams,36.0,2024-11-08,24.76,1.45,WorthPoint
campo-del-cielo-meteorite,9.67 Grams CAMPO DEL CIELO METEORITE Polished With A Certificate Of Authenticity,7.69,2024-11-07,9.67,0.8,WorthPoint
campo-del-cielo-meteorite,7.91 Grams CAMPO DEL CIELO METEORITE Polished With A Certificate Of Authenticity,6.29,2024-11-07,7.91,0.8,WorthPoint
campo-del-cielo-meteorite,6.36 Grams CAMPO DEL CIELO METEORITE Polished With A Certificate Of Authenticity,5.49,2024-11-07,6.36,0.86,WorthPoint
campo-del-cielo-meteorite,17.1 Grams CAMPO DEL CIELO METEORITE Polished With Certificate Of Authenticity,12.49,2024-11-07,17.1,0.73,WorthPoint
campo-del-cielo-meteorite,6 IN SLICE OF CAMPO DEL CIELO METEORITE SLAB 566 GMS STAND; 5 Mm Thick 1.3 Lbs,449.96,2024-11-07,566.0,0.79,WorthPoint
campo-del-cielo-meteorite,83.3 Grams NEW CAMPO DEL CIELO METEORITE Polished + Certificate Of Authenticity,63.99,2024-11-07,83.3,0.77,WorthPoint
campo-del-cielo-meteorite,Large 1000 Gm Campo Del Cielo Meteorite Aaa Grade 2.2 Lbs.,1079.1,2024-11-07,1000.0,1.08,WorthPoint
campo-del-cielo-meteorite,250 GM LOT OF CAMPO DEL CIELO METEORITE CRYSTALS FROM 5-10 Gm IN SIZE,125.0,2024-11-07,250.0,0.5,WorthPoint
campo-del-cielo-meteorite,Campo Del Cielo Authentic Meteorite Specimen 10+ Grams! FREE SHIPPING,34.92,2024-11-06,,,WorthPoint
campo-del-cielo-meteorite,12 Grams CAMPO DEL CIELO METEORITE Pendant M-42,12.99,2024-11-06,12.0,1.08,WorthPoint
campo-del-cielo-meteorite,62.1 Grams NEW CAMPO DEL CIELO METEORITE Polished + Certificate Of Authenticity,48.99,2024-11-05,62.1,0.79,WorthPoint
campo-del-cielo-meteorite,Campo Del Cielo Authentic Meteorite Specimen (64.9 Grams),48.67,2024-11-05,64.9,0.75,WorthPoint
campo-del-cielo-meteorite,5.7 Grams CAMPO DEL CIELO METEORITE Pendant M-17,7.99,2024-11-05,5.7,1.4,WorthPoint
campo-del-cielo-meteorite,"30.63 Gram Campo Del Cielo Argentina Meteorite, Iron From Outer Space # ME 671 B",23.0,2024-11-05,30.63,0.75,WorthPoint
campo-del-cielo-meteorite,1x ONE Campo Del Cielo Meteorite Natural Iron Nickel Meteorite From Argentina,12.0,2024-11-04,,,WorthPoint
campo-del-cielo-meteorite,62.8 Grams NEW CAMPO DEL CIELO METEORITE Polished + Certificate Of Authenticity,50.99,2024-11-03,62.8,0.81,WorthPoint
campo-del-cielo-meteorite,Space Meteorite Collection (5) From Campo Del Cielo Meteor Showers,44.0,2024-11-03,,,WorthPoint
campo-del-cielo-meteorite,442 Gm CAMPO DEL CIELO METEORITE MUSEUM GRADE 1 POUND,485.1,2024-11-03,442.0,1.1,WorthPoint
campo-del-cielo-meteorite,Silicated Campo Del Cielo Meteorite. Iron IAB-MG. 38.27 Grams. Awesome Slice.,100.0,2024-11-02,38.27,2.61,WorthPoint
campo-del-cielo-meteorite,Set Of 3 Authentic Campo Del Cielo Argentina Meteorites 10 Grams Each,9.99,2024-11-02,10.0,1.0,WorthPoint
campo-del-cielo-meteorite,8.47 Grams CAMPO DEL CIELO METEORITE Polished Charm Pendant For A Necklace,9.99,2024-11-02,8.47,1.18,WorthPoint
campo-del-cielo-meteorite,Campo Del Cielo Meteorite 100% Natural From Argentina 18.8gr,17.99,2024-11-02,18.8,0.96,WorthPoint
campo-del-cielo-meteorite,168 Grams Natural Shape That Has Been Cleaned CAMPO DEL CIELO METEORITE With COA,149.99,2024-11-01,168.0,0.89,WorthPoint
campo-del-cielo-meteorite,"Meteorite Specimen Campo Del Cielo, 39.19 Grams, Iron Meteorite, Astronomy Gift",69.0,2024-10-31,39.19,1.76,WorthPoint
campo-del-cielo-meteorite,4.7 Grams CAMPO DEL CIELO METEORITE Pendant M-12,5.99,2024-10-30,4.7,1.27,WorthPoint
campo-del-cielo-meteorite,14 Grams CAMPO DEL CIELO METEORITE Polished With A Certificate Of Authenticity,10.99,2024-10-29,14.0,0.79,WorthPoint
campo-del-cielo-meteorite,12.5 Grams CAMPO DEL CIELO METEORITE Polished With A Certificate Of Authenticity,9.99,2024-10-29,12.5,0.8,WorthPoint
campo-del-cielo-meteorite,3.5g Campo Del Cielo Iron Nickel Meteorite Meteor Space Rock Asteroid Cdc6,24.94,2024-10-29,3.5,7.13,WorthPoint
campo-del-cielo-meteorite,73 Grams NEW CAMPO DEL CIELO METEORITE Polished + Certificate Of Authenticity,51.99,2024-10-28,73.0,0.71,WorthPoint
campo-del-cielo-meteorite,Campo Del Cielo Iron Meteorite - Randomly Selected From 10g - 25g Individuals!,27.0,2024-10-28,10.0,2.7,WorthPoint
campo-del-cielo-meteorite,CAMPO DEL CIELO - Meteorite Metal - #0650,15.0,2024-10-27,,,WorthPoint
campo-del-cielo-meteorite,"Campo Del Cielo Meteorite- Gancedo, Chaco Province, Argentina, 2407",35.0,2024-10-27,,,WorthPoint
campo-del-cielo-meteorite,19.3 Grams CAMPO DEL CIELO METEORITE Polished With Certificate Of Authenticity,13.49,2024-10-27,19.3,0.7,WorthPoint
campo-del-cielo-meteorite,Low Price! Hinged Specimen! Campo Del Cielo Meteorite Shattered Crystal 208.5 Gm,199.0,2024-10-27,208.5,0.95,WorthPoint
campo-del-cielo-meteorite,83.4 Grams Lot Of NEW CAMPO DEL CIELO Shiny METEORITES 1 To 2 Grams Each W/ COA,57.99,2024-10-26,83.4,0.7,WorthPoint
campo-del-cielo-meteorite,100 Grams Lot Of NEW CAMPO DEL CIELO Shiny METEORITES 1 To 2 Grams Each W/ COA,77.99,2024-10-26,100.0,0.78,WorthPoint
campo-del-cielo-meteorite,Meteorite Campo Del Cielo Strike Iron Nickel Argentina 8 Grams J2,11.87,2024-10-25,8.0,1.48,WorthPoint
campo-del-cielo-meteorite,"Meteorite Nugget Specimen Campo Del Cielo, 63.24g, Moving Piece, Astronomy Gift",71.2,2024-10-25,63.24,1.13,WorthPoint
campo-del-cielo-meteorite,14.7 Grams CAMPO DEL CIELO METEORITE Pendant M-14,18.99,2024-10-24,14.7,1.29,WorthPoint
campo-del-cielo-meteorite,15.43 Grams CAMPO DEL CIELO METEORITE Polished With Certificate Of Authenticity,11.49,2024-10-24,15.43,0.74,WorthPoint
campo-del-cielo-meteorite,12.2 Grams CAMPO DEL CIELO METEORITE Polished Charm Pendant For A Necklace,14.99,2024-10-24,12.2,1.23,WorthPoint
campo-del-cielo-meteorite,31.9 Grams NEW CAMPO DEL CIELO METEORITE Polished + Certificate Of Authenticity,24.99,2024-10-24,31.9,0.78,WorthPoint
campo-del-cielo-meteorite,20.1 Grams CAMPO DEL CIELO METEORITE Polished With Certificate Of Authenticity,13.99,2024-10-23,20.1,0.7,WorthPoint
campo-del-cielo-meteorite,4.45 Kg (9.8 Lbs) Campo Del Cielo Meteorite Remarkable Display Piece,1998.0,2024-10-23,4450.0,0.45,WorthPoint
campo-del-cielo-meteorite,Campo Del Cielo Authentic Meteorite Specimen (56.6 Grams),42.45,2024-10-23,56.6,0.75,WorthPoint
campo-del-cielo-meteorite,PENDANT 8.1grams IRON METAL SPACE METEORITE MINERAL CAMPO DEL CIELO ARGENTINA,7.95,2024-10-23,8.1,0.98,WorthPoint
campo-del-cielo-meteorite,6 Authentic Space Meteorite In Cases From Campo Del Cielo Argentina 2200 Bc,20.0,2024-10-22,,,WorthPoint
campo-del-cielo-meteorite,Campo Del Cielo Meteorite From Argentina 4.7 Grams,5.99,2024-10-22,4.7,1.27,WorthPoint
campo-del-cielo-meteorite,4.64 Grams CAMPO DEL CIELO METEORITE Pendant M-15,5.99,2024-10-22,4.64,1.29,WorthPoint
campo-del-cielo-meteorite,38 Grams NEW CAMPO DEL CIELO METEORITE Polished + Certificate Of Authenticity,29.99,2024-10-22,38.0,0.79,WorthPoint
campo-del-cielo-meteorite,Campo Del Cielo Authentic Meteorite Specimen (66.6 Grams),49.95,2024-10-21,66.6,0.75,WorthPoint
campo-del-cielo-meteorite,"""10 Authentic Space Meteorites From """"Campo Del Cielo Argentina"""" And NWA Sahara""",35.0,2024-10-21,,,WorthPoint
campo-del-cielo-meteorite,"Authentic Meteorite - Campo Del Cielo, Argentina. Discovered 1576AD .10g Crystal",5.99,2024-10-21,10.0,0.6,WorthPoint
campo-del-cielo-meteorite,"Canada 2018, Royal Astronomical Society, Campo Meteorite, RASC, $20, 1868-2018",129.95,2024-10-21,,,WorthPoint
campo-del-cielo-meteorite,7 In SLICE CAMPO DEL CIELO METEORITE SLAB 524 GMS STAND 5-6 Mm Thick 1.15 Lb,359.96,2024-10-21,524.0,0.69,WorthPoint
campo-del-cielo-meteorite,Campo Del Cielo Meteorite From Argentina 97. Grams,49.99,2024-10-21,97.0,0.52,WorthPoint
campo-del-cielo-meteorite,Campo Del Cielo Authentic Meteorite Specimen (57.4 Grams),57.4,2024-10-20,57.4,1.0,WorthPoint
campo-del-cielo-meteorite,4g Campo Del Cielo Meteorite Iron Meteor Space Rock,5.5,2024-10-19,4.0,1.38,WorthPoint
campo-del-cielo-meteorite,238 Gm. New Campo Del Cielo Meteorite ; B Grade Meteorite; .52 Lb;,179.96,2024-10-19,238.0,0.76,WorthPoint
campo-del-cielo-meteorite,16 Grams CAMPO DEL CIELO METEORITE Pendant M-1,16.99,2024-10-18,16.0,1.06,WorthPoint
campo-del-cielo-meteorite,Meteorite Campo Del Cielo 9.8 Gram ( 2 X 1 X 1 X 1 Cm.),12.5,2024-10-18,9.8,1.28,WorthPoint
campo-del-cielo-meteorite,"46.51 Gram Campo Del Cielo Argentina Meteorite, Iron From Outer Space # ME 640 B",35.0,2024-10-18,46.51,0.75,WorthPoint
campo-del-cielo-meteorite,Campo Del Cielo METEORITE 100% Natural Argentina 11.01gr,18.99,2024-10-17,11.01,1.72,WorthPoint
campo-del-cielo-meteorite,12.3 Grams CAMPO DEL CIELO METEORITE Polished Charm Pendant For A Necklace,15.99,2024-10-16,12.3,1.3,WorthPoint
campo-del-cielo-meteorite,100% Natural Campo Del Cielo Meteorite Argentina! 25.6gr,24.99,2024-10-16,25.6,0.98,WorthPoint
campo-del-cielo-meteorite,Beautiful 1.5x1.5 Inch 42 Gm Campo Del Cielo Meteorite Slab 5 Mm Thick,44.1,2024-10-16,42.0,1.05,WorthPoint
campo-del-cielo-meteorite,64.5 Grams Lot Of NEW CAMPO DEL CIELO Shiny METEORITES 1 To 2 Grams Each W/ COA,44.99,2024-10-16,64.5,0.7,WorthPoint
campo-del-cielo-meteorite,2.79 Grams NEW CAMPO DEL CIELO METEORITE Polished Charm Pendant For A Necklace,5.99,2024-10-16,2.79,2.15,WorthPoint
campo-del-cielo-meteorite,"50g Campo Del Cielo, Iron Meteorite Shavings - Very Clean - Ring Making Supply",140.0,2024-10-16,50.0,2.8,WorthPoint
campo-del-cielo-meteorite,11 Total Campo Del Cielo - Iron Meteorite - Nice Crystal Specimen,18.0,2024-10-15,,,WorthPoint
campo-del-cielo-meteorite,Beautiful 3.25x3.25 Inch 238 Gm Campo Del Cielo Meteorite Slab .52 Lbs,179.1,2024-10-15,238.0,0.75,WorthPoint
campo-del-cielo-meteorite,"76.40 Gram Campo Del Cielo Argentina Meteorite, Iron From Outer Space # ME 716 B",76.4,2024-10-14,76.4,1.0,WorthPoint
campo-del-cielo-meteorite,Campo Del Cielo Iron Nickel Meteorite Lot Argentina 25.27 Grams,29.75,2024-10-13,25.27,1.18,WorthPoint
campo-del-cielo-meteorite,24.8 Grams CAMPO DEL CIELO METEORITE Polished With A Certificate Of Authenticity,18.49,2024-10-13,24.8,0.75,WorthPoint
campo-del-cielo-meteorite,114 Gm Campo Del Cielo Meteorite Crystal Great Piece With Stand,94.05,2024-10-13,114.0,0.82,WorthPoint
campo-del-cielo-meteorite,CAMPO DEL CIELO METEORITE 30 Grams,30.0,2024-10-13,30.0,1.0,WorthPoint
campo-del-cielo-meteorite,190 Gm. New Campo Del Cielo Meteorite ; B Grade Meteorite; .41 Lb;,143.96,2024-10-13,190.0,0.76,WorthPoint
campo-del-cielo-meteorite,Campo Del Cielo Authentic Meteorite Specimen (54.2 Grams),54.2,2024-10-12,54.2,1.0,WorthPoint
campo-del-cielo-meteorite,Campo Del Cielo Authentic Meteorite Specimen (32.2 Grams),40.0,2024-10-12,32.2,1.24,WorthPoint
campo-del-cielo-meteorite,Campo Del Cielo Authentic Meteorite Specimen (32.9 Grams),40.0,2024-10-12,32.9,1.22,WorthPoint
campo-del-cielo-meteorite,Campo Del Cielo Authentic Meteorite Specimen (51.3 Grams),51.3,2024-10-12,51.3,1.0,WorthPoint
campo-del-cielo-meteorite,Wholesale Lot 1754 Gm Campo Del Cielo Polished & Tumbled Etched Meteorites,880.0,2024-10-12,1754.0,0.5,WorthPoint
campo-del-cielo-meteorite,Meteorite (Campo Del Cielo) - Rough Raw Natural - 1 Stone,29.99,2024-10-12,,,WorthPoint
campo-del-cielo-meteorite,Campo Del Cielo Meteorite 100% Natural From Argentina 17.2gr,22.99,2024-10-12,17.2,1.34,WorthPoint
campo-del-cielo-meteorite,20 Gm Campo Del Cielo Meteorite Crystal Great Piece,16.62,2024-10-12,20.0,0.83,WorthPoint
campo-del-cielo-meteorite,78.8 Grams NEW CAMPO DEL CIELO METEORITE Polished + Certificate Of Authenticity,59.99,2024-10-12,78.8,0.76,WorthPoint
campo-del-cielo-meteorite,2 Space Meteorites From Campo Del Cielo Meteor Shower Argentina C 2200 BC,7.0,2024-10-12,,,WorthPoint
campo-del-cielo-meteorite,60.7 Grams NEW CAMPO DEL CIELO METEORITE Polished + Certificate Of Authenticity,49.99,2024-10-11,60.7,0.82,WorthPoint
campo-del-cielo-meteorite,BEAUTIFUL 628 GM CAMPO DEL CIELO POLISHED & TUMBLED ETCHED METEORITE 1.4 Lb,539.1,2024-10-11,628.0,0.86,WorthPoint
campo-del-cielo-meteorite,101.8 Grams Lot CAMPO DEL CIELO METEORITES Polished 3 To 5+ Grams Each With COA,79.99,2024-10-11,101.8,0.79,WorthPoint
campo-del-cielo-meteorite,91.8 Grams Lot Of NEW CAMPO DEL CIELO Shiny METEORITES 1 To 2 Grams Each W/ COA,64.99,2024-10-11,91.8,0.71,WorthPoint
campo-del-cielo-meteorite,"HEFTY, LARGE 3357 Gram CAMPO DEL CIELO IRON METEORITE COVERED IN THUMBPRINTS!",2495.0,2024-10-11,3357.0,0.74,WorthPoint
campo-del-cielo-meteorite,Beautiful 676 Gm. Etched Campo Del Cielo Meteorite Triple Cut,431.1,2024-10-10,676.0,0.64,WorthPoint
campo-del-cielo-meteorite,2015 Niue Island 1oz Silver Coin With Campo Del Cielo Meteorite,250.0,2024-10-10,28.35,8.82,WorthPoint
campo-del-cielo-meteorite,BEAUTIFUL LARGE 152g CAMPO IRON METEORITE FRAGMENT! SUPERB SPECIMEN! AAAA+++,149.95,2024-10-10,152.0,0.99,WorthPoint
campo-del-cielo-meteorite,Campo Del Cielo Meteorite 100% Natural Argentina! 18.7gr,19.99,2024-10-08,18.7,1.07,WorthPoint
campo-del-cielo-meteorite,LARGE 7X4 INCH SLICE OF CAMPO DEL CIELO METEORITE SLAB 508 GMS STAND; 1.1 Lbs,314.96,2024-10-07,508.0,0.62,WorthPoint
campo-del-cielo-meteorite,13.2 Grams CAMPO DEL CIELO METEORITE Polished With Certificate Of Authenticity,9.99,2024-10-07,13.2,0.76,WorthPoint
campo-del-cielo-meteorite,77.1 Grams NEW CAMPO DEL CIELO METEORITE Polished + Certificate Of Authenticity,59.99,2024-10-06,77.1,0.78,WorthPoint
campo-del-cielo-meteorite,29.6 Grams CAMPO DEL CIELO METEORITE Polished With A Certificate Of Authenticity,21.49,2024-10-06,29.6,0.73,WorthPoint
campo-del-cielo-meteorite,133 Grams Of 20 NEW CAMPO DEL CIELO METEORITE Christmas Tree Ornaments And Hooks,74.99,2024-10-05,133.0,0.56,WorthPoint
campo-del-cielo-meteorite,74.9 Grams Lot NEW CAMPO DEL CIELO METEORITES Polished 3 Up To 5 Gram Each + COA,54.99,2024-10-05,74.9,0.73,WorthPoint
campo-del-cielo-meteorite,CAMPO DEL CIELO Meteorite Art 5 Oz Silver Coin 5000 Francs Chad 2018,275.0,2024-10-05,141.75,1.94,WorthPoint
campo-del-cielo-meteorite,52 Gm Campo Del Cielo Meteorite A Grade,43.16,2024-10-04,52.0,0.83,WorthPoint
campo-del-cielo-meteorite,"Authentic Meteorite From Campo Del Cielo, Argentina Discovered 1576 AD INB Case",6.88,2024-10-04,,,WorthPoint
campo-del-cielo-meteorite,1250 GM. NEW CAMPO DEL CIELO METEORITE ; A GRADE!! 2.8+ Pound,809.96,2024-10-03,1250.0,0.65,WorthPoint
campo-del-cielo-meteorite,19 Grams CAMPO DEL CIELO METEORITE Polished With A Certificate Of Authenticity,14.99,2024-10-03,19.0,0.79,WorthPoint
campo-del-cielo-meteorite,464 Gm. Campo Del Cielo Meteorite ; Aaa Grade!! Beautiful 1 Pound;,494.96,2024-10-02,464.0,1.07,WorthPoint
campo-del-cielo-meteorite,Campo Del Cielo Meteorite 100% Natural From Argentina 9.59gr,16.99,2024-10-01,9.59,1.77,WorthPoint
campo-del-cielo-meteorite,Campo Del Cielo Meteorite 100% Natural From Argentina 7.11gr,15.99,2024-10-01,7.11,2.25,WorthPoint
campo-del-cielo-meteorite,12 Grams Total And You Get All 5 CAMPO DEL CIELO METEORITES Polished With COA,6.99,2024-10-01,12.0,0.58,WorthPoint
campo-del-cielo-meteorite,1288 Gm. New Campo Del Cielo Meteorite ; Aa Grade!! Beautiful;. 2.8 Lb.;,989.1,2024-10-01,1288.0,0.77,WorthPoint
campo-del-cielo-meteorite,21 Grams CAMPO DEL CIELO METEORITE Polished With Certificate Of Authenticity,15.99,2024-09-30,21.0,0.76,WorthPoint
campo-del-cielo-meteorite,31.05 Gram Campo Del Cielo Fractured Meteorite Iron Crystal Argentina C41,31.05,2024-09-30,31.05,1.0,WorthPoint
campo-del-cielo-meteorite,World Class 37 Gram Campo Del Cielo Or Sikhote Alin Meteorite Loaded Thumbprints,39.99,2024-09-30,37.0,1.08,WorthPoint
campo-del-cielo-meteorite,2.93 Grams NEW CAMPO DEL CIELO METEORITE Polished Charm Pendant For A Necklace,5.99,2024-09-30,2.93,2.04,WorthPoint
campo-del-cielo-meteorite,48.1 Grams Lot CAMPO DEL CIELO METEORITES Polished 3 To 5+ Grams Each With COA,36.99,2024-09-29,48.1,0.77,WorthPoint
campo-del-cielo-meteorite,Beautiful 200 Gm Campo Del Cielo Polished & Tumbled Meteorite!! Silicate,134.96,2024-09-29,200.0,0.67,WorthPoint
campo-del-cielo-meteorite,77.79 Gram - CAMPO DEL CIELO IRON METEORITE Crystal - Found 1576 In Argentina,67.9,2024-09-28,77.79,0.87,WorthPoint
campo-del-cielo-meteorite,27.4 Grams CAMPO DEL CIELO METEORITE Polished With A Certificate Of Authenticity,19.99,2024-09-28,27.4,0.73,WorthPoint
campo-del-cielo-meteorite,Campo Del Cielo Iron Nickel Meteorite Big Piece Meteor Space Rock Asteroid Cdc5,24.94,2024-09-28,,,WorthPoint
campo-del-cielo-meteorite,60.1 Grams Lot Of NEW CAMPO DEL CIELO Shiny METEORITES 1 To 2 Grams Each W/ COA,42.99,2024-09-28,60.1,0.72,WorthPoint
campo-del-cielo-meteorite,87 Gm CAMPO DEL CIELO METEORITE ; BEAUTIFUL A GRADE BABY METEORITE;,62.95,2024-09-27,87.0,0.72,WorthPoint
campo-del-cielo-meteorite,"Meterorite-Pendant Necklaces Lot Of 5, Campo Del Cielo Iron",38.0,2024-09-27,,,WorthPoint
campo-del-cielo-meteorite,"Campo Del Cielo Iron Meteorite. 2.38 Grams, 17.19 Mm Length (m50)",5.99,2024-09-27,2.38,2.52,WorthPoint
campo-del-cielo-meteorite,"Meteorite Nugget Specimen Campo Del Cielo, 136g, Moving Piece, Astronomy Gift",234.0,2024-09-27,136.0,1.72,WorthPoint
campo-del-cielo-meteorite,"83.88 Gram Campo Del Cielo Argentina Meteorite, Iron From Outer Space # ME 688 B",88.0,2024-09-27,83.88,1.05,WorthPoint
campo-del-cielo-meteorite,28.94 Gram Campo Del Cielo Fractured Meteorite Iron Crystal Argentina C34,28.94,2024-09-26,28.94,1.0,WorthPoint
campo-del-cielo-meteorite,30.48 Gram Campo Del Cielo Fractured Meteorite Iron Crystal Argentina C60,30.48,2024-09-26,30.48,1.0,WorthPoint
campo-del-cielo-meteorite,32.73 Gram Campo Del Cielo Fractured Meteorite Iron Crystal Argentina C54,32.73,2024-09-26,32.73,1.0,WorthPoint
campo-del-cielo-meteorite,29.55 Gram Campo Del Cielo Fractured Meteorite Iron Crystal Argentina C40,29.55,2024-09-26,29.55,1.0,WorthPoint
campo-del-cielo-meteorite,"6 Authentic Space Meteorites From ""Campo Del Cielo Argentina"" And NWA",20.0,2024-09-26,,,WorthPoint
campo-del-cielo-meteorite,Authentic Meteorite Space Rock Campo Del Cielo Argentina C. 2200BC Graded BY INB,11.8,2024-09-26,,,WorthPoint
campo-del-cielo-meteorite,13.8 Grams CAMPO DEL CIELO METEORITE Polished Charm Pendant For A Necklace,15.99,2024-09-25,13.8,1.16,WorthPoint
campo-del-cielo-meteorite,BEAUTIFUL 458 GM CAMPO DEL CIELO POLISHED & TUMBLED ETCHED METEORITE 1 Lb,296.1,2024-09-25,458.0,0.65,WorthPoint
campo-del-cielo-meteorite,"84.74 Gram Campo Del Cielo Argentina Meteorite, Iron From Outer Space # ME 715 B",84.7,2024-09-25,84.74,1.0,WorthPoint
campo-del-cielo-meteorite,Beautiful 318 Gm. Polished Campo Del Cielo Meteorite 5 Cut,224.1,2024-09-24,318.0,0.7,WorthPoint
campo-del-cielo-meteorite,720 Gm. Campo Del Cielo Meteorite ; Med Grade!! 1.6 Lbs. Baby Campo; Cheap!!,404.96,2024-09-24,720.0,0.56,WorthPoint
campo-del-cielo-meteorite,8.8 Grams CAMPO DEL CIELO METEORITE Pendant M-45,8.99,2024-09-23,8.8,1.02,WorthPoint
campo-del-cielo-meteorite,28.3 Grams CAMPO DEL CIELO METEORITE Polished With A Certificate Of Authenticity,20.99,2024-09-23,28.3,0.74,WorthPoint
campo-del-cielo-meteorite,25.73 Grams CAMPO DEL CIELO METEORITE With Flat Side On It And Comes With A COA,9.99,2024-09-23,25.73,0.39,WorthPoint
campo-del-cielo-meteorite,AAA Quality Campo Del Cielo Iron Meteorite! 3.24kg. Spectacular Regmaglypts!,740.0,2024-09-23,3240.0,0.23,WorthPoint
campo-del-cielo-meteorite,Lot 6 Campo Del Cielo Meteorite Pendants,24.99,2024-09-22,,,WorthPoint
campo-del-cielo-meteorite,22.64 Grams CAMPO DEL CIELO METEORITE With Flat Side On It And Comes With A COA,12.99,2024-09-21,22.64,0.57,WorthPoint
campo-del-cielo-meteorite,6.65 Grams CAMPO DEL CIELO METEORITE Polished With A Certificate Of Authenticity,5.49,2024-09-21,6.65,0.83,WorthPoint
campo-del-cielo-meteorite,35.6 Grams NEW CAMPO DEL CIELO METEORITE Polished + Certificate Of Authenticity,26.99,2024-09-21,35.6,0.76,WorthPoint
campo-del-cielo-meteorite,Beautiful 344 Gm. Polished Campo Del Cielo Meteorite Quarter Cut,224.1,2024-09-20,344.0,0.65,WorthPoint
campo-del-cielo-meteorite,7.84 Grams NEW CAMPO DEL CIELO METEORITE Polished Charm Pendant For A Necklace,10.99,2024-09-20,7.84,1.4,WorthPoint
campo-del-cielo-meteorite,10.8 Grams CAMPO DEL CIELO METEORITE Polished Charm Pendant For A Necklace,9.99,2024-09-20,10.8,0.92,WorthPoint
campo-del-cielo-meteorite,6.40 Grams CAMPO DEL CIELO METEORITE Polished With A Certificate Of Authenticity,5.29,2024-09-20,6.4,0.83,WorthPoint
campo-del-cielo-meteorite,6.03 Grams CAMPO DEL CIELO METEORITE Polished With A Certificate Of Authenticity,5.49,2024-09-19,6.03,0.91,WorthPoint
campo-del-cielo-meteorite,AMAZING SHAPE! BEAUTIFUL 248g CAMPO DEL CIELO IRON METEORITE FRAGMENT W/ TAIL!,229.0,2024-09-19,248.0,0.92,WorthPoint
campo-del-cielo-meteorite,Genuine Authentic Space Meteorites From Campo Del Cielo Meteor Shower Argentina,15.0,2024-09-19,,,WorthPoint
campo-del-cielo-meteorite,Meteorite Campo Del Cielo Strike Iron Nickel Argentina 4.6 Grams I37,8.99,2024-09-18,4.6,1.95,WorthPoint
campo-del-cielo-meteorite,Campo Del Cielo Iron Nickel Meteorite Argentina 54.77 Grams,58.75,2024-09-18,54.77,1.07,WorthPoint
campo-del-cielo-meteorite,1236 Gm CAMPO DEL CIELO METEORITE BEAUTIFUL MUSEUM GRADE METEORITE 2.72 POUNDS,1345.5,2024-09-17,1236.0,1.09,WorthPoint
campo-del-cielo-meteorite,6.82 Grams NEW CAMPO DEL CIELO METEORITE Polished Charm Pendant For A Necklace,9.99,2024-09-17,6.82,1.46,WorthPoint
campo-del-cielo-meteorite,Campo Del Cielo Iron Nickel Meteorite Argentina 73.51 Grams,77.75,2024-09-16,73.51,1.06,WorthPoint
campo-del-cielo-meteorite,7.87 Grams CAMPO DEL CIELO METEORITE Polished With A Certificate Of Authenticity,6.49,2024-09-16,7.87,0.82,WorthPoint
campo-del-cielo-meteorite,7 Grams CAMPO DEL CIELO METEORITE Polished With A Certificate Of Authenticity,5.99,2024-09-16,7.0,0.86,WorthPoint
campo-del-cielo-meteorite,Genuine Meteorite And Display Cube 6.4 Gram Campo Del Cielo Meteorite And Magnet,29.99,2024-09-16,6.4,4.69,WorthPoint
campo-del-cielo-meteorite,5.61 Grams NEW CAMPO DEL CIELO METEORITE Polished Charm Pendant For A Necklace,9.99,2024-09-15,5.61,1.78,WorthPoint
campo-del-cielo-meteorite,6.77 Grams NEW CAMPO DEL CIELO METEORITE Polished Charm Pendant For A Necklace,9.99,2024-09-15,6.77,1.48,WorthPoint
campo-del-cielo-meteorite,8.48 Grams NEW CAMPO DEL CIELO METEORITE Polished Charm Pendant For A Necklace,9.99,2024-09-15,8.48,1.18,WorthPoint
campo-del-cielo-meteorite,10.8 Grams NEW CAMPO DEL CIELO METEORITE Polished Charm Pendant For A Necklace,9.99,2024-09-15,10.8,0.92,WorthPoint
campo-del-cielo-meteorite,51 Gm Campo Del Cielo Meteorite Crystal Great Piece With Stand,46.55,2024-09-15,51.0,0.91,WorthPoint
campo-del-cielo-meteorite,Campo Del Cielo Iron Nickel Meteorite Argentina 58.69 Grams,62.75,2024-09-14,58.69,1.07,WorthPoint
campo-del-cielo-meteorite,2023 Ghana 1 Oz Silver Space Cube; Campo Del Cielo Meteorite,131.5,2024-09-14,2023.0,0.07,WorthPoint
campo-del-cielo-meteorite,250 Gm LOT OF CAMPO DEL CIELO METEORITE CRYSTALS; 15-20 GMS IN SIZE; 1/4 KILO,118.75,2024-09-13,250.0,0.47,WorthPoint
campo-del-cielo-meteorite,204 Gm CAMPO DEL CIELO METEORITE BEAUTIFUL AAA GRADE METEORITE .45 POUNDS,269.96,2024-09-12,204.0,1.32,WorthPoint
campo-del-cielo-meteorite,154 Gm. Campo Del Cielo Meteorite ; B Grade! Inexpensive Meteorite;,136.76,2024-09-12,154.0,0.89,WorthPoint
campo-del-cielo-meteorite,LARGE 7X6 INCH SLICE OF CAMPO DEL CIELO METEORITE SLAB 618 GMS STAND; 1.4 Lbs,384.71,2024-09-12,618.0,0.62,WorthPoint
campo-del-cielo-meteorite,18.4 Grams CAMPO DEL CIELO METEORITE Polished With Certificate Of Authenticity,13.99,2024-09-12,18.4,0.76,WorthPoint
campo-del-cielo-meteorite,"Meteorite Nugget Specimen Campo Del Cielo, 36.84g, Moving Piece, Astronomy Gift",64.0,2024-09-11,36.84,1.74,WorthPoint
campo-del-cielo-meteorite,174 Gm. Campo Del Cielo Meteorite ; B Grade!! Beautiful .4 Lb. Baby Campo,116.1,2024-09-11,174.0,0.67,WorthPoint
campo-del-cielo-meteorite,18 Grams Good Quality Octahedrite Campo Del Cielo Iron Meteorite About 2.3 Cm,19.0,2024-09-11,18.0,1.06,WorthPoint
campo-del-cielo-meteorite,"50.24 Gram Campo Del Cielo Argentina Meteorite, Iron From Outer Space # ME 668 B",37.75,2024-09-11,50.24,0.75,WorthPoint
campo-del-cielo-meteorite,Beautiful 558 Gm. Etched Campo Del Cielo Meteorite Quad Cut 1.22 Lbs,404.1,2024-09-10,558.0,0.72,WorthPoint
campo-del-cielo-meteorite,Lot Of 3 Authentic Campo Del Cielo Meteorite ~ Space Rock 4.6 BILLION YRS OLD!,18.0,2024-09-09,,,WorthPoint
campo-del-cielo-meteorite,225.7 GRAM CAMPO DEL CIELO METEORITE ; AAA GRADE METEORITE ! .498 Lb. Argentina,119.99,2024-09-09,225.7,0.53,WorthPoint
campo-del-cielo-meteorite,"Campo Del Cielo Iron Meteorite. 2.66 Grams, 19.19mm Length (m40)",6.49,2024-09-08,2.66,2.44,WorthPoint
campo-del-cielo-meteorite,"Campo Del Cielo Iron Meteorite. 2.52 Grams, 18.35mm Length (m30)",5.99,2024-09-08,2.52,2.38,WorthPoint
campo-del-cielo-meteorite,"Ca. 2200 BC Authentic Space Meteorite Slab, Campo Del Cielo Argentina Graded BY INB",23.6,2024-09-07,,,WorthPoint
campo-del-cielo-meteorite,MASSIVE Meteorite Slab LOT/Campo Del Cielo/North West Africa/Random,34.0,2024-09-07,,,WorthPoint
campo-del-cielo-meteorite,Campo Del Cielo METEORITE PENDANT 6.9 Grams,23.0,2024-09-06,6.9,3.33,WorthPoint
campo-del-cielo-meteorite,AAA Quality Campo Del Cielo Iron Meteorite! 810g. Spectacular Regmaglypts!,420.0,2024-09-03,810.0,0.52,WorthPoint
campo-del-cielo-meteorite,63.9 Grams CAMPO DEL CIELO METEORITE With Flat Side On It And Comes With A COA,26.99,2024-09-02,63.9,0.42,WorthPoint
campo-del-cielo-meteorite,Beautiful 6.5x4.5 Inch 542 Gm Campo Del Cielo Meteorite Slab 1.2 Lbs,359.1,2024-09-01,542.0,0.66,WorthPoint
campo-del-cielo-meteorite,194 Gm. Campo Del Cielo Meteorite ; B Grade!!; Stand,75.0,2024-09-01,194.0,0.39,WorthPoint
campo-del-cielo-meteorite,6.06 Grams CAMPO DEL CIELO METEORITE Polished With A Certificate Of Authenticity,5.29,2024-09-01,6.06,0.87,WorthPoint
campo-del-cielo-meteorite,75.3 Grams NEW CAMPO DEL CIELO METEORITE Polished + Certificate Of Authenticity,56.99,2024-09-01,75.3,0.76,WorthPoint
campo-del-cielo-meteorite,84.3 Grams NEW CAMPO DEL CIELO METEORITE Polished + Certificate Of Authenticity,63.99,2024-09-01,84.3,0.76,WorthPoint
campo-del-cielo-meteorite,SLICE OF CAMPO DEL CIELO METEORITE SLAB 655 GMS 1.4+ Lb. 8 MM THICK,392.45,2024-08-31,655.0,0.6,WorthPoint
campo-del-cielo-meteorite,BEAUTIFUL LARGE 603g CAMPO IRON METEORITE COVERED IN THUMBPRINTS! LOW BUY-IT-NOW,498.0,2024-08-30,603.0,0.83,WorthPoint
campo-del-cielo-meteorite,130 Gm. Campo Del Cielo Meteorite ; Baby Meteorite; Aa Gradel Full Individual,135.0,2024-08-30,130.0,1.04,WorthPoint
campo-del-cielo-meteorite,4 Grams NEW CAMPO DEL CIELO METEORITE Polished Charm Pendant For A Necklace,5.99,2024-08-30,4.0,1.5,WorthPoint
campo-del-cielo-meteorite,6.11 Grams NEW CAMPO DEL CIELO METEORITE Polished Charm Pendant For A Necklace,8.99,2024-08-30,6.11,1.47,WorthPoint
campo-del-cielo-meteorite,22.55 Grams CAMPO DEL CIELO METEORITE With Flat Side On It And Comes With A COA,6.99,2024-08-29,22.55,0.31,WorthPoint
campo-del-cielo-meteorite,27.33 Grams CAMPO DEL CIELO METEORITE With Flat Side On It And Comes With A COA,9.99,2024-08-29,27.33,0.37,WorthPoint
campo-del-cielo-meteorite,65.3 Grams Lot Of NEW CAMPO DEL CIELO Shiny METEORITES 1 To 2 Grams Each W/ COA,45.99,2024-08-29,65.3,0.7,WorthPoint
campo-del-cielo-meteorite,10 Grams CAMPO DEL CIELO METEORITE Polished With Certificate Of Authenticity,5.99,2024-08-29,10.0,0.6,WorthPoint
campo-del-cielo-meteorite,"Large Massive 10-330 Grams Meteorite Specimen, Campo Del Cielo Meteorite With Gi",21.24,2024-08-29,330.0,0.06,WorthPoint
campo-del-cielo-meteorite,28.61 Grams CAMPO DEL CIELO METEORITE With Flat Side On It And Comes With A COA,10.99,2024-08-29,28.61,0.38,WorthPoint
campo-del-cielo-meteorite,100.6 Grams NEW CAMPO DEL CIELO METEORITE Polished + Certificate Of Authenticity,76.99,2024-08-29,100.6,0.77,WorthPoint
campo-del-cielo-meteorite,50.1 Grams NEW CAMPO DEL CIELO METEORITE Polished + Certificate Of Authenticity,38.99,2024-08-29,50.1,0.78,WorthPoint
campo-del-cielo-meteorite,28.2 Grams CAMPO DEL CIELO METEORITE Polished With A Certificate Of Authenticity,20.99,2024-08-29,28.2,0.74,WorthPoint
campo-del-cielo-meteorite,31.4 Grams NEW CAMPO DEL CIELO METEORITE Polished + Certificate Of Authenticity,24.99,2024-08-29,31.4,0.8,WorthPoint
campo-del-cielo-meteorite,33.62 Grams CAMPO DEL CIELO METEORITE Polished With Certificate Of Authenticity,22.99,2024-08-29,33.62,0.68,WorthPoint
campo-del-cielo-meteorite,Campo Del Cielo Meteorite Sphere,6125.0,2024-08-28,,,WorthPoint
campo-del-cielo-meteorite,60.8 Grams NEW CAMPO DEL CIELO METEORITE Polished + Certificate Of Authenticity,44.99,2024-08-28,60.8,0.74,WorthPoint
campo-del-cielo-meteorite,CAMPO DEL CIELO 250 G IRON NICKEL METEORITE,300.0,2024-08-28,250.0,1.2,WorthPoint
campo-del-cielo-meteorite,Beautiful 350 Gm. Polished Campo Del Cielo Meteorite Quarter Cut,224.1,2024-08-28,350.0,0.64,WorthPoint
campo-del-cielo-meteorite,Large CAMPO DEL CIELO METEORITE 385 Grams Sku MET01,99.98,2024-08-28,385.0,0.26,WorthPoint
campo-del-cielo-meteorite,11.51 Grams CAMPO DEL CIELO METEORITE Polished With Certificate Of Authenticity,8.79,2024-08-27,11.51,0.76,WorthPoint
campo-del-cielo-meteorite,1.54g CAMPO DEL CIELO IRON NICKEL METEORITE PIECES METEOR SPACE ROCKS ASTEROID,9.94,2024-08-27,1.54,6.45,WorthPoint
campo-del-cielo-meteorite,1.73g CAMPO DEL CIELO IRON NICKEL METEORITE PIECES METEOR SPACE ROCKS ASTEROID,9.94,2024-08-27,1.73,5.75,WorthPoint
campo-del-cielo-meteorite,AAA Quality Campo Del Cielo Iron Meteorite! 2.93kg. Spectacular Regmaglypts!,1740.0,2024-08-26,2930.0,0.59,WorthPoint
campo-del-cielo-meteorite,Campo Del Cielo METEORITE 100% Natural Argentina 20.6gr,21.99,2024-08-26,20.6,1.07,WorthPoint
campo-del-cielo-meteorite,53.3 Grams CAMPO DEL CIELO METEORITE With Flat Side On It And Comes With A COA,19.99,2024-08-26,53.3,0.38,WorthPoint
campo-del-cielo-meteorite,15.5 Grams CAMPO DEL CIELO METEORITE Polished With A Certificate Of Authenticity,11.99,2024-08-26,15.5,0.77,WorthPoint
campo-del-cielo-meteorite,11.02 Grams CAMPO DEL CIELO METEORITE Polished With Certificate Of Authenticity,8.49,2024-08-26,11.02,0.77,WorthPoint
campo-del-cielo-meteorite,Campo Del Cielo Iron Nickel Meteorite,65.0,2024-08-26,,,WorthPoint
campo-del-cielo-meteorite,29.8 Grams CAMPO DEL CIELO METEORITE Polished With Certificate Of Authenticity,21.49,2024-08-26,29.8,0.72,WorthPoint
campo-del-cielo-meteorite,18.43 Grams CAMPO DEL CIELO METEORITE Polished With Certificate Of Authenticity,10.99,2024-08-26,18.43,0.6,WorthPoint
campo-del-cielo-meteorite,18.3 Grams CAMPO DEL CIELO METEORITE Polished With Certificate Of Authenticity,10.99,2024-08-26,18.3,0.6,WorthPoint
campo-del-cielo-meteorite,17.2 Grams CAMPO DEL CIELO METEORITE Polished With Certificate Of Authenticity,9.99,2024-08-26,17.2,0.58,WorthPoint
campo-del-cielo-meteorite,12.7 Grams CAMPO DEL CIELO METEORITE Polished With Certificate Of Authenticity,5.99,2024-08-26,12.7,0.47,WorthPoint
campo-del-cielo-meteorite,2 Authentic Meteorite Space Rock Campo Del Cielo Argentina Discovered 1576 AD,8.0,2024-08-25,,,WorthPoint
campo-del-cielo-meteorite,Lot Of 9 Genuine Authentic Space Meteorite From Campo Del Cielo Meteor Shower,21.0,2024-08-25,9.0,2.33,WorthPoint
campo-del-cielo-meteorite,23.5 Grams CAMPO DEL CIELO METEORITE Polished With A Certificate Of Authenticity,16.99,2024-08-25,23.5,0.72,WorthPoint
campo-del-cielo-meteorite,680 Gm. New Campo Del Cielo Meteorite ; Aa Grade Meteorite 1.5 Lbs.,427.46,2024-08-25,680.0,0.63,WorthPoint
campo-del-cielo-meteorite,90 Grams NEW CAMPO DEL CIELO METEORITE Polished + Certificate Of Authenticity,69.99,2024-08-25,90.0,0.78,WorthPoint
campo-del-cielo-meteorite,86.5 Grams NEW CAMPO DEL CIELO METEORITE Polished + Certificate Of Authenticity,64.99,2024-08-25,86.5,0.75,WorthPoint
campo-del-cielo-meteorite,Light Rust Starting - 28.8 Grams NEW CAMPO DEL CIELO METEORITE Polished + COA,7.99,2024-08-25,28.8,0.28,WorthPoint
campo-del-cielo-meteorite,Genuine Meteorite And Display Cube 7.6 Gram Campo Del Cielo Meteorite And Magnet,29.99,2024-08-24,7.6,3.95,WorthPoint
campo-del-cielo-meteorite,713 GM CAMPO Del CIELO METEORITE ; Heavy 1 Pound 9 Oz METEORITE; BEAUTIFUL,475.0,2024-08-24,713.0,0.67,WorthPoint
campo-del-cielo-meteorite,12.1 Grams CAMPO DEL CIELO METEORITE Polished With A Certificate Of Authenticity,8.99,2024-08-24,12.1,0.74,WorthPoint
campo-del-cielo-meteorite,Meteorites - 5 Campo Del Cielo Mirror Polished Slices,133.4,2024-08-24,,,WorthPoint
campo-del-cielo-meteorite,Campo Del Cielo Meteorite Pendant With Shell Heishi Puka Necklace,19.99,2024-08-24,,,WorthPoint
campo-del-cielo-meteorite,"47.94 Gram Campo Del Cielo Argentina Meteorite, Iron From Outer Space # ME 644 B",47.9,2024-08-23,47.94,1.0,WorthPoint
campo-del-cielo-meteorite,28.91 Grams CAMPO DEL CIELO METEORITE With Flat Side On It And Comes With A COA,11.99,2024-08-23,28.91,0.41,WorthPoint
campo-del-cielo-meteorite,46.4 Grams Lot CAMPO DEL CIELO METEORITES Polished 3 To 5+ Grams Each With COA,34.99,2024-08-23,46.4,0.75,WorthPoint
campo-del-cielo-meteorite,4 Authentic Meteorite Campo Del Cielo Argentina Discovered 1576 AD,18.99,2024-08-23,,,WorthPoint
campo-del-cielo-meteorite,16.84 Grams CAMPO DEL CIELO METEORITE Polished With Certificate Of Authenticity,11.99,2024-08-22,16.84,0.71,WorthPoint
campo-del-cielo-meteorite,Meteorite Campo Del Cielo Strike Iron Nickle Argentina 4.3 Grams T45,8.99,2024-08-21,4.3,2.09,WorthPoint
campo-del-cielo-meteorite,9.1 Grams CAMPO DEL CIELO METEORITE Pendant M-27 (wiggly Piece),9.99,2024-08-21,9.1,1.1,WorthPoint
campo-del-cielo-meteorite,14 Grams CAMPO DEL CIELO METEORITE Pendant M-8,14.99,2024-08-21,14.0,1.07,WorthPoint
campo-del-cielo-meteorite,Campo Del Cielo - Iron Meteorite - CDC-4984 - COA - Crystals Specimen Pendant,19.95,2024-08-21,,,WorthPoint
campo-del-cielo-meteorite,16.2 Grams CAMPO DEL CIELO METEORITE Polished With A Certificate Of Authenticity,11.99,2024-08-20,16.2,0.74,WorthPoint
campo-del-cielo-meteorite,4.81 Grams NEW CAMPO DEL CIELO METEORITE Polished Charm Pendant For A Necklace,6.99,2024-08-20,4.81,1.45,WorthPoint
campo-del-cielo-meteorite,54.2 Grams CAMPO DEL CIELO METEORITE With Flat Side On It And Comes With A COA,19.99,2024-08-20,54.2,0.37,WorthPoint
campo-del-cielo-meteorite,Beautiful 664 Gm Campo Del Cielo Polished & Tumbled Etched Meteorite 1.5 Lb,539.1,2024-08-20,664.0,0.81,WorthPoint
campo-del-cielo-meteorite,(3) Slabbed Campo Del Cielo Space Meteorite 2200BC,10.0,2024-08-20,,,WorthPoint
campo-del-cielo-meteorite,64 Grams CAMPO DEL CIELO METEORITE With Flat Side On It And Comes With A COA,25.99,2024-08-19,64.0,0.41,WorthPoint
campo-del-cielo-meteorite,"Campo Del Cielo Iron Meteorite. 3.58 Grams, 19.18mm Length X 11.5mm Width. (m10)",5.5,2024-08-18,3.58,1.54,WorthPoint
campo-del-cielo-meteorite,Meteorite - Campo Del Cielo - Iron Meteorite - CDC-4974 - 1.18g - COA - Nice Lot,11.95,2024-08-17,1.18,10.13,WorthPoint
campo-del-cielo-meteorite,Meteorite - Campo Del Cielo - Iron Meteorite - CDC-4972 - 1.13g - COA - Nice Lot,10.95,2024-08-17,1.13,9.69,WorthPoint
campo-del-cielo-meteorite,69.7 Grams CAMPO DEL CIELO METEORITE With Flat Side On It And Comes With A COA,33.0,2024-08-17,69.7,0.47,WorthPoint
campo-del-cielo-meteorite,Campo Del Cielo Meteorite (c2b),29.95,2024-08-17,,,WorthPoint
campo-del-cielo-meteorite,**43.4g Campo Del Cielo Meteorite Iron Meteor Space Rock**,38.5,2024-08-17,43.4,0.89,WorthPoint
campo-del-cielo-meteorite,Campo Del Cielo Iron Nickel Meteorite Lot Argentina 242 Grams,125.0,2024-08-16,242.0,0.52,WorthPoint
campo-del-cielo-meteorite,18 Pound Campo Del Cielo Meteorite,4999.0,2024-08-15,,,WorthPoint
campo-del-cielo-meteorite,Campo Del Cielo Meteorite - 16g,37.88,2024-08-15,16.0,2.37,WorthPoint
campo-del-cielo-meteorite,Large CAMPO DEL CIELO METEORITE 195 Grams Sku MET02,75.0,2024-08-15,195.0,0.38,WorthPoint
campo-del-cielo-meteorite,27 Gm Campo Del Cielo Meteorite Crystal Great Piece With Stand,20.9,2024-08-15,27.0,0.77,WorthPoint
campo-del-cielo-meteorite,Meteorite Campo Del Cielo Strike Iron Nickel Argentina 7.9 Grams I9,11.54,2024-08-15,7.9,1.46,WorthPoint
campo-del-cielo-meteorite,Campo Del Cielo Meteorite 100% Natural From Argentina 6.64gr,16.99,2024-08-14,6.64,2.56,WorthPoint
campo-del-cielo-meteorite,"46.23 Gram Campo Del Cielo Argentina Meteorite, Iron From Outer Space # ME 659 B",46.2,2024-08-14,46.23,1.0,WorthPoint
campo-del-cielo-meteorite,60.3 Grams CAMPO DEL CIELO METEORITE With Flat Side On It And Comes With A COA,24.99,2024-08-14,60.3,0.41,WorthPoint
campo-del-cielo-meteorite,13.1 Grams CAMPO DEL CIELO METEORITE Pendant M-36,13.99,2024-08-13,13.1,1.07,WorthPoint
campo-del-cielo-meteorite,13.31 Grams CAMPO DEL CIELO METEORITE Polished With Certificate Of Authenticity,9.99,2024-08-13,13.31,0.75,WorthPoint
campo-del-cielo-meteorite,"AAA Quality Campo Del Cielo Iron Meteorite! 3.81018 Kg (8.4 LB). Great Shape,",1275.0,2024-08-13,3810.18,0.33,WorthPoint
campo-del-cielo-meteorite,SLICE OF CAMPO DEL CIELO METEORITE SLAB 680 GMS 5-6 Mm Thick 1.5 Lbs Silicate,409.55,2024-08-12,680.0,0.6,WorthPoint
campo-del-cielo-meteorite,Campo Del Cielo Authentic Meteorite Specimen (51.6 Grams),51.6,2024-08-12,51.6,1.0,WorthPoint
campo-del-cielo-meteorite,1100 Gm .CAMPO DEL CIELO METEORITE,300.0,2024-08-12,1100.0,0.27,WorthPoint
campo-del-cielo-meteorite,4 Authentic Meteorite Space Rock Campo Del Cielo Argentina Discovered 1576 AD,15.0,2024-08-11,,,WorthPoint
campo-del-cielo-meteorite,790 Gm CAMPO DEL CIELO METEORITE ; AAA GRADE 1.7+ Lbs.; Beautiful Lg.meteorite,850.73,2024-08-11,790.0,1.08,WorthPoint
campo-del-cielo-meteorite,Lot Of 26 Genuine Authentic Space Meteorite From Campo Del Cielo,80.0,2024-08-11,26.0,3.08,WorthPoint
campo-del-cielo-meteorite,64.5 Grams CAMPO DEL CIELO METEORITE With Flat Side On It And Comes With A COA,26.99,2024-08-10,64.5,0.42,WorthPoint
campo-del-cielo-meteorite,52.1 Grams CAMPO DEL CIELO METEORITE With Flat Side On It And Comes With A COA,19.99,2024-08-10,52.1,0.38,WorthPoint
campo-del-cielo-meteorite,"Campo Del Cielo Large Iron Meteorite 1,306g",135.83,2024-08-09,306.0,0.44,WorthPoint
campo-del-cielo-meteorite,"Campo Del Cielo Iron Meteorite ** 3,138g",832.0,2024-08-09,138.0,6.03,WorthPoint
campo-del-cielo-meteorite,"Campo Del Cielo Large Iron Meteorite 2,225g",632.0,2024-08-09,225.0,2.81,WorthPoint
campo-del-cielo-meteorite,78.41 Gram - CAMPO DEL CIELO IRON METEORITE Crystal - Found 1576 In Argentina,75.46,2024-08-09,78.41,0.96,WorthPoint
campo-del-cielo-meteorite,27.28 Grams CAMPO DEL CIELO METEORITE With Flat Side On It And Comes With A COA,10.99,2024-08-09,27.28,0.4,WorthPoint
campo-del-cielo-meteorite,3.91 Grams NEW CAMPO DEL CIELO METEORITE Polished Charm Pendant For A Necklace,5.99,2024-08-09,3.91,1.53,WorthPoint
campo-del-cielo-meteorite,Meteorite Campo Del Cielo,102.0,2024-08-09,,,WorthPoint
campo-del-cielo-meteorite,14.2 Grams CAMPO DEL CIELO METEORITE Polished With A Certificate Of Authenticity,10.49,2024-08-09,14.2,0.74,WorthPoint
campo-del-cielo-meteorite,Campo Del Cielo Meteorite Meteor Astroid Space Rock - SMALL -- 228 Gram Lot,100.0,2024-08-07,228.0,0.44,WorthPoint
campo-del-cielo-meteorite,"50 Meteorite Mixed Mega Seller / Dealer Lot Campo Del Cielo, North Africa",205.97,2024-08-07,,,WorthPoint
campo-del-cielo-meteorite,"Real Meteorites (5 Pcs) Campo Del Cielo, Authenticity Certificate, Viewing Box",18.69,2024-08-06,,,WorthPoint
campo-del-cielo-meteorite,Lot Of 10 Genuine Authentic Space Meteorite From Campo Del Cielo Meteor Shower,49.99,2024-08-06,10.0,5.0,WorthPoint
campo-del-cielo-meteorite,Sterling Silver Meteorite Campo Del Cielo Ring Size 9 Rock Stone Lapidary Specimen,26.4,2024-08-05,,,WorthPoint
campo-del-cielo-meteorite,"Authentic Space Meteorite From Campo Del Cielo Meteor Shower, Argentina",10.73,2024-08-01,,,WorthPoint
campo-del-cielo-meteorite,6.91 Grams NEW CAMPO DEL CIELO METEORITE Polished Charm Pendant For A Necklace,10.99,2024-07-30,6.91,1.59,WorthPoint
campo-del-cielo-meteorite,Meteorites - 2 Campo Del Cielo Dust/Cuttings Specimen Vials,25.9,2024-07-30,,,WorthPoint
campo-del-cielo-meteorite,Meteorites - 17.5g Campo Del Cielo Small Pieces Specimen Vial,17.95,2024-07-30,17.5,1.03,WorthPoint
campo-del-cielo-meteorite,"Beautiful7.5x6 Inch,972 Gm Campo Del Cielo Meteorite Slab!!!",539.1,2024-07-29,972.0,0.55,WorthPoint
campo-del-cielo-meteorite,Campo Del Cielo Meteorite 100% Natural From Argentina 19.9gr,21.99,2024-07-28,19.9,1.11,WorthPoint
campo-del-cielo-meteorite,8.6 Grams CAMPO DEL CIELO METEORITE Pendant M-24,8.99,2024-07-27,8.6,1.05,WorthPoint
campo-del-cielo-meteorite,Meteorite Campo Del Cielo Argentina Meteorite 250g,150.0,2024-07-26,250.0,0.6,WorthPoint
campo-del-cielo-meteorite,6.56 Grams NEW CAMPO DEL CIELO METEORITE Polished Charm Pendant For A Necklace,7.99,2024-07-26,6.56,1.22,WorthPoint
campo-del-cielo-meteorite,11.8 Grams CAMPO DEL CIELO METEORITE Pendant M-17,11.99,2024-07-26,11.8,1.02,WorthPoint
campo-del-cielo-meteorite,12.3 Grams CAMPO DEL CIELO METEORITE Pendant M-22,12.99,2024-07-26,12.3,1.06,WorthPoint
campo-del-cielo-meteorite,15.4 Grams CAMPO DEL CIELO METEORITE Pendant M-9,15.99,2024-07-26,15.4,1.04,WorthPoint
campo-del-cielo-meteorite,11.7 Grams CAMPO DEL CIELO METEORITE Pendant M-5,11.99,2024-07-26,11.7,1.02,WorthPoint
campo-del-cielo-meteorite,15.4 Grams CAMPO DEL CIELO METEORITE Pendant M-37,15.99,2024-07-26,15.4,1.04,WorthPoint
campo-del-cielo-meteorite,10.2 Grams CAMPO DEL CIELO METEORITE Pendant M-41,10.99,2024-07-26,10.2,1.08,WorthPoint
campo-del-cielo-meteorite,9.2 Grams CAMPO DEL CIELO METEORITE Pendant M-30,10.99,2024-07-26,9.2,1.19,WorthPoint
campo-del-cielo-meteorite,8.2 Grams CAMPO DEL CIELO METEORITE Pendant M-12,8.99,2024-07-26,8.2,1.1,WorthPoint
campo-del-cielo-meteorite,11.3 Grams CAMPO DEL CIELO METEORITE Pendant M-23,11.99,2024-07-26,11.3,1.06,WorthPoint
campo-del-cielo-meteorite,12 Grams CAMPO DEL CIELO METEORITE Pendant M-2,12.99,2024-07-26,12.0,1.08,WorthPoint
campo-del-cielo-meteorite,8.6 Grams CAMPO DEL CIELO METEORITE Pendant M-26,8.99,2024-07-26,8.6,1.05,WorthPoint
campo-del-cielo-meteorite,7 Grams CAMPO DEL CIELO METEORITE Pendant M-21,7.99,2024-07-26,7.0,1.14,WorthPoint
campo-del-cielo-meteorite,15 Grams CAMPO DEL CIELO METEORITE Pendant M-32,15.99,2024-07-26,15.0,1.07,WorthPoint
campo-del-cielo-meteorite,7.6 Grams CAMPO DEL CIELO METEORITE Pendant M-4,7.99,2024-07-26,7.6,1.05,WorthPoint
campo-del-cielo-meteorite,11.3 Grams CAMPO DEL CIELO METEORITE Pendant M-43,11.99,2024-07-26,11.3,1.06,WorthPoint
campo-del-cielo-meteorite,13.1 Grams CAMPO DEL CIELO METEORITE Pendant M-6,13.99,2024-07-26,13.1,1.07,WorthPoint
campo-del-cielo-meteorite,13.1 Grams CAMPO DEL CIELO METEORITE Pendant M-46,13.99,2024-07-26,13.1,1.07,WorthPoint
campo-del-cielo-meteorite,14 Grams CAMPO DEL CIELO METEORITE Pendant M-31,14.99,2024-07-26,14.0,1.07,WorthPoint
campo-del-cielo-meteorite,33.03 Grams Authentic CAMPO DEL CIELO METEORITE,30.95,2024-07-26,33.03,0.94,WorthPoint
campo-del-cielo-meteorite,"Four Meteorite Fragments Form Campo Del Cielo, Argentina",31.0,2024-07-25,,,WorthPoint
campo-del-cielo-meteorite,"Campo Del Cielo Meteorite Gran Chaco Gualamba Argentina COA, Display 12 Grams",29.99,2024-07-25,12.0,2.5,WorthPoint
campo-del-cielo-meteorite,Campo Del Cielo Meteorite Large,895.0,2024-07-24,,,WorthPoint
campo-del-cielo-meteorite,33.6 Grams CAMPO DEL CIELO METEORITE Polished With A Certificate Of Authenticity,22.99,2024-07-24,33.6,0.68,WorthPoint
campo-del-cielo-meteorite,About 228 Grams Authentic CAMPO DEL CIELO METEORITE,183.0,2024-07-24,228.0,0.8,WorthPoint
campo-del-cielo-meteorite,"Beautiful Campo Del Cielo Meteorite Specimen 110.00 Grams, Astronomy Gift, Space",169.0,2024-07-24,110.0,1.54,WorthPoint
campo-del-cielo-meteorite,Campo Del Cielo Iron Meteorite Whole Individual 4.8 Kg,2500.0,2024-07-24,4800.0,0.52,WorthPoint
campo-del-cielo-meteorite,"46.86 Gram Campo Del Cielo Argentina Meteorite, Iron From Outer Space # ME 665 B",35.0,2024-07-23,46.86,0.75,WorthPoint
campo-del-cielo-meteorite,49.4 Grams Lot CAMPO DEL CIELO METEORITES Polished 3 To 5+ Grams Each With COA,36.99,2024-07-22,49.4,0.75,WorthPoint
campo-del-cielo-meteorite,Campo Del Cielo - Iron Meteorite - Nice Crystal Specimen,12.0,2024-07-21,,,WorthPoint
campo-del-cielo-meteorite,Lot Of 16 Genuine Authentic Space Meteorite From Campo Del Cielo Meteor Shower,47.0,2024-07-21,16.0,2.94,WorthPoint
campo-del-cielo-meteorite,2485 Gm Campo Del Cielo Meteorite Museum Grade 5.5 Lbs,2432.69,2024-07-21,2485.0,0.98,WorthPoint
campo-del-cielo-meteorite,"Campo Del Cielo Iron Meteorite, One Nice Fragment, 19.5 Grams",10.59,2024-07-21,19.5,0.54,WorthPoint
campo-del-cielo-meteorite,Meteorite Campo Del Cielo Strike Iron Nickel Argentina 2.9 Grams I8,8.99,2024-07-21,2.9,3.1,WorthPoint
campo-del-cielo-meteorite,Alien Shape Campo Del Cielo Meteorite Argentina Space Rock 1576 AD Space Rock,12.99,2024-07-21,,,WorthPoint
campo-del-cielo-meteorite,"38.82 Gram Campo Del Cielo Argentina Meteorite, Iron From Outer Space # ME 575 B",33.75,2024-07-21,38.82,0.87,WorthPoint
campo-del-cielo-meteorite,"35.09 Gram Campo Del Cielo Argentina Meteorite, Iron From Outer Space # ME 672 B",26.5,2024-07-21,35.09,0.76,WorthPoint
campo-del-cielo-meteorite,11.2 Grams CAMPO DEL CIELO METEORITE Polished With A Certificate Of Authenticity,8.49,2024-07-20,11.2,0.76,WorthPoint
campo-del-cielo-meteorite,17 Grams CAMPO DEL CIELO METEORITE Polished With A Certificate Of Authenticity,12.99,2024-07-20,17.0,0.76,WorthPoint
campo-del-cielo-meteorite,Meteorite - Campo Del Cielo - Iron Meteorite - CDC-4935 - 0.95g - COA - Hole,9.95,2024-07-20,0.95,10.47,WorthPoint
campo-del-cielo-meteorite,Large 1170 Gm Campo Del Cielo Meteorite ; Aaa Museum Grade!! 2.6 Lbs.,1217.57,2024-07-20,1170.0,1.04,WorthPoint
campo-del-cielo-meteorite,"35.52 Gram Campo Del Cielo Argentina Meteorite, Iron From Outer Space # ME 675 B",26.75,2024-07-20,35.52,0.75,WorthPoint
campo-del-cielo-meteorite,Large 8910 Gm Campo Del Cielo Meteorite Museum Collectors Grade 20 Lbs,8118.44,2024-07-19,8910.0,0.91,WorthPoint
campo-del-cielo-meteorite,7.3 Grams CAMPO DEL CIELO METEORITE Pendant M-14,7.99,2024-07-19,7.3,1.09,WorthPoint
campo-del-cielo-meteorite,Meteorite Campo Del Cielo Strike Iron Nickle Argentina 3.8 Grams T86,8.99,2024-07-19,3.8,2.37,WorthPoint
campo-del-cielo-meteorite,"33.33 Gram Campo Del Cielo Argentina Meteorite, Iron From Outer Space # ME 667 B",25.0,2024-07-19,33.33,0.75,WorthPoint
campo-del-cielo-meteorite,CAMPO DEL CIELO LAR IRON NICKEL METEORITE 2 PIECES.1 Tardis Box. ÔøºVintage Stamps,148.0,2024-07-18,,,WorthPoint
campo-del-cielo-meteorite,Campo Del Cielo Meteorite ''Crystal'',229.0,2024-07-18,,,WorthPoint
campo-del-cielo-meteorite,6.25 Inch SLAB OF CAMPO DEL CIELO METEORITE SLICE 986 GMS STAND; 2.2 LBS,487.31,2024-07-18,986.0,0.49,WorthPoint
campo-del-cielo-meteorite,"Campo Del Cielo Iron Meteorite, 485 Gram Etched Slice",260.0,2024-07-18,485.0,0.54,WorthPoint
campo-del-cielo-meteorite,Campo Del Cielo Authentic Meteorite Specimen (41.2 Grams),45.0,2024-07-17,41.2,1.09,WorthPoint
campo-del-cielo-meteorite,126 Grams NEW CAMPO DEL CIELO METEORITE Polished + Certificate Of Authenticity,99.99,2024-07-17,126.0,0.79,WorthPoint
campo-del-cielo-meteorite,17.1 Grams CAMPO DEL CIELO METEORITE Polished With A Certificate Of Authenticity,12.99,2024-07-17,17.1,0.76,WorthPoint
campo-del-cielo-meteorite,Large 10355 Gm Campo Del Cielo Meteorite Museum Collectors Grade 23 Lbs,11448.9,2024-07-17,10355.0,1.11,WorthPoint
campo-del-cielo-meteorite,5.6 Grams CAMPO DEL CIELO METEORITE Pendant M-25,5.99,2024-07-17,5.6,1.07,WorthPoint
campo-del-cielo-meteorite,6.2 Grams CAMPO DEL CIELO METEORITE Pendant M-47,6.99,2024-07-17,6.2,1.13,WorthPoint
campo-del-cielo-meteorite,Meteorite - Campo Del Cielo - Iron Meteorite - CDC-4977 - 1.09g - COA - Nice Lot,5.5,2024-07-17,1.09,5.05,WorthPoint
campo-del-cielo-meteorite,Beautiful 1038 Gm Campo Del Cielo Polished & Tumbled Etched Meteorite,674.1,2024-07-16,1038.0,0.65,WorthPoint
campo-del-cielo-meteorite,Meteorite - Campo Del Cielo - Iron Meteorite - CDC-4933 - 0.25g - COA - Crystal,5.0,2024-07-16,0.25,20.0,WorthPoint
campo-del-cielo-meteorite,486 GM. CAMPO DEL CIELO METEORITE ; AA GRADE METEORITE 1.1 +lbs. BEAUTIFUL,405.52,2024-07-16,486.0,0.83,WorthPoint
campo-del-cielo-meteorite,"Real Meteorite Space Rock Campo Del Cielo 1576 AD Slabbed, Certified COA Wow!",24.95,2024-07-16,,,WorthPoint
campo-del-cielo-meteorite,132 Gm Campo Del Cielo Meteorite Aa Grade Baby Meteorite Beautiful,121.8,2024-07-16,132.0,0.92,WorthPoint
campo-del-cielo-meteorite,Large 1100 Gm Campo Del Cielo Meteorite Aaa Grade 2.4 Lbs.,1055.12,2024-07-16,1100.0,0.96,WorthPoint
campo-del-cielo-meteorite,AMAZING SHAPE! BEAUTIFUL 129g CAMPO DEL CIELO IRON METEORITE FRAGMENT W/ TAIL!,110.0,2024-07-15,129.0,0.85,WorthPoint
campo-del-cielo-meteorite,7.5 Grams CAMPO DEL CIELO METEORITE Pendant M-18,7.99,2024-07-15,7.5,1.07,WorthPoint
campo-del-cielo-meteorite,Beautiful 650 Gm. Etched Campo Del Cielo Meteorite Quad Cut,413.1,2024-07-15,650.0,0.64,WorthPoint
campo-del-cielo-meteorite,6 Authentic Meteorite Space Rock Campo Del Cielo Argentina Discovered 1576 AD,25.0,2024-07-14,,,WorthPoint
campo-del-cielo-meteorite,68.3 Grams Lot CAMPO DEL CIELO METEORITES Polished 3 To 5+ Grams Each With COA,52.99,2024-07-14,68.3,0.78,WorthPoint
campo-del-cielo-meteorite,LOVELY 7.4g CAMPO IRON METEORITE FRAGMENT PENDANT! BEAUTIFUL SPECIMEN! AAAA+++,14.95,2024-07-14,7.4,2.02,WorthPoint
campo-del-cielo-meteorite,Large 25-35 Gram Campo Del Cielo Meteorite Iron Meteor Nickel Iron Space Rock,38.0,2024-07-14,35.0,1.09,WorthPoint
campo-del-cielo-meteorite,80.2 Grams NEW CAMPO DEL CIELO METEORITE Polished + Certificate Of Authenticity,59.99,2024-07-14,80.2,0.75,WorthPoint
campo-del-cielo-meteorite,Beautiful 654 Gm Campo Del Cielo Etched Meteorite End Piece 1.4 Lb.,404.1,2024-07-14,654.0,0.62,WorthPoint
campo-del-cielo-meteorite,GORGEOUS 514g CAMPO DEL CIELO IRON METEORITE ETCHED END-CUT W/ THUMBPRINTS!,435.0,2024-07-14,514.0,0.85,WorthPoint
campo-del-cielo-meteorite,"91.30 Gram Campo Del Cielo Argentina Meteorite, Iron From Outer Space # ME 703 B",69.0,2024-07-14,91.3,0.76,WorthPoint
campo-del-cielo-meteorite,3.44 Grams CAMPO DEL CIELO METEORITE With 2 Natural Holes In It (for Necklace?),25.0,2024-07-13,3.44,7.27,WorthPoint
campo-del-cielo-meteorite,Campo Del Cielo Iron Nickel Meteorite Argentina 65.77 Grams,69.75,2024-07-12,65.77,1.06,WorthPoint
campo-del-cielo-meteorite,81.9 Grams NEW CAMPO DEL CIELO METEORITE Polished + Certificate Of Authenticity,61.99,2024-07-12,81.9,0.76,WorthPoint
campo-del-cielo-meteorite,2019 Campo Del Cielo Meteorit 1 Oz Pure Silver Coin Niue,103.5,2024-07-12,28.35,3.65,WorthPoint
campo-del-cielo-meteorite,20.1 Grams CAMPO DEL CIELO METEORITE Polished With A Certificate Of Authenticity,15.99,2024-07-12,20.1,0.8,WorthPoint
campo-del-cielo-meteorite,29.42 Gram Campo Del Cielo Fractured Meteorite Iron Crystal Argentina C46,29.42,2024-07-11,29.42,1.0,WorthPoint
campo-del-cielo-meteorite,43.25 Gram - CAMPO DEL CIELO IRON METEORITE Crystal - Found 1576 In Argentina,50.4,2024-07-11,43.25,1.17,WorthPoint
campo-del-cielo-meteorite,Campo Del Cielo - Iron Meteorite - CDC-4952 - 1.09g COA - Nice Crystal Specimens,7.5,2024-07-10,1.09,6.88,WorthPoint
campo-del-cielo-meteorite,Large 25-30 Gram Campo Del Cielo Meteorite Iron Meteor Iron Space Rock,10.0,2024-07-10,30.0,0.33,WorthPoint
campo-del-cielo-meteorite,51 Grams NEW CAMPO DEL CIELO METEORITE Polished + Certificate Of Authenticity,39.99,2024-07-10,51.0,0.78,WorthPoint
campo-del-cielo-meteorite,Campo Del Cielo - Iron Meteorite - CDC-4951 - 1.00g COA - Nice Crystal Specimens,6.5,2024-07-10,1.0,6.5,WorthPoint
campo-del-cielo-meteorite,Campo Del Cielo Authentic Meteorite Specimen (57.5 Grams),57.5,2024-07-10,57.5,1.0,WorthPoint
campo-del-cielo-meteorite,6800 GM. NEW CAMPO DEL CIELO METEORITE ; AAA GRADE 15 LBs.,1999.0,2024-07-10,6800.0,0.29,WorthPoint
campo-del-cielo-meteorite,16.4 Grams CAMPO DEL CIELO METEORITE Polished With A Certificate Of Authenticity,11.99,2024-07-09,16.4,0.73,WorthPoint
campo-del-cielo-meteorite,Campo Del Cielo METEORITE 100% Natural Argentina 17.6gr,17.99,2024-07-09,17.6,1.02,WorthPoint
campo-del-cielo-meteorite,BCG Lot Of Five Space Meteorite From Campo Del Cielo Shower Argentina 2200 BC,7.95,2024-07-07,,,WorthPoint
campo-del-cielo-meteorite,Beautiful Slice Of Campo Del Cielo Meteorite Slab 564 Gms 1.2 Lbs,288.08,2024-07-07,564.0,0.51,WorthPoint
campo-del-cielo-meteorite,"Campo Del Cielo Iron Meteorite, One Nice Fragment, 43.37 Grams",43.37,2024-07-05,43.37,1.0,WorthPoint
campo-del-cielo-meteorite,Campo Del Cielo Meteorite Cut/Polished Decent Size 11.6oz,250.0,2024-07-05,328.86,0.76,WorthPoint
campo-del-cielo-meteorite,Meteorite Campo Del Cielo Strike Iron Nickel Argentina 4.4 Grams I52,8.99,2024-07-04,4.4,2.04,WorthPoint
campo-del-cielo-meteorite,Meteorite Campo Del Cielo Strike Iron Nickel Argentina 6.8 Grams I87,10.22,2024-07-04,6.8,1.5,WorthPoint
campo-del-cielo-meteorite,Meteorite Campo Del Cielo Strike Iron Nickel Argentina 5.1 Grams I43,8.99,2024-07-04,5.1,1.76,WorthPoint
campo-del-cielo-meteorite,39 Grams NEW CAMPO DEL CIELO METEORITE Polished + Certificate Of Authenticity,30.99,2024-07-04,39.0,0.79,WorthPoint
campo-del-cielo-meteorite,54.9 Grams NEW CAMPO DEL CIELO METEORITE Polished + Certificate Of Authenticity,39.99,2024-07-04,54.9,0.73,WorthPoint
campo-del-cielo-meteorite,5.5 Grams CAMPO DEL CIELO METEORITE Pendant M-28,5.99,2024-07-04,5.5,1.09,WorthPoint
campo-del-cielo-meteorite,4.4 Grams CAMPO DEL CIELO METEORITE Pendant M-13,5.99,2024-07-04,4.4,1.36,WorthPoint
campo-del-cielo-meteorite,7.9 Grams CAMPO DEL CIELO METEORITE Pendant M-50,7.99,2024-07-04,7.9,1.01,WorthPoint
campo-del-cielo-meteorite,5.3 Grams CAMPO DEL CIELO METEORITE Pendant M-15,5.99,2024-07-04,5.3,1.13,WorthPoint
campo-del-cielo-meteorite,6.9 Grams CAMPO DEL CIELO METEORITE Pendant M-3,7.99,2024-07-04,6.9,1.16,WorthPoint
campo-del-cielo-meteorite,16 Grams CAMPO DEL CIELO METEORITE Pendant M-44,16.99,2024-07-04,16.0,1.06,WorthPoint
campo-del-cielo-meteorite,14.7 Grams CAMPO DEL CIELO METEORITE Pendant M-34,15.99,2024-07-04,14.7,1.09,WorthPoint
campo-del-cielo-meteorite,"Lot Of Meteorites. Campo Del Cielio.argentina.1 Big,4 Small",15.0,2024-07-04,,,WorthPoint
campo-del-cielo-meteorite,Campo Del Cielo METEORITE 100% Natural Argentina 17.0gr,22.99,2024-07-03,17.0,1.35,WorthPoint
campo-del-cielo-meteorite,Campo Del Cielo Iron Nickel Meteorite Lot Argentina 100.29 Grams,106.75,2024-07-03,100.29,1.06,WorthPoint
campo-del-cielo-meteorite,SLICE CAMPO DEL CIELO METEORITE SLAB 894 GMS STAND 6-7 Mm Thick 2#,487.31,2024-07-03,894.0,0.55,WorthPoint
campo-del-cielo-meteorite,52.2 Grams NEW CAMPO DEL CIELO METEORITE Polished + Certificate Of Authenticity,39.99,2024-07-03,52.2,0.77,WorthPoint
campo-del-cielo-meteorite,Large 25-30 Gram Campo Del Cielo Meteorite Iron Meteor Nickel Iron Space Rock,35.59,2024-07-01,30.0,1.19,WorthPoint
campo-del-cielo-meteorite,59.7 Grams NEW CAMPO DEL CIELO METEORITE Polished + Certificate Of Authenticity,45.99,2024-06-30,59.7,0.77,WorthPoint
campo-del-cielo-meteorite,20.6 Grams CAMPO DEL CIELO METEORITE Polished With A Certificate Of Authenticity,16.5,2024-06-29,20.6,0.8,WorthPoint
campo-del-cielo-meteorite,19.6 Grams CAMPO DEL CIELO METEORITE Polished With A Certificate Of Authenticity,14.99,2024-06-29,19.6,0.76,WorthPoint
campo-del-cielo-meteorite,17.4 Gram CAMPO DEL CIELO METEORITE Polished With A Certificate Of Authenticity,12.99,2024-06-29,17.4,0.75,WorthPoint
campo-del-cielo-meteorite,16.7 Grams CAMPO DEL CIELO METEORITE Polished With A Certificate Of Authenticity,12.5,2024-06-29,16.7,0.75,WorthPoint
campo-del-cielo-meteorite,Campo Del Cielo Meteorite 100% Natural Argentina! 16.3gr,22.99,2024-06-29,16.3,1.41,WorthPoint
campo-del-cielo-meteorite,Campo Del Cielo - Iron Meteorite - CDC-4939 - 1.12g COA - Nice Crystal Spec/HOLE,7.5,2024-06-29,1.12,6.7,WorthPoint
campo-del-cielo-meteorite,(x262-690) 330 G Campo Del Cielo Iron Meteorite 1576 Argentina Fragment Specimen,218.99,2024-06-28,330.0,0.66,WorthPoint
campo-del-cielo-meteorite,17.4 Grams CAMPO DEL CIELO METEORITE Polished With A Certificate Of Authenticity,15.5,2024-06-28,17.4,0.89,WorthPoint
campo-del-cielo-meteorite,"85.70 Gram Campo Del Cielo Argentina Meteorite, Iron From Outer Space # ME 691 B",64.0,2024-06-28,85.7,0.75,WorthPoint
campo-del-cielo-meteorite,16.1 Grams CAMPO DEL CIELO METEORITE Polished With A Certificate Of Authenticity,11.99,2024-06-27,16.1,0.74,WorthPoint
campo-del-cielo-meteorite,"Meteorite Space Rock Campo Del Cielo 1576 AD Slabbed, Certified COA",8.95,2024-06-22,,,WorthPoint
campo-del-cielo-meteorite,Campo Del Cielo Meteorite ‚ÄòCrystal'',300.0,2024-06-20,,,WorthPoint
campo-del-cielo-meteorite,"Authentic Meteorite From Campo Del Cielo, Argentina",48.89,2024-06-20,,,WorthPoint
campo-del-cielo-meteorite,28.7 Grams CAMPO DEL CIELO METEORITE Polished With A Certificate Of Authenticity,21.99,2024-06-18,28.7,0.77,WorthPoint
campo-del-cielo-meteorite,18.9 Grams CAMPO DEL CIELO METEORITE Polished With A Certificate Of Authenticity,14.99,2024-06-18,18.9,0.79,WorthPoint
campo-del-cielo-meteorite,18.2 Grams CAMPO DEL CIELO METEORITE Polished With A Certificate Of Authenticity,14.99,2024-06-18,18.2,0.82,WorthPoint
campo-del-cielo-meteorite,16 Grams CAMPO DEL CIELO METEORITE Polished With A Certificate Of Authenticity,11.99,2024-06-18,16.0,0.75,WorthPoint
campo-del-cielo-meteorite,226 Grams NEW CAMPO DEL CIELO METEORITE Polished + Certificate Of Authenticity,149.99,2024-06-17,226.0,0.66,WorthPoint
campo-del-cielo-meteorite,"Meteorite**Campo Del Cielo, IRON**18.734 Grams Crystal Iron Nugget Historic Find",21.5,2024-06-17,18.734,1.15,WorthPoint
campo-del-cielo-meteorite,19.3 Grams CAMPO DEL CIELO METEORITE Polished With A Certificate Of Authenticity,14.99,2024-06-17,19.3,0.78,WorthPoint
campo-del-cielo-meteorite,Campo Del Cielo Meteorite Meteor Astroid Space Rock - LARGE -- 430 Gram Lot,230.0,2024-06-16,430.0,0.53,WorthPoint
campo-del-cielo-meteorite,Nice Slice Of Campo Del Cielo Meteorite Slab 310 Gms,206.1,2024-06-16,310.0,0.66,WorthPoint
campo-del-cielo-meteorite,17.2 Grams CAMPO DEL CIELO METEORITE Polished With A Certificate Of Authenticity,16.5,2024-06-16,17.2,0.96,WorthPoint
campo-del-cielo-meteorite,BEAUTIFUL 392 GM CAMPO DEL CIELO POLISHED & TUMBLED ETCHED METEORITE .86 Lb.,314.1,2024-06-16,392.0,0.8,WorthPoint
campo-del-cielo-meteorite,Campo Del Cielo Meteorite? NO RESERVE.,33.0,2024-06-15,,,WorthPoint
campo-del-cielo-meteorite,6.59 Grams NEW CAMPO DEL CIELO METEORITE Polished Charm Pendant For A Necklace,7.99,2024-06-14,6.59,1.21,WorthPoint
campo-del-cielo-meteorite,4.66 Grams NEW CAMPO DEL CIELO METEORITE Polished Charm Pendant For A Necklace,6.49,2024-06-14,4.66,1.39,WorthPoint
campo-del-cielo-meteorite,Beautiful 214 Gm Campo Del Cielo Etched Meteorite End Piece .5 Lb. Saw Damage,134.1,2024-06-14,214.0,0.63,WorthPoint
campo-del-cielo-meteorite,1918 GM. CAMPO DEL CIELO METEORITE ;A GRADE LARGE METEORITE 4.2 Lbs.INEXPENSIVE,1234.05,2024-06-14,1918.0,0.64,WorthPoint
campo-del-cielo-meteorite,19.9 Grams CAMPO DEL CIELO METEORITE Polished With A Certificate Of Authenticity,14.99,2024-06-14,19.9,0.75,WorthPoint
campo-del-cielo-meteorite,"Meteorite: Space Rock Campo Del Cielo, Argentina",84.67,2024-06-13,,,WorthPoint
campo-del-cielo-meteorite,Meteorite:CampoDel Cielo ‚òÅÔ∏è‚òÑÔ∏è Weight 13.624 Grams:Cool Iron Meteorite! ‚ù§Ô∏è,25.0,2024-06-13,13.624,1.83,WorthPoint
campo-del-cielo-meteorite,122 Gm Campo Del Cielo Meteorite Crystal Great Piece With Stand,94.05,2024-06-12,122.0,0.77,WorthPoint
campo-del-cielo-meteorite,SLICE OF CAMPO DEL CIELO METEORITE SLAB 470 GMS 1+ Lb.,269.1,2024-06-12,470.0,0.57,WorthPoint
campo-del-cielo-meteorite,Campo Del Cielo Meteorite In Riker Mount ‚Ä¢ 17 Grams,22.0,2024-06-12,17.0,1.29,WorthPoint
campo-del-cielo-meteorite,Authentic Space Meteorites (Set Of 3) Campo Del Cielo Meteor Shower 2200 BC,9.99,2024-06-12,,,WorthPoint
campo-del-cielo-meteorite,(x262-430) 14 G Campo Del Cielo Meteorite 1576 Octahedrite Fragment Specimen,31.99,2024-06-11,14.0,2.28,WorthPoint
campo-del-cielo-meteorite,"36.24 Gram Campo Del Cielo Argentina Meteorite, Iron From Outer Space # ME 558 B",36.2,2024-06-10,36.24,1.0,WorthPoint
campo-del-cielo-meteorite,"Meteorite**Campo Del Cielo, IRON**11.970 Grams Crystal Iron Nugget Historic Find",20.0,2024-06-10,11.97,1.67,WorthPoint
campo-del-cielo-meteorite,About 34.3 Grams Authentic NEW CAMPO DEL CIELO METEORITE,27.99,2024-06-10,34.3,0.82,WorthPoint
campo-del-cielo-meteorite,"37.85 Gram Campo Del Cielo Argentina Meteorite, Iron From Outer Space # ME 630 B",28.5,2024-06-09,37.85,0.75,WorthPoint
campo-del-cielo-meteorite,Meteorite Campo Del Cielo Strike Iron Nickel Argentina 2.6 Grams I4,8.99,2024-06-08,2.6,3.46,WorthPoint
campo-del-cielo-meteorite,171 Grams NEW CAMPO DEL CIELO METEORITE Polished + Certificate Of Authenticity,114.99,2024-06-08,171.0,0.67,WorthPoint
campo-del-cielo-meteorite,52 Grams NEW CAMPO DEL CIELO METEORITE Polished + Certificate Of Authenticity,39.99,2024-06-08,52.0,0.77,WorthPoint
campo-del-cielo-meteorite,9.245 Grams NEW CAMPO DEL CIELO METEORITE Polished Charm Pendant For A Necklace,9.99,2024-06-08,9.245,1.08,WorthPoint
campo-del-cielo-meteorite,"39.38 Gram Campo Del Cielo Argentina Meteorite, Iron From Outer Space # ME 631 B",29.5,2024-06-07,39.38,0.75,WorthPoint
campo-del-cielo-meteorite,Large 440 Gram CAMPO DEL CIELO Meteorite Fine Collector Grade 15.5 Oz.,485.0,2024-06-06,440.0,1.1,WorthPoint
campo-del-cielo-meteorite,4.69 Grams NEW CAMPO DEL CIELO METEORITE Polished Charm Pendant For A Necklace,7.0,2024-06-06,4.69,1.49,WorthPoint
campo-del-cielo-meteorite,GREAT CONDITION! GORGEOUS LARGE 299g CAMPO DEL CIELO IRON METEORITE FRAGMENT!,259.0,2024-06-05,299.0,0.87,WorthPoint
campo-del-cielo-meteorite,Meteorite Campo Del Cielo Strike Iron Nickel Argentina 5.5 Grams I68,8.99,2024-06-05,5.5,1.63,WorthPoint
campo-del-cielo-meteorite,Beautiful 254 Gm Campo Del Cielo Polished & Tumbled Etched Meteorite,179.1,2024-06-05,254.0,0.71,WorthPoint
campo-del-cielo-meteorite,Nice Slice Of Campo Del Cielo Meteorite Slab 178 Gms,134.1,2024-06-02,178.0,0.75,WorthPoint
campo-del-cielo-meteorite,Campo Del Cielo Meteorite ‚Ä¢ 154 Grams,175.0,2024-06-02,154.0,1.14,WorthPoint
campo-del-cielo-meteorite,BEAUTIFUL CAMPO DEL CIELO 49.73 Gram Meteorite In 3D Display Case,52.0,2024-06-02,49.73,1.05,WorthPoint
campo-del-cielo-meteorite,Meteorite - Campo Del Cielo - Iron Meteorite - CDC-4905 - 0.37g - COA - Crystal,11.5,2024-06-02,0.37,31.08,WorthPoint
campo-del-cielo-meteorite,Lot Of Two (2)Authentic Space Meteorite From Campo Del Cielo Argentina C 2200 BC,14.0,2024-06-01,,,WorthPoint
campo-del-cielo-meteorite,9.80 Gram Campo Del Cielo Fractured Meteorite Iron Crystal Argentina U184,14.98,2024-06-01,9.8,1.53,WorthPoint
campo-del-cielo-meteorite,Campo Del Cielo METEORITE 100% Natural Argentina 18.8gr,24.99,2024-06-01,18.8,1.33,WorthPoint
campo-del-cielo-meteorite,"Collection Of 7 Authentic Space Meteorite ""Campo Del Cielo Argentina"" 2200 BC",19.0,2024-06-01,,,WorthPoint
campo-del-cielo-meteorite,Beautiful 384 Gm Campo Del Cielo Polished & Tumbled Etched Meteorite,224.1,2024-06-01,384.0,0.58,WorthPoint
campo-del-cielo-meteorite,Campo Del Cielo Meteorite 100% Natural Argentina! 16.4gr,25.99,2024-06-01,16.4,1.58,WorthPoint
campo-del-cielo-meteorite,"97.14 Gram Campo Del Cielo Argentina Meteorite, Iron From Outer Space # ME 722 B",73.0,2024-06-01,97.14,0.75,WorthPoint
campo-del-cielo-meteorite,Campo Del Cielo METEORITE 100% Natural Argentina 19.0gr,20.99,2024-05-31,19.0,1.1,WorthPoint
campo-del-cielo-meteorite,12.2 Grams CAMPO DEL CIELO METEORITE Pendant M-3,12.99,2024-05-31,12.2,1.06,WorthPoint
campo-del-cielo-meteorite,4.47 Grams NEW CAMPO DEL CIELO METEORITE Polished Charm Pendant For A Necklace,7.99,2024-05-29,4.47,1.79,WorthPoint
campo-del-cielo-meteorite,Campo Del Cielo Argentina Authentic Meteorite Space Rock Disc1576 Ad Inb Slab!,8.99,2024-05-29,,,WorthPoint
campo-del-cielo-meteorite,Campo Del Cielo - Iron Meteorite - CDC-4914 - 0.65g COA - Nice Crystal Specimen,6.95,2024-05-29,0.65,10.69,WorthPoint
campo-del-cielo-meteorite,"97.18 Gram Campo Del Cielo Argentina Meteorite, Iron From Outer Space # ME 709 B",73.0,2024-05-29,97.18,0.75,WorthPoint
campo-del-cielo-meteorite,Authentic Meteorite - Space Rock - Campo Del Cielo - Discovered 1578 AD Crystal,10.35,2024-05-28,,,WorthPoint
campo-del-cielo-meteorite,Campo Del Cielo Authentic Meteorite Specimen (73.8 Grams),73.8,2024-05-28,73.8,1.0,WorthPoint
campo-del-cielo-meteorite,9.56 Grams NEW CAMPO DEL CIELO METEORITE Polished Charm Pendant For A Necklace,9.99,2024-05-28,9.56,1.04,WorthPoint
campo-del-cielo-meteorite,CAMPO DEL CIELO LARGE IRON METEORITE ROCK METEOR ASTEROID 52 Gram 28-10,39.99,2024-05-28,52.0,0.77,WorthPoint
campo-del-cielo-meteorite,"93.88 Gram Campo Del Cielo Argentina Meteorite, Iron From Outer Space # ME 699 B",98.0,2024-05-28,93.88,1.04,WorthPoint
campo-del-cielo-meteorite,"90.88 Gram Campo Del Cielo Argentina Meteorite, Iron From Outer Space # ME 721 B",68.5,2024-05-28,90.88,0.75,WorthPoint
campo-del-cielo-meteorite,"82.82 Gram Campo Del Cielo Argentina Meteorite, Iron From Outer Space # ME 686 B",86.0,2024-05-28,82.82,1.04,WorthPoint
campo-del-cielo-meteorite,"93.20 Gram Campo Del Cielo Argentina Meteorite, Iron From Outer Space # ME 714 B",93.0,2024-05-28,93.2,1.0,WorthPoint
campo-del-cielo-meteorite,Campo Del Cielo METEORITE Nice And 100% Natural From Argentina 8.0gr,16.99,2024-05-27,8.0,2.12,WorthPoint
campo-del-cielo-meteorite,96.47 Gram - CAMPO DEL CIELO IRON METEORITE Crystal - Found 1576 In Argentina,106.25,2024-05-27,96.47,1.1,WorthPoint
campo-del-cielo-meteorite,CAMPO DEL CIELO METEORITE 153 Grams,89.99,2024-05-27,153.0,0.59,WorthPoint
campo-del-cielo-meteorite,"Meteorite**Campo Del Cielo, IRON**18.345 Grams Crystal Iron Nugget Historic Find",15.0,2024-05-27,18.345,0.82,WorthPoint
campo-del-cielo-meteorite,Larger! Campo Del Cielo METEORITE 100% Natural Argentina 36.4gr,39.99,2024-05-26,36.4,1.1,WorthPoint
campo-del-cielo-meteorite,83.4 Grams NEW CAMPO DEL CIELO METEORITE Polished + Certificate Of Authenticity,63.99,2024-05-26,83.4,0.77,WorthPoint
campo-del-cielo-meteorite,Campo Del Cielo Meteorite Pendant With Rainbow Shell Puka Necklace,19.99,2024-05-26,,,WorthPoint
campo-del-cielo-meteorite,7 Space Meteorites From Campo Del Cielo Meteor Shower Argentina C 2200 BC,14.0,2024-05-26,,,WorthPoint
campo-del-cielo-meteorite,2102 Gm. Campo Del Cielo Meteorite ; A Grade! Meteorite! 4.6 Lbs. Inexpensive!!,1975.5,2024-05-26,2102.0,0.94,WorthPoint
campo-del-cielo-meteorite,40.74 Gram Campo Del Cielo Fractured Meteorite Iron Crystal Argentina C53,40.74,2024-05-25,40.74,1.0,WorthPoint
campo-del-cielo-meteorite,Campo Del Cielo Argentina Fractured Meteorite Iron Octahedrite 38.3 Grams,29.99,2024-05-24,38.3,0.78,WorthPoint
campo-del-cielo-meteorite,Campo Del Cielo Meteorite Crystal,234.0,2024-05-23,,,WorthPoint
campo-del-cielo-meteorite,"49.94 Gram Campo Del Cielo Argentina Meteorite, Iron From Outer Space # ME 601 B",52.5,2024-05-23,49.94,1.05,WorthPoint
campo-del-cielo-meteorite,"50 Campo Del Cielo Argentina Meteorites, Total Weight: 2721.51 Grams",1769.0,2024-05-23,2721.51,0.65,WorthPoint
campo-del-cielo-meteorite,Campo Del Cielo METEORITE PENDANT 6.3 Grams,21.0,2024-05-22,6.3,3.33,WorthPoint
campo-del-cielo-meteorite,"Campo Del Cielo Meteorite Pendant Piece, From Argentina #1",22.99,2024-05-15,,,WorthPoint
campo-del-cielo-meteorite,SLICE OF CAMPO DEL CIELO METEORITE SLAB 560 GMS 5-6 Mm Thick 1.2 Lbs Silicate,341.1,2024-05-15,560.0,0.61,WorthPoint
campo-del-cielo-meteorite,Esthetic 2.5 Pound Campo Del Cielo Iron-Nickel Meteorite,937.5,2024-05-14,,,WorthPoint
campo-del-cielo-meteorite,"Meteorite Specimen Campo Del Cielo, 8.13 Grams, Moving Piece, Astronomy Gift",35.0,2024-05-14,8.13,4.31,WorthPoint
campo-del-cielo-meteorite,100% Natural Campo Del Cielo Meteorite From Argentina! 16.3gr,18.99,2024-05-13,16.3,1.17,WorthPoint
campo-del-cielo-meteorite,80.9 Grams NEW CAMPO DEL CIELO METEORITE Polished + Certificate Of Authenticity,59.99,2024-05-13,80.9,0.74,WorthPoint
campo-del-cielo-meteorite,Beautiful 140 Gm Campo Del Cielo Polished & Tumbled Meteorite!!,85.46,2024-05-12,140.0,0.61,WorthPoint
campo-del-cielo-meteorite,4.61 Grams NEW CAMPO DEL CIELO METEORITE Polished Charm Pendant For A Necklace,10.5,2024-05-12,4.61,2.28,WorthPoint
campo-del-cielo-meteorite,AMAZING LARGE 261g CAMPO IRON METEORITE FRAGMENT! SUPERB SPECIMEN! AAAA+++,250.0,2024-05-11,261.0,0.96,WorthPoint
campo-del-cielo-meteorite,68 Grams Lot NEW CAMPO DEL CIELO METEORITES Polished 3 Up To 5 Gram Each + COA,49.99,2024-05-11,68.0,0.74,WorthPoint
campo-del-cielo-meteorite,Medeorites Lot Campo Del Cielo And Northwest Africa,80.0,2024-05-10,,,WorthPoint
campo-del-cielo-meteorite,"Meteorite, Large, Over 3 1/2 Lbs. COA, Campo Del Cielo",1350.0,2024-05-10,,,WorthPoint
campo-del-cielo-meteorite,LARGE 7 INCH SLICE OF CAMPO DEL CIELO METEORITE SLAB 780 GMS STAND; 1.7 Lbs,449.96,2024-05-10,780.0,0.58,WorthPoint
campo-del-cielo-meteorite,Beautiful 554 Gm Campo Del Cielo Etched Meteorite End Piece 1.2 Lb.,341.15,2024-05-10,554.0,0.62,WorthPoint
campo-del-cielo-meteorite,1482 Gm. Campo Del Cielo Meteorite ; Med Grade! 3.3 Pounds; Cheap!!,715.5,2024-05-10,1482.0,0.48,WorthPoint
campo-del-cielo-meteorite,About 58.65 Grams Authentic CAMPO DEL CIELO METEORITE,49.95,2024-05-10,58.65,0.85,WorthPoint
campo-del-cielo-meteorite,üê∞5.14g CAMPO DEL CIELO LARGE IRON NICKEL METEORITE METEOR SPACE ROCK,15.99,2024-05-09,5.14,3.11,WorthPoint
campo-del-cielo-meteorite,HUGE Lot! Of Little Campo Del Cielo Meteorites 100% Authentic Argentina 30.2gr,25.99,2024-05-09,30.2,0.86,WorthPoint
campo-del-cielo-meteorite,"35.79 Gram Campo Del Cielo Argentina Meteorite, Iron From Outer Space # ME 520 B",32.0,2024-05-09,35.79,0.89,WorthPoint
campo-del-cielo-meteorite,"83.22 Gram Campo Del Cielo Argentina Meteorite, Iron From Outer Space # ME 725 B",63.0,2024-05-08,83.22,0.76,WorthPoint
campo-del-cielo-meteorite,14 Total Authentic Space Meteorite From Campo Del Cielo Meteor Shower Argentina,50.0,2024-05-08,,,WorthPoint
campo-del-cielo-meteorite,Large Slice Of Campo Del Cielo Meteorite Slab 502 Gms,314.1,2024-05-08,502.0,0.63,WorthPoint
campo-del-cielo-meteorite,Meteorite Campo Del Cielo Strike Iron Nickel Argentina 3 Grams I20,8.99,2024-05-08,3.0,3.0,WorthPoint
campo-del-cielo-meteorite,Campo Del Cielo METEORITE 100% Natural Argentina 18.2gr,19.99,2024-05-08,18.2,1.1,WorthPoint
campo-del-cielo-meteorite,"31.45 Gram Campo Del Cielo Argentina Meteorite, Iron From Outer Space # ME 676 B",23.75,2024-05-08,31.45,0.76,WorthPoint
campo-del-cielo-meteorite,43.10 Gram - CAMPO DEL CIELO IRON METEORITE Crystal - Found 1576 In Argentina,63.0,2024-05-08,43.1,1.46,WorthPoint
campo-del-cielo-meteorite,1 Authentic Meteorite Space Rock Campo Del Cielo Argentina Discovered 1576 AD,10.5,2024-05-07,,,WorthPoint
campo-del-cielo-meteorite,1220 Gm. New Campo Del Cielo Meteorite ; A Grade!! Beautiful Meteorite; 2.7 Lbs.,809.95,2024-05-06,1220.0,0.66,WorthPoint
campo-del-cielo-meteorite,Large 574 Gm Campo Del Cielo Meteorite Aaa Grade 1.3 Lbs.,629.1,2024-05-06,574.0,1.1,WorthPoint
campo-del-cielo-meteorite,100% Natural Campo Del Cielo Meteorite From Argentina!,22.99,2024-05-06,,,WorthPoint
campo-del-cielo-meteorite,"Meteorite**Campo Del Cielo, IRON**38.169 Grams Crystal Iron Nugget Historic Find",26.0,2024-05-06,38.169,0.68,WorthPoint
campo-del-cielo-meteorite,724 Gm. Campo Del Cielo Meteorite ; Aaa Grade Baby Meteorite; Beautiful 1.6#,539.1,2024-05-05,724.0,0.74,WorthPoint
campo-del-cielo-meteorite,Large Slice Of Campo Del Cielo Meteorite Slab 466 Gms,296.1,2024-05-05,466.0,0.64,WorthPoint
campo-del-cielo-meteorite,Larger! Campo Del Cielo METEORITE 100% Natural Argentina 39.8gr,39.99,2024-05-05,39.8,1.0,WorthPoint
campo-del-cielo-meteorite,Large 608 Gm Campo Del Cielo Meteorite ; Aaa Museum Grade!! 1.4 Lbs.,674.1,2024-05-04,608.0,1.11,WorthPoint
campo-del-cielo-meteorite,"41.27 Gram Campo Del Cielo Argentina Meteorite, Iron From Outer Space # ME 655 B",31.0,2024-05-04,41.27,0.75,WorthPoint
campo-del-cielo-meteorite,23Genuine Space Meteorites From Campo Del Cielo Meteor Shower Argentina In Case,123.0,2024-05-03,23.0,5.35,WorthPoint
campo-del-cielo-meteorite,"41.47 Gram Campo Del Cielo Argentina Meteorite, Iron From Outer Space # ME 669 B",31.0,2024-05-03,41.47,0.75,WorthPoint
campo-del-cielo-meteorite,About 36.1 Grams Authentic NEW CAMPO DEL CIELO METEORITE,29.95,2024-05-02,36.1,0.83,WorthPoint
campo-del-cielo-meteorite,"91.55 Gram Campo Del Cielo Argentina Meteorite, Iron From Outer Space # ME 711 B",69.0,2024-05-01,91.55,0.75,WorthPoint
campo-del-cielo-meteorite,1194 GM. CAMPO DEL CIELO METEORITE ;A GRADE LARGE METEORITE 2.6 Lbs.INEXPENSIVE,629.1,2024-04-30,1194.0,0.53,WorthPoint
campo-del-cielo-meteorite,SLICE OF CAMPO DEL CIELO METEORITE SLAB 460 GMS SILICATE 1 Lb.,269.1,2024-04-29,460.0,0.59,WorthPoint
campo-del-cielo-meteorite,"Meteorite**Campo Del Cielo, IRON**39.040 Grams Crystal Iron Nugget Historic Find",44.0,2024-04-29,39.04,1.13,WorthPoint
campo-del-cielo-meteorite,3x Campo Del Cielo Authentic Space Meteorite C 2200 BC Slabbed,15.0,2024-04-28,,,WorthPoint
campo-del-cielo-meteorite,"41.61 Gram Campo Del Cielo Argentina Meteorite, Iron From Outer Space # ME 649 B",31.25,2024-04-28,41.61,0.75,WorthPoint
campo-del-cielo-meteorite,CAMPO DEL CIELO LARGE IRON METEORITE ROCK CERTIFIED BIG METEOR ASTEROID 1lb 450g,495.0,2024-04-27,450.0,1.1,WorthPoint
campo-del-cielo-meteorite,Meteorite From Campo Del Cielo Meteor Shower C-2000 BC X 9,40.0,2024-04-26,,,WorthPoint
campo-del-cielo-meteorite,Meteorite Lot Of 5..campo Del Cielo..,20.0,2024-04-26,,,WorthPoint
campo-del-cielo-meteorite,(5) Authentic Space Meteorite Campo Del Cielo Meteor Shower Argentina C 2200 BC,15.0,2024-04-26,,,WorthPoint
campo-del-cielo-meteorite,Larger! 100% Natural Campo Del Cielo Meteorite From Argentina! 39.1gr,37.99,2024-04-26,39.1,0.97,WorthPoint
campo-del-cielo-meteorite,Campo Del Cielo Meteorite In Riker Mount ‚Ä¢ 47 Grams,48.0,2024-04-25,47.0,1.02,WorthPoint
campo-del-cielo-meteorite,Campo Del Cielo Pendant Necklace,179.0,2024-04-25,,,WorthPoint
campo-del-cielo-meteorite,Sterling Silver Campo Del Cielo Meteorite Ring Size 6 Rock Stone Lapidary Specimen,36.0,2024-04-25,,,WorthPoint
campo-del-cielo-meteorite,Sterling Silver Campo Del Cielo Meteorite Pendant Rock Stone Lapidary Specimen,42.0,2024-04-25,,,WorthPoint
campo-del-cielo-meteorite,"41.39 Gram Campo Del Cielo Argentina Meteorite, Iron From Outer Space # ME 670 B",31.0,2024-04-25,41.39,0.75,WorthPoint
campo-del-cielo-meteorite,üî• Meteorite Campo Del Cielo Argentina 84 Grams,71.0,2024-04-25,84.0,0.85,WorthPoint
campo-del-cielo-meteorite,30 Gm Campo Del Cielo Meteorite Crystal Great Piece With Stand,24.7,2024-04-24,30.0,0.82,WorthPoint
campo-del-cielo-meteorite,Campo Del Cielo METEORITE 100% Natural Argentina 19.5gr,18.99,2024-04-24,19.5,0.97,WorthPoint
campo-del-cielo-meteorite,Campo Del Cielo METEORITE 100% Natural Argentina 19.7gr,19.99,2024-04-24,19.7,1.01,WorthPoint
campo-del-cielo-meteorite,Slice Of Campo Del Cielo Meteorite Slab 586 Gms Silicate,359.1,2024-04-24,586.0,0.61,WorthPoint
campo-del-cielo-meteorite,6.17 Grams NEW CAMPO DEL CIELO METEORITE Polished Charm Pendant For A Necklace,9.99,2024-04-23,6.17,1.62,WorthPoint
campo-del-cielo-meteorite,86.8 Grams NEW CAMPO DEL CIELO METEORITE Polished + Certificate Of Authenticity,64.99,2024-04-23,86.8,0.75,WorthPoint
campo-del-cielo-meteorite,36.8 Grams NEW CAMPO DEL CIELO METEORITE Polished + Certificate Of Authenticity,27.99,2024-04-23,36.8,0.76,WorthPoint
campo-del-cielo-meteorite,13.6 Grams CAMPO DEL CIELO METEORITE Pendant M-11,13.99,2024-04-23,13.6,1.03,WorthPoint
campo-del-cielo-meteorite,"Collection Of 9 Authentic Space Meteorite ""Campo Del Cielo Argentina"" 2200 BC",45.0,2024-04-23,,,WorthPoint
campo-del-cielo-meteorite,"39.11 Gram Campo Del Cielo Argentina Meteorite, Iron From Outer Space # ME 616 B",29.5,2024-04-23,39.11,0.75,WorthPoint
campo-del-cielo-meteorite,Authentic Space Meteorites From Campo Del Cielo Argentina C2000 BC Lot Of 31,132.97,2024-04-23,,,WorthPoint
campo-del-cielo-meteorite,1412 Gm. Campo Del Cielo Meteorite ; Aaa Grade!! 3.1 Lbs;,800.0,2024-04-22,1412.0,0.57,WorthPoint
campo-del-cielo-meteorite,Lot Of 4 Authentic Meteorite Space Rock From Campo Del Cielo Argentina 1576 Ad.,20.0,2024-04-22,,,WorthPoint
campo-del-cielo-meteorite,"39.62 Gram Campo Del Cielo Argentina Meteorite, Iron From Outer Space # ME 658 B",39.5,2024-04-22,39.62,1.0,WorthPoint
campo-del-cielo-meteorite,Beautiful 744 Gm. 1 Lb 10 Oz Etched Campo Meteorite Damascus Billet Knives,629.1,2024-04-20,744.0,0.85,WorthPoint
campo-del-cielo-meteorite,Campo Del Cielo Meteorite Necklace,52.0,2024-04-11,,,WorthPoint
campo-del-cielo-meteorite,Campo Del Cielo Iron Meteorite Crystal ~ Attractive Shape ~ 0.44 Grams,9.25,2024-04-11,0.44,21.02,WorthPoint
campo-del-cielo-meteorite,33.2 Grams 5 NEW CAMPO DEL CIELO METEORITE Polished Charms For Crafts Or Display,27.0,2024-04-11,33.2,0.81,WorthPoint
campo-del-cielo-meteorite,40.6 Grams NEW CAMPO DEL CIELO METEORITES About From .5 Up To 1.5 Grams Each COA,34.99,2024-04-10,40.6,0.86,WorthPoint
campo-del-cielo-meteorite,Campo Del Cielo METEORITE 100% Natural Argentina 7.5gr,16.99,2024-04-10,7.5,2.27,WorthPoint
campo-del-cielo-meteorite,Beautiful 556 Gm Campo Del Cielo Etched Meteorite Slab 1.2 Lb. Silicate,494.1,2024-04-10,556.0,0.89,WorthPoint
campo-del-cielo-meteorite,Campo Del Cielo METEORITE 100% Natural Argentina 19.8gr,24.99,2024-04-10,19.8,1.26,WorthPoint
campo-del-cielo-meteorite,93.9 Grams NEW CAMPO DEL CIELO METEORITE Polished + Certificate Of Authenticity,69.99,2024-04-09,93.9,0.75,WorthPoint
campo-del-cielo-meteorite,94.2 Grams NEW CAMPO DEL CIELO METEORITE Polished + Certificate Of Authenticity,69.99,2024-04-09,94.2,0.74,WorthPoint
campo-del-cielo-meteorite,Campo Del Cielo Iron Nickel Meteorite Argentina 6.20 Grams,12.75,2024-04-09,6.2,2.06,WorthPoint
campo-del-cielo-meteorite,SUPER SHAPE! BEAUTIFUL LARGE 107g CAMPO DEL CIELO IRON METEORITE FRAGMENT!,92.0,2024-04-08,107.0,0.86,WorthPoint
campo-del-cielo-meteorite,Campo Del Cielo Iron Nickel Meteorite Argentina 10.40 Grams,15.75,2024-04-08,10.4,1.51,WorthPoint
campo-del-cielo-meteorite,Larger! Campo Del Cielo METEORITE 100% Natural Argentina 42.3gr,44.99,2024-04-08,42.3,1.06,WorthPoint
campo-del-cielo-meteorite,Larger! Campo Del Cielo METEORITE 100% Natural Argentina 40.2gr,39.99,2024-04-08,40.2,0.99,WorthPoint
campo-del-cielo-meteorite,"Meteorite**Campo Del Cielo, IRON**15.029 Grams Crystal Iron Nugget Historic Find",15.5,2024-04-08,15.029,1.03,WorthPoint
campo-del-cielo-meteorite,Campo Del Cielo Meteorite Pendant Red Stone Chip Necklace,19.99,2024-04-07,,,WorthPoint
campo-del-cielo-meteorite,1066 GM. CAMPO DEL CIELO METEORITE ; AAA GRADE! BABY METEORITE; 2.3 Lbs,899.28,2024-04-07,1066.0,0.84,WorthPoint
campo-del-cielo-meteorite,6.46 Grams NEW CAMPO DEL CIELO METEORITE Polished Charm Pendant For A Necklace,5.99,2024-04-05,6.46,0.93,WorthPoint
campo-del-cielo-meteorite,"Campo Del Cielo Meteorite Specimen 22.00 Grams, Astronomy Gift, Space Gift, COA",53.0,2024-04-05,22.0,2.41,WorthPoint
campo-del-cielo-meteorite,"Campo Del Cielo Meteorite Specimen, Self Standing, 12.06 Grams, Astronomy Gift",39.0,2024-04-05,12.06,3.23,WorthPoint
campo-del-cielo-meteorite,"Beautiful Campo Del Cielo Meteorite Specimen 19.64 Grams, Astronomy Gift, Space",48.0,2024-04-05,19.64,2.44,WorthPoint
campo-del-cielo-meteorite,Campo Del Cielo METEORITE 56.2 Grams,65.0,2024-04-05,56.2,1.16,WorthPoint
campo-del-cielo-meteorite,6.90 Gram - CAMPO DEL CIELO IRON METEORITE Crystal - Found 1576 In Argentina,17.1,2024-04-05,6.9,2.48,WorthPoint
campo-del-cielo-meteorite,53.40 Grams Authentic CAMPO DEL CIELO METEORITE,45.99,2024-04-04,53.4,0.86,WorthPoint
campo-del-cielo-meteorite,422 Gm. Campo Del Cielo Meteorite ;aaa Grade Meteorite. .97 Pounds!,359.33,2024-04-04,422.0,0.85,WorthPoint
campo-del-cielo-meteorite,50.12gr CAMPO DEL CIELO METEORITE Iron+ 10.86gr Libyan Desert Glass Tektite,24.5,2024-04-04,50.12,0.49,WorthPoint
campo-del-cielo-meteorite,4 Campo Del Cielo Nickel Meteorites Nice Shrapnel Display! Authentic Space Rocks,22.99,2024-04-04,,,WorthPoint
campo-del-cielo-meteorite,518 Gm. New Campo Del Cielo Meteorite ;1.2 Lbs Museum Grade Very Few Left,476.96,2024-04-04,518.0,0.92,WorthPoint
campo-del-cielo-meteorite,"Genuine Meteorite And Display Cube, 8.5 Gram Campo Del Cielo Meteorite W/magnet",29.99,2024-04-04,8.5,3.53,WorthPoint
campo-del-cielo-meteorite,Large 702 Gm Campo Del Cielo Meteorite Aaa Museum Collectors Grade 1.5 Lbs.,899.1,2024-04-03,702.0,1.28,WorthPoint
campo-del-cielo-meteorite,513 Grams Lot NEW CAMPO DEL CIELO METEORITES Polished 12 To 18 Gram Each +COA,349.99,2024-04-03,513.0,0.68,WorthPoint
campo-del-cielo-meteorite,Campo Del Cielo Iron Meteorite,10.0,2024-04-03,,,WorthPoint
campo-del-cielo-meteorite,2016 Cook Islands $20 Campo Del Cielo 3 Oz Meteorite Coin Silver W/COA,500.0,2024-04-03,85.05,5.88,WorthPoint
campo-del-cielo-meteorite,Beautiful 646 Gm. Etched Campo Del Cielo Meteorite Quarter Cut,386.1,2024-04-03,646.0,0.6,WorthPoint
campo-del-cielo-meteorite,81 Grams NEW CAMPO DEL CIELO METEORITE Polished + Certificate Of Authenticity,59.99,2024-04-02,81.0,0.74,WorthPoint
campo-del-cielo-meteorite,824 GM. CAMPO DEL CIELO METEORITE ;B GRADE! CAMPO METEORITE; CHEAP! 1.8 Pounds,449.96,2024-04-02,824.0,0.55,WorthPoint
campo-del-cielo-meteorite,Beautiful 552 Gm Campo Del Cielo Etched Meteorite Slab 1.2 Lb.,494.1,2024-04-02,552.0,0.9,WorthPoint
campo-del-cielo-meteorite,204 Gm. Campo Del Cielo Meteorite ; A Grade; .45 Lb Very Rare For This Size,224.95,2024-04-02,204.0,1.1,WorthPoint
campo-del-cielo-meteorite,Campo Del Cielo Meteorite 100% Natural From Argentina 18.1gr,20.99,2024-04-02,18.1,1.16,WorthPoint
campo-del-cielo-meteorite,Campo Del Cielo METEORITE 100% Natural Argentina 16.8gr,19.99,2024-04-02,16.8,1.19,WorthPoint
campo-del-cielo-meteorite,Larger! 100% Natural Campo Del Cielo Meteorite Argentina 35.7gr,37.99,2024-04-02,35.7,1.06,WorthPoint
campo-del-cielo-meteorite,67.8 Grams Lot NEW CAMPO DEL CIELO METEORITES Polished 3 Up To 5 Gram Each + COA,50.99,2024-04-01,67.8,0.75,WorthPoint
campo-del-cielo-meteorite,Campo Iron Meteorite - Etched End Piece - 1241 Grams And Brass Display Stand,249.0,2024-04-01,1241.0,0.2,WorthPoint
campo-del-cielo-meteorite,29 Gm Campo Del Cielo Meteorite Crystal Great Piece With Stand,27.55,2024-03-30,29.0,0.95,WorthPoint
campo-del-cielo-meteorite,654 Gm. Campo Del Cielo Iron Meteorite ; 1.5 Lbs. A Grade Nice Baby Meteorite,494.1,2024-03-29,654.0,0.76,WorthPoint
campo-del-cielo-meteorite,Large 870 Gm Campo Del Cielo Meteorite Aaa Grade 1.9 Lbs. Oriented,944.1,2024-03-29,870.0,1.09,WorthPoint
campo-del-cielo-meteorite,404 GM. NEW CAMPO DEL CIELO METEORITE ; AA GRADE!! Beautiful; .9 LBS.,332.96,2024-03-28,404.0,0.82,WorthPoint
campo-del-cielo-meteorite,"3 Authentic Space Meteorites: Campo Del Cielo, Argentina - Circa 2200 BC Slabbed",6.99,2024-03-28,,,WorthPoint
campo-del-cielo-meteorite,Beautiful 456 Gm. Etched Campo Del Cielo Meteorite Triple Cut,269.1,2024-03-28,456.0,0.59,WorthPoint
campo-del-cielo-meteorite,"SMALL Meteorite Space Rock Campo Del Cielo 1576 AD Slabbed, Certified COA",6.95,2024-03-27,,,WorthPoint
campo-del-cielo-meteorite,"CAMPO Meteorite Pendant With Rare Natural Hole, 53 Gr.., 1.9-oz., Free Form",54.95,2024-03-27,53.0,1.04,WorthPoint
campo-del-cielo-meteorite,Campo Del Cielo METEORITE 100% Natural Argentina 18.7gr,19.99,2024-03-27,18.7,1.07,WorthPoint
campo-del-cielo-meteorite,Beautiful 730 Gm Campo Del Cielo Meteorite Slab!!! 1.6 Lbs 7x6 Inches,449.1,2024-03-26,730.0,0.62,WorthPoint
campo-del-cielo-meteorite,"Meteorite**Campo Del Cielo, IRON**12.181 Grams Crystal Iron Nugget Historic Find",17.48,2024-03-25,12.181,1.44,WorthPoint
campo-del-cielo-meteorite,571 GM. Campo Del Cielo Iron Nickel Meteorite Found In 1574 Argentina Free Ship,325.0,2024-03-25,571.0,0.57,WorthPoint
campo-del-cielo-meteorite,9.65 Gram Campo Del Cielo Fractured Meteorite Iron Crystal Argentina U157,14.98,2024-03-24,9.65,1.55,WorthPoint
campo-del-cielo-meteorite,Larger! 100% Natural Campo Del Cielo Meteorite Argentina! 65.7gr,49.99,2024-03-24,65.7,0.76,WorthPoint
campo-del-cielo-meteorite,84.5 Grams NEW CAMPO DEL CIELO METEORITE Polished + Certificate Of Authenticity,63.99,2024-03-24,84.5,0.76,WorthPoint
campo-del-cielo-meteorite,79.1 Grams NEW CAMPO DEL CIELO METEORITE Polished + Certificate Of Authenticity,59.99,2024-03-22,79.1,0.76,WorthPoint
campo-del-cielo-meteorite,8.18 Grams NEW CAMPO DEL CIELO METEORITE Polished Charm Pendant For A Necklace,7.99,2024-03-22,8.18,0.98,WorthPoint
campo-del-cielo-meteorite,7.36 Grams NEW CAMPO DEL CIELO METEORITE Polished Charm Pendant For A Necklace,7.99,2024-03-22,7.36,1.09,WorthPoint
campo-del-cielo-meteorite,Campo Del Cielo METEORITE 100% Natural Argentina 7.8gr,14.99,2024-03-22,7.8,1.92,WorthPoint
campo-del-cielo-meteorite,HUGE Lot Of Little Campo Del Cielo Meteorites 100% Authentic 10.73gr,15.99,2024-03-22,10.73,1.49,WorthPoint
campo-del-cielo-meteorite,Campo Del Cielo Meteorite - 21 Pounds,2500.0,2024-03-22,,,WorthPoint
campo-del-cielo-meteorite,4418 Gm Campo Del Cielo Meteorite Museum Grade 10 Lbs Huge Burn Hole,6295.5,2024-03-21,4418.0,1.42,WorthPoint
campo-del-cielo-meteorite,99.8 Grams NEW CAMPO DEL CIELO METEORITE Polished + Certificate Of Authenticity,70.99,2024-03-21,99.8,0.71,WorthPoint
campo-del-cielo-meteorite,78.9 Grams NEW CAMPO DEL CIELO METEORITE Polished + Certificate Of Authenticity,59.99,2024-03-21,78.9,0.76,WorthPoint
campo-del-cielo-meteorite,78.3 Grams NEW CAMPO DEL CIELO METEORITE Polished + Certificate Of Authenticity,59.99,2024-03-21,78.3,0.77,WorthPoint
campo-del-cielo-meteorite,DANCING BEAR Real Meteorite Extra Large (60-70g) Genuine Form Campo Del Cielo...,57.81,2024-03-21,70.0,0.83,WorthPoint
campo-del-cielo-meteorite,Campo Del Cielo Iron Nickel Meteorite Lot Argentina 50.12 Grams,56.75,2024-03-20,50.12,1.13,WorthPoint
campo-del-cielo-meteorite,77.7 Gram Lot NEW CAMPO DEL CIELO METEORITES Polished 1 To 2 Grams Each + COA,58.99,2024-03-20,77.7,0.76,WorthPoint
campo-del-cielo-meteorite,2228 Gm Campo Del Cielo Meteorite Museum Grade 5 Lbs Huge Dual Burn Holes,8095.5,2024-03-20,2228.0,3.63,WorthPoint
campo-del-cielo-meteorite,Campo Del Cielo Iron IAB Og Found 1576 Whole Stone 196.8 Grams,99.0,2024-03-20,196.8,0.5,WorthPoint
campo-del-cielo-meteorite,GORGEOUS 259g CAMPO DEL CIELO IRON METEORITE COVERED IN THUMBPRINTS!,243.19,2024-03-19,259.0,0.94,WorthPoint
campo-del-cielo-meteorite,5.5gram CAMPO DEL CIELO IRON METEORITE FROM SPACE FOUND IN ARGENTINA,9.99,2024-03-19,5.5,1.82,WorthPoint
campo-del-cielo-meteorite,Beautiful 218 Gm Campo Del Cielo Polished & Tumbled Etched Meteorite,152.1,2024-03-19,218.0,0.7,WorthPoint
campo-del-cielo-meteorite,Campo Del Cielo Meteorite 100% Natural Argentina! 17.9gr,25.99,2024-03-18,17.9,1.45,WorthPoint
campo-del-cielo-meteorite,77.7 Grams Of 6 NEW CAMPO DEL CIELO METEORITE Christmas Tree Ornaments With COA,38.99,2024-03-18,77.7,0.5,WorthPoint
campo-del-cielo-meteorite,1316 GM. CAMPO DEL CIELO METEORITE ;AA GRADE LARGE METEORITE 3.0 Lbs. CHEAP!,719.1,2024-03-18,1316.0,0.55,WorthPoint
campo-del-cielo-meteorite,1154 Gm. Campo Del Cielo Meteorite ; B Grade!! ; 2.5 Lbs. Cheap!,629.1,2024-03-18,1154.0,0.55,WorthPoint
campo-del-cielo-meteorite,568 Gm Campo Del Cielo Polished & Tumbled Meteorite 1.3 Lb,179.95,2024-03-18,568.0,0.32,WorthPoint
campo-del-cielo-meteorite,Lot Of 5 Meteorite Space Rock Campo Del Cielo Argentina Discovered 1576 AD .10g,20.0,2024-03-18,10.0,2.0,WorthPoint
campo-del-cielo-meteorite,82.6 Grams NEW CAMPO DEL CIELO METEORITE Polished + Certificate Of Authenticity,62.99,2024-03-18,82.6,0.76,WorthPoint
campo-del-cielo-meteorite,24 Gm Campo Del Cielo Meteorite Crystal Great Piece With Stand,24.7,2024-03-17,24.0,1.03,WorthPoint
campo-del-cielo-meteorite,2023 Ghana 1 Oz Silver Space Cube; Actual Campo Del Cielo 1oz Meteorite Cube!!!!,300.0,2024-03-17,2023.0,0.15,WorthPoint
campo-del-cielo-meteorite,446 Gm Campo Del Cielo Polished & Tumbled Meteorite 1 Lb,179.95,2024-03-17,446.0,0.4,WorthPoint
campo-del-cielo-meteorite,Larger! 100% Natural Campo Del Cielo Meteorite Argentina! 54.7gr,39.99,2024-03-16,54.7,0.73,WorthPoint
campo-del-cielo-meteorite,"37.62 Gram Campo Del Cielo Argentina Meteorite, Iron From Outer Space # ME 581 B",32.75,2024-03-16,37.62,0.87,WorthPoint
campo-del-cielo-meteorite,"49.84 Gram Campo Del Cielo Argentina Meteorite, Iron From Outer Space # ME 642 B",37.5,2024-03-16,49.84,0.75,WorthPoint
campo-del-cielo-meteorite,Campo Del Cielo Meteorite 100% Natural From Argentina! 19.0gr,22.99,2024-03-15,19.0,1.21,WorthPoint
campo-del-cielo-meteorite,22 Gm Campo Del Cielo Meteorite Crystal Great Piece With Stand,22.8,2024-03-15,22.0,1.04,WorthPoint
campo-del-cielo-meteorite,"3 Different Meteorites! Campo Del Cielo, Sikhote-alin & NWA! Thumbnail Display",12.99,2024-03-15,,,WorthPoint
campo-del-cielo-meteorite,Campo Del Cielo Meteorite Authentic Space Dust 2200 BC Slabbed,12.0,2024-03-13,,,WorthPoint
campo-del-cielo-meteorite,"77.74 Gram Campo Del Cielo Argentina Meteorite, Iron From Outer Space # ME 706 B",58.5,2024-03-13,77.74,0.75,WorthPoint
campo-del-cielo-meteorite,"37.22 Gram Campo Del Cielo Argentina Meteorite, Iron From Outer Space # ME 657 B",28.0,2024-03-12,37.22,0.75,WorthPoint
campo-del-cielo-meteorite,Beautiful 306 Gm Campo Del Cielo Polished & Tumbled Etched Meteorite,224.1,2024-03-11,306.0,0.73,WorthPoint
campo-del-cielo-meteorite,10.3 Grams CAMPO DEL CIELO METEORITE Pendant M-20,10.99,2024-03-11,10.3,1.07,WorthPoint
campo-del-cielo-meteorite,14.5 Grams CAMPO DEL CIELO METEORITE Pendant M-1,14.99,2024-03-11,14.5,1.03,WorthPoint
campo-del-cielo-meteorite,150 Grams NEW CAMPO DEL CIELO METEORITE Polished + Certificate Of Authenticity,89.99,2024-03-11,150.0,0.6,WorthPoint
campo-del-cielo-meteorite,Campo Del Cielo Iron Nickel Meteorite Argentina 10.77 Grams,15.75,2024-03-10,10.77,1.46,WorthPoint
campo-del-cielo-meteorite,Campo Del Cielo Iron Nickel Meteorite Lot Argentina 50.19 Grams,56.75,2024-03-10,50.19,1.13,WorthPoint
campo-del-cielo-meteorite,"87.10 Gram Campo Del Cielo Argentina Meteorite, Iron From Outer Space # ME 698 B",89.0,2024-03-09,87.1,1.02,WorthPoint
campo-del-cielo-meteorite,Campo Del Cielo Meteorite 100% Natural From Argentina 20.2gr,20.99,2024-03-09,20.2,1.04,WorthPoint
campo-del-cielo-meteorite,500 Gm LOT OF CAMPO DEL CIELO METEORITE CRYSTALS; 20-30 GMS IN SIZE; 1/2 KILO,237.5,2024-03-09,500.0,0.47,WorthPoint
campo-del-cielo-meteorite,"90.19 Gram Campo Del Cielo Argentina Meteorite, Iron From Outer Space # ME 500 B",112.0,2024-03-07,90.19,1.24,WorthPoint
campo-del-cielo-meteorite,7.94 Grams NEW CAMPO DEL CIELO METEORITE Polished Charm Pendant For A Necklace,7.99,2024-03-06,7.94,1.01,WorthPoint
campo-del-cielo-meteorite,8.61 Grams NEW CAMPO DEL CIELO METEORITE Polished Charm Pendant For A Necklace,8.99,2024-03-06,8.61,1.04,WorthPoint
campo-del-cielo-meteorite,8.14 Grams NEW CAMPO DEL CIELO METEORITE Polished Charm Pendant For A Necklace,8.99,2024-03-06,8.14,1.1,WorthPoint
campo-del-cielo-meteorite,"43.45 Gram Campo Del Cielo Argentina Meteorite, Iron From Outer Space # ME 607 B",32.6,2024-03-06,43.45,0.75,WorthPoint
campo-del-cielo-meteorite,"130.93 Gram Campo Del Cielo Argentina Meteorite, Iron From Outer Space # TGS 95",76.0,2024-03-06,130.93,0.58,WorthPoint
campo-del-cielo-meteorite,Beautiful 668 Gm. Etched Campo Del Cielo Meteorite Quarter Cut,359.1,2024-03-06,668.0,0.54,WorthPoint
campo-del-cielo-meteorite,Very Unique Campo Del Cielo Big 30 Gram Nickel Meteorite! Authentic Space Rock!,29.99,2024-03-05,30.0,1.0,WorthPoint
campo-del-cielo-meteorite,Very Unique Campo Del Cielo Big 25.8 Gram Nickel Meteorite! Authentic Space Rock,29.99,2024-03-05,25.8,1.16,WorthPoint
campo-del-cielo-meteorite,Meteorite Campo Del Cielo Authentic Iron Tektite Space Rock In INB Display Case,9.0,2024-03-05,,,WorthPoint
campo-del-cielo-meteorite,6 IN SLICE OF CAMPO DEL CIELO METEORITE SLAB 776 GMS STAND; 5 Mm Thick 1.7 Lbs,449.96,2024-03-05,776.0,0.58,WorthPoint
campo-del-cielo-meteorite,"43.04 Gram Campo Del Cielo Argentina Meteorite, Iron From Outer Space # ME 573 B",48.0,2024-03-05,43.04,1.12,WorthPoint
campo-del-cielo-meteorite,‚òÑÔ∏èUnique Campo Del Cielo Meteorite! (A) Real Space Rock! 4.6 BILLION YRS OLD!üî•A,5.95,2024-03-05,,,WorthPoint
campo-del-cielo-meteorite,Campo Del Cielo Authentic Meteorite Specimen (58.2 Grams),58.2,2024-03-05,58.2,1.0,WorthPoint
campo-del-cielo-meteorite,250 Gm LOT OF CAMPO DEL CIELO METEORITE CRYSTALS; 20-30 GMS IN SIZE; 1/4 KILO,118.75,2024-03-05,250.0,0.47,WorthPoint
campo-del-cielo-meteorite,"44.37 Gram Campo Del Cielo Argentina Meteorite, Iron From Outer Space # ME 619 B",33.0,2024-03-05,44.37,0.74,WorthPoint
campo-del-cielo-meteorite,LARGE 30g CAMPO IRON METEORITE FRAGMENT PENDANT! BEAUTIFUL SPECIMEN! AAAA++,35.95,2024-03-04,30.0,1.2,WorthPoint
campo-del-cielo-meteorite,Campo Del Cielo Iron Nickel Meteorite Argentina 3.57 Grams,12.75,2024-03-04,3.57,3.57,WorthPoint
campo-del-cielo-meteorite,Campo Del Cielo Meteorite Argentina 100% Natural 7.70gr,14.99,2024-03-04,7.7,1.95,WorthPoint
campo-del-cielo-meteorite,1952 GM. CAMPO DEL CIELO METEORITE ;B GRADE LARGE METEORITE 4.3 Lbs.INEXPENSIVE,750.0,2024-03-04,1952.0,0.38,WorthPoint
campo-del-cielo-meteorite,Campo Del Cielo Meteorite Space Rock Crystal Type Beauty,34.99,2024-03-04,,,WorthPoint
campo-del-cielo-meteorite,"Meteorite**Campo Del Cielo, IRON**10.768 Grams Crystal Iron Nugget Historic Find",26.0,2024-03-04,10.768,2.41,WorthPoint
campo-del-cielo-meteorite,48.43 Gram - CAMPO DEL CIELO IRON METEORITE Crystal - Found 1576 In Argentina,68.0,2024-03-04,48.43,1.4,WorthPoint
campo-del-cielo-meteorite,66.26 Gram - CAMPO DEL CIELO IRON METEORITE Crystal - Found 1576 In Argentina,76.5,2024-03-03,66.26,1.15,WorthPoint
campo-del-cielo-meteorite,Campo Del Cielo Meteorite 100% Natural From Argentina! 18.8gr,21.99,2024-03-02,18.8,1.17,WorthPoint
campo-del-cielo-meteorite,2230 Gm Campo Del Cielo Meteorite Museum Grade Meteorite Beautiful 5 Lbs,2249.95,2024-03-02,2230.0,1.01,WorthPoint
campo-del-cielo-meteorite,"80.38 Gram Campo Del Cielo Argentina Meteorite, Iron From Outer Space # ME 720 B",60.0,2024-03-02,80.38,0.75,WorthPoint
campo-del-cielo-meteorite,"50.48 Gram Campo Del Cielo Argentina Meteorite, Iron From Outer Space # ME 664 B",38.0,2024-03-02,50.48,0.75,WorthPoint
campo-del-cielo-meteorite,GREAT CONDITION! GORGEOUS LARGE 120g CAMPO DEL CIELO IRON METEORITE FRAGMENT!,103.0,2024-03-01,120.0,0.86,WorthPoint
campo-del-cielo-meteorite,Campo Del Cielo Authentic Meteorite Specimen (40.7 Grams),45.0,2024-02-29,40.7,1.11,WorthPoint
campo-del-cielo-meteorite,"2 Different Meteorites! Campo Del Cielo, Sikhote-alin! Awesome Thumbnail Display",12.99,2024-02-28,,,WorthPoint
campo-del-cielo-meteorite,YEAR 1576 METEORITE Campo Del Cielo THIS Is SO COOL It's The BEST GIFT EVER!!,6.95,2024-02-28,,,WorthPoint
campo-del-cielo-meteorite,Nice 79 Gram Las Palmas Campo Del Cielo Iron Meteorite From Kurukta,79.0,2024-02-28,79.0,1.0,WorthPoint
campo-del-cielo-meteorite,147 Grams Of 20 NEW CAMPO DEL CIELO METEORITE Christmas Tree Ornaments And Hooks,69.99,2024-02-27,147.0,0.48,WorthPoint
campo-del-cielo-meteorite,‚òÑÔ∏èmeteorite Campo Del Cielo Argentina 2.2 Grams (t),5.5,2024-02-27,2.2,2.5,WorthPoint
campo-del-cielo-meteorite,SLICE OF CAMPO DEL CIELO METEORITE SLAB 362 GMS 3-4 Mm Thick .8 Lbs,224.1,2024-02-27,362.0,0.62,WorthPoint
campo-del-cielo-meteorite,AMAZING 3.9g CAMPO IRON METEORITE FRAGMENT PENDANT! BEAUTIFUL SPECIMEN! AAAA+++,15.95,2024-02-26,3.9,4.09,WorthPoint
campo-del-cielo-meteorite,Campo Del Cielo Meteorite Lot,20.6,2024-02-26,,,WorthPoint
campo-del-cielo-meteorite,Campo Del Cielo Meteorite Pendant 8.3g,9.0,2024-02-26,8.3,1.08,WorthPoint
campo-del-cielo-meteorite,Campo Del Cielo Meteorite Pendant 6.35g,7.0,2024-02-26,6.35,1.1,WorthPoint
campo-del-cielo-meteorite,Beautiful 260 Gm. Etched Campo Del Cielo Meteorite End Piece .57 Lbs,179.1,2024-02-26,260.0,0.69,WorthPoint
campo-del-cielo-meteorite,Campo Del Cielo Meteorite Pendant Amethyst Necklace,24.99,2024-02-26,,,WorthPoint
campo-del-cielo-meteorite,Large 1866 Gm Campo Del Cielo Meteorite ; Aaa Museum Grade!! 4.1 Lbs.,2024.1,2024-02-26,1866.0,1.08,WorthPoint
campo-del-cielo-meteorite,1110 Gm. Campo Del Cielo Meteorite Museum Collectors Grade 2.4 Lbs,1345.5,2024-02-25,1110.0,1.21,WorthPoint
campo-del-cielo-meteorite,"Heart Shaped Campo Del Cielo Meteorite Specimen 94.54 Grams, Astronomy Gift",225.0,2024-02-25,94.54,2.38,WorthPoint
campo-del-cielo-meteorite,Campo Del Cielo Meteorite ‚Ä¢ 161 Grams,175.0,2024-02-25,161.0,1.09,WorthPoint
campo-del-cielo-meteorite,31.50 Gram - CAMPO DEL CIELO IRON METEORITE Crystal - Found 1576 In Argentina,36.0,2024-02-25,31.5,1.14,WorthPoint
campo-del-cielo-meteorite,Awesome Campo Del Cielo Meteorite Specimen! Must See!,25.0,2024-02-25,,,WorthPoint
campo-del-cielo-meteorite,740 Gm Campo Del Cielo Meteorite Museum Grade Meteorite Beautiful 1.6 Lbs,700.0,2024-02-24,740.0,0.95,WorthPoint
campo-del-cielo-meteorite,Authentic Meteorite - Space Rock - .10g Iron Crystal Campo Del Cielo,6.95,2024-02-24,10.0,0.7,WorthPoint
campo-del-cielo-meteorite,"Meteorite, 54 Grams, Campo De Cielo, Argentina, Plus Unknown Slice",64.0,2024-02-23,54.0,1.19,WorthPoint
campo-del-cielo-meteorite,386 Gm BABY CAMPO DEL CIELO METEORITE ; AAA GRADE METEORITE; .85 LB ! STAND,359.28,2024-02-22,386.0,0.93,WorthPoint
campo-del-cielo-meteorite,Beautiful 400 Gm Campo Del Cielo Polished & Tumbled Etched Meteorite .9 Lb,314.1,2024-02-22,400.0,0.79,WorthPoint
campo-del-cielo-meteorite,Campo Del Cielo Meteorite 100% Natural From Argentina 17.6gr,19.99,2024-02-22,17.6,1.14,WorthPoint
campo-del-cielo-meteorite,"99.30 Gram Campo Del Cielo Argentina Meteorite, Iron From Outer Space # ME 718 B",74.5,2024-02-22,99.3,0.75,WorthPoint
campo-del-cielo-meteorite,Very Unique Campo Del Cielo Big 34 Gram Nickel Meteorite! Authentic Space Rock!,32.0,2024-02-21,34.0,0.94,WorthPoint
campo-del-cielo-meteorite,149 Grams Of 11 NEW CAMPO DEL CIELO METEORITE Christmas Tree Ornaments + Hooks,74.99,2024-02-21,149.0,0.5,WorthPoint
campo-del-cielo-meteorite,Beautiful 290 Gm Campo Del Cielo Polished & Tumbled Et Meteorite .64 Lb,157.5,2024-02-20,290.0,0.54,WorthPoint
campo-del-cielo-meteorite,Campo Del Cielo Meteorite Pendant 6.01g,7.0,2024-02-19,6.01,1.16,WorthPoint
campo-del-cielo-meteorite,Campo Del Cielo Meteorite Pendant 6.73g,7.0,2024-02-19,6.73,1.04,WorthPoint
campo-del-cielo-meteorite,Campo Del Cielo Meteorite Pendant 5.85g,15.5,2024-02-19,5.85,2.65,WorthPoint
campo-del-cielo-meteorite,Campo Del Cielo Meteorite Pendant 8.85g,13.5,2024-02-19,8.85,1.53,WorthPoint
campo-del-cielo-meteorite,Campo Del Cielo Meteorite Fragment 20.45g,16.0,2024-02-19,20.45,0.78,WorthPoint
campo-del-cielo-meteorite,23.68 Gram Campo Del Cielo Fractured Meteorite Iron Crystal Argentina C91,23.68,2024-02-19,23.68,1.0,WorthPoint
campo-del-cielo-meteorite,"Meteorite**Campo Del Cielo, IRON**13.393 Grams Crystal Iron Nugget Historic Find",27.0,2024-02-19,13.393,2.02,WorthPoint
campo-del-cielo-meteorite,4.297 Grams NEW CAMPO DEL CIELO METEORITE Polished Charm Pendant For A Necklace,8.49,2024-02-19,4.297,1.98,WorthPoint
campo-del-cielo-meteorite,About 208.7 Grams Authentic CAMPO DEL CIELO METEORITE,175.0,2024-02-19,208.7,0.84,WorthPoint
campo-del-cielo-meteorite,About 39.79 Grams Authentic CAMPO DEL CIELO METEORITE,35.99,2024-02-19,39.79,0.9,WorthPoint
campo-del-cielo-meteorite,60.18 Grams Authentic CAMPO DEL CIELO METEORITE,51.95,2024-02-19,60.18,0.86,WorthPoint
campo-del-cielo-meteorite,About 37.4 Grams Authentic NEW CAMPO DEL CIELO METEORITE,32.95,2024-02-19,37.4,0.88,WorthPoint
campo-del-cielo-meteorite,Campo Del Cielo Meteorite 100% Natural From Argentina 19.6gr,20.99,2024-02-18,19.6,1.07,WorthPoint
campo-del-cielo-meteorite,"Meteorite Specimens - Campo Del Cielo, Argentina",84.0,2024-02-18,,,WorthPoint
campo-del-cielo-meteorite,Meteorite - Campo Del Cielo Argentina - 1571,107.5,2024-02-18,,,WorthPoint
campo-del-cielo-meteorite,BEAUTIFUL 4.9g CAMPO IRON METEORITE FRAGMENT PENDANT! BEAUTIFUL SPECIMEN! AAAA++,5.95,2024-02-18,4.9,1.21,WorthPoint
campo-del-cielo-meteorite,Lot Of THREE! Campo Del Cielo Meteorites 100% Authentic Argentina 19.5gr,19.99,2024-02-18,19.5,1.03,WorthPoint
campo-del-cielo-meteorite,115 Gm. CAMPO DEL CIELO METEORITE Many Nice Large Regmaglypts And Scoops,125.0,2024-02-18,115.0,1.09,WorthPoint
campo-del-cielo-meteorite,TWO! 100% Natural Campo Del Cielo Meteorites Argentina 14.9gr,17.99,2024-02-17,14.9,1.21,WorthPoint
campo-del-cielo-meteorite,"Rare Campo Del Cielo Meteorite Pendant 20.00 Grams, Angel Wing, Astronomy Gift",52.0,2024-02-17,20.0,2.6,WorthPoint
campo-del-cielo-meteorite,Larger! 100% Natural Campo Del Cielo Meteorite Argentina 71.5gr,54.99,2024-02-17,71.5,0.77,WorthPoint
campo-del-cielo-meteorite,54.95 Grams Authentic CAMPO DEL CIELO METEORITE,46.95,2024-02-17,54.95,0.85,WorthPoint
campo-del-cielo-meteorite,"32.42 Gram Campo Del Cielo Argentina Meteorite, Iron From Outer Space # ME 651 B",24.3,2024-02-17,32.42,0.75,WorthPoint
campo-del-cielo-meteorite,23 Gm Campo Del Cielo Meteorite Crystal Great Piece With Stand,22.8,2024-02-16,23.0,0.99,WorthPoint
campo-del-cielo-meteorite,Beautiful 752 Gm Campo Del Cielo Meteorite Slab!!! 1.6 Lbs 6.5x6 Inches,449.1,2024-02-16,752.0,0.6,WorthPoint
campo-del-cielo-meteorite,752 GM. CAMPO DEL CIELO METEORITE ; A GRADE LARGE METEORITE 1.6 Lbs. CHEAP!,404.1,2024-02-15,752.0,0.54,WorthPoint
campo-del-cielo-meteorite,39.1 Grams NEW CAMPO DEL CIELO METEORITE Polished + Certificate Of Authenticity,30.99,2024-02-14,39.1,0.79,WorthPoint
campo-del-cielo-meteorite,"Meteorite Campo Del Cielo, Astronomy Gift, Space Gift, COA, 47.24 Grams",78.0,2024-02-14,47.24,1.65,WorthPoint
campo-del-cielo-meteorite,5.13 Grams NEW CAMPO DEL CIELO METEORITE Polished Charm Pendant For A Necklace,5.99,2024-02-14,5.13,1.17,WorthPoint
campo-del-cielo-meteorite,14.1 Grams CAMPO DEL CIELO METEORITE Pendant M-23,14.99,2024-02-14,14.1,1.06,WorthPoint
campo-del-cielo-meteorite,7.58 Gram Campo Del Cielo Fractured Meteorite Iron Crystal Argentina U188,14.98,2024-02-13,7.58,1.98,WorthPoint
campo-del-cielo-meteorite,554 Gm. Campo Del Cielo Meteorite ; Aa Grade Meteorite. 1.2 Pounds!,449.33,2024-02-13,554.0,0.81,WorthPoint
campo-del-cielo-meteorite,17 Gm Campo Del Cielo Meteorite Crystal Great Piece With Stand,22.8,2024-02-13,17.0,1.34,WorthPoint
campo-del-cielo-meteorite,Campo Del Cielo Meteorite Fragment 17.77g,16.0,2024-02-12,17.77,0.9,WorthPoint
campo-del-cielo-meteorite,BEAUTIFUL 474 GM CAMPO DEL CIELO POLISHED & TUMBLED ETCHED METEORITE 1 Lb.,359.1,2024-02-12,474.0,0.76,WorthPoint
campo-del-cielo-meteorite,6.9 Grams CAMPO DEL CIELO METEORITE Pendant M-26,6.99,2024-02-12,6.9,1.01,WorthPoint
campo-del-cielo-meteorite,270 Gm. New Campo Del Cielo Meteorite ;aa Grade!! Gorgeous Meteorite,269.96,2024-02-11,270.0,1.0,WorthPoint
campo-del-cielo-meteorite,25.8 Grams NEW CAMPO DEL CIELO METEORITES About From .5 Up To 1.5 Grams Each COA,21.99,2024-02-11,25.8,0.85,WorthPoint
campo-del-cielo-meteorite,Beautiful 332 Gm. Etched Campo Del Cielo Meteorite Quad Cut .73 Lbs,269.1,2024-02-11,332.0,0.81,WorthPoint
campo-del-cielo-meteorite,Meteorites - 20 Campo Del Cielo Dust/Cuttings Specimen Vials,249.5,2024-02-11,,,WorthPoint
campo-del-cielo-meteorite,132 Gm Campo Del Cielo Meteorite Crystal Great Piece With Stand,113.05,2024-02-11,132.0,0.86,WorthPoint
campo-del-cielo-meteorite,130 Gm Campo Del Cielo Meteorite Crystal Great Piece With Stand,113.05,2024-02-11,130.0,0.87,WorthPoint
campo-del-cielo-meteorite,Campo Del Cielo Authentic Meteorite Specimen (68 Grams),68.0,2024-02-11,68.0,1.0,WorthPoint
campo-del-cielo-meteorite,Campo Del Cielo Meteorite Fragment 20.84g,16.0,2024-02-10,20.84,0.77,WorthPoint
campo-del-cielo-meteorite,Wholesale Lot Of Tumbled And Polished Campo Meteorites By The Kilo Sight Unseen,270.0,2024-02-10,,,WorthPoint
campo-del-cielo-meteorite,Beautiful 212 Gm Campo Del Cielo Polished & Tumbled Etched Meteorite,152.1,2024-02-10,212.0,0.72,WorthPoint
campo-del-cielo-meteorite,338 Gm. Campo Del Cielo Meteorite ; Aaa Grade Meteorite ! .74 Pound,359.1,2024-02-10,338.0,1.06,WorthPoint
campo-del-cielo-meteorite,"Meteorite Fragment , From The Campo Del Cielo , In Argentina",14.4,2024-02-08,,,WorthPoint
campo-del-cielo-meteorite,"Rare Campo Del Cielo Meteorite Pendant 20.60 Grams, Angel Wing, Astronomy Gift",65.0,2024-02-08,20.6,3.16,WorthPoint
campo-del-cielo-meteorite,Big Lot Of TEN! Small Campo Del Cielo Meteorites 100% Authentic 13.6gr,16.99,2024-02-07,13.6,1.25,WorthPoint
campo-del-cielo-meteorite,"88.25 Gram Campo Del Cielo Argentina Meteorite, Iron From Outer Space # ME 704 B",66.25,2024-02-07,88.25,0.75,WorthPoint
campo-del-cielo-meteorite,216 GM. CAMPO DEL CIELO METEORITE ; AAA GRADE!! .5 Pound; BEAUTIFUL; W/STAND,233.95,2024-02-07,216.0,1.08,WorthPoint
campo-del-cielo-meteorite,"Rare Campo Del Cielo Meteorite Pendant 19.67 Grams, Angel Wing, Astronomy Gift",62.0,2024-02-06,19.67,3.15,WorthPoint
campo-del-cielo-meteorite,Beautiful 246 Gm. Etched Campo Del Cielo Meteorite Quarter Cut,215.1,2024-02-06,246.0,0.87,WorthPoint
campo-del-cielo-meteorite,Campo Del Cielo Meteorite From Argentina 4.6 Grams,5.99,2024-02-06,4.6,1.3,WorthPoint
campo-del-cielo-meteorite,"42.93 Gram Campo Del Cielo Argentina Meteorite, Iron From Outer Space # ME 637 B",36.0,2024-02-06,42.93,0.84,WorthPoint
campo-del-cielo-meteorite,Larger! 100% Natural Campo Del Cielo Meteorite Argentina 57.4gr,39.99,2024-02-05,57.4,0.7,WorthPoint
campo-del-cielo-meteorite,182 Gm. Campo Del Cielo Meteorite ; A Grade!! .4 Pounds,179.33,2024-02-05,182.0,0.99,WorthPoint
campo-del-cielo-meteorite,3478 Gm. Campo Del Cielo Meteorite ; Aa Grade 7.6 Lbs.!!,1795.5,2024-02-05,3478.0,0.52,WorthPoint
campo-del-cielo-meteorite,"32.29 Gram Campo Del Cielo Argentina Meteorite, Iron From Outer Space # ME 635 B",24.25,2024-02-05,32.29,0.75,WorthPoint
campo-del-cielo-meteorite,9.17 Grams NEW CAMPO DEL CIELO METEORITE Polished Charm Pendant For A Necklace,8.99,2024-02-04,9.17,0.98,WorthPoint
campo-del-cielo-meteorite,19.69 Grams NEW CAMPO DEL CIELO METEORITE Polished + Certificate Of Authenticity,14.99,2024-02-04,19.69,0.76,WorthPoint
campo-del-cielo-meteorite,"4.14g, 3.33g, And 4.6g CAMPO DEL CIELO IRON METEORITE PENDANTS For Rajaman",20.97,2024-02-04,4.14,5.07,WorthPoint
campo-del-cielo-meteorite,19.16 Grams NEW CAMPO DEL CIELO METEORITE Polished + Certificate Of Authenticity,14.99,2024-02-04,19.16,0.78,WorthPoint
campo-del-cielo-meteorite,"37.52 Gram Campo Del Cielo Argentina Meteorite, Iron From Outer Space # ME 633 B",28.25,2024-02-04,37.52,0.75,WorthPoint
campo-del-cielo-meteorite,426 Gm. Campo Del Cielo Meteorite Aa Grade!! .93+ Lbs.,314.96,2024-02-02,426.0,0.74,WorthPoint
campo-del-cielo-meteorite,394 GM. CAMPO DEL CIELO METEORITE ; AAA GRADE! BABY METEORITE; .87 Lbs;,422.28,2024-02-01,394.0,1.07,WorthPoint
campo-del-cielo-meteorite,"79.55 Gram Campo Del Cielo Argentina Meteorite, Iron From Outer Space # ME 710 B",60.0,2024-02-01,79.55,0.75,WorthPoint
campo-del-cielo-meteorite,Large 916 Gm Campo Del Cielo Meteorite ; Museum Grade!! 2 Lbs.,985.5,2024-01-31,916.0,1.08,WorthPoint
campo-del-cielo-meteorite,4 Campo Del Cielo Nickel Meteorites Nice Shrapnel Display Authentic Space Rocks,9.99,2024-01-31,,,WorthPoint
campo-del-cielo-meteorite,SLICE OF CAMPO DEL CIELO METEORITE SLAB 820 GMS STAND; 7-8 Mm Thick 1.8 Lbs,375.0,2024-01-30,820.0,0.46,WorthPoint
campo-del-cielo-meteorite,"4 Authentic Space Meteorites: Campo Del Cielo, Argentina - Circa 2200 BC #2",22.16,2024-01-30,,,WorthPoint
campo-del-cielo-meteorite,Larger! 100% Natural Campo Del Cielo Meteorite 36.0gr,34.99,2024-01-30,36.0,0.97,WorthPoint
campo-del-cielo-meteorite,116 Grams Of 16 NEW CAMPO DEL CIELO METEORITE Christmas Tree Ornaments And Hooks,49.99,2024-01-29,116.0,0.43,WorthPoint
campo-del-cielo-meteorite,74.1 Grams NEW CAMPO DEL CIELO METEORITE Polished + Certificate Of Authenticity,59.99,2024-01-29,74.1,0.81,WorthPoint
campo-del-cielo-meteorite,"85.62 Gram Campo Del Cielo Argentina Meteorite, Iron From Outer Space # ME 685 B",92.0,2024-01-29,85.62,1.07,WorthPoint
campo-del-cielo-meteorite,AMAZING CONDITION! GORGEOUS 4.24g CAMPO DEL CIELO IRON METEORITE PENDANT!,6.99,2024-01-29,4.24,1.65,WorthPoint
campo-del-cielo-meteorite,Campo Del Cielo METEORITE PENDANT 8.6 Grams,22.0,2024-01-29,8.6,2.56,WorthPoint
campo-del-cielo-meteorite,Beautiful 476 Gm Campo Del Cielo Etched Meteorite Slab!!!,350.0,2024-01-28,476.0,0.74,WorthPoint
campo-del-cielo-meteorite,Beautiful 620 Gm Campo Del Cielo Polished & Tumbled Etched Meteorite!!,386.96,2024-01-28,620.0,0.62,WorthPoint
campo-del-cielo-meteorite,7.85 Grams NEW CAMPO DEL CIELO METEORITE Polished Charm Pendant For A Necklace,8.99,2024-01-28,7.85,1.15,WorthPoint
campo-del-cielo-meteorite,49.6 Grams NEW CAMPO DEL CIELO METEORITE Polished + Certificate Of Authenticity,38.99,2024-01-28,49.6,0.79,WorthPoint
campo-del-cielo-meteorite,38.7 Grams NEW CAMPO DEL CIELO METEORITE Polished + Certificate Of Authenticity,29.99,2024-01-28,38.7,0.77,WorthPoint
campo-del-cielo-meteorite,"89.27 Gram Campo Del Cielo Argentina Meteorite, Iron From Outer Space # ME 518 B",112.0,2024-01-27,89.27,1.25,WorthPoint
campo-del-cielo-meteorite,"93.60 Gram Campo Del Cielo Argentina Meteorite, Iron From Outer Space # ME 707 B",70.0,2024-01-26,93.6,0.75,WorthPoint
campo-del-cielo-meteorite,287 Grams Awesome Iron NEW CAMPO DEL CIELO METEORITE Polished With A COA,199.0,2024-01-25,287.0,0.69,WorthPoint
campo-del-cielo-meteorite,6.13 Grams NEW CAMPO DEL CIELO METEORITE Polished Charm Pendant For A Necklace,8.99,2024-01-25,6.13,1.47,WorthPoint
campo-del-cielo-meteorite,Larger! 100% Natural Campo Del Cielo Meteorite Argentina 34.0gr,35.99,2024-01-25,34.0,1.06,WorthPoint
campo-del-cielo-meteorite,1398 Gm. New Campo Del Cielo Meteorite ; A Grade!! Beautiful Meteorite; 3 Lbs.,809.95,2024-01-25,1398.0,0.58,WorthPoint
campo-del-cielo-meteorite,üî• Iron Meteorite Campo Del Cielo Argentina On Sale!! Marked Down!,200.0,2024-01-24,,,WorthPoint
campo-del-cielo-meteorite,SLICE CAMPO DEL CIELO METEORITE SLAB 664 GMS STAND 10-11 Mm Thick 1.5#,422.96,2024-01-23,664.0,0.64,WorthPoint
campo-del-cielo-meteorite,111 GM. CAMPO DEL CIELO METEORITE ; B GRADE!! Beautiful CHEAP!!,89.96,2024-01-23,111.0,0.81,WorthPoint
campo-del-cielo-meteorite,9.69 Grams NEW CAMPO DEL CIELO METEORITE Polished Charm Pendant For A Necklace,8.99,2024-01-23,9.69,0.93,WorthPoint
campo-del-cielo-meteorite,Meteorite Iron Campo Del Cielo Complete 314g,200.0,2024-01-23,314.0,0.64,WorthPoint
campo-del-cielo-meteorite,"Meteorite Nugget Specimen Campo Del Cielo, 708g, Moving Piece, Astronomy Gift",1010.0,2024-01-22,708.0,1.43,WorthPoint
campo-del-cielo-meteorite,394 Gm. Campo Del Cielo Meteorite ; Baby Meteorite; Aa Grade,314.99,2024-01-22,394.0,0.8,WorthPoint
campo-del-cielo-meteorite,7.04 Grams NEW CAMPO DEL CIELO METEORITE Polished Charm Pendant For A Necklace,6.99,2024-01-22,7.04,0.99,WorthPoint
campo-del-cielo-meteorite,Authentic Meteorite - Alien Shape - Campo Del Cielo Argentina Discovered 1576 AD,6.05,2024-01-22,,,WorthPoint
campo-del-cielo-meteorite,10.20 Gram Campo Del Cielo Fractured Meteorite Iron Crystal Argentina U187,14.98,2024-01-21,10.2,1.47,WorthPoint
campo-del-cielo-meteorite,Beautiful 1166 Gm. Polished Campo Del Cielo Meteorite Quarter Cut; 2.6 Pounds,400.0,2024-01-21,1166.0,0.34,WorthPoint
campo-del-cielo-meteorite,9.94 Grams NEW CAMPO DEL CIELO METEORITE Polished Charm Pendant For A Necklace,6.99,2024-01-21,9.94,0.7,WorthPoint
campo-del-cielo-meteorite,"Meteorite Starter Collection - Campo, Gibeon, Shisr, Sikhote, Diablo, Moldavite",39.99,2024-01-21,,,WorthPoint
campo-del-cielo-meteorite,166 Grams Of 20 NEW CAMPO DEL CIELO METEORITE Christmas Tree Ornaments And Hooks,69.99,2024-01-21,166.0,0.42,WorthPoint
campo-del-cielo-meteorite,‚òÑÔ∏èiron Meteorite Campo Del Cielo 10.6 Gr,12.0,2024-01-20,10.6,1.13,WorthPoint
campo-del-cielo-meteorite,12.2grams IRON METAL SPACE METEORITE MINERAL CAMPO DEL CIELO ARGENTINA,19.5,2024-01-20,12.2,1.6,WorthPoint
campo-del-cielo-meteorite,"49 Grams Campo Del Cielo, Argentina, Meteorite Fragment. Excellent.",34.0,2024-01-19,49.0,0.69,WorthPoint
campo-del-cielo-meteorite,10.3 Grams CAMPO DEL CIELO METEORITE Pendant M-16,10.99,2024-01-19,10.3,1.07,WorthPoint
campo-del-cielo-meteorite,12.1 Grams CAMPO DEL CIELO METEORITE Pendant M-18,12.99,2024-01-19,12.1,1.07,WorthPoint
campo-del-cielo-meteorite,220 Gram Campo Del Cielo Meteorite Crystal,88.99,2024-01-18,220.0,0.4,WorthPoint
campo-del-cielo-meteorite,‚òÑÔ∏èmeteorite Campo Del Cielo Argentina 5.1 Grams (r),12.75,2024-01-18,5.1,2.5,WorthPoint
campo-del-cielo-meteorite,Meteorite - Space Rock - Campo Del Cielo - Discovered 1576 Argentina. Odd Shape,5.99,2024-01-18,,,WorthPoint
campo-del-cielo-meteorite,Larger! 100% Natural Campo Del Cielo Meteorite 38.2gr,34.99,2024-01-17,38.2,0.92,WorthPoint
campo-del-cielo-meteorite,Larger! 100% Natural Campo Del Cielo Meteorite Argentina 33.8gr,34.99,2024-01-17,33.8,1.04,WorthPoint
campo-del-cielo-meteorite,"Beautiful Campo Del Cielo Meteorite Specimen 30.58 Grams, Astronomy Gift, Space",55.0,2024-01-17,30.58,1.8,WorthPoint
campo-del-cielo-meteorite,18.7 Grams NEW CAMPO DEL CIELO METEORITE Polished + Certificate Of Authenticity,14.49,2024-01-17,18.7,0.77,WorthPoint
campo-del-cielo-meteorite,372 Gm. New Campo Del Cielo Meteorite ;aaa Grade!! Beautiful; .8 Pounds,341.96,2024-01-16,372.0,0.92,WorthPoint
campo-del-cielo-meteorite,Authentic Meteorite Pendant Necklace - Campo Del Cielo Argentina,35.99,2024-01-15,,,WorthPoint
campo-del-cielo-meteorite,1000 Gm LOT OF CAMPO DEL CIELO METEORITE CRYSTALS 100-150 GMS IN SIZE 1 KILO,471.56,2024-01-15,1000.0,0.47,WorthPoint
campo-del-cielo-meteorite,Campo Del Cielo Meteorite Fragment 17g,13.5,2024-01-15,17.0,0.79,WorthPoint
campo-del-cielo-meteorite,3.85 Grams NEW CAMPO DEL CIELO METEORITE Polished Charm Pendant For A Necklace,5.49,2024-01-15,3.85,1.43,WorthPoint
campo-del-cielo-meteorite,3.17 Grams NEW CAMPO DEL CIELO METEORITE Polished Charm Pendant For A Necklace,5.49,2024-01-15,3.17,1.73,WorthPoint
campo-del-cielo-meteorite,Beautiful 152 Gm Campo Del Cielo Polished & Tumbled Etched Meteorite,134.1,2024-01-14,152.0,0.88,WorthPoint
campo-del-cielo-meteorite,Campo Del Cielo Iron Meteorite Crystal: 15-25 Grams,30.0,2024-01-14,25.0,1.2,WorthPoint
campo-del-cielo-meteorite,PENDANT 4.8grams IRON METAL SPACE METEORITE MINERAL CAMPO DEL CIELO ARGENTINA,7.99,2024-01-13,4.8,1.66,WorthPoint
campo-del-cielo-meteorite,Campo Del Cielo 1 Oz UNC Meteorite Coin 1$ Niue 2020 RARE,425.0,2024-01-12,28.35,14.99,WorthPoint
campo-del-cielo-meteorite,"5,758 Gm. Campo Del Cielo Meteorite Museum Grade, 12+lbs.!!just Beautiful!",3900.0,2024-01-10,758.0,5.15,WorthPoint
campo-del-cielo-meteorite,506 Gm. Campo Del Cielo Meteorite ; Aa Grade Meteorite. 1.1 Pounds!,359.33,2024-01-10,506.0,0.71,WorthPoint
campo-del-cielo-meteorite,1158 GM. CAMPO DEL CIELO METEORITE ;A GRADE LARGE METEORITE 2.54 Lbs. CHEAP!,629.1,2024-01-09,1158.0,0.54,WorthPoint
campo-del-cielo-meteorite,Campo Del Cielo Iron Meteorite Crystal: 81.6g,2523.0,2024-01-08,81.6,30.92,WorthPoint
campo-del-cielo-meteorite,Campo Del Cielo Etched Meteorite End Piece 498 Gms Stand,359.96,2024-01-08,498.0,0.72,WorthPoint
campo-del-cielo-meteorite,314 Gm. New Campo Del Cielo Meteorite ; Aaa Grade!! Beautiful Meteorite; .7 Lbs,314.96,2024-01-08,314.0,1.0,WorthPoint
campo-del-cielo-meteorite,180 Gm. New Campo Del Cielo Meteorite ; B Grade Meteorite; .4 Lb;,161.95,2024-01-07,180.0,0.9,WorthPoint
campo-del-cielo-meteorite,15.4 Grams CAMPO DEL CIELO METEORITE Pendant M-5,15.99,2024-01-07,15.4,1.04,WorthPoint
campo-del-cielo-meteorite,20 Gm Campo Del Cielo Meteorite Crystal Great Piece With Stand,22.8,2024-01-07,20.0,1.14,WorthPoint
campo-del-cielo-meteorite,Campo Del Cielo Meteorite From Argentina 66. Grams,49.99,2024-01-07,66.0,0.76,WorthPoint
campo-del-cielo-meteorite,"Beautiful Campo Del Cielo Meteorite Specimen 96.63 Grams, Astronomy Gift, Space",132.0,2024-01-06,96.63,1.37,WorthPoint
campo-del-cielo-meteorite,Beautiful 478 Gm Campo Del Cielo Etched Meteorite Slab 1.1 Lb.,449.1,2024-01-06,478.0,0.94,WorthPoint
campo-del-cielo-meteorite,"50.72 Gram Campo Del Cielo Argentina Meteorite, Iron From Outer Space # ME 593 B",53.0,2024-01-05,50.72,1.04,WorthPoint
campo-del-cielo-meteorite,Beautiful 554 Gm Campo Del Cielo Polished & Tumbled Etched Meteorite 1.23 Lb,449.1,2024-01-05,554.0,0.81,WorthPoint
campo-del-cielo-meteorite,"35.35 Gram Campo Del Cielo Argentina Meteorite, Iron From Outer Space # ME 662 B",26.5,2024-01-05,35.35,0.75,WorthPoint
campo-del-cielo-meteorite,"43.23 Gram Campo Del Cielo Argentina Meteorite, Iron From Outer Space # ME 625 B",32.5,2024-01-05,43.23,0.75,WorthPoint
campo-del-cielo-meteorite,Campo Del Cielo Meteorite Bracelet,155.0,2024-01-04,,,WorthPoint
campo-del-cielo-meteorite,2880 Gm. Campo Del Cielo Meteorite ; Aaa Grade Meteorite. 6.3 Lbs. Burn Hole,3149.95,2024-01-04,2880.0,1.09,WorthPoint
campo-del-cielo-meteorite,Large 48 Gm Campo Del Cielo Meteorite Crystal ! W/ Stand,42.7,2024-01-04,48.0,0.89,WorthPoint
campo-del-cielo-meteorite,"34.92 Gram Campo Del Cielo Argentina Meteorite, Iron From Outer Space # ME 650 B",26.25,2024-01-04,34.92,0.75,WorthPoint
campo-del-cielo-meteorite,Beautiful 74 Gm Campo Del Cielo Polished & Tumbled Etched Meteorite,62.1,2024-01-03,74.0,0.84,WorthPoint
campo-del-cielo-meteorite,47.3 Grams NEW CAMPO DEL CIELO METEORITE Polished + Certificate Of Authenticity,29.99,2024-01-03,47.3,0.63,WorthPoint
campo-del-cielo-meteorite,31.1 Grams NEW CAMPO DEL CIELO METEORITE Polished + Certificate Of Authenticity,24.99,2024-01-03,31.1,0.8,WorthPoint
campo-del-cielo-meteorite,20.86 Grams NEW CAMPO DEL CIELO METEORITE Polished + Certificate Of Authenticity,15.49,2024-01-03,20.86,0.74,WorthPoint
campo-del-cielo-meteorite,32.6 Grams NEW CAMPO DEL CIELO METEORITE Polished + Certificate Of Authenticity,26.99,2024-01-03,32.6,0.83,WorthPoint
campo-del-cielo-meteorite,18.9 Grams NEW CAMPO DEL CIELO METEORITE Polished + Certificate Of Authenticity,14.49,2024-01-03,18.9,0.77,WorthPoint
campo-del-cielo-meteorite,161 Grams Of 20 NEW CAMPO DEL CIELO METEORITE Christmas Tree Ornaments And Hooks,79.99,2024-01-03,161.0,0.5,WorthPoint
campo-del-cielo-meteorite,Beautiful 110 Gm Campo Del Cielo Polished & Tumbled Etched Meteorite,89.1,2024-01-03,110.0,0.81,WorthPoint
campo-del-cielo-meteorite,PENDANT 2.5grams IRON METAL SPACE METEORITE MINERAL CAMPO DEL CIELO ARGENTINA,7.5,2024-01-03,2.5,3.0,WorthPoint
campo-del-cielo-meteorite,66.2 Grams NEW CAMPO DEL CIELO METEORITE Polished + Certificate Of Authenticity,55.99,2024-01-03,66.2,0.85,WorthPoint
campo-del-cielo-meteorite,282 Gm. New Campo Del Cielo Meteorite ; B Grade Meteorite; .62 Lb;,251.95,2024-01-02,282.0,0.89,WorthPoint
canyon-diablo-meteorite,"Canyon Diablo Meteorite Slice, Authentic Meteorite, Arizona Meteorite, 18.06g",73.6,2026-01-22,18.06,4.08,WorthPoint
canyon-diablo-meteorite,1029 Grams Old Route 66 Canyon Diablo American Meteorite Museum WALL BRICK ROCK,17.99,2026-01-22,1029.0,0.02,WorthPoint
canyon-diablo-meteorite,167 Gm . CANYON DIABLO IRON METEORITE MUSEUM GD ARIZONA .36 LBS JAL Stand,215.1,2026-01-21,167.0,1.29,WorthPoint
canyon-diablo-meteorite,2000 Gm Lot 5-50 Gm Weight . Canyon Diablo Iron Meteorites Top Grade Arizona,1795.5,2026-01-21,2000.0,0.9,WorthPoint
canyon-diablo-meteorite,12.3 Grams Canyon Diablo As Found Meteor Crater Iron Meteorite With A COA,17.99,2026-01-21,12.3,1.46,WorthPoint
canyon-diablo-meteorite,6.41 Grams Canyon Diablo As Found Meteor Crater Iron Meteorite With A COA,10.99,2026-01-21,6.41,1.71,WorthPoint
canyon-diablo-meteorite,20 Individuals 236 GMS SMALL CANYON DIABLO IRON METEORITES ARIZONA CLEANED,265.05,2026-01-20,236.0,1.12,WorthPoint
canyon-diablo-meteorite,142 Gm . CANYON DIABLO IRON METEORITE MUSEUM GD ARIZONA .31 LBS JAL Stand,179.1,2026-01-19,142.0,1.26,WorthPoint
canyon-diablo-meteorite,322 Gm . CANYON DIABLO IRON METEORITE MUSEUM GD ARIZONA .71 LBS JAL Stand,404.1,2026-01-17,322.0,1.25,WorthPoint
canyon-diablo-meteorite,NIUE ISLAND 2014 CANYON DIABLO METEORITE 1 Oz. SILVER COIN,175.0,2026-01-14,28.35,6.17,WorthPoint
canyon-diablo-meteorite,890 Gm CANYON DIABLO IRON METEORITE MUSEUM COLLECTORS GRADE ARIZONA 2.0 LBS JAL,1139.05,2026-01-14,890.0,1.28,WorthPoint
canyon-diablo-meteorite,Beautiful 274 Gm. Etched Canyon Diablo Meteorite Pair Arizona,407.55,2026-01-13,274.0,1.49,WorthPoint
canyon-diablo-meteorite,"Canyon Diablo Iron IAB Coconino County, Arizona Found 1891 3.5 G",11.0,2026-01-11,3.5,3.14,WorthPoint
canyon-diablo-meteorite,"H.H. Nininger Meteorite Crater Study Kit, New Old Stock, Canyon Diablo",104.49,2026-01-10,,,WorthPoint
canyon-diablo-meteorite,"Canyon Diablo Meteorite Pendant, Arizona Meteorite, Space Gift, 12.64 Grams",56.0,2026-01-10,12.64,4.43,WorthPoint
canyon-diablo-meteorite,20 Individuals 205 GMS SMALL CANYON DIABLO IRON METEORITES ARIZONA CLEANED,231.8,2026-01-05,205.0,1.13,WorthPoint
canyon-diablo-meteorite,26 Gm . CANYON DIABLO IRON METEORITE ARIZONA USA CASE MUSEUM GRADE,37.95,2025-12-31,26.0,1.46,WorthPoint
canyon-diablo-meteorite,28.3 Grams OXIDE Canyon Diablo Meteor Crater OXIDITE Meteorite As Found Low Iron,22.99,2025-12-30,28.3,0.81,WorthPoint
canyon-diablo-meteorite,Original Rail Slide - BNSF B'ton Northern Santa Fe 8281+ Canyon Diablo AZ 12-'97,11.61,2025-12-30,,,WorthPoint
canyon-diablo-meteorite,Original Rail Slide - BN Burlington Northern 7067+ Canyon Diablo AZ 7-15-1988,7.15,2025-12-30,,,WorthPoint
canyon-diablo-meteorite,12.4 Grams All The Canyon Diablo Meteor Oxide Crater OXIDITE Meteorites As Found,9.99,2025-12-29,12.4,0.81,WorthPoint
canyon-diablo-meteorite,10.7 Grams All The Canyon Diablo Meteor Oxide Crater OXIDITE Meteorites As Found,7.99,2025-12-29,10.7,0.75,WorthPoint
canyon-diablo-meteorite,31.5 Grams All The Canyon Diablo Meteor Oxide Crater Oxidite As Found Meteorites,24.99,2025-12-29,31.5,0.79,WorthPoint
canyon-diablo-meteorite,62 G CANYON DIABLO IRON METEORITE Great Specimen AAA Grade Fast Shipping,38.95,2025-12-29,62.0,0.63,WorthPoint
canyon-diablo-meteorite,20 Individuals 228 GMS SMALL CANYON DIABLO IRON METEORITES ARIZONA CLEANED JAL,236.55,2025-12-28,228.0,1.04,WorthPoint
canyon-diablo-meteorite,236 Gm . CANYON DIABLO IRON METEORITE AAA GRADE; ARIZONA STAND .51 LBS,284.05,2025-12-26,236.0,1.2,WorthPoint
canyon-diablo-meteorite,154 Gm CANYON DIABLO IRON METEORITE AAA GRADE ARIZONA STAND USA,189.95,2025-12-26,154.0,1.23,WorthPoint
canyon-diablo-meteorite,5 PIECE LOT OF 520Gms. CANYON DIABLO IRON METEORITES TOP GRADE ARIZONA PATINA US,569.05,2025-12-26,520.0,1.09,WorthPoint
canyon-diablo-meteorite,Original Rail Slide - ATSF Santa Fe Railway 5514+ Canyon Diablo AZ 7-15-1988,5.08,2025-12-26,,,WorthPoint
canyon-diablo-meteorite,19 Tiny Individuals 163 GMS SMALL CANYON DIABLO IRON METEORITES ARIZONA,217.55,2025-12-23,163.0,1.33,WorthPoint
canyon-diablo-meteorite,1900 Gm Wholesale Lot 93-212 Gm. Canyon Diablo Iron Meteorites Arizona Usa Jal,1515.25,2025-12-23,1900.0,0.8,WorthPoint
canyon-diablo-meteorite,2000 Gm Wholesale Lot 48-100 Gm. Canyon Diablo Iron Meteorites Arizona Usa Jal,1420.25,2025-12-23,2000.0,0.71,WorthPoint
canyon-diablo-meteorite,Canyon Diablo Nickel/iron Meteorite (410 Grams). See Letter Of Authenticity.,395.0,2025-12-23,410.0,0.96,WorthPoint
canyon-diablo-meteorite,PAIR OF TOTAL WEIGHT 27gms. CANYON DIABLO IRON METEORITES ARIZONA Cases INCL,47.45,2025-12-23,27.0,1.76,WorthPoint
canyon-diablo-meteorite,20.7 Grams Canyon Diablo Coconino From Rim Of Meteor Crater In Arizona 1980's,5.99,2025-12-23,20.7,0.29,WorthPoint
canyon-diablo-meteorite,20 Individuals 166 GMS SMALL CANYON DIABLO IRON METEORITES ARIZONA,217.55,2025-12-22,166.0,1.31,WorthPoint
canyon-diablo-meteorite,4.85 Grams Canyon Diablo As Found Meteor Crater Iron Meteorite With A COA,11.99,2025-12-22,4.85,2.47,WorthPoint
canyon-diablo-meteorite,Canyon Diablo Stardust Shavings / Crystals - 100% Pure & Natural,7.0,2025-12-21,,,WorthPoint
canyon-diablo-meteorite,10.4 Grams OXIDE Canyon Diablo Meteor Crater OXIDITE Meteorite As Found Low Iron,7.99,2025-12-21,10.4,0.77,WorthPoint
canyon-diablo-meteorite,Canyon Diablo Iron Meteorite Etched Full Slice 21 Grams 2 Inch,47.0,2025-12-20,21.0,2.24,WorthPoint
canyon-diablo-meteorite,5.92 Grams Polished Canyon Diablo Meteor Crater Iron Meteorite With A COA,11.99,2025-12-19,5.92,2.03,WorthPoint
canyon-diablo-meteorite,198 Gm . CANYON DIABLO IRON METEORITE ; MUSEUM GRADE; ARIZONA .43+ Lbs,265.05,2025-12-17,198.0,1.34,WorthPoint
canyon-diablo-meteorite,Canyon Diablo Iron Meteorite 43.8 Grams 2 Inch Nice Piece! Cleaned Lightly,60.0,2025-12-16,43.8,1.37,WorthPoint
canyon-diablo-meteorite,27.05 Grams All 5 Canyon Diablo Meteor Oxide Crater OXIDITE Meteorites As Found,21.49,2025-12-16,27.05,0.79,WorthPoint
canyon-diablo-meteorite,Canyon Diablo Iron Meteorite Etched Full Slice 40.8 Grams 2.75 Inch,92.0,2025-12-16,40.8,2.25,WorthPoint
canyon-diablo-meteorite,5.80 Grams Polished Canyon Diablo Meteor Crater Iron Meteorite With A COA,11.99,2025-12-16,5.8,2.07,WorthPoint
canyon-diablo-meteorite,Vintage UDB Postcard Railroad Train Canyon Diablo Arizona PMC Paso Robles 1908,14.99,2025-12-15,,,WorthPoint
canyon-diablo-meteorite,10 Individuals 216 GMS SMALL CANYON DIABLO IRON METEORITES ARIZONA,236.55,2025-12-14,216.0,1.1,WorthPoint
canyon-diablo-meteorite,16.8 Grams OXIDE Canyon Diablo Meteor Crater OXIDITE Meteorite As Found Low Iron,12.99,2025-12-14,16.8,0.77,WorthPoint
canyon-diablo-meteorite,8.25 Grams Canyon Diablo As Found Meteor Crater Iron Meteorite With A COA,18.99,2025-12-13,8.25,2.3,WorthPoint
canyon-diablo-meteorite,206 GM. CANYON DIABLO IRON METEORITE TOP GRADE ARIZONA .45 Lbs,236.55,2025-12-13,206.0,1.15,WorthPoint
canyon-diablo-meteorite,22 Grams Canyon Diablo Coconino From Rim Of Meteor Crater In Arizona 1980's,5.99,2025-12-12,22.0,0.27,WorthPoint
canyon-diablo-meteorite,Canyon Diablo Iron Meteorite Etched Full Slice 45 Grams 3 Inch,100.0,2025-12-12,45.0,2.22,WorthPoint
canyon-diablo-meteorite,6.13 Grams OXIDE Canyon Diablo Meteor Crater OXIDITE Meteorite As Found Low Iron,5.99,2025-12-11,6.13,0.98,WorthPoint
canyon-diablo-meteorite,160 Gm . CANYON DIABLO IRON METEORITE MUSEUM GD ARIZONA .35 LBS JAL Stand,224.1,2025-12-11,160.0,1.4,WorthPoint
canyon-diablo-meteorite,20 Small Individuals 288 Gms Small Canyon Diablo Iron Meteorites Arizona,312.55,2025-12-10,288.0,1.09,WorthPoint
canyon-diablo-meteorite,416 Gm . CANYON DIABLO IRON METEORITE TOP GRADE; ARIZONA .91 LBS,449.1,2025-12-10,416.0,1.08,WorthPoint
canyon-diablo-meteorite,10 Individuals; 175 Gms . CANYON DIABLO IRON METEORITES ; ARIZONA PATINA USA,189.05,2025-12-08,175.0,1.08,WorthPoint
canyon-diablo-meteorite,500 Gm Wholesale Lot 33-56 Gm. Canyon Diablo Iron Meteorites Arizona Usa Jal,474.05,2025-12-08,500.0,0.95,WorthPoint
canyon-diablo-meteorite,Chris Peterson Canyon Diablo Meteorite Damascus Knife,300.0,2025-12-07,,,WorthPoint
canyon-diablo-meteorite,Canyon Diablo Meteorite ~ Regmaglypts / Sculptured / Natural Patina ~ 7.60 Grams,50.0,2025-12-05,7.6,6.58,WorthPoint
canyon-diablo-meteorite,Canyon Diablo Iron Meteorite,155.0,2025-12-04,,,WorthPoint
canyon-diablo-meteorite,LARGE 226 Gm .CANYON DIABLO IRON METEORITE MUSEUM GRADE .5 # STD,279.0,2025-12-04,226.0,1.23,WorthPoint
canyon-diablo-meteorite,6.41 Grams Polished Canyon Diablo Meteor Crater Iron Meteorite With A COA,12.99,2025-12-02,6.41,2.03,WorthPoint
canyon-diablo-meteorite,14.5 Grams Canyon Diablo As Found Meteor Crater Iron Meteorite With A COA,25.99,2025-12-02,14.5,1.79,WorthPoint
canyon-diablo-meteorite,6.85 Grams Polished Canyon Diablo Meteor Crater Iron Meteorite With A COA,13.99,2025-12-02,6.85,2.04,WorthPoint
canyon-diablo-meteorite,9.67 Grams Polished Canyon Diablo Meteor Crater Iron Meteorite With A COA,18.99,2025-12-02,9.67,1.96,WorthPoint
canyon-diablo-meteorite,23.3 Grams Canyon Diablo As Found Meteor Crater Iron Meteorite With A COA,39.99,2025-12-02,23.3,1.72,WorthPoint
canyon-diablo-meteorite,8.18 Grams Canyon Diablo As Found Meteor Crater Iron Meteorite With A COA,18.99,2025-12-02,8.18,2.32,WorthPoint
canyon-diablo-meteorite,Canyon Diablo Iron Meteorite Etched Full Slice 21.1 Grams 2 Inch,48.0,2025-12-02,21.1,2.27,WorthPoint
canyon-diablo-meteorite,Original Rail Slide - ATSF Santa Fe Railway 8121+ Canyon Diablo AZ 7-15-1988,7.0,2025-12-02,,,WorthPoint
canyon-diablo-meteorite,98 Gm . CANYON DIABLO IRON METEORITE AA GRADE ARIZONA STAND,132.48,2025-12-02,98.0,1.35,WorthPoint
canyon-diablo-meteorite,224 Gm . CANYON DIABLO IRON METEORITE AAA GRADE; ARIZONA STAND,236.55,2025-12-01,224.0,1.06,WorthPoint
canyon-diablo-meteorite,Canyon Diablo Iron Meteorite Etched Full Slice 31 Grams 2.75 Inch,70.0,2025-12-01,31.0,2.26,WorthPoint
canyon-diablo-meteorite,90 GM. Canyon Diablo METEORITE AAA GRADE .2 Lb Arizona Usa Stand,122.55,2025-11-30,90.0,1.36,WorthPoint
canyon-diablo-meteorite,Canyon Diablo Iron Meteorite 1198 Grams 4 Inches Killer Piece! Cleaned Beauty!,1500.0,2025-11-30,1198.0,1.25,WorthPoint
canyon-diablo-meteorite,860 Gm . CANYON DIABLO IRON NICKEL METEORITE MUSEUM GRADE W/ STAND AND LABEL JAL,899.1,2025-11-30,860.0,1.05,WorthPoint
canyon-diablo-meteorite,558 Gm . CANYON DIABLO IRON NICKEL METEORITE ; TOP GRADE W/ STAND AND LABEL;,539.1,2025-11-29,558.0,0.97,WorthPoint
canyon-diablo-meteorite,Canyon Diablo Iron Meteorite Etched End Cut 21.2 Grams 3 Inch,34.0,2025-11-29,21.2,1.6,WorthPoint
canyon-diablo-meteorite,36 Gm CANYON DIABLO IRON METEORITE MUSEUM GRADE ARIZONA USA JAL,44.1,2025-11-28,36.0,1.23,WorthPoint
canyon-diablo-meteorite,7.18 Grams Polished Canyon Diablo Meteor Crater Iron Meteorite With A COA,15.99,2025-11-28,7.18,2.23,WorthPoint
canyon-diablo-meteorite,328 Gm . CANYON DIABLO IRON METEORITE MUSEUM GRADE ARIZONA STAND .72 LBS,359.1,2025-11-27,328.0,1.09,WorthPoint
canyon-diablo-meteorite,2.78 Grams Canyon Diablo As Found Meteor Crater Iron Meteorite With A COA,5.99,2025-11-26,2.78,2.15,WorthPoint
canyon-diablo-meteorite,51 GM. Canyon Diablo METEORITE AAA GRADE .11 Lb Arizona Usa Stand,62.1,2025-11-25,51.0,1.22,WorthPoint
canyon-diablo-meteorite,7.48 Grams Polished Canyon Diablo Meteor Crater Iron Meteorite With A COA,14.99,2025-11-25,7.48,2.0,WorthPoint
canyon-diablo-meteorite,12.4 Grams OXIDE Canyon Diablo Meteor Crater OXIDITE Meteorite As Found Low Iron,9.99,2025-11-24,12.4,0.81,WorthPoint
canyon-diablo-meteorite,7.48 Grams OXIDE Canyon Diablo Meteor Crater OXIDITE Meteorite As Found Low Iron,5.99,2025-11-24,7.48,0.8,WorthPoint
canyon-diablo-meteorite,15 Individuals 230 GMS SMALL CANYON DIABLO IRON METEORITES ARIZONA JAL,224.1,2025-11-24,230.0,0.97,WorthPoint
canyon-diablo-meteorite,123 Gm . CANYON DIABLO IRON METEORITE ; MUSEUM GRADE; ARIZONA .27 Lbs,179.1,2025-11-24,123.0,1.46,WorthPoint
canyon-diablo-meteorite,105 Gm . CANYON DIABLO IRON METEORITE AAA GRADE ARIZONA .23 Pounds USA STAND,134.1,2025-11-24,105.0,1.28,WorthPoint
canyon-diablo-meteorite,Canyon Diablo Iron Meteorite Etched Full Slice 37.6 Grams 3 Inch,72.25,2025-11-23,37.6,1.92,WorthPoint
canyon-diablo-meteorite,Canyon Diablo Iron Meteorite Etched Full Slice 41 Grams 3 Inch,78.2,2025-11-23,41.0,1.91,WorthPoint
canyon-diablo-meteorite,109 GM. Canyon Diablo METEORITE AAA GRADE .24 Lb Arizona Usa Stand,134.1,2025-11-23,109.0,1.23,WorthPoint
canyon-diablo-meteorite,120 Gm CANYON DIABLO IRON METEORITE AAA GRADE ARIZONA STAND USA,152.95,2025-11-23,120.0,1.27,WorthPoint
canyon-diablo-meteorite,Canyon Diablo Iron Meteorite Meteor Crater ARIZONA Specimen W/ Case & ID Card,5.99,2025-11-22,,,WorthPoint
canyon-diablo-meteorite,222 Gm . CANYON DIABLO IRON METEORITE MUSEUM GRADE ARIZONA STAND USA,269.1,2025-11-21,222.0,1.21,WorthPoint
canyon-diablo-meteorite,2.28 Grams Canyon Diablo As Found Meteor Crater Iron Meteorite With A COA,5.99,2025-11-21,2.28,2.63,WorthPoint
canyon-diablo-meteorite,20 Individuals 170 GMS SMALL CANYON DIABLO IRON METEORITES ARIZONA,206.1,2025-11-20,170.0,1.21,WorthPoint
canyon-diablo-meteorite,20 Tiny Individuals 166 GMS SMALL CANYON DIABLO IRON METEORITES ARIZONA,224.1,2025-11-20,166.0,1.35,WorthPoint
canyon-diablo-meteorite,500 Gm Wholesale Lot 10-40 Gm. Canyon Diablo Iron Meteorites Arizona Usa Jal,359.1,2025-11-19,500.0,0.72,WorthPoint
canyon-diablo-meteorite,Beautiful 113 Gm. Etched Canyon Diablo Meteorite Pair Arizona Stands,206.1,2025-11-19,113.0,1.82,WorthPoint
canyon-diablo-meteorite,100 Gm. CANYON DIABLO IRON METEORITE ; ARIZONA STAND INCLUDED TOP GRADE; USA,134.1,2025-11-18,100.0,1.34,WorthPoint
canyon-diablo-meteorite,87 Gm . CANYON DIABLO IRON METEORITE MUSEUM GRADE ARIZONA STAND USA,116.1,2025-11-17,87.0,1.33,WorthPoint
canyon-diablo-meteorite,1.99 Grams Canyon Diablo As Found Meteor Crater Iron Meteorite With A COA,5.49,2025-11-17,1.99,2.76,WorthPoint
canyon-diablo-meteorite,2.32 Grams Canyon Diablo As Found Meteor Crater Iron Meteorite With A COA,5.99,2025-11-17,2.32,2.58,WorthPoint
canyon-diablo-meteorite,5.36 Grams Polished Canyon Diablo Meteor Crater Iron Meteorite With A COA,11.49,2025-11-17,5.36,2.14,WorthPoint
canyon-diablo-meteorite,7.60 Grams Polished Canyon Diablo Meteor Crater Iron Meteorite With A COA,29.99,2025-11-14,7.6,3.95,WorthPoint
canyon-diablo-meteorite,414 Gm . CANYON DIABLO IRON METEORITE MUSEUM GD ARIZONA .91 LBS SCULPTURED JAL,629.1,2025-11-14,414.0,1.52,WorthPoint
canyon-diablo-meteorite,Meteorites - Canyon Diablo Fine Dust Specimen Vial,12.95,2025-11-13,,,WorthPoint
canyon-diablo-meteorite,"""cool 3 1/8"""" Etched Canyon Diablo Meteorite, Arizona""",30.0,2025-11-12,,,WorthPoint
canyon-diablo-meteorite,28 Gm . CANYON DIABLO IRON METEORITE ; A GRADE ; ARIZONA STAND USA,40.49,2025-11-12,28.0,1.45,WorthPoint
canyon-diablo-meteorite,36 Gm . CANYON DIABLO IRON METEORITE TOP GRADE ARIZONA STAND USA PATINA,44.1,2025-11-11,36.0,1.23,WorthPoint
canyon-diablo-meteorite,10.6 Grams OXIDE Canyon Diablo Meteor Crater OXIDITE Meteorite As Found Low Iron,7.99,2025-11-11,10.6,0.75,WorthPoint
canyon-diablo-meteorite,90 Gm . CANYON DIABLO IRON METEORITE ; AA GRADE; ARIZONA .2 Lbs STAND USA,116.1,2025-11-10,90.0,1.29,WorthPoint
canyon-diablo-meteorite,37 Gm . CANYON DIABLO IRON METEORITE ARIZONA USA CASE MUSEUM GRADE,53.95,2025-11-10,37.0,1.46,WorthPoint
canyon-diablo-meteorite,286 Gm . CANYON DIABLO IRON METEORITE ; AAA GRADE ; ARIZONA .62 Pounds,314.1,2025-11-10,286.0,1.1,WorthPoint
canyon-diablo-meteorite,49 Gm . CANYON DIABLO IRON METEORITE ARIZONA USA CASE MUSEUM GRADE,62.95,2025-11-09,49.0,1.28,WorthPoint
canyon-diablo-meteorite,Canyon Diablo Graphite Nodule Meteorite End Piece Weight 5.65 Grams 1 Inch,47.6,2025-11-08,5.65,8.42,WorthPoint
canyon-diablo-meteorite,Canyon Diablo Graphite Nodule Meteorite FULL SLICE Weight 2.94 Grams 1.2 Inch,25.5,2025-11-08,2.94,8.67,WorthPoint
canyon-diablo-meteorite,43 Gm . CANYON DIABLO IRON METEORITE ARIZONA; USA CASE,49.45,2025-11-08,43.0,1.15,WorthPoint
canyon-diablo-meteorite,"Canyon Diablo Meteorite Specimen 66 Grams, High Quality",95.0,2025-11-08,66.0,1.44,WorthPoint
canyon-diablo-meteorite,46 Gm . CANYON DIABLO IRON METEORITE ARIZONA; USA CASE,53.95,2025-11-05,46.0,1.17,WorthPoint
canyon-diablo-meteorite,2.20 Grams Canyon Diablo As Found Meteor Crater Iron Meteorite With A COA,5.99,2025-11-04,2.2,2.72,WorthPoint
canyon-diablo-meteorite,5 Individuals; 65 Gms. CANYON DIABLO IRON METEORITES ; TOP GRADE; ARIZONA;PATINA,80.1,2025-10-31,65.0,1.23,WorthPoint
canyon-diablo-meteorite,"VTG Postcard - CANYON DIABLO, ARIZONA Is A Gash In The Level Plain",8.84,2025-10-30,,,WorthPoint
canyon-diablo-meteorite,88 Gm . CANYON DIABLO IRON METEORITE AAA GRADE ARIZONA STAND USA,129.95,2025-10-30,88.0,1.48,WorthPoint
canyon-diablo-meteorite,"Canyon Diablo, A Gash In The Level Plain, 540' Wide And 222' Deep. Steel Bridge.",7.95,2025-10-29,,,WorthPoint
canyon-diablo-meteorite,1000 Gm Wholesale Lot 0-50 Gm. Canyon Diablo Iron Meteorites Arizona Usa Jal,675.0,2025-10-29,1000.0,0.68,WorthPoint
canyon-diablo-meteorite,Canyon Diablo Meteorite 1101gram Museum Quality Piece. See Pics,1200.0,2025-10-28,1101.0,1.09,WorthPoint
canyon-diablo-meteorite,115 Gm. CANYON DIABLO IRON METEORITE ; ARIZONA STAND INCLUDED TOP GRADE; USA,152.1,2025-10-28,115.0,1.32,WorthPoint
canyon-diablo-meteorite,88 Gm CANYON DIABLO IRON METEORITE MUSEUM GRADE ARIZONA STAND INCLUDED,125.1,2025-10-28,88.0,1.42,WorthPoint
canyon-diablo-meteorite,55 Gm . CANYON DIABLO IRON METEORITE MUSEUM GRADE ARIZONA STAND,71.1,2025-10-27,55.0,1.29,WorthPoint
canyon-diablo-meteorite,STUNNING Meteorite 2281.0 G - 5 Lbs NO CUTS Iron EL DIABLO - Canyon Diablo ?,2800.0,2025-10-27,2281.0,1.23,WorthPoint
canyon-diablo-meteorite,172 Gm CANYON DIABLO IRON METEORITE MUSEUM GRADE ARIZONA .37 LB USA JAL,179.1,2025-10-26,172.0,1.04,WorthPoint
canyon-diablo-meteorite,36 Gm . CANYON DIABLO IRON METEORITE ARIZONA USA CASE,49.45,2025-10-26,36.0,1.37,WorthPoint
canyon-diablo-meteorite,81 Gm . CANYON DIABLO IRON METEORITE MUSEUM GRADE ARIZONA,107.5,2025-10-25,81.0,1.33,WorthPoint
canyon-diablo-meteorite,Canyon Diablo Graphite Nodule Meteorite FULL SLICE Weight 4.14 Grams 1.2 Inch,42.0,2025-10-25,4.14,10.14,WorthPoint
canyon-diablo-meteorite,375 Grams Old Route 66 Canyon Diablo American Meteorite Museum WALL BRICK ROCK,8.99,2025-10-22,375.0,0.02,WorthPoint
canyon-diablo-meteorite,146 Gm CANYON DIABLO IRON METEORITE TOP GRADE ARIZONA STAND USA,179.95,2025-10-20,146.0,1.23,WorthPoint
canyon-diablo-meteorite,15.78 Gram - Graphite Nodule Full Slice - Canyon Diablo Meteorite Inclusion,150.0,2025-10-20,15.78,9.51,WorthPoint
canyon-diablo-meteorite,Canyon Diablo Graphite Nodule Meteorite FULL SLICE Weight .572 Grams .5 Inch,10.0,2025-10-20,572.0,0.02,WorthPoint
canyon-diablo-meteorite,Canyon Diablo Graphite Nodule Meteorite End Cut Weight .704 Grams .75 Inch,10.0,2025-10-20,704.0,0.01,WorthPoint
canyon-diablo-meteorite,Canyon Diablo Iron Nickel Meteorite Piece Impact Meteor Space Rock Asteroid Nice,19.95,2025-10-17,,,WorthPoint
canyon-diablo-meteorite,4.30 Grams As Found Canyon Diablo Meteor Crater Iron Meteorite From Arizona,12.95,2025-10-17,4.3,3.01,WorthPoint
canyon-diablo-meteorite,7.3 Grams As Found Canyon Diablo Meteor Crater Iron Meteorite From Arizona,18.99,2025-10-17,7.3,2.6,WorthPoint
canyon-diablo-meteorite,Original Rail Slide - LMX Leasing 8550+ Canyon Diablo AZ 12-2-1997,5.08,2025-10-15,,,WorthPoint
canyon-diablo-meteorite,3.66 Grams Polished Canyon Diablo Meteor Crater Iron Meteorite With A COA,5.99,2025-10-13,3.66,1.64,WorthPoint
canyon-diablo-meteorite,3.18 Grams Canyon Diablo As Found Meteor Crater Iron Meteorite With A COA,6.99,2025-10-13,3.18,2.2,WorthPoint
canyon-diablo-meteorite,Beauty 62 Gm Canyon Diablo Etched Meteorite Slice Amazing Etch Quality Jal Usa .,89.96,2025-10-13,62.0,1.45,WorthPoint
canyon-diablo-meteorite,"Canyon Diablo Meteorite, Arizona Meteorite, Space Gift, Authentic, 21.62g",68.8,2025-10-10,21.62,3.18,WorthPoint
canyon-diablo-meteorite,108 GM. Canyon Diablo METEORITE AAA GRADE .24 Lb Arizona Usa Stand,134.1,2025-10-09,108.0,1.24,WorthPoint
canyon-diablo-meteorite,"CANYON DIABLO GIFT SET: 29.2g Meteorite Slice, Magnet & Stand, See Details!!",95.0,2025-10-09,29.2,3.25,WorthPoint
canyon-diablo-meteorite,86 Gm CANYON DIABLO IRON METEORITE MUSEUM GRADE ARIZONA STAND,107.1,2025-10-08,86.0,1.25,WorthPoint
canyon-diablo-meteorite,Beautiful 150 Gm. Etched Canyon Diablo Meteorite Pair Arizona,323.1,2025-10-08,150.0,2.15,WorthPoint
canyon-diablo-meteorite,6.28 Grams OXIDE Canyon Diablo Meteor Crater OXIDITE Meteorite As Found Low Iron,5.99,2025-10-05,6.28,0.95,WorthPoint
canyon-diablo-meteorite,184 Grams Old Route 66 Canyon Diablo American Meteorite Museum WALL BRICK ROCK,5.49,2025-10-05,184.0,0.03,WorthPoint
canyon-diablo-meteorite,99 GM. Canyon Diablo METEORITE AAA GRADE .22 Lb Arizona Usa,110.0,2025-10-04,99.0,1.11,WorthPoint
canyon-diablo-meteorite,"Nininger Meteorite Crater Study Kit, New Old Stock Meteor Crater Canyon Diablo",51.0,2025-10-03,,,WorthPoint
canyon-diablo-meteorite,84 Gm . CANYON DIABLO IRON METEORITE MUSEUM GRADE ARIZONA STAND,134.1,2025-09-29,84.0,1.6,WorthPoint
canyon-diablo-meteorite,29 Gm . CANYON DIABLO IRON METEORITE ; ARIZONA; PATINA ; USA; STAND,35.1,2025-09-27,29.0,1.21,WorthPoint
canyon-diablo-meteorite,130 Gm CANYON DIABLO IRON METEORITE ARIZONA TOP Grade,152.95,2025-09-26,130.0,1.18,WorthPoint
canyon-diablo-meteorite,Canyon Diablo Arizona 1901 Detroit Photographic Co. Santa Fe Railroad Postcard,9.95,2025-09-24,,,WorthPoint
canyon-diablo-meteorite,140 Gm CANYON DIABLO METEORITE MUSEUM GRADE ARIZONA STAND INCLUDED Patina JAL,179.1,2025-09-24,140.0,1.28,WorthPoint
canyon-diablo-meteorite,Beauty 46 Gm Canyon Diablo Etched Meteorite Slice Amazing Etch Quality Jal Usa .,71.95,2025-09-24,46.0,1.56,WorthPoint
canyon-diablo-meteorite,Canyon Diablo Graphite Nodule Meteorite FULL SLICE Weight 18.67 Grams 2 Inch,187.0,2025-09-21,18.67,10.02,WorthPoint
canyon-diablo-meteorite,"CANYON DIABLO Meteorite Display Label, Aluminum",6.5,2025-09-19,,,WorthPoint
canyon-diablo-meteorite,45 Gm . CANYON DIABLO IRON METEORITE AA GRADE ARIZONA STAND METEORITE CRATER,62.55,2025-09-16,45.0,1.39,WorthPoint
canyon-diablo-meteorite,31 Gm CANYON DIABLO IRON METEORITE Top GRADE ARIZONA STAND INCLUDED USA,44.95,2025-09-16,31.0,1.45,WorthPoint
canyon-diablo-meteorite,135 Gm . CANYON DIABLO IRON METEORITE AAA GRADE ARIZONA .3 Pounds USA STAND,170.1,2025-09-14,135.0,1.26,WorthPoint
canyon-diablo-meteorite,"Canyon Diablo Iron IAB Coconino County, Arizona Found 1891 185.6 G",232.0,2025-09-12,185.6,1.25,WorthPoint
canyon-diablo-meteorite,Beautiful 99 Gm. Etched Canyon Diablo Meteorite Pair Arizona Stands,179.1,2025-09-09,99.0,1.81,WorthPoint
canyon-diablo-meteorite,58 Gm . CANYON DIABLO IRON METEORITE AA GRADE ARIZONA STAND METEORITE CRATER,71.55,2025-09-08,58.0,1.23,WorthPoint
canyon-diablo-meteorite,733 Gm Canyon Diablo Arizona Iron Meteorite Complete Specimen Mountain Pk Shape,540.0,2025-09-08,733.0,0.74,WorthPoint
canyon-diablo-meteorite,10 Gm . CANYON DIABLO IRON METEORITE ; ARIZONA; PATINA ; USA; CASE,17.1,2025-09-04,10.0,1.71,WorthPoint
canyon-diablo-meteorite,49 Gm . CANYON DIABLO IRON METEORITE AA GRADE ARIZONA STAND METEORITE CRATER,62.55,2025-09-04,49.0,1.28,WorthPoint
canyon-diablo-meteorite,"Winslow AZ-Arizona, Santa Fe Train Crossing Canyon Diablo, Vintage Postcard",9.99,2025-09-03,,,WorthPoint
canyon-diablo-meteorite,181 Gm . CANYON DIABLO IRON METEORITE ; AAA GRADE ; ARIZONA STAND USA .4#,224.1,2025-09-02,181.0,1.24,WorthPoint
canyon-diablo-meteorite,CANYON DIABLO BRIDGE E Of Flagstaff Az Blackhawk Train Photo Slide 35mm Atsf,6.0,2025-09-02,,,WorthPoint
canyon-diablo-meteorite,220 Gm CANYON DIABLO IRON METEORITE MUSEUM GRADE ARIZONA .48 LB USA JAL,251.1,2025-09-02,220.0,1.14,WorthPoint
canyon-diablo-meteorite,117 Gm CANYON DIABLO IRON METEORITE MUSEUM GRADE ARIZONA .26 LB USA JAL,161.1,2025-09-01,117.0,1.38,WorthPoint
canyon-diablo-meteorite,82 Gm . CANYON DIABLO IRON METEORITE MUSEUM GRADE ARIZONA STAND,132.1,2025-08-30,82.0,1.61,WorthPoint
canyon-diablo-meteorite,Canyon Diablo Meteorite - 696 Grams,1187.5,2025-08-29,696.0,1.71,WorthPoint
canyon-diablo-meteorite,71 Gm . CANYON DIABLO IRON METEORITE ARIZONA STAND AAA GRADE,89.96,2025-08-28,71.0,1.27,WorthPoint
canyon-diablo-meteorite,71 Gm . CANYON DIABLO IRON METEORITE TOP GD ARIZONA JAL Patina Case,98.1,2025-08-26,71.0,1.38,WorthPoint
canyon-diablo-meteorite,Canyon Diablo Iron Meteorite 33.3 Grams 1. 5 Inch Killer Piece! Cleaned Beauty!,45.0,2025-08-26,33.3,1.35,WorthPoint
canyon-diablo-meteorite,133 Gm . CANYON DIABLO IRON METEORITE MUSEUM GRADE ARIZONA .3 LBS JAL USA,199.0,2025-08-25,133.0,1.5,WorthPoint
canyon-diablo-meteorite,126 Gm CANYON DIABLO IRON METEORITE TOP GRADE ARIZONA STAND USA,161.95,2025-08-25,126.0,1.29,WorthPoint
canyon-diablo-meteorite,39 Gm . CANYON DIABLO IRON METEORITE ARIZONA; USA CASE,49.45,2025-08-25,39.0,1.27,WorthPoint
canyon-diablo-meteorite,Canyon Diablo Etched Meteorite End Cut Weight 24.3 Grams 2 Inches,40.0,2025-08-25,24.3,1.65,WorthPoint
canyon-diablo-meteorite,89 Gm . CANYON DIABLO IRON METEORITE MUSEUM GD ARIZONA .2 LBS JAL,125.1,2025-08-23,89.0,1.41,WorthPoint
canyon-diablo-meteorite,Beautiful 196 Gm. Etched Canyon Diablo Meteorite Pair Arizona,269.1,2025-08-23,196.0,1.37,WorthPoint
canyon-diablo-meteorite,114 Gm . CANYON DIABLO IRON METEORITE MUSEUM GRADE ARIZONA,188.5,2025-08-22,114.0,1.65,WorthPoint
canyon-diablo-meteorite,Canyon Diablo IAB Iron Meteorite Arizona 10.45 Grams,32.75,2025-08-22,10.45,3.13,WorthPoint
canyon-diablo-meteorite,Canyon Diablo IAB Iron Meteorite Arizona 13.79 Grams,42.75,2025-08-22,13.79,3.1,WorthPoint
canyon-diablo-meteorite,Beauty 22 Gm Canyon Diablo Etched Meteorite Slice Amazing Etch Quality Jal Usa,53.1,2025-08-22,22.0,2.41,WorthPoint
canyon-diablo-meteorite,458 Gm . CANYON DIABLO IRON METEORITE MUSEUM GD ARIZONA 1.1 LBS JAL,494.1,2025-08-22,458.0,1.08,WorthPoint
canyon-diablo-meteorite,108 Gm . CANYON DIABLO IRON METEORITE MUSEUM GD ARIZONA .24 LBS JAL,152.1,2025-08-18,108.0,1.41,WorthPoint
canyon-diablo-meteorite,Atsf Santa Fe T Canyon Diablo Az 1978 Kodachrome Train Slide,6.5,2025-08-18,,,WorthPoint
canyon-diablo-meteorite,50 Gm . CANYON DIABLO IRON METEORITE TOP GD ARIZONA JAL Patina Case,71.1,2025-08-18,50.0,1.42,WorthPoint
canyon-diablo-meteorite,148 GM. Canyon Diablo METEORITE AAA GRADE!! BEAUTIFUL BABY METEORITE; .33#,179.1,2025-08-17,148.0,1.21,WorthPoint
canyon-diablo-meteorite,"Canyon Diablo Iron IAB Found 1891 Coconino County, Arizona 9.3 G",15.0,2025-08-17,9.3,1.61,WorthPoint
canyon-diablo-meteorite,"Canyon Diablo Iron IAB Found 1891 Coconino County, Arizona 5.3 G (Lot)",16.0,2025-08-17,5.3,3.02,WorthPoint
canyon-diablo-meteorite,105 Gm . CANYON DIABLO IRON METEORITE MUSEUM GD ARIZONA .24 LBS JAL,134.1,2025-08-16,105.0,1.28,WorthPoint
canyon-diablo-meteorite,"Canyon Diablo Meteorite Pendant, Astronomy Gift, Authentic Meteorite, 8.10g",47.2,2025-08-15,8.1,5.83,WorthPoint
canyon-diablo-meteorite,7.35 Grams OXIDE Canyon Diablo Meteor Crater OXIDITE Meteorite As Found Low Iron,5.99,2025-08-14,7.35,0.81,WorthPoint
canyon-diablo-meteorite,CANYON DIABLO Meteor Crater Iron Meteorite WHOLE Specimen WINSLOW ARIZONA,18.39,2025-08-14,,,WorthPoint
canyon-diablo-meteorite,Beautiful 314 Gm. Etched Canyon Diablo Meteorite Pair Arizona,251.1,2025-08-13,314.0,0.8,WorthPoint
canyon-diablo-meteorite,7.98 Grams OXIDE Canyon Diablo Meteor Crater OXIDITE Meteorite As Found Low Iron,6.99,2025-08-12,7.98,0.88,WorthPoint
canyon-diablo-meteorite,17.2 Grams All The Canyon Diablo Meteor Oxide Crater OXIDITE Meteorites As Found,13.99,2025-08-12,17.2,0.81,WorthPoint
canyon-diablo-meteorite,172 Gm. CANYON DIABLO IRON METEORITE ; ARIZONA STAND INCLUDED TOP GRADE; USA,179.1,2025-08-12,172.0,1.04,WorthPoint
canyon-diablo-meteorite,Vintage Arizona Postcard TWO GUNS Route 40 Canyon Diablo Town 1960,8.99,2025-08-12,,,WorthPoint
canyon-diablo-meteorite,168 Gm . CANYON DIABLO IRON METEORITE ; TOP GRADE; ARIZONA STAND INCLUDED,179.1,2025-08-11,168.0,1.07,WorthPoint
canyon-diablo-meteorite,43.3 Gram CANYON DIABLO Meteorite - IAB Iron Meteorite - TOP METEORITE,147.0,2025-08-10,43.3,3.39,WorthPoint
canyon-diablo-meteorite,Canyon Diablo Etched Meteorite Full Slice Weight 37.3 Grams 2.25 Inches,84.0,2025-08-10,37.3,2.25,WorthPoint
canyon-diablo-meteorite,98 Gm . CANYON DIABLO IRON METEORITE MUSEUM GD ARIZONA .22 LBS JAL,134.1,2025-08-07,98.0,1.37,WorthPoint
canyon-diablo-meteorite,88 Gm . CANYON DIABLO IRON METEORITE MUSEUM GD ARIZONA .2 LBS JAL,116.1,2025-08-07,88.0,1.32,WorthPoint
canyon-diablo-meteorite,195 Gm CANYON DIABLO IRON METEORITE MUSEUM GRADE ARIZONA .43 LB USA JAL,246.6,2025-08-07,195.0,1.26,WorthPoint
canyon-diablo-meteorite,"Canyon Diablo, Iron, IAB-MG Meteorite From Arizona, 1891, 68.7 Gram Individual",86.0,2025-08-06,68.7,1.25,WorthPoint
canyon-diablo-meteorite,44 Gm CANYON DIABLO IRON METEORITE MUSEUM GRADE ARIZONA STAND INCLUDED USA,62.95,2025-08-06,44.0,1.43,WorthPoint
canyon-diablo-meteorite,33 Gm CANYON DIABLO IRON METEORITE TOP GRADE ARIZONA STAND INCLUDED,44.95,2025-08-06,33.0,1.36,WorthPoint
canyon-diablo-meteorite,Beauty 132 Gm Canyon Diablo Etched Meteorite Slice Amazing Etch Quality Jal Usa,179.1,2025-08-04,132.0,1.36,WorthPoint
canyon-diablo-meteorite,17.6 Grams OXIDE Canyon Diablo Meteor Crater OXIDITE Meteorite As Found With COA,14.99,2025-08-04,17.6,0.85,WorthPoint
canyon-diablo-meteorite,250 Gm . CANYON DIABLO IRON METEORITE MUSEUM GRADE ARIZONA STAND INCLUDED,250.0,2025-08-04,250.0,1.0,WorthPoint
canyon-diablo-meteorite,Canyon Diablo Iron Nickel Meteorite Piece Asteroid Shard Meteor Nice Space Rock,134.95,2025-08-04,,,WorthPoint
canyon-diablo-meteorite,Beauty 96 Gm Canyon Diablo Etched Meteorite Slice Amazing Etch Quality Jal Usa,134.1,2025-08-03,96.0,1.4,WorthPoint
canyon-diablo-meteorite,83 Gm . CANYON DIABLO IRON METEORITE ; AAA GRADE ; ARIZONA STAND .2 Lbs. USA,107.1,2025-08-01,83.0,1.29,WorthPoint
canyon-diablo-meteorite,302 Gm CANYON DIABLO IRON METEORITE TOP GRADE ARIZONA STAND INCLUDED,296.96,2025-08-01,302.0,0.98,WorthPoint
canyon-diablo-meteorite,38 Gm . CANYON DIABLO IRON METEORITE ; A GRADE ; ARIZONA STAND USA,53.99,2025-08-01,38.0,1.42,WorthPoint
canyon-diablo-meteorite,76 Gm CANYON DIABLO IRON METEORITE TOP GRADE ARIZONA STAND INCLUDED,89.1,2025-07-30,76.0,1.17,WorthPoint
canyon-diablo-meteorite,63 Gm . CANYON DIABLO IRON METEORITE ; AAA GRADE ; ARIZONA STAND USA,71.99,2025-07-30,63.0,1.14,WorthPoint
canyon-diablo-meteorite,79 Gm . CANYON DIABLO IRON METEORITE AAA GRADE ARIZONA STAND METEORITE CRATER,103.46,2025-07-29,79.0,1.31,WorthPoint
canyon-diablo-meteorite,152 Gm CANYON DIABLO IRON METEORITE MUSEUM GRADE ARIZONA STAND INCLUDED .33 LB,215.1,2025-07-27,152.0,1.42,WorthPoint
canyon-diablo-meteorite,Beauty 159 Gm Canyon Diablo Etched Meteorite Slice Amazing Etch Quality Jal Usa,224.1,2025-07-27,159.0,1.41,WorthPoint
canyon-diablo-meteorite,31.5 Gram CANYON DIABLO Meteorite - IAB Iron Meteorite - TOP METEORITE,107.0,2025-07-26,31.5,3.4,WorthPoint
canyon-diablo-meteorite,Canyon Diablo Iron Meteorite 61.1 Grams 1.50 Inch Nice Piece! Cleaned Lightly,78.0,2025-07-25,61.1,1.28,WorthPoint
canyon-diablo-meteorite,47 Gm . CANYON DIABLO IRON NICKEL METEORITE AA GRADE W/ STAND .,62.1,2025-07-25,47.0,1.32,WorthPoint
canyon-diablo-meteorite,49 Gm . CANYON DIABLO IRON METEORITE TOP GRADE ARIZONA CASE,62.1,2025-07-25,49.0,1.27,WorthPoint
canyon-diablo-meteorite,2 CANYON DIABLO Meteorites - Iron Meteorite - TOP METEORITE 11g & 16g,44.95,2025-07-24,11.0,4.09,WorthPoint
canyon-diablo-meteorite,Canyon Diablo IAB Iron Meteorite Arizona 10.21 Grams,32.75,2025-07-24,10.21,3.21,WorthPoint
canyon-diablo-meteorite,Canyon Diablo IAB Iron Meteorite Arizona 8.51 Grams,27.75,2025-07-24,8.51,3.26,WorthPoint
canyon-diablo-meteorite,Beauty 87 Gm Canyon Diablo Etched Meteorite Slice Amazing Etch Quality Jal Usa,161.1,2025-07-23,87.0,1.85,WorthPoint
canyon-diablo-meteorite,Beauty 55 Gm Canyon Diablo Etched Meteorite Slice Amazing Etch Quality Jal Usa,80.1,2025-07-23,55.0,1.46,WorthPoint
canyon-diablo-meteorite,32.7 Grams All 12 Canyon Diablo Meteor Oxide Crater Oxidite As Found Meteorites,25.99,2025-07-22,32.7,0.79,WorthPoint
canyon-diablo-meteorite,Beautiful 144 Gm. Etched Canyon Diablo Meteorite Pair Arizona Stands,260.1,2025-07-21,144.0,1.81,WorthPoint
canyon-diablo-meteorite,Canyon Diablo Etched Meteorite Full Slice Weight 35.4 Grams 2.25 Inches,80.0,2025-07-20,35.4,2.26,WorthPoint
canyon-diablo-meteorite,Beauty 135 Gm Canyon Diablo Etched Meteorite Slice Amazing Etch Quality Jal Usa,140.0,2025-07-20,135.0,1.04,WorthPoint
canyon-diablo-meteorite,210 Gms Tiny 2-4 Gm Canyon Diablo Iron Meteorites Arizona Usa,134.1,2025-07-19,210.0,0.64,WorthPoint
canyon-diablo-meteorite,Canyon Diablo Etched Meteorite Full Slice Weight 27.1 Grams 2.5 Inches,61.0,2025-07-18,27.1,2.25,WorthPoint
canyon-diablo-meteorite,"""Canyon Diablo """"as Found"""" Iron Meteorite From Meteor Crater Arizona 11 Grams""",37.95,2025-07-18,11.0,3.45,WorthPoint
canyon-diablo-meteorite,142 Gm . CANYON DIABLO IRON METEORITE AAA GRADE; ARIZONA,179.95,2025-07-17,142.0,1.27,WorthPoint
canyon-diablo-meteorite,47 Gm CANYON DIABLO IRON METEORITE And A 48 Gm. Campo Crystal,86.0,2025-07-16,47.0,1.83,WorthPoint
canyon-diablo-meteorite,226 Grams Old Route 66 Canyon Diablo American Meteorite Museum WALL BRICK ROCK,7.49,2025-07-16,226.0,0.03,WorthPoint
canyon-diablo-meteorite,2.37 Grams Canyon Diablo As Found Meteor Crater Iron Meteorite With A COA,6.49,2025-07-14,2.37,2.74,WorthPoint
canyon-diablo-meteorite,8.15 Grams OXIDE Canyon Diablo Meteor Crater OXIDITE Meteorite As Found Low Iron,6.99,2025-07-13,8.15,0.86,WorthPoint
canyon-diablo-meteorite,46 Gm . CANYON DIABLO IRON METEORITE AA GRADE; ARIZONA CASE,53.96,2025-07-13,46.0,1.17,WorthPoint
canyon-diablo-meteorite,84 Gm CANYON DIABLO IRON METEORITE AAA GRADE ARIZONA STAND USA,107.96,2025-07-12,84.0,1.29,WorthPoint
canyon-diablo-meteorite,136 Gm CANYON DIABLO IRON METEORITE AAA GRADE ARIZONA STAND USA,179.95,2025-07-12,136.0,1.32,WorthPoint
canyon-diablo-meteorite,66 Gm CANYON DIABLO IRON METEORITE MUSEUM GRADE ARIZONA STAND INCLUDED Patina,80.1,2025-07-10,66.0,1.21,WorthPoint
canyon-diablo-meteorite,61 Gm . CANYON DIABLO IRON METEORITE ; AAA GRADE ; ARIZONA STAND USA,71.99,2025-07-10,61.0,1.18,WorthPoint
canyon-diablo-meteorite,46 Gm . CANYON DIABLO IRON METEORITE TOP GRADE; ARIZONA,62.95,2025-07-10,46.0,1.37,WorthPoint
canyon-diablo-meteorite,166 Gm CANYON DIABLO IRON METEORITE AAA GRADE ARIZONA STAND INCLUDED .365 LBS,179.1,2025-07-08,166.0,1.08,WorthPoint
canyon-diablo-meteorite,316 Gm . CANYON DIABLO IRON METEORITE ; TOP GRADE; ARIZONA STAND INCLUDED,296.1,2025-07-08,316.0,0.94,WorthPoint
canyon-diablo-meteorite,10.2 Grams Canyon Diablo As Found Meteor Crater Iron Meteorite With A COA,17.99,2025-07-08,10.2,1.76,WorthPoint
canyon-diablo-meteorite,36 Gms Tiny 0-2 Gm Canyon Diablo Iron Meteorites Arizona Usa,35.0,2025-07-08,36.0,0.97,WorthPoint
canyon-diablo-meteorite,Beauty 165 Gm Canyon Diablo Etched Meteorite Slice Amazing Etch Quality Jal Usa,224.1,2025-07-08,165.0,1.36,WorthPoint
canyon-diablo-meteorite,94 Gm CANYON DIABLO IRON METEORITE AAA GRADE ARIZONA STAND USA,116.96,2025-07-08,94.0,1.24,WorthPoint
canyon-diablo-meteorite,15.7 Grams Canyon Diablo As Found Meteor Crater Iron Meteorite With A COA,28.99,2025-07-07,15.7,1.85,WorthPoint
canyon-diablo-meteorite,153 Gm . CANYON DIABLO IRON METEORITE AAA GRADE ARIZONA .33 Pounds USA STAND,188.1,2025-07-07,153.0,1.23,WorthPoint
canyon-diablo-meteorite,148 Gm CANYON DIABLO IRON METEORITE AAA GRADE ARIZONA STAND USA,179.95,2025-07-06,148.0,1.22,WorthPoint
canyon-diablo-meteorite,820 GM WHOLESALE LOT 16-75 GM CANYON DIABLO METEORITES ARIZONA USA JAL Patina,539.1,2025-07-06,820.0,0.66,WorthPoint
canyon-diablo-meteorite,Canyon Diablo Graphite Nodule Meteorite FULL SLICE Weight 1.18 Grams .5 Inch,11.0,2025-07-05,1.18,9.32,WorthPoint
canyon-diablo-meteorite,Canyon Diablo Graphite Nodule Meteorite FULL SLICE Weight 6.29 Grams 1.5 Inch,65.0,2025-07-05,6.29,10.33,WorthPoint
canyon-diablo-meteorite,20 Gm . CANYON DIABLO IRON METEORITE ARIZONA USA CASE,26.95,2025-07-04,20.0,1.35,WorthPoint
canyon-diablo-meteorite,13.3 Grams Canyon Diablo As Found Meteor Crater Iron Meteorite With A COA,22.99,2025-07-03,13.3,1.73,WorthPoint
canyon-diablo-meteorite,71 Gm CANYON DIABLO IRON METEORITE AAA GRADE ARIZONA STAND USA,89.96,2025-07-03,71.0,1.27,WorthPoint
canyon-diablo-meteorite,6 Gm . CANYON DIABLO IRON METEORITE ARIZONA; USA CASE POLISHED,17.95,2025-07-03,6.0,2.99,WorthPoint
canyon-diablo-meteorite,9.44 Grams Canyon Diablo Meteor Crater Cleaned Iron Meteorite With A COA,17.99,2025-07-02,9.44,1.91,WorthPoint
canyon-diablo-meteorite,6.38 Grams OXIDE Canyon Diablo Meteor Crater OXIDITE Meteorite As Found Low Iron,5.99,2025-07-02,6.38,0.94,WorthPoint
canyon-diablo-meteorite,37 Grams Canyon Diablo Coconino From Rim Of Meteor Crater - Old Collection,5.49,2025-07-01,37.0,0.15,WorthPoint
canyon-diablo-meteorite,11.30 Grams All 6 Canyon Diablo Meteor Oxide Crater OXIDITE Meteorites As Found,8.99,2025-07-01,11.3,0.8,WorthPoint
canyon-diablo-meteorite,Canyon Diablo Graphite Nodule Meteorite FULL SLICE Weight 21 Grams 2.25 Inch,210.0,2025-07-01,21.0,10.0,WorthPoint
canyon-diablo-meteorite,346 Gm . CANYON DIABLO IRON METEORITE MUSEUM GRADE; ARIZONA .76 LBS SCULPTURED,399.0,2025-06-30,346.0,1.15,WorthPoint
canyon-diablo-meteorite,Canyon Diablo Graphite Nodule Meteorite End Cut Weight .497 Grams .5 Inch,8.0,2025-06-30,497.0,0.02,WorthPoint
canyon-diablo-meteorite,Canyon Diablo (Meteor Crater) Meteorite 27 Grams. Winslow Arizona,32.0,2025-06-30,27.0,1.19,WorthPoint
canyon-diablo-meteorite,500 GM WHOLESALE LOT 1-30 GM CANYON DIABLO METEORITES ARIZONA USA JAL Patina,323.1,2025-06-30,500.0,0.65,WorthPoint
canyon-diablo-meteorite,132 Gm . CANYON DIABLO IRON METEORITE ; MUSEUM GRADE; ARIZONA .3 Lbs,179.1,2025-06-29,132.0,1.36,WorthPoint
canyon-diablo-meteorite,10 SPHEROIDS Canyon Diablo Meteor Crater Arizona Meteorite,12.0,2025-06-28,,,WorthPoint
canyon-diablo-meteorite,C. 1900 Fred Harvey Sterling Silver Canyon Diablo Souvenir Spoon (24.1),100.0,2025-06-27,,,WorthPoint
canyon-diablo-meteorite,43 Gm . CANYON DIABLO IRON METEORITE AA GRADE; ARIZONA CASE,53.96,2025-06-27,43.0,1.25,WorthPoint
canyon-diablo-meteorite,2.5 Kilo Wholesale Lot Smaller Canyon Diablo Iron Meteorites Arizona Usa Jal,1600.0,2025-06-27,,,WorthPoint
canyon-diablo-meteorite,1312 Gm . CANYON DIABLO IRON METEORITE MUSEUM COLLECTORS GD ARIZONA 2.9 LBS JAL,1709.1,2025-06-27,1312.0,1.3,WorthPoint
canyon-diablo-meteorite,Canyon Diablo Iron Meteorite 942.5 Grams 4 Inches Killer Piece! Natural Patina,1250.0,2025-06-26,942.5,1.33,WorthPoint
canyon-diablo-meteorite,162 Gm CANYON DIABLO IRON METEORITE AAA GRADE ARIZONA .35 LB USA JAL SCULPTURED,224.1,2025-06-25,162.0,1.38,WorthPoint
canyon-diablo-meteorite,Canyon Diablo Graphite Nodule Meteorite FULL SLICE Weight 16.15 Grams 2 Inch,162.0,2025-06-25,16.15,10.03,WorthPoint
canyon-diablo-meteorite,Beautiful 340 Gm. Etched Canyon Diablo Meteorite Pair Arizona,629.1,2025-06-25,340.0,1.85,WorthPoint
canyon-diablo-meteorite,Canyon Diablo Meteorite - Arizona - 28 Grams,33.0,2025-06-25,28.0,1.18,WorthPoint
canyon-diablo-meteorite,Meteorite 818 Grams Iron EL DIABLO - Canyon Diablo ? GREAT PIECE,370.0,2025-06-25,818.0,0.45,WorthPoint
canyon-diablo-meteorite,Meteorite 228 Grams Iron EL DIABLO - Canyon Diablo ? Meteor,102.5,2025-06-25,228.0,0.45,WorthPoint
canyon-diablo-meteorite,Canyon Diablo ~ Arizona ~ Iron Meteorite #2 ~ 138 Grams,149.99,2025-06-23,138.0,1.09,WorthPoint
canyon-diablo-meteorite,Canyon Diablo ~ Arizona ~ Iron Meteorite #1 ~ 226 Grams,199.99,2025-06-23,226.0,0.88,WorthPoint
canyon-diablo-meteorite,Beautiful 141 Gm. Etched Canyon Diablo Meteorite Pair Arizona,269.1,2025-06-21,141.0,1.91,WorthPoint
canyon-diablo-meteorite,7 Grams As Found Canyon Diablo Meteor Crater Iron Meteorite From Arizona,21.95,2025-06-20,7.0,3.14,WorthPoint
canyon-diablo-meteorite,46 Gm CANYON DIABLO IRON METEORITE AA GRADE ARIZONA CASE INCLUDED,62.95,2025-06-20,46.0,1.37,WorthPoint
canyon-diablo-meteorite,Beautiful 114 Gm. Etched Canyon Diablo Meteorite Pair Arizona,260.1,2025-06-18,114.0,2.28,WorthPoint
canyon-diablo-meteorite,187 Grams Old Route 66 Canyon Diablo American Meteorite Museum WALL BRICK ROCK,5.49,2025-06-17,187.0,0.03,WorthPoint
canyon-diablo-meteorite,240 Gm . CANYON DIABLO IRON METEORITE COLLECTORS GRADE; ARIZONA .53 LB USA JAL,359.1,2025-06-17,240.0,1.5,WorthPoint
canyon-diablo-meteorite,59 Gm . CANYON DIABLO IRON METEORITE TOP GRADE; ARIZONA,71.33,2025-06-17,59.0,1.21,WorthPoint
canyon-diablo-meteorite,402 Gm . CANYON DIABLO IRON METEORITE AAA GRADE ARIZONA .9 Pounds,404.1,2025-06-16,402.0,1.01,WorthPoint
canyon-diablo-meteorite,5.18 Grams Canyon Diablo Meteor Crater Cleaned Iron Meteorite With A COA,9.99,2025-06-15,5.18,1.93,WorthPoint
canyon-diablo-meteorite,1920s Arizona Canyon Diablo Railroad Train Albertype Occupation Postcard 25-5247,7.99,2025-06-14,,,WorthPoint
canyon-diablo-meteorite,Canyon Diablo Graphite Nodule Meteorite End Piece Weight 11.11 Grams 1.5 Inch,94.35,2025-06-14,11.11,8.49,WorthPoint
canyon-diablo-meteorite,140 Gm CANYON DIABLO IRON METEORITE AAA GRADE ARIZONA STAND .31 # USA,179.95,2025-06-13,140.0,1.29,WorthPoint
canyon-diablo-meteorite,37 Gm . CANYON DIABLO IRON METEORITE MUSEUM GRADE; ARIZONA CASE,53.96,2025-06-13,37.0,1.46,WorthPoint
canyon-diablo-meteorite,388 Gm . CANYON DIABLO IRON NICKEL METEORITE ; MUSEUM GRADE W/ STAND .85 LBS,449.1,2025-06-13,388.0,1.16,WorthPoint
canyon-diablo-meteorite,CANYON DIABLO Meteor Crater Iron Meteorite POLISHED Specimen WINSLOW ARIZONA,55.99,2025-06-13,,,WorthPoint
canyon-diablo-meteorite,Canyon Diablo Etched Meteorite Full Slice Weight 31 Grams 2.25 Inches,59.5,2025-06-12,31.0,1.92,WorthPoint
canyon-diablo-meteorite,"Vtg Linen Post Card Santa Fe Super Chief At Canyon Diablo, Arizona - Unposted",14.95,2025-06-12,,,WorthPoint
canyon-diablo-meteorite,124 Gm CANYON DIABLO IRON METEORITE AAA GRADE ARIZONA STAND .27 # USA,161.95,2025-06-12,124.0,1.31,WorthPoint
canyon-diablo-meteorite,3.97 Grams Canyon Diablo As Found Meteor Crater Iron Meteorite With A COA,8.5,2025-06-11,3.97,2.14,WorthPoint
canyon-diablo-meteorite,7.35 Grams Canyon Diablo Meteor Crater Cleaned Iron Meteorite With A COA,15.5,2025-06-11,7.35,2.11,WorthPoint
canyon-diablo-meteorite,196 Gm . CANYON DIABLO IRON METEORITE ; MUSEUM GRADE; ARIZONA .43+ Lbs,224.1,2025-06-11,196.0,1.14,WorthPoint
canyon-diablo-meteorite,142 Gm . CANYON DIABLO IRON METEORITE AAA GRADE ARIZONA STAND METEORITE CRATER,179.55,2025-06-11,142.0,1.26,WorthPoint
canyon-diablo-meteorite,222 Gm CANYON DIABLO IRON METEORITE MUSEUM GRADE ARIZONA LABEL AND STAND .49 #,217.89,2025-06-11,222.0,0.98,WorthPoint
canyon-diablo-meteorite,494 Gm . CANYON DIABLO IRON METEORITE ; MUSEUM GRADE; ARIZONA; 1.1LBS,539.1,2025-06-10,494.0,1.09,WorthPoint
canyon-diablo-meteorite,558 Gm CANYON DIABLO IRON METEORITE ARIZONA 1.23 Lbs MUSEUM Grade,629.95,2025-06-09,558.0,1.13,WorthPoint
canyon-diablo-meteorite,Canyon Diablo Graphite Nodule Meteorite End Piece Weight 25.67 Grams 1.5 Inch,217.6,2025-06-09,25.67,8.48,WorthPoint
canyon-diablo-meteorite,Canyon Diablo Graphite Meteorite Full Slice Weight 17.7 Grams 2 Inches,150.45,2025-06-09,17.7,8.5,WorthPoint
canyon-diablo-meteorite,364 Gm . CANYON DIABLO IRON METEORITE MUSEUM GRADE ; ARIZONA STAND .8 Lbs,404.1,2025-06-09,364.0,1.11,WorthPoint
canyon-diablo-meteorite,1.778 Kgm CANYON DIABLO IRON METEORITE ARIZONA 3.91 Lbs MUSEUM GRADE JAL,1799.1,2025-06-09,1778.0,1.01,WorthPoint
canyon-diablo-meteorite,Canyon Diablo Iron Meteorite 70 Grams 3 Inches Killer Piece! Cleaned Beauty!,76.5,2025-06-08,70.0,1.09,WorthPoint
canyon-diablo-meteorite,Canyon Diablo Etched Meteorite Full Slice Weight 50.1 Grams 3 Inches,96.05,2025-06-08,50.1,1.92,WorthPoint
canyon-diablo-meteorite,Canyon Diablo Graphite Meteorite Thin End Cut Weight 10.5 Grams 1.5 Inches,89.25,2025-06-08,10.5,8.5,WorthPoint
canyon-diablo-meteorite,Canyon Diablo Etched Meteorite Full Slice Weight 38.2 Grams 2.5 Inches,73.1,2025-06-08,38.2,1.91,WorthPoint
canyon-diablo-meteorite,53 Gm . CANYON DIABLO IRON METEORITE MUSEUM GRADE ARIZONA STAND,71.1,2025-06-08,53.0,1.34,WorthPoint
canyon-diablo-meteorite,34.9 Grams Canyon Diablo As Found Meteor Crater Iron Meteorite With A COA,49.99,2025-06-08,34.9,1.43,WorthPoint
canyon-diablo-meteorite,16.4 Grams Canyon Diablo As Found Meteor Crater Iron Meteorite With A COA,28.99,2025-06-08,16.4,1.77,WorthPoint
canyon-diablo-meteorite,3.74 Grams Canyon Diablo As Found Meteor Crater Iron Meteorite With A COA,7.99,2025-06-08,3.74,2.14,WorthPoint
canyon-diablo-meteorite,2.93 Grams Canyon Diablo Meteor Crater Cleaned Iron Meteorite With A COA,6.5,2025-06-08,2.93,2.22,WorthPoint
canyon-diablo-meteorite,2.01 Grams Canyon Diablo Meteor Crater Cleaned Iron Meteorite With A COA,5.99,2025-06-06,2.01,2.98,WorthPoint
canyon-diablo-meteorite,55 Gm CANYON DIABLO IRON METEORITE AAA GRADE ARIZONA CASE INCLUDED,60.71,2025-06-05,55.0,1.1,WorthPoint
canyon-diablo-meteorite,Canyon Diablo Iron Meteorite 50.8 Grams 1. 5 Inch Killer Piece! Cleaned Beauty!,65.0,2025-06-04,50.8,1.28,WorthPoint
canyon-diablo-meteorite,105 Gm . CANYON DIABLO IRON METEORITE TOP GRADE; ARIZONA,104.69,2025-06-04,105.0,1.0,WorthPoint
canyon-diablo-meteorite,Canyon Diablo Iron Meteorite Oxide Meteor Crater Northern Arizona Specimen,7.78,2025-06-03,,,WorthPoint
canyon-diablo-meteorite,77 Gm . CANYON DIABLO IRON METEORITE AAA GRADE ARIZONA STAND METEORITE CRATER,98.96,2025-06-01,77.0,1.29,WorthPoint
canyon-diablo-meteorite,Meteorite Canyon Diablo Found 1891 Coconino County AZ,24.95,2025-06-01,,,WorthPoint
canyon-diablo-meteorite,90.9 Gm . CANYON DIABLO IRON METEORITE ; AWESOME SHAPE; ARIZONA STAND,89.99,2025-05-31,90.9,0.99,WorthPoint
canyon-diablo-meteorite,Beautiful 189 Gm. Etched Canyon Diablo Meteorite Pair Arizona,392.45,2025-05-30,189.0,2.08,WorthPoint
canyon-diablo-meteorite,"Original Slide- BNSF C44-9W 4698 & Train On Canyon Diablo,AZ Bridge 10/05",7.35,2025-05-29,,,WorthPoint
canyon-diablo-meteorite,304 Gm . CANYON DIABLO IRON METEORITE MUSEUM GRADE ARIZONA STAND .67 LBS,315.5,2025-05-27,304.0,1.04,WorthPoint
canyon-diablo-meteorite,262 Gm . CANYON DIABLO IRON METEORITE TOP GRADE; ARIZONA .58 Lb.,247.31,2025-05-27,262.0,0.94,WorthPoint
canyon-diablo-meteorite,185 Gm . CANYON DIABLO IRON METEORITE AAA GRADE ARIZONA STAND METEORITE CRATER,213.71,2025-05-27,185.0,1.16,WorthPoint
canyon-diablo-meteorite,160 Gm . CANYON DIABLO IRON METEORITE MUSEUM GRADE ARIZONA STAND,179.1,2025-05-27,160.0,1.12,WorthPoint
canyon-diablo-meteorite,Canyon Diablo Etched Meteorite End Cut Weight 23 Grams 2.25 Inches,52.0,2025-05-26,23.0,2.26,WorthPoint
canyon-diablo-meteorite,65 Gm . CANYON DIABLO IRON METEORITE MUSEUM GRADE; ARIZONA STAND,80.96,2025-05-25,65.0,1.25,WorthPoint
canyon-diablo-meteorite,"Santa Fe Train, Canyon Diablo, Winslow, Arizona - Linen Postcard- Fred Harvey",9.99,2025-05-24,,,WorthPoint
canyon-diablo-meteorite,"1901 - Train Crosses Canyon Diablo Trestle AZ, Atlantic & Pacific RR, Postcard",5.0,2025-05-24,,,WorthPoint
canyon-diablo-meteorite,44 Gm . CANYON DIABLO IRON METEORITE TOP GRADE; ARIZONA STAND S POLISHED,49.46,2025-05-23,44.0,1.12,WorthPoint
canyon-diablo-meteorite,"Whole Canyon Diablo Iron Meteorite, 932 Grams",840.0,2025-05-20,932.0,0.9,WorthPoint
canyon-diablo-meteorite,184 Gm . CANYON DIABLO IRON METEORITE AAA GRADE ARIZONA STAND USA,206.1,2025-05-19,184.0,1.12,WorthPoint
canyon-diablo-meteorite,130 Gm . CANYON DIABLO IRON METEORITE ; AA GRADE; ARIZONA .3 Lbs STAND,144.99,2025-05-19,130.0,1.12,WorthPoint
canyon-diablo-meteorite,Canyon Diablo Etched Meteorite Full Slice Weight 24.1 Grams 2.25 Inches,54.0,2025-05-16,24.1,2.24,WorthPoint
canyon-diablo-meteorite,7.52 Grams OXIDE Canyon Diablo Meteor Crater OXIDITE Meteorite As Found Low Iron,5.99,2025-05-15,7.52,0.8,WorthPoint
canyon-diablo-meteorite,1940s Canyon Diablo Arizona Badger 2 Guns Service Station RPPC Postcard 25-4114,14.99,2025-05-14,2.0,7.5,WorthPoint
canyon-diablo-meteorite,142 Gm CANYON DIABLO IRON METEORITE AAA GRADE ARIZONA STAND INCLUDED,189.05,2025-05-12,142.0,1.33,WorthPoint
canyon-diablo-meteorite,13 Gm CANYON DIABLO IRON METEORITE TOP GRADE ARIZONA CASE INCLUDED,26.95,2025-05-12,13.0,2.07,WorthPoint
canyon-diablo-meteorite,16 Gm CANYON DIABLO IRON METEORITE MUSEUM GRADE ARIZONA CASE INCLUDED,28.45,2025-05-12,16.0,1.78,WorthPoint
canyon-diablo-meteorite,7.17 Grams OXIDE Canyon Diablo Meteor Crater OXIDITE Meteorite As Found Low Iron,5.99,2025-05-12,7.17,0.84,WorthPoint
canyon-diablo-meteorite,"Canyon Diablo, Meteor Crater Iron Meteorite: 42.4g",110.0,2025-05-11,42.4,2.59,WorthPoint
canyon-diablo-meteorite,7.18 Grams OXIDE Canyon Diablo Meteor Crater OXIDITE Meteorite As Found Low Iron,5.99,2025-05-09,7.18,0.83,WorthPoint
canyon-diablo-meteorite,120 Gm . CANYON DIABLO IRON METEORITE ARIZONA .26 POUNDS AAA GRADE,141.55,2025-05-08,120.0,1.18,WorthPoint
canyon-diablo-meteorite,ENORMOUS MUSEUM QUALITY 753g CANYON DIABLO METEORITE FULL SLICE FANTASTIC ETCH!,2095.0,2025-05-07,753.0,2.78,WorthPoint
canyon-diablo-meteorite,7.67 Grams OXIDE Canyon Diablo Meteor Crater OXIDITE Meteorite As Found Low Iron,5.49,2025-05-06,7.67,0.72,WorthPoint
canyon-diablo-meteorite,Beautiful 278 Gm. Canyon Diablo Meteorite Pair Arizona Very Light Etch Pattern,407.55,2025-05-04,278.0,1.47,WorthPoint
canyon-diablo-meteorite,73 Gm . CANYON DIABLO IRON METEORITE ; AAA GRADE ; ARIZONA STAND USA,94.05,2025-05-04,73.0,1.29,WorthPoint
canyon-diablo-meteorite,160 Gm CANYON DIABLO IRON METEORITE MUSEUM GRADE ARIZONA STAND INCLUDED,217.55,2025-05-03,160.0,1.36,WorthPoint
canyon-diablo-meteorite,72 Gm CANYON DIABLO IRON METEORITE MUSEUM GRADE ARIZONA STAND INCLUDED Patina,94.05,2025-05-02,72.0,1.31,WorthPoint
canyon-diablo-meteorite,23 Gram Canyon Diablo Iron Meteorite - Shard Shape - Natural Ex Reed - Arizona,115.0,2025-05-02,23.0,5.0,WorthPoint
canyon-diablo-meteorite,Iron Meteorite Fragment 60 Grams Canyon Diablo,49.0,2025-05-01,60.0,0.82,WorthPoint
canyon-diablo-meteorite,Meteorites - 58.5g Canyon Diablo Nickel-Iron Meteorite Complete Individual,79.95,2025-05-01,58.5,1.37,WorthPoint
canyon-diablo-meteorite,495 Grams Old Route 66 Canyon Diablo American Meteorite Museum WALL BRICK ROCK,11.99,2025-05-01,495.0,0.02,WorthPoint
canyon-diablo-meteorite,178 Grams Old Route 66 Canyon Diablo American Meteorite Museum WALL BRICK ROCK,5.49,2025-05-01,178.0,0.03,WorthPoint
canyon-diablo-meteorite,241 Grams Old Route 66 Canyon Diablo American Meteorite Museum WALL BRICK ROCK,7.49,2025-05-01,241.0,0.03,WorthPoint
canyon-diablo-meteorite,295 Grams Old Route 66 Canyon Diablo American Meteorite Museum WALL BRICK ROCK,7.79,2025-05-01,295.0,0.03,WorthPoint
canyon-diablo-meteorite,410 Grams Old Route 66 Canyon Diablo American Meteorite Museum WALL BRICK ROCK,9.99,2025-05-01,410.0,0.02,WorthPoint
canyon-diablo-meteorite,Meteorites - 54.9g Canyon Diablo Nickel-Iron Meteorite Complete Individual,79.95,2025-05-01,54.9,1.46,WorthPoint
canyon-diablo-meteorite,Canyon Diablo Graphite Meteorite Full Slice Weight 22.1 Grams 2.25 Inches,221.0,2025-05-01,22.1,10.0,WorthPoint
canyon-diablo-meteorite,55 Gm. CANYON DIABLO IRON METEORITE ; ARIZONA TOP GRADE; USA,59.99,2025-04-28,55.0,1.09,WorthPoint
canyon-diablo-meteorite,11 Gm CANYON DIABLO IRON METEORITE MUSEUM GRADE ARIZONA CASE INCLUDED,28.45,2025-04-27,11.0,2.59,WorthPoint
canyon-diablo-meteorite,Canyon Diablo IAB Iron Meteorite Arizona 16.49 Grams,46.75,2025-04-26,16.49,2.84,WorthPoint
canyon-diablo-meteorite,Canyon Diablo IAB Iron Meteorite Arizona 10.17 Grams,30.75,2025-04-26,10.17,3.02,WorthPoint
canyon-diablo-meteorite,Canyon Diablo IAB Iron Meteorite Arizona 6.93 Grams,18.75,2025-04-26,6.93,2.71,WorthPoint
canyon-diablo-meteorite,Canyon Diablo IAB Iron Meteorite Arizona 8.37 Grams,26.75,2025-04-26,8.37,3.2,WorthPoint
canyon-diablo-meteorite,78 Gm CANYON DIABLO IRON METEORITE AA GRADE ARIZONA STAND INCLUDED,113.05,2025-04-25,78.0,1.45,WorthPoint
canyon-diablo-meteorite,458 Gm . CANYON DIABLO IRON METEORITE MUSEUM GRADE; ARIZONA 1+ Lbs,541.46,2025-04-24,458.0,1.18,WorthPoint
canyon-diablo-meteorite,115 Gm . CANYON DIABLO IRON METEORITE ; AAA GRADE ; ARIZONA STAND USA,141.55,2025-04-23,115.0,1.23,WorthPoint
canyon-diablo-meteorite,266 Gm . CANYON DIABLO IRON METEORITE TOP GRADE ARIZONA STAND .58 LBS,329.95,2025-04-23,266.0,1.24,WorthPoint
canyon-diablo-meteorite,Canyon Diablo IAB Iron Meteorite Arizona 13.12 Grams,33.75,2025-04-22,13.12,2.57,WorthPoint
canyon-diablo-meteorite,230 Gm CANYON DIABLO IRON METEORITE MUSEUM GRADE ARIZONA STAND INCLUDED .5 LBS,251.95,2025-04-21,230.0,1.1,WorthPoint
canyon-diablo-meteorite,82 Gm CANYON DIABLO IRON METEORITE MUSEUM GRADE ARIZONA STAND INCLUDED,107.1,2025-04-20,82.0,1.31,WorthPoint
canyon-diablo-meteorite,"ORIGINAL SLIDE ATSF Santa Fe SD45-2R 5814 Action;Canyon Diablo,AZ;October 1988",11.77,2025-04-20,,,WorthPoint
canyon-diablo-meteorite,Canyon Diablo Etched Meteorite End Cut Weight 26.3 Grams 1.75 Inches,50.0,2025-04-20,26.3,1.9,WorthPoint
canyon-diablo-meteorite,40 Gm CANYON DIABLO IRON METEORITE MUSEUM GRADE ARIZONA STAND INCLUDED,53.1,2025-04-19,40.0,1.33,WorthPoint
canyon-diablo-meteorite,196 Gm CANYON DIABLO IRON METEORITE TOP GRADE ARIZONA STAND INCLUDED,227.05,2025-04-19,196.0,1.16,WorthPoint
canyon-diablo-meteorite,BOTH HALVES OF ETCHED 174 Gm CANYON DIABLO IRON METEORITE 116 & 58 Gm ARIZONA,379.95,2025-04-18,174.0,2.18,WorthPoint
canyon-diablo-meteorite,184 Gm CANYON DIABLO IRON METEORITE MUSEUM GRADE ARIZONA STAND INCLUDED,265.95,2025-04-17,184.0,1.45,WorthPoint
canyon-diablo-meteorite,36 Gm CANYON DIABLO IRON METEORITE MUSEUM GRADE ARIZONA STAND INCLUDED,44.1,2025-04-15,36.0,1.23,WorthPoint
canyon-diablo-meteorite,Canyon Diablo Etched Meteorite Full Slice Weight 34.8 Grams 2 Inches,78.0,2025-04-15,34.8,2.24,WorthPoint
canyon-diablo-meteorite,128 Gm . CANYON DIABLO IRON METEORITE ; MUSEUM GRADE; ARIZONA STAND .3 #,151.05,2025-04-15,128.0,1.18,WorthPoint
canyon-diablo-meteorite,49 Gm CANYON DIABLO IRON METEORITE MUSEUM GRADE ARIZONA STAND INCLUDED,62.1,2025-04-14,49.0,1.27,WorthPoint
canyon-diablo-meteorite,18 Gm CANYON DIABLO IRON METEORITE TOP GRADE ARIZONA STAND INCLUDED,28.45,2025-04-14,18.0,1.58,WorthPoint
canyon-diablo-meteorite,226 Gm . CANYON DIABLO IRON METEORITE ; MUSEUM GRADE; ARIZONA .5+ Lbs,284.05,2025-04-14,226.0,1.26,WorthPoint
canyon-diablo-meteorite,Canyon Diablo Az - 1911 Used Postcard - Incredible Railroad Bridge,6.45,2025-04-14,,,WorthPoint
canyon-diablo-meteorite,826 Gm Canyon Diablo Iron Meteorite,300.0,2025-04-14,826.0,0.36,WorthPoint
canyon-diablo-meteorite,38 Gm CANYON DIABLO IRON METEORITE TOP GRADE ARIZONA STAND INCLUDED,47.45,2025-04-12,38.0,1.25,WorthPoint
canyon-diablo-meteorite,62 Gm CANYON DIABLO IRON METEORITE MUSEUM GRADE ARIZONA STAND INCLUDED Patina,79.8,2025-04-12,62.0,1.29,WorthPoint
canyon-diablo-meteorite,100g CANYON DIABLO IRON METEORITE MUSEUM GRADE ARIZONA FANTASTIC SHAPE PATINA,149.99,2025-04-12,100.0,1.5,WorthPoint
canyon-diablo-meteorite,"Meteorite**Canyon Diablo, Graphite Nodule!**10.159 Gram, Rare W/Historical Label",325.0,2025-04-12,10.159,31.99,WorthPoint
canyon-diablo-meteorite,158 Gm . CANYON DIABLO IRON METEORITE MUSEUM GRADE ARIZONA STAND,179.1,2025-04-11,158.0,1.13,WorthPoint
canyon-diablo-meteorite,Set Of 4 Postcards Santa Fe Train Crossing Canyon Diablo Arizona,7.99,2025-04-09,,,WorthPoint
canyon-diablo-meteorite,Brian Wilhoite Canyon Diablo Bowie White Stag Stainless Fixed Blade Knife C28,55.95,2025-04-08,,,WorthPoint
canyon-diablo-meteorite,Canyon Diablo Iron Meteorite Specimen Meteor Crater ARIZONA W/ Case & ID Card,8.98,2025-04-07,,,WorthPoint
canyon-diablo-meteorite,69 Gm . CANYON DIABLO IRON METEORITE ; AAA GRADE ; ARIZONA STAND USA,90.24,2025-04-04,69.0,1.31,WorthPoint
canyon-diablo-meteorite,232 Gm . CANYON DIABLO IRON METEORITE ; TOP GRADE ; ARIZONA STAND .51 Lbs,224.1,2025-03-31,232.0,0.97,WorthPoint
canyon-diablo-meteorite,172 Gm . CANYON DIABLO IRON METEORITE ARIZONA .38 POUNDS AAA GRADE,217.55,2025-03-30,172.0,1.26,WorthPoint
canyon-diablo-meteorite,Canyon Diablo IAB Iron Meteorite Arizona 25.19 Grams,67.75,2025-03-30,25.19,2.69,WorthPoint
canyon-diablo-meteorite,Canyon Diablo IAB Iron Meteorite Arizona 6.27 Grams,17.75,2025-03-30,6.27,2.83,WorthPoint
canyon-diablo-meteorite,Canyon Diablo IAB Iron Meteorite Arizona 8.39 Grams,26.75,2025-03-30,8.39,3.19,WorthPoint
canyon-diablo-meteorite,Canyon Diablo IAB Iron Meteorite Arizona 7.58 Grams,24.75,2025-03-30,7.58,3.27,WorthPoint
canyon-diablo-meteorite,23 Gm . CANYON DIABLO IRON METEORITE ; ARIZONA; PATINA ; USA; CASE,27.55,2025-03-27,23.0,1.2,WorthPoint
canyon-diablo-meteorite,Canyon Diablo Etched Meteorite Full Slice Weight 28.3 Grams 2 Inches,63.0,2025-03-27,28.3,2.23,WorthPoint
canyon-diablo-meteorite,Canyon Diablo-Chelyabinsk-Etched Slab-Pallasite Meteorite Get All 4 For 1 Price!,199.95,2025-03-24,,,WorthPoint
canyon-diablo-meteorite,7 Gm CANYON DIABLO IRON METEORITE TOP GRADE ARIZONA CASE INCLUDED,18.95,2025-03-23,7.0,2.71,WorthPoint
canyon-diablo-meteorite,49 Gm . CANYON DIABLO IRON METEORITE ; AAA GRADE ; ARIZONA STAND USA,56.05,2025-03-22,49.0,1.14,WorthPoint
canyon-diablo-meteorite,Canyon Diablo Graphite Nodule Meteorite Slice Weight 5.09 Grams 1.5 Inch,50.0,2025-03-21,5.09,9.82,WorthPoint
canyon-diablo-meteorite,Canyon Diablo Graphite Nodule Meteorite Slice Weight 5.54 Grams 1.5 Inch,56.0,2025-03-21,5.54,10.11,WorthPoint
canyon-diablo-meteorite,88 Gm . CANYON DIABLO IRON METEORITE ARIZONA STAND AAA GRADE,123.45,2025-03-20,88.0,1.4,WorthPoint
canyon-diablo-meteorite,70 Gm CANYON DIABLO IRON METEORITE MUSEUM GRADE ARIZONA STAND INCLUDED,94.05,2025-03-19,70.0,1.34,WorthPoint
canyon-diablo-meteorite,91 Gm CANYON DIABLO IRON METEORITE TOP GRADE ARIZONA STAND INCLUDED,113.05,2025-03-19,91.0,1.24,WorthPoint
canyon-diablo-meteorite,82 Gm . CANYON DIABLO IRON METEORITE ; AAA GRADE ; ARIZONA STAND .2 Lbs. USA,113.05,2025-03-19,82.0,1.38,WorthPoint
canyon-diablo-meteorite,"1909. Canyon Diablo, Arizona. Postcard Yd03",7.0,2025-03-18,,,WorthPoint
canyon-diablo-meteorite,550 Gm . CANYON DIABLO IRON METEORITE ; MUSEUM GRADE; ARIZONA STAND 1.2 LBS,664.96,2025-03-17,550.0,1.21,WorthPoint
canyon-diablo-meteorite,Beautiful 66 Gm. Etched Canyon Diablo Meteorite Slab Arizona,160.55,2025-03-16,66.0,2.43,WorthPoint
canyon-diablo-meteorite,25.8 Grams Of All The Canyon Diablo Meteor Oxide Crater OXIDITE Meteorites + COA,19.99,2025-03-15,25.8,0.77,WorthPoint
canyon-diablo-meteorite,24.6 Grams Of All The Canyon Diablo Meteor Oxide Crater OXIDITE Meteorites + COA,18.99,2025-03-15,24.6,0.77,WorthPoint
canyon-diablo-meteorite,"Canyon Diablo AZ-Arizona, Limited Crossing Train, Vintage Postcard",9.99,2025-03-14,,,WorthPoint
canyon-diablo-meteorite,"54 Gram Canyon Diablo Etched Edge Slice Meteorite - Iron, IAB-MG - 1891 Arizona",174.99,2025-03-14,54.0,3.24,WorthPoint
canyon-diablo-meteorite,Meteorites - 54.9g Canyon Diablo Iron Meteorite Polished And Etched End Piece,132.95,2025-03-14,54.9,2.42,WorthPoint
canyon-diablo-meteorite,95 Gm . CANYON DIABLO IRON METEORITE ARIZONA STAND AAA GRADE,123.45,2025-03-13,95.0,1.3,WorthPoint
canyon-diablo-meteorite,77 Gm . CANYON DIABLO IRON METEORITE ; AAA GRADE ; ARIZONA STAND USA,94.05,2025-03-10,77.0,1.22,WorthPoint
canyon-diablo-meteorite,10 Individuals 266 GMS SMALL CANYON DIABLO IRON METEORITES ARIZONA CLEAN POLISH,314.1,2025-03-07,266.0,1.18,WorthPoint
canyon-diablo-meteorite,43 Gm CANYON DIABLO IRON METEORITE TOP GRADE ARIZONA STAND INCLUDED,49.45,2025-03-06,43.0,1.15,WorthPoint
canyon-diablo-meteorite,37 Gm . CANYON DIABLO IRON METEORITE ; AAA GRADE ; ARIZONA STAND USA,44.1,2025-03-05,37.0,1.19,WorthPoint
canyon-diablo-meteorite,42 Gm . CANYON DIABLO IRON METEORITE TOP GRADE; ARIZONA STAND S POLISHED,49.46,2025-03-05,42.0,1.18,WorthPoint
canyon-diablo-meteorite,356 Gm . CANYON DIABLO IRON METEORITE ; ARIZONA STAND ; TOP GRADE; .8 LBS,323.96,2025-03-04,356.0,0.91,WorthPoint
canyon-diablo-meteorite,166 Gm CANYON DIABLO IRON METEORITE TOP GRADE ARIZONA STAND INCLUDED,179.1,2025-03-03,166.0,1.08,WorthPoint
canyon-diablo-meteorite,90 Gm . CANYON DIABLO IRON METEORITE ; AAA GRADE ; ARIZONA STAND .2 Lbs. USA,107.1,2025-03-03,90.0,1.19,WorthPoint
canyon-diablo-meteorite,7.14 Grams OXIDE Canyon Diablo Meteor Crater OXIDITE Meteorite As Found Low Iron,5.99,2025-03-02,7.14,0.84,WorthPoint
canyon-diablo-meteorite,216 Gm . CANYON DIABLO IRON METEORITE MUSEUM GRADE ARIZONA STAND .5 LB,242.95,2025-03-02,216.0,1.12,WorthPoint
canyon-diablo-meteorite,"11.2 Grams, Canyon Diablo Meteorite, Az, Usa",11.2,2025-03-02,11.2,1.0,WorthPoint
canyon-diablo-meteorite,Beautiful 140 Gm. Etched Canyon Diablo Meteorite End Cut Arizona Silicate,179.1,2025-03-02,140.0,1.28,WorthPoint
canyon-diablo-meteorite,Beautiful 79 Gm. Etched Canyon Diablo Meteorite End Cut Arizona,161.1,2025-03-02,79.0,2.04,WorthPoint
canyon-diablo-meteorite,53 Gm . CANYON DIABLO IRON METEORITE ; Museum Grade; Arizona ; Usa,62.95,2025-03-01,53.0,1.19,WorthPoint
canyon-diablo-meteorite,88 Gm . CANYON DIABLO IRON METEORITE ; TOP GRADE; ARIZONA,124.99,2025-03-01,88.0,1.42,WorthPoint
canyon-diablo-meteorite,"""1090 Gram - CANYON DIABLO IRON METEORITE - """"cleaned Specimen"""" Meteor Crater AZ""",770.0,2025-02-28,1090.0,0.71,WorthPoint
canyon-diablo-meteorite,16.5 Gram CANYON DIABLO Meteorite - IAB Iron Meteorite - TOP METEORITE,56.0,2025-02-28,16.5,3.39,WorthPoint
canyon-diablo-meteorite,View Of Canyon Diablo Steel Bridge Train Railroad Arizona AZ Vintage Postcard,13.48,2025-02-28,,,WorthPoint
canyon-diablo-meteorite,"7.2 Grams, Canyon Diablo Meteorite, Az, Usa",7.2,2025-02-27,7.2,1.0,WorthPoint
canyon-diablo-meteorite,90 Gm . CANYON DIABLO IRON METEORITE TOP GRADE; ARIZONA STAND .2 LBS POLISHED,116.96,2025-02-27,90.0,1.3,WorthPoint
canyon-diablo-meteorite,"Canyon Diablo Iron-Nickel Meteorite, One Of The Most Sought After Iron Meteorites By Collectors",362.5,2025-02-27,,,WorthPoint
canyon-diablo-meteorite,160 Grams As Found Canyon Diablo Meteor Crater Iron Meteorite From Arizona,6.5,2025-02-26,160.0,0.04,WorthPoint
canyon-diablo-meteorite,84 Gm . CANYON DIABLO IRON METEORITE ; Museum Grade; Arizona ; Usa,107.5,2025-02-25,84.0,1.28,WorthPoint
canyon-diablo-meteorite,"Canyon Diablo Iron, IAB-MG Meteorite Found In Arizona 1891, 58.43 Grams",68.0,2025-02-25,58.43,1.16,WorthPoint
canyon-diablo-meteorite,82gm . CANYON DIABLO IRON METEORITE ; AAA GRADE ; ARIZONA STAND .2 Lbs. USA,107.1,2025-02-24,82.0,1.31,WorthPoint
canyon-diablo-meteorite,9.04 Grams As Found Canyon Diablo Meteor Crater Iron Meteorite From Arizona +COA,18.99,2025-02-21,9.04,2.1,WorthPoint
canyon-diablo-meteorite,Beautiful 80 Gm. Etched Canyon Diablo Meteorite End Cut Arizona,179.1,2025-02-20,80.0,2.24,WorthPoint
canyon-diablo-meteorite,93 Gm CANYON DIABLO IRON METEORITE TOP GRADE ARIZONA STAND,107.1,2025-02-20,93.0,1.15,WorthPoint
canyon-diablo-meteorite,. Canyon Diablo Iron Meteorite ; Top Grade; Arizona;,20.0,2025-02-20,,,WorthPoint
canyon-diablo-meteorite,115 Gm CANYON DIABLO IRON METEORITE MUSEUM GRADE ARIZONA STAND,134.96,2025-02-20,115.0,1.17,WorthPoint
canyon-diablo-meteorite,138 Gm . CANYON DIABLO IRON METEORITE ; TOP GRADE; ARIZONA STAND INCLUDED,143.1,2025-02-19,138.0,1.04,WorthPoint
canyon-diablo-meteorite,95 Gm . CANYON DIABLO IRON METEORITE ; AA Grade; Arizona ; Usa,107.5,2025-02-19,95.0,1.13,WorthPoint
canyon-diablo-meteorite,482 Gm . CANYON DIABLO IRON METEORITE ; TOP GRADE; ARIZONA ;.1.1+ Lbs,584.1,2025-02-18,482.0,1.21,WorthPoint
canyon-diablo-meteorite,172 Gm . CANYON DIABLO IRON METEORITE MUSEUM GRADE ARIZONA STAND .38 LB,188.95,2025-02-16,172.0,1.1,WorthPoint
canyon-diablo-meteorite,174 Gm . CANYON DIABLO IRON METEORITE ARIZONA .38 POUNDS AAA GRADE SCULPTURED,206.1,2025-02-16,174.0,1.18,WorthPoint
canyon-diablo-meteorite,150 Gm CANYON DIABLO IRON METEORITE MUSEUM GRADE ARIZONA STAND,179.95,2025-02-15,150.0,1.2,WorthPoint
canyon-diablo-meteorite,Meteorite Individual Canyon Diablo 86 Gram - Iron IAB-MG,65.0,2025-02-14,86.0,0.76,WorthPoint
canyon-diablo-meteorite,700 Gm . CANYON DIABLO IRON METEORITE MUSEUM COLLECTORS GRADE ARIZONA 1.5 LBS,899.1,2025-02-14,700.0,1.28,WorthPoint
canyon-diablo-meteorite,192 Gm . CANYON DIABLO IRON METEORITE MUSEUM GRADE ARIZONA STAND,242.95,2025-02-13,192.0,1.27,WorthPoint
canyon-diablo-meteorite,110 Gm CANYON DIABLO IRON METEORITE TOP GRADE ARIZONA STAND,134.1,2025-02-13,110.0,1.22,WorthPoint
canyon-diablo-meteorite,464 Gm . CANYON DIABLO IRON METEORITE MUSEUM GRADE ARIZONA STAND 1+ LB,539.1,2025-02-13,464.0,1.16,WorthPoint
canyon-diablo-meteorite,294 Gm . CANYON DIABLO IRON METEORITE ; TOP GRADE ; ARIZONA STAND .64 Lbs. USA,296.1,2025-02-13,294.0,1.01,WorthPoint
canyon-diablo-meteorite,139 Gm . CANYON DIABLO IRON METEORITE TOP GRADE; ARIZONA STAND .3 LBS POLISHED,170.96,2025-02-13,139.0,1.23,WorthPoint
canyon-diablo-meteorite,45 Gm CANYON DIABLO IRON METEORITE TOP GRADE ARIZONA CASE INCLUDED,53.95,2025-02-12,45.0,1.2,WorthPoint
canyon-diablo-meteorite,5.48 Grams Polished Canyon Diablo Meteor Crater Iron Meteorite From Arizona +COA,10.99,2025-02-12,5.48,2.01,WorthPoint
canyon-diablo-meteorite,3.30 Grams As Found Canyon Diablo Meteor Crater Iron Meteorite From Arizona,5.99,2025-02-12,3.3,1.82,WorthPoint
canyon-diablo-meteorite,4.53 Grams As Found Canyon Diablo Meteor Crater Iron Meteorite From Arizona +COA,6.99,2025-02-12,4.53,1.54,WorthPoint
canyon-diablo-meteorite,3.47 Grams As Found Canyon Diablo Meteor Crater Iron Meteorite From Arizona +COA,7.49,2025-02-12,3.47,2.16,WorthPoint
canyon-diablo-meteorite,2.87 Grams Polished Canyon Diablo Meteor Crater Iron Meteorite From Arizona +COA,5.99,2025-02-12,2.87,2.09,WorthPoint
canyon-diablo-meteorite,3.17 Grams As Found Canyon Diablo Meteor Crater Iron Meteorite From Arizona +COA,6.99,2025-02-12,3.17,2.21,WorthPoint
canyon-diablo-meteorite,"""Canyon Diablo Graphite Nodule ~ 39.3 Grams ~ """"Lighting In A Nodule""""""",765.0,2025-02-12,39.3,19.47,WorthPoint
canyon-diablo-meteorite,Beautiful 113 Gm. Etched Canyon Diablo Meteorite End Cut Arizona,224.1,2025-02-12,113.0,1.98,WorthPoint
canyon-diablo-meteorite,238 Gm . CANYON DIABLO IRON METEORITE AAA GRADE ARIZONA; .52 LBS,242.1,2025-02-11,238.0,1.02,WorthPoint
canyon-diablo-meteorite,Canyon Diablo IAB Iron Meteorite Arizona 9.71 Grams,23.51,2025-02-09,9.71,2.42,WorthPoint
canyon-diablo-meteorite,Canyon Diablo IAB Iron Meteorite Arizona 11.33 Grams,25.41,2025-02-09,11.33,2.24,WorthPoint
canyon-diablo-meteorite,Canyon Diablo IAB Iron Meteorite Arizona 10.71 Grams,24.46,2025-02-09,10.71,2.28,WorthPoint
canyon-diablo-meteorite,Canyon Diablo IAB Iron Meteorite Arizona 9.21 Grams,21.61,2025-02-09,9.21,2.35,WorthPoint
canyon-diablo-meteorite,24g Canyon Diablo Arizona Iron Meteorite,33.09,2025-02-09,24.0,1.38,WorthPoint
canyon-diablo-meteorite,300 Gm CANYON DIABLO IRON METEORITE ARIZONA STAND INCLUDE .67 LB MUSEUM GRADE,250.0,2025-02-08,300.0,0.83,WorthPoint
canyon-diablo-meteorite,576 Gm . CANYON DIABLO IRON METEORITE ; MUSEUM GRADE; ARIZONA STAND 1.3 LBS,550.0,2025-02-08,576.0,0.95,WorthPoint
canyon-diablo-meteorite,NIB. Brian Wilhoite Fixed Blade Knife With Sheath. Canyon Diablo Bowie BWC28,60.0,2025-02-07,,,WorthPoint
canyon-diablo-meteorite,96 Gm CANYON DIABLO IRON METEORITE MUSEUM GRADE ARIZONA STAND INCLUDED,125.1,2025-02-07,96.0,1.3,WorthPoint
canyon-diablo-meteorite,22 Gm CANYON DIABLO IRON METEORITE TOP GRADE ARIZONA CASE INCLUDED,31.45,2025-02-04,22.0,1.43,WorthPoint
canyon-diablo-meteorite,6.41 Grams As Found Canyon Diablo Meteor Crater Iron Meteorite From Arizona +COA,11.99,2025-02-03,6.41,1.87,WorthPoint
canyon-diablo-meteorite,6.64 Grams Polished Canyon Diablo Meteor Crater Iron Meteorite From Arizona +COA,11.99,2025-02-03,6.64,1.81,WorthPoint
canyon-diablo-meteorite,124 Gm . CANYON DIABLO IRON METEORITE ; AAA Grade; Arizona ; Usa,134.5,2025-02-02,124.0,1.08,WorthPoint
canyon-diablo-meteorite,Canyon Diablo IAB Iron Meteorite Arizona 9.07 Grams,21.61,2025-02-02,9.07,2.38,WorthPoint
canyon-diablo-meteorite,Meteorite Canyon Diablo 14.8g,27.6,2025-01-31,14.8,1.86,WorthPoint
canyon-diablo-meteorite,19.2 Grams 3 Polished Canyon Diablo Meteor Crater Iron Meteorites From Arizona,14.99,2025-01-27,19.2,0.78,WorthPoint
canyon-diablo-meteorite,Santa Fe Railroad Bridge Stereoview C1905 Canyon Diablo Arizona Old West F1238,23.95,2025-01-26,,,WorthPoint
canyon-diablo-meteorite,175 Gm CANYON DIABLO IRON METEORITE MUSEUM GRADE ARIZONA STAND INCLUDED,188.1,2025-01-23,175.0,1.07,WorthPoint
canyon-diablo-meteorite,4.21 Grams As Found Canyon Diablo Meteor Crater Iron Meteorite From Arizona +COA,7.99,2025-01-23,4.21,1.9,WorthPoint
canyon-diablo-meteorite,27 Gm . CANYON DIABLO IRON METEORITE ARIZONA; USA CASE POLISHED,31.45,2025-01-18,27.0,1.16,WorthPoint
canyon-diablo-meteorite,Canyon Diablo Meteorite 13.1 Grams,13.0,2025-01-17,13.1,0.99,WorthPoint
canyon-diablo-meteorite,"1,677 Gram Canyon Diablo Iron Meteorite Inclusion",985.0,2025-01-15,677.0,1.45,WorthPoint
canyon-diablo-meteorite,9.69 Grams OXIDE Canyon Diablo Meteor Crater OXIDITE Meteorite As Found Low Iron,7.99,2025-01-15,9.69,0.82,WorthPoint
canyon-diablo-meteorite,PAIR OF CANYON DIABLO IRON METEORITES 25 And 19 Grams ARIZONA CASES INClUDED,62.95,2025-01-12,19.0,3.31,WorthPoint
canyon-diablo-meteorite,39 Gm . CANYON DIABLO IRON METEORITE TOP GRADE ARIZONA CASE,53.1,2025-01-12,39.0,1.36,WorthPoint
canyon-diablo-meteorite,210 Gm . CANYON DIABLO IRON METEORITE ; MUSEUM GRADE; ARIZONA STAND .46 LBS,242.96,2025-01-10,210.0,1.16,WorthPoint
canyon-diablo-meteorite,21 Gm . CANYON DIABLO IRON METEORITE ARIZONA; USA CASE POLISHED,31.45,2025-01-10,21.0,1.5,WorthPoint
canyon-diablo-meteorite,10 Individuals. 155 GMS SMALL CANYON DIABLO IRON METEORITES ARIZONA,179.1,2025-01-09,155.0,1.16,WorthPoint
canyon-diablo-meteorite,16.26 Grams All 6 Canyon Diablo Meteor Oxide Crater OXIDITE Meteorites As Found,13.49,2025-01-09,16.26,0.83,WorthPoint
canyon-diablo-meteorite,130 Gm . CANYON DIABLO IRON METEORITE TOP GRADE ARIZONA STAND METEORITE CRATER,134.96,2025-01-08,130.0,1.04,WorthPoint
canyon-diablo-meteorite,316 Gm . CANYON DIABLO IRON METEORITE ; MUSEUM GRADE; ARIZONA STAND INCLUDED,341.96,2025-01-08,316.0,1.08,WorthPoint
canyon-diablo-meteorite,18.5 Grams As Found Canyon Diablo Meteor Crater Iron Meteorite From Arizona,41.0,2025-01-08,18.5,2.22,WorthPoint
canyon-diablo-meteorite,All 6 Canyon Diablo Meteor Oxide Crater OXIDITE Meteorites As Found 6.52 Grams,5.99,2025-01-07,6.52,0.92,WorthPoint
canyon-diablo-meteorite,115 Gm . CANYON DIABLO IRON METEORITE MUSEUM GRADE ARIZONA STAND,161.95,2025-01-06,115.0,1.41,WorthPoint
canyon-diablo-meteorite,150 Gm . CANYON DIABLO IRON METEORITE TOP GRADE ARIZONA STAND .33 #,161.1,2025-01-06,150.0,1.07,WorthPoint
canyon-diablo-meteorite,10 Individuals 184 GMS SMALL CANYON DIABLO IRON METEORITES ARIZONA,206.1,2025-01-04,184.0,1.12,WorthPoint
canyon-diablo-meteorite,17 Gm . CANYON DIABLO IRON METEORITE TOP GRADE ARIZONA STAND,26.1,2025-01-03,17.0,1.54,WorthPoint
canyon-diablo-meteorite,118 Gm . CANYON DIABLO IRON METEORITE ; TOP GRADE ; ARIZONA STAND .25 Lbs,134.1,2025-01-01,118.0,1.14,WorthPoint
canyon-diablo-meteorite,45 Gm CANYON DIABLO IRON METEORITE TOP GRADE ARIZONA STAND INCLUDED,53.95,2024-12-31,45.0,1.2,WorthPoint
canyon-diablo-meteorite,2028 Gm . CANYON DIABLO IRON METEORITE MUSEUM COLLECTORS GRADE ARIZONA 4.5 LBS,2000.0,2024-12-30,2028.0,0.99,WorthPoint
canyon-diablo-meteorite,22 Gm . CANYON DIABLO IRON METEORITE ARIZONA; USA CASE POLISHED,31.45,2024-12-30,22.0,1.43,WorthPoint
canyon-diablo-meteorite,PAIR OF CANYON DIABLO IRON METEORITES 28 And 32 Grams ARIZONA CASES INClUDED,50.0,2024-12-29,32.0,1.56,WorthPoint
canyon-diablo-meteorite,2 CANYON DIABLO IRON METEORITES: 24.6 Grams Total M4962,20.0,2024-12-28,24.6,0.81,WorthPoint
canyon-diablo-meteorite,Canyon Diablo Meteorite Crater Arizona Flagstaff VINTAGE PHOTO ORIGINAL SNAPSHOT,12.0,2024-12-27,,,WorthPoint
canyon-diablo-meteorite,93 Gm . CANYON DIABLO IRON METEORITE TOP GRADE ARIZONA STAND,77.0,2024-12-25,93.0,0.83,WorthPoint
canyon-diablo-meteorite,5.14 Grams As Found Canyon Diablo Meteor Crater Iron Meteorite From Arizona +COA,9.99,2024-12-22,5.14,1.94,WorthPoint
canyon-diablo-meteorite,574 Gm . CANYON DIABLO IRON METEORITE MUSEUM GRADE; ARIZONA 1.3LBS,629.1,2024-12-22,574.0,1.1,WorthPoint
canyon-diablo-meteorite,"""76.4 Gram - CANYON DIABLO IRON METEORITE - """"as Found Condition"""" Meteor Crater AZ""",67.5,2024-12-20,76.4,0.88,WorthPoint
canyon-diablo-meteorite,39.3 Grams Canyon Diablo Coconino From Rim Of Meteor Crater - Old Collection,5.49,2024-12-19,39.3,0.14,WorthPoint
canyon-diablo-meteorite,Canyon Diablo Arizona Sterling Silver Souvenir Spoon Train Steam Engine .925,49.0,2024-12-19,,,WorthPoint
canyon-diablo-meteorite,PAIR OF 25 Gm Each WEIGHT CANYON DIABLO IRON METEORITES ARIZONA CASES INClUDED,58.45,2024-12-19,25.0,2.34,WorthPoint
canyon-diablo-meteorite,Canyon Diablo Iron Meteorite 41.1g From Meteor Crater Arizona,23.5,2024-12-18,41.1,0.57,WorthPoint
canyon-diablo-meteorite,56 Gm .CANYON DIABLO IRON METEORITE MUSEUM GRADE; ARIZONA STAND,71.1,2024-12-18,56.0,1.27,WorthPoint
canyon-diablo-meteorite,78 Gm . CANYON DIABLO IRON METEORITE ; MUSEUM GRADE; ARIZONA STAND INCLUDED,107.1,2024-12-17,78.0,1.37,WorthPoint
canyon-diablo-meteorite,3.95 Grams Cleaned Canyon Diablo Meteor Crater Iron Meteorite From Arizona +COA,8.99,2024-12-16,3.95,2.28,WorthPoint
canyon-diablo-meteorite,1905 RPO KC & La Junta - Canyon Diablo Postcard - J10661,7.99,2024-12-15,,,WorthPoint
canyon-diablo-meteorite,Canyon Diablo Iron Meteorite 143.1 Grams (IAB),199.0,2024-12-14,143.1,1.39,WorthPoint
canyon-diablo-meteorite,55 Gm .CANYON DIABLO IRON METEORITE MUSEUM GRADE; ARIZONA STAND,79.0,2024-12-14,55.0,1.44,WorthPoint
canyon-diablo-meteorite,9.22 Grams As Found Canyon Diablo Meteor Crater Iron Meteorite From Arizona,20.99,2024-12-13,9.22,2.28,WorthPoint
canyon-diablo-meteorite,9.32 Grams As Found Canyon Diablo Meteor Crater Iron Meteorite From Arizona,20.99,2024-12-13,9.32,2.25,WorthPoint
canyon-diablo-meteorite,14.1 Grams OXIDE Canyon Diablo Meteor Crater OXIDITE Meteorite As Found Low Iron,11.99,2024-12-13,14.1,0.85,WorthPoint
canyon-diablo-meteorite,Canyon Diablo Iron Nickel Meteorite Piece Impact Specimen Meteor Space Rock Nice,52.95,2024-12-13,,,WorthPoint
canyon-diablo-meteorite,3.63 Grams 3 Canyon Diablo Meteor Crater Iron Meteorites From Arizona With A COA,6.99,2024-12-12,3.63,1.93,WorthPoint
canyon-diablo-meteorite,4.84 Grams As Found Canyon Diablo Meteor Crater Iron Meteorite From Arizona +COA,6.99,2024-12-12,4.84,1.44,WorthPoint
canyon-diablo-meteorite,Postcard Meteorite Mountain Canyon Diablo Arizona AZ,6.97,2024-12-11,,,WorthPoint
canyon-diablo-meteorite,46 Gm . CANYON DIABLO IRON METEORITE TOP GRADE ARIZONA STAND,53.1,2024-12-09,46.0,1.15,WorthPoint
canyon-diablo-meteorite,118 Gm .CANYON DIABLO IRON METEORITE TOP GRADE; ARIZONA STAND,125.1,2024-12-09,118.0,1.06,WorthPoint
canyon-diablo-meteorite,12.1 Grams As Found Canyon Diablo Meteor Crater Iron Meteorite From Arizona,22.99,2024-12-08,12.1,1.9,WorthPoint
canyon-diablo-meteorite,7.28 Grams OXIDE Canyon Diablo Meteor Crater OXIDITE Meteorite As Found Low Iron,5.99,2024-12-07,7.28,0.82,WorthPoint
canyon-diablo-meteorite,"Vintage Postcard- Meteorite Mountain, Near Canyon Diablo, AZ",8.95,2024-12-05,,,WorthPoint
canyon-diablo-meteorite,Canyon Diablo Meteorite - 360.9 Gram Individual,104.39,2024-12-05,360.9,0.29,WorthPoint
canyon-diablo-meteorite,"""72.9 Gram - CANYON DIABLO IRON METEORITE - """"as Found Condition"""" Meteor Crater AZ""",105.0,2024-12-04,72.9,1.44,WorthPoint
canyon-diablo-meteorite,"""49.5 Gram - CANYON DIABLO IRON METEORITE - """"as Found Condition"""" Meteor Crater AZ""",69.3,2024-12-04,49.5,1.4,WorthPoint
canyon-diablo-meteorite,48 Gm CANYON DIABLO IRON METEORITE MUSEUM GRADE ARIZONA STAND INCLUDED,53.95,2024-12-03,48.0,1.12,WorthPoint
canyon-diablo-meteorite,17.9 Grams OXIDE Canyon Diablo Meteor Crater OXIDITE Meteorite As Found Low Iron,14.99,2024-12-03,17.9,0.84,WorthPoint
canyon-diablo-meteorite,11.9 Grams OXIDE Canyon Diablo Meteor Crater OXIDITE Meteorite As Found Low Iron,9.99,2024-12-03,11.9,0.84,WorthPoint
canyon-diablo-meteorite,17.3 Grams OXIDE Canyon Diablo Meteor Crater OXIDITE Meteorite As Found Low Iron,14.99,2024-12-03,17.3,0.87,WorthPoint
canyon-diablo-meteorite,4.79 Grams As Found Canyon Diablo Meteor Crater Iron Meteorite From Arizona +COA,7.99,2024-11-30,4.79,1.67,WorthPoint
canyon-diablo-meteorite,Beautiful 186 Gm. Etched Canyon Diablo Meteorite Pair Arizona,413.1,2024-11-30,186.0,2.22,WorthPoint
canyon-diablo-meteorite,Meteorites - 212.1g Canyon Diablo Nickel-Iron Meteorite Complete Individual,349.95,2024-11-28,212.1,1.65,WorthPoint
canyon-diablo-meteorite,Meteorites - 76.6g Canyon Diablo Iron Meteorite Polished And Etched End Piece,139.95,2024-11-27,76.6,1.83,WorthPoint
canyon-diablo-meteorite,24 Gm CANYON DIABLO IRON METEORITE TOP GRADE ARIZONA STAND INCLUDED,31.45,2024-11-25,24.0,1.31,WorthPoint
canyon-diablo-meteorite,10 Individuals; 90 Gms . CANYON DIABLO IRON METEORITES ; ARIZONA PATINA USA,107.1,2024-11-24,90.0,1.19,WorthPoint
canyon-diablo-meteorite,13.9 Grams OXIDE Canyon Diablo Meteor Crater OXIDITE Meteorite As Found Low Iron,11.49,2024-11-24,13.9,0.83,WorthPoint
canyon-diablo-meteorite,Beautiful 100 Gm. Etched Canyon Diablo Meteorite Slab Arizona,224.1,2024-11-22,100.0,2.24,WorthPoint
canyon-diablo-meteorite,86 Gm CANYON DIABLO IRON METEORITE ARIZONA MUSEUM Grade,98.96,2024-11-22,86.0,1.15,WorthPoint
canyon-diablo-meteorite,Beautiful 212 Gm. Etched Canyon Diablo Meteorite Thick Slab Arizona,449.1,2024-11-21,212.0,2.12,WorthPoint
canyon-diablo-meteorite,16.2 Grams OXIDE Canyon Diablo Meteor Crater OXIDITE Meteorite As Found Low Iron,14.49,2024-11-21,16.2,0.89,WorthPoint
canyon-diablo-meteorite,11.2 Grams OXIDE Canyon Diablo Meteor Crater OXIDITE Meteorite As Found Low Iron,8.49,2024-11-21,11.2,0.76,WorthPoint
canyon-diablo-meteorite,"Canyon Diablo Meteorite ""The Dragon Head""",3500.0,2024-11-20,,,WorthPoint
canyon-diablo-meteorite,94 Gm . CANYON DIABLO IRON METEORITE ; MUSEUM GRADE; ARIZONA STAND INCLUDED,107.1,2024-11-19,94.0,1.14,WorthPoint
canyon-diablo-meteorite,12.2 Grams OXIDE Canyon Diablo Meteor Crater OXIDITE Meteorite As Found Low Iron,10.99,2024-11-19,12.2,0.9,WorthPoint
canyon-diablo-meteorite,7.37 Grams OXIDE Canyon Diablo Meteor Crater OXIDITE Meteorite As Found Low Iron,5.99,2024-11-18,7.37,0.81,WorthPoint
canyon-diablo-meteorite,"""26.2 Gram - CANYON DIABLO IRON METEORITE - """" Cleaned Specimen"""" Meteor Crater AZ""",60.0,2024-11-16,26.2,2.29,WorthPoint
canyon-diablo-meteorite,30 Gm CANYON DIABLO IRON METEORITE TOP GRADE ARIZONA STAND INCLUDED,35.95,2024-11-16,30.0,1.2,WorthPoint
canyon-diablo-meteorite,10 Individuals; 162 Gms . CANYON DIABLO IRON METEORITES ; ARIZONA PATINA USA,179.1,2024-11-16,162.0,1.11,WorthPoint
canyon-diablo-meteorite,24.2 Grams As Found Canyon Diablo Meteor Crater Iron Meteorite From Arizona +COA,31.99,2024-11-16,24.2,1.32,WorthPoint
canyon-diablo-meteorite,240 Gm . CANYON DIABLO IRON METEORITE ; MUSEUM GRADE; ARIZONA STAND INCLUDED,224.1,2024-11-14,240.0,0.93,WorthPoint
canyon-diablo-meteorite,Great Deal! Crater Forming Event! Historic Canyon Diablo Meteorite 338 Gms,251.25,2024-11-14,338.0,0.74,WorthPoint
canyon-diablo-meteorite,"25.5 Grams, Canyon Diablo Meteorite, Az, Usa",25.5,2024-11-14,25.5,1.0,WorthPoint
canyon-diablo-meteorite,"33.9 Grams, Canyon Diablo Meteorite, Az, Usa",33.9,2024-11-14,33.9,1.0,WorthPoint
canyon-diablo-meteorite,9.21 Grams As Found Canyon Diablo Meteor Crater Iron Meteorite From Arizona +COA,16.99,2024-11-12,9.21,1.84,WorthPoint
canyon-diablo-meteorite,127 Gm . CANYON DIABLO IRON METEORITE TOP GRADE ARIZONA STAND .3 #,134.1,2024-11-12,127.0,1.06,WorthPoint
canyon-diablo-meteorite,Canyon Diablo Iron Meteorite 41.9g From Meteor Crater Arizona,46.0,2024-11-11,41.9,1.1,WorthPoint
canyon-diablo-meteorite,For All 9.8 Grams Canyon Diablo Meteor Oxide Crater Oxidite Meteorites With COA,7.39,2024-11-10,9.8,0.75,WorthPoint
canyon-diablo-meteorite,26.5 Grams Of All The Canyon Diablo Meteor Oxide Crater OXIDITE Meteorites + COA,18.99,2024-11-10,26.5,0.72,WorthPoint
canyon-diablo-meteorite,6.79 Grams Polished Canyon Diablo Meteor Crater Iron Meteorite Arizona With COA,14.99,2024-11-07,6.79,2.21,WorthPoint
canyon-diablo-meteorite,6.31 Grams As Found Canyon Diablo Meteor Crater Iron Meteorite From Arizona +COA,10.99,2024-11-07,6.31,1.74,WorthPoint
canyon-diablo-meteorite,2.46 Grams Canyon Diablo Meteor Crater Iron Meteorite From Arizona With A COA,5.99,2024-11-07,2.46,2.43,WorthPoint
canyon-diablo-meteorite,5.95 Grams As Found Canyon Diablo Meteor Crater Iron Meteorite From Arizona +COA,9.99,2024-11-07,5.95,1.68,WorthPoint
canyon-diablo-meteorite,CANYON DIABLO IRON METEORITE ARIZONA 2 Lbs MUSEUM Grade,39.0,2024-11-06,907.2,0.04,WorthPoint
canyon-diablo-meteorite,58 Gm CANYON DIABLO IRON METEORITE TOP GRADE ARIZONA STAND INCLUDED,62.95,2024-11-04,58.0,1.09,WorthPoint
canyon-diablo-meteorite,Canyon Diablo Arizona White Border Postcard Santa Fe Train On The Bridge,5.0,2024-11-04,,,WorthPoint
canyon-diablo-meteorite,CANYON DIABLO IRON METEORITE: 47.6 Grams Total M4965,45.0,2024-11-04,47.6,0.95,WorthPoint
canyon-diablo-meteorite,For All 10 Grams Canyon Diablo Meteor Oxide Crater Oxidite Meteorites With COA,7.39,2024-11-04,10.0,0.74,WorthPoint
canyon-diablo-meteorite,32 Gm CANYON DIABLO IRON METEORITE TOP GRADE ARIZONA STAND INCLUDED,44.95,2024-11-03,32.0,1.4,WorthPoint
canyon-diablo-meteorite,34 Gm CANYON DIABLO IRON METEORITE TOP GRADE ARIZONA STAND INCLUDED,44.95,2024-11-03,34.0,1.32,WorthPoint
canyon-diablo-meteorite,254 Gm . CANYON DIABLO IRON METEORITE ;TOP GRADE ARIZONA .55 POUNDS AAA GRADE,269.1,2024-11-02,254.0,1.06,WorthPoint
canyon-diablo-meteorite,166 Gm. CANYON DIABLO IRON METEORITE ; ARIZONA STAND INCLUDED MUSEUM GRADE; USA,179.1,2024-10-30,166.0,1.08,WorthPoint
canyon-diablo-meteorite,320 Gm CANYON DIABLO IRON METEORITE ARIZONA .7 Lbs MUSEUM Grade,359.96,2024-10-29,320.0,1.12,WorthPoint
canyon-diablo-meteorite,Meteorites - 66.2g Canyon Diablo Nickel-Iron Meteorite Complete Individual,117.95,2024-10-27,66.2,1.78,WorthPoint
canyon-diablo-meteorite,60 Gm CANYON DIABLO IRON METEORITE TOP GRADE ARIZONA STAND,71.1,2024-10-27,60.0,1.18,WorthPoint
canyon-diablo-meteorite,51 Gm CANYON DIABLO IRON METEORITE MUSEUM GRADE ARIZONA STAND INCLUDED,71.1,2024-10-27,51.0,1.39,WorthPoint
canyon-diablo-meteorite,8.61 Grams As Found Canyon Diablo Meteor Crater Iron Meteorite From Arizona +COA,9.99,2024-10-27,8.61,1.16,WorthPoint
canyon-diablo-meteorite,126 Gm CANYON DIABLO IRON METEORITE MUSEUM GRADE ARIZONA STAND,134.96,2024-10-27,126.0,1.07,WorthPoint
canyon-diablo-meteorite,Super Shape! Crater Forming Event! Historic Canyon Diablo Meteorite 118.1 Gms,116.25,2024-10-25,118.1,0.98,WorthPoint
canyon-diablo-meteorite,6.24 Grams As Found Canyon Diablo Meteor Crater Iron Meteorite From Arizona +COA,11.99,2024-10-24,6.24,1.92,WorthPoint
canyon-diablo-meteorite,6.39 Grams As Found Canyon Diablo Meteor Crater Iron Meteorite From Arizona +COA,11.99,2024-10-24,6.39,1.88,WorthPoint
canyon-diablo-meteorite,7.77 Grams As Found Canyon Diablo Meteor Crater Iron Meteorite From Arizona +COA,12.99,2024-10-24,7.77,1.67,WorthPoint
canyon-diablo-meteorite,5.17 Grams As Found Canyon Diablo Meteor Crater Iron Meteorite From Arizona +COA,5.99,2024-10-24,5.17,1.16,WorthPoint
canyon-diablo-meteorite,6.04 Grams As Found Canyon Diablo Meteor Crater Iron Meteorite From Arizona +COA,6.99,2024-10-24,6.04,1.16,WorthPoint
canyon-diablo-meteorite,302 Gm CANYON DIABLO IRON METEORITE ARIZONA .67 Lbs MUSEUM Grade,323.96,2024-10-24,302.0,1.07,WorthPoint
canyon-diablo-meteorite,39.2 Grams OXIDE Canyon Diablo Meteor Crater OXIDITE Meteorite As Found Low Iron,29.99,2024-10-24,39.2,0.77,WorthPoint
canyon-diablo-meteorite,8.44 Grams As Found Canyon Diablo Meteor Crater Iron Meteorite From Arizona +COA,6.99,2024-10-23,8.44,0.83,WorthPoint
canyon-diablo-meteorite,124 Gm . CANYON DIABLO IRON METEORITE TOP GRADE ARIZONA STAND,134.1,2024-10-23,124.0,1.08,WorthPoint
canyon-diablo-meteorite,194 Gm . CANYON DIABLO IRON METEORITE ; TOP GRADE; ARIZONA;,224.32,2024-10-23,194.0,1.16,WorthPoint
canyon-diablo-meteorite,CANYON DIABLO IRON METEORITE: 29.4 Grams M4958,35.0,2024-10-21,29.4,1.19,WorthPoint
canyon-diablo-meteorite,CANYON DIABLO IRON METEORITE: 29.8 Grams M4956,35.0,2024-10-21,29.8,1.17,WorthPoint
canyon-diablo-meteorite,22 Gm CANYON DIABLO IRON METEORITE TOP GRADE ARIZONA STAND INCLUDED,26.95,2024-10-21,22.0,1.22,WorthPoint
canyon-diablo-meteorite,Beautiful 65 Gm. Etched Canyon Diablo Meteorite Slab Arizona,152.1,2024-10-20,65.0,2.34,WorthPoint
canyon-diablo-meteorite,86 Gm . CANYON DIABLO IRON METEORITE ; TOP GRADE; ARIZONA;,98.32,2024-10-19,86.0,1.14,WorthPoint
canyon-diablo-meteorite,9.17 Grams As Found Canyon Diablo Meteor Crater Iron Meteorite From Arizona,20.99,2024-10-19,9.17,2.29,WorthPoint
canyon-diablo-meteorite,CANYON DIABLO IRON METEORITE: 29 Grams M4955,35.0,2024-10-17,29.0,1.21,WorthPoint
canyon-diablo-meteorite,CANYON DIABLO IRON METEORITE: 30 Grams M4959,35.0,2024-10-17,30.0,1.17,WorthPoint
canyon-diablo-meteorite,CANYON DIABLO IRON METEORITE: 29.8 Grams M4957,35.0,2024-10-17,29.8,1.17,WorthPoint
canyon-diablo-meteorite,For All 8.2 Grams Canyon Diablo Meteor Oxide Crater Oxidite Meteorites With COA,5.49,2024-10-16,8.2,0.67,WorthPoint
canyon-diablo-meteorite,18 Gm . CANYON DIABLO IRON METEORITE ; ARIZONA; ; USA; CASE,31.45,2024-10-12,18.0,1.75,WorthPoint
canyon-diablo-meteorite,13.44 Grams All 6 Canyon Diablo Meteor Oxide Crater OXIDITE Meteorites As Found,10.49,2024-10-11,13.44,0.78,WorthPoint
canyon-diablo-meteorite,25.3 Grams All 6 Canyon Diablo Meteor Oxide Crater Oxidite As Found Meteorites,19.99,2024-10-11,25.3,0.79,WorthPoint
canyon-diablo-meteorite,38 Grams Canyon Diablo Coconino From Rim Of Meteor Crater - Old Collection,7.99,2024-10-11,38.0,0.21,WorthPoint
canyon-diablo-meteorite,178 Gm CANYON DIABLO IRON METEORITE TOP GRADE ARIZONA STAND INCLUDED,206.1,2024-10-10,178.0,1.16,WorthPoint
canyon-diablo-meteorite,Meteorites - 10.3g Canyon Diablo Nickel-Iron Meteorite,14.95,2024-10-10,10.3,1.45,WorthPoint
canyon-diablo-meteorite,Beautiful 54 Gm. Etched Canyon Diablo Meteorite Slab Arizona,125.1,2024-10-10,54.0,2.32,WorthPoint
canyon-diablo-meteorite,Aerial View Meteorite Mountain Near Canyon Diablo Arizona AZ Postcard C1936,5.99,2024-10-10,,,WorthPoint
canyon-diablo-meteorite,"Iron Meteorite - Canyon Diablo, Arizona",793.0,2024-10-08,,,WorthPoint
canyon-diablo-meteorite,CANYON DIABLO IRON METEORITE: 38.2 Grams M4952,40.0,2024-10-07,38.2,1.05,WorthPoint
canyon-diablo-meteorite,3.78 Grams Canyon Diablo Meteor Crater Iron Meteorite From Arizona With A COA,7.49,2024-10-06,3.78,1.98,WorthPoint
canyon-diablo-meteorite,For All 11 Grams Canyon Diablo Meteor Oxide Crater Oxidite Meteorites With COA,7.99,2024-10-04,11.0,0.73,WorthPoint
canyon-diablo-meteorite,28 Gm . CANYON DIABLO IRON METEORITE ; ARIZONA; ; USA; CASE,31.45,2024-10-04,28.0,1.12,WorthPoint
canyon-diablo-meteorite,Meteorites - 6.5g Canyon Diablo Nickel-Iron Meteorite,11.95,2024-10-03,6.5,1.84,WorthPoint
canyon-diablo-meteorite,Beautiful 160 Gm. Etched Canyon Diablo Meteorite Pair Arizona,359.1,2024-10-02,160.0,2.24,WorthPoint
canyon-diablo-meteorite,3.07 Grams 3 Canyon Diablo Meteor Crater Iron Meteorites From Arizona With A COA,6.99,2024-10-02,3.07,2.28,WorthPoint
canyon-diablo-meteorite,200 Gm . CANYON DIABLO IRON METEORITE ; MUSEUM GRADE; ARIZONA; .44 Lbs,188.5,2024-09-30,200.0,0.94,WorthPoint
canyon-diablo-meteorite,6 Canyon Diablo Oxide Meteor Crater OXIDITE Meteorites As Found 26 Grams,18.99,2024-09-30,26.0,0.73,WorthPoint
canyon-diablo-meteorite,Canyon Diablo Railroad Bridge Stereoview 1920s Arizona Santa Fe Train Card A2318,19.95,2024-09-30,,,WorthPoint
canyon-diablo-meteorite,24 Gm . CANYON DIABLO IRON METEORITE ; ARIZONA; ; USA; CASE,17.1,2024-09-29,24.0,0.71,WorthPoint
canyon-diablo-meteorite,13.6 Grams As Found Canyon Diablo Meteor Crater Iron Meteorite From Arizona,24.99,2024-09-29,13.6,1.84,WorthPoint
canyon-diablo-meteorite,5 Gm . CANYON DIABLO IRON METEORITE ; ARIZONA; PATINA ; USA; CASE,17.1,2024-09-28,5.0,3.42,WorthPoint
canyon-diablo-meteorite,For All 8.3 Grams Canyon Diablo Meteor Oxide Crater Oxidite Meteorites With COA,5.49,2024-09-25,8.3,0.66,WorthPoint
canyon-diablo-meteorite,For All 9.3 Grams Canyon Diablo Meteor Oxide Crater Oxidite Meteorites With COA,6.99,2024-09-25,9.3,0.75,WorthPoint
canyon-diablo-meteorite,Beautiful 88 Gm. Etched Canyon Diablo Meteorite End Cut Arizona,179.1,2024-09-24,88.0,2.04,WorthPoint
canyon-diablo-meteorite,4.03 Grams As Found Canyon Diablo Meteor Crater Iron Meteorite From Arizona +COA,6.99,2024-09-24,4.03,1.73,WorthPoint
canyon-diablo-meteorite,10 Grams OXIDE Canyon Diablo Meteor Crater OXIDITE Meteorite As Found Low Iron,7.99,2024-09-23,10.0,0.8,WorthPoint
canyon-diablo-meteorite,10.6 Grams As Found Canyon Diablo Meteor Crater Iron Meteorite From Arizona +COA,15.99,2024-09-22,10.6,1.51,WorthPoint
canyon-diablo-meteorite,28 Gm CANYON DIABLO IRON METEORITE TOP GRADE ARIZONA STAND INCLUDED,35.95,2024-09-22,28.0,1.28,WorthPoint
canyon-diablo-meteorite,CANYON DIABLO Iron METEORITE 26gm M4953,35.0,2024-09-22,26.0,1.35,WorthPoint
canyon-diablo-meteorite,CANYON DIABLO GIFT SET: 73g Meteorite & Arizona Themed Magnet & Wood Box,153.0,2024-09-22,73.0,2.1,WorthPoint
canyon-diablo-meteorite,CANYON DIABLO Iron METEORITE 35gm M4952,40.0,2024-09-21,35.0,1.14,WorthPoint
canyon-diablo-meteorite,26.2 Grams As Found Canyon Diablo Meteor Crater Iron Meteorite From Arizona +COA,33.99,2024-09-20,26.2,1.3,WorthPoint
canyon-diablo-meteorite,91 Gm . CANYON DIABLO IRON METEORITE ; TOP GRADE; ARIZONA;,113.29,2024-09-20,91.0,1.24,WorthPoint
canyon-diablo-meteorite,"40.0 Gram - CANYON DIABLO IRON METEORITE - ""as Found Condition"" Meteor Crater AZ",68.0,2024-09-20,40.0,1.7,WorthPoint
canyon-diablo-meteorite,"Natural Meteorite Specimen, Canyon Diablo Arizona 19.8 Grams",34.99,2024-09-18,19.8,1.77,WorthPoint
canyon-diablo-meteorite,12 Grams As Found Canyon Diablo Meteor Crater Iron Meteorite From Arizona +COA,19.99,2024-09-18,12.0,1.67,WorthPoint
canyon-diablo-meteorite,84 Grams Canyon Diablo Coconino From Rim Of Meteor Crater - Old Collection,14.99,2024-09-18,84.0,0.18,WorthPoint
canyon-diablo-meteorite,50 Grams Canyon Diablo Coconino From Rim Of Meteor Crater - Old Collection,9.99,2024-09-18,50.0,0.2,WorthPoint
canyon-diablo-meteorite,For All 8.5 Grams Canyon Diablo Meteor Oxide Crater Oxidite Meteorites With COA,5.49,2024-09-17,8.5,0.65,WorthPoint
canyon-diablo-meteorite,"Great Meteor Crater Of Arizona, With Canyon Diablo, San Francisco Peaks Postcard",9.99,2024-09-17,,,WorthPoint
canyon-diablo-meteorite,672 Gm CANYON DIABLO IRON METEORITE ARIZONA 1.5 Lbs MUSEUM Grade,719.95,2024-09-16,672.0,1.07,WorthPoint
canyon-diablo-meteorite,15.6 Grams OXIDE Canyon Diablo Meteor Crater OXIDITE Meteorite As Found Low Iron,11.99,2024-09-15,15.6,0.77,WorthPoint
canyon-diablo-meteorite,"Natural Meteorite Specimen, Canyon Diablo Arizona 13.3 Grams",24.99,2024-09-15,13.3,1.88,WorthPoint
canyon-diablo-meteorite,88 Gm . CANYON DIABLO IRON METEORITE MUSEUM GD ARIZONA STAND,98.1,2024-09-15,88.0,1.11,WorthPoint
canyon-diablo-meteorite,195 Gm . CANYON DIABLO IRON METEORITE ; MUSEUM GRADE; ARIZONA;,190.0,2024-09-13,195.0,0.97,WorthPoint
canyon-diablo-meteorite,152 Gm . CANYON DIABLO IRON METEORITE MUSEUM GRADE ARIZONA STAND .33 LBS,179.96,2024-09-12,152.0,1.18,WorthPoint
canyon-diablo-meteorite,Beautiful 82 Gm. Etched Canyon Diablo Meteorite End Cut Arizona,125.1,2024-09-10,82.0,1.53,WorthPoint
canyon-diablo-meteorite,"Whole Canyon Diablo Iron Meteorite, 926 Grams",1090.0,2024-09-10,926.0,1.18,WorthPoint
canyon-diablo-meteorite,Beautiful 45 Gm. Etched Canyon Diablo Meteorite Slab Arizona,102.6,2024-09-09,45.0,2.28,WorthPoint
canyon-diablo-meteorite,Meteorites - 9.0g Canyon Diablo Nickel-Iron Meteorite,12.95,2024-09-09,9.0,1.44,WorthPoint
canyon-diablo-meteorite,"Arizona- Coconino County, Canyon Diablo Meteorite 228 Grams",229.99,2024-09-07,228.0,1.01,WorthPoint
canyon-diablo-meteorite,Beautiful 50 Gm. Etched Canyon Diablo Meteorite Slab Arizona,116.1,2024-09-02,50.0,2.32,WorthPoint
canyon-diablo-meteorite,21 Gm CANYON DIABLO IRON METEORITE TOP GRADE ARIZONA STAND INCLUDED,31.45,2024-09-02,21.0,1.5,WorthPoint
canyon-diablo-meteorite,Meteorites - 10.1g Canyon Diablo Nickel-Iron Meteorite,14.95,2024-09-01,10.1,1.48,WorthPoint
canyon-diablo-meteorite,Beautiful 19 Gm. Etched Canyon Diablo Meteorite End Piece Arizona,44.1,2024-08-31,19.0,2.32,WorthPoint
canyon-diablo-meteorite,340 Gm . CANYON DIABLO IRON METEORITE ; MUSEUM GRADE; ARIZONA STAND .75 LBS,359.96,2024-08-30,340.0,1.06,WorthPoint
canyon-diablo-meteorite,CANYON DIABLO Iron METEORITE 30.9gm M4955,45.0,2024-08-29,30.9,1.46,WorthPoint
canyon-diablo-meteorite,Canyon Diablo Meteorite,1125.0,2024-08-28,,,WorthPoint
canyon-diablo-meteorite,Meteorites - Canyon Diablo Small Pieces Specimen Vial,18.95,2024-08-28,,,WorthPoint
canyon-diablo-meteorite,Beautiful 36 Gm. Etched Canyon Diablo Meteorite End Piece Arizona,80.1,2024-08-27,36.0,2.22,WorthPoint
canyon-diablo-meteorite,CANYON DIABLO Meteor Crater Iron Meteorite 177 Grams,200.0,2024-08-26,177.0,1.13,WorthPoint
canyon-diablo-meteorite,55 Gm CANYON DIABLO IRON METEORITE TOP GRADE ARIZONA STAND INCLUDED,62.95,2024-08-25,55.0,1.14,WorthPoint
canyon-diablo-meteorite,"AZ-Arizona, Canyon Diablo, Aerial, Antique, Vintage Souvenir Postcard",7.99,2024-08-24,,,WorthPoint
canyon-diablo-meteorite,520 Gm . CANYON DIABLO IRON METEORITE MUSEUM GRADE ARIZONA STAND 1.2+ LB,629.1,2024-08-24,520.0,1.21,WorthPoint
canyon-diablo-meteorite,PAIR OF 17 Gm Each WEIGHT CANYON DIABLO IRON METEORITES ARIZONA CASES INC,49.45,2024-08-24,17.0,2.91,WorthPoint
canyon-diablo-meteorite,Beautiful 110 Gm. Etched Canyon Diablo Meteorite End Cut Arizona,215.1,2024-08-24,110.0,1.96,WorthPoint
canyon-diablo-meteorite,For All 8.1 Grams Canyon Diablo Meteor Oxide Crater Oxidite Meteorites With COA,5.49,2024-08-23,8.1,0.68,WorthPoint
canyon-diablo-meteorite,170 Gm . CANYON DIABLO IRON METEORITE ; MUSEUM GRADE; ARIZONA STAND .37 LBS,150.0,2024-08-22,170.0,0.88,WorthPoint
canyon-diablo-meteorite,16.37 Grams All 6 Canyon Diablo Meteor Oxide Crater OXIDITE Meteorites As Found,13.49,2024-08-22,16.37,0.82,WorthPoint
canyon-diablo-meteorite,9.28 Grams OXIDE Canyon Diablo Meteor Crater OXIDITE Meteorite As Found Low Iron,7.99,2024-08-22,9.28,0.86,WorthPoint
canyon-diablo-meteorite,Beautiful 368 Gm. Etched Canyon Diablo Meteorite Pair Arizona,674.1,2024-08-22,368.0,1.83,WorthPoint
canyon-diablo-meteorite,150 Gm CANYON DIABLO IRON METEORITE ARIZONA .33 Lbs TOP Grade,170.95,2024-08-21,150.0,1.14,WorthPoint
canyon-diablo-meteorite,9.31 Grams Polished Canyon Diablo Meteor Crater Iron Meteorite Arizona With COA,20.99,2024-08-17,9.31,2.25,WorthPoint
canyon-diablo-meteorite,113 Gm . CANYON DIABLO IRON METEORITE TOP GRADE ARIZONA STAND,134.1,2024-08-16,113.0,1.19,WorthPoint
canyon-diablo-meteorite,13.7 Grams OXIDE Canyon Diablo Meteor Crater OXIDITE Meteorite As Found Low Iron,10.99,2024-08-15,13.7,0.8,WorthPoint
canyon-diablo-meteorite,"Natural Meteorite Specimen, Canyon Diablo Arizona 15.6 Grams",29.99,2024-08-15,15.6,1.92,WorthPoint
canyon-diablo-meteorite,"Canyon Diablo ""as Found"" Iron Meteorite From Meteor Crater Arizona 4.82 Grams",14.95,2024-08-14,4.82,3.1,WorthPoint
canyon-diablo-meteorite,18.32g Canyon Diablo Coconino - From Rim Of Meteor Crater - Meteorite Impact,14.4,2024-08-09,18.32,0.79,WorthPoint
canyon-diablo-meteorite,3.56 Grams As Found Canyon Diablo Meteor Crater Iron Meteorite From Arizona +COA,5.99,2024-08-08,3.56,1.68,WorthPoint
canyon-diablo-meteorite,3.12 Grams As Found Canyon Diablo Meteor Crater Iron Meteorite From Arizona +COA,5.99,2024-08-08,3.12,1.92,WorthPoint
canyon-diablo-meteorite,15.2 Grams OXIDE Canyon Diablo Meteor Crater OXIDITE Meteorite As Found Low Iron,11.99,2024-08-08,15.2,0.79,WorthPoint
canyon-diablo-meteorite,12.3 Grams OXIDE Canyon Diablo Meteor Crater OXIDITE Meteorite As Found Low Iron,9.99,2024-08-08,12.3,0.81,WorthPoint
canyon-diablo-meteorite,89 Grams Canyon Diablo Coconino From Rim Of Meteor Crater - Old Collection,14.99,2024-08-08,89.0,0.17,WorthPoint
canyon-diablo-meteorite,8.04 Grams OXIDE Canyon Diablo Meteor Crater OXIDITE Meteorite As Found Low Iron,6.99,2024-08-08,8.04,0.87,WorthPoint
canyon-diablo-meteorite,"Meteor Crater Impactite, 1.1 Grams, H. H. Nininger, (Canyon Diablo)",75.0,2024-08-08,1.1,68.18,WorthPoint
canyon-diablo-meteorite,757gm CANYON DIABLO IRON METEORITE,495.0,2024-08-07,757.0,0.65,WorthPoint
canyon-diablo-meteorite,124 Gm CANYON DIABLO IRON METEORITE TOP GRADE ARIZONA STAND INCLUDED,134.96,2024-07-30,124.0,1.09,WorthPoint
canyon-diablo-meteorite,2.39 Grams Canyon Diablo Meteor Crater Iron Meteorite From Arizona With A COA,5.99,2024-07-30,2.39,2.51,WorthPoint
canyon-diablo-meteorite,21 Gm . CANYON DIABLO IRON METEORITE ; ARIZONA; PATINA ; USA; STAND,30.6,2024-07-30,21.0,1.46,WorthPoint
canyon-diablo-meteorite,"Canyon Diablo Meteorite Fragment, 60 Grams, Iron & Nickel Coarse Octohedrite",52.0,2024-07-29,60.0,0.87,WorthPoint
canyon-diablo-meteorite,12 Gm . CANYON DIABLO IRON METEORITE ; ARIZONA; PATINA ; USA; CASE,16.25,2024-07-29,12.0,1.35,WorthPoint
canyon-diablo-meteorite,56 Gm CANYON DIABLO IRON METEORITE TOP GRADE ARIZONA STAND INCLUDED,76.91,2024-07-27,56.0,1.37,WorthPoint
canyon-diablo-meteorite,Frontier Times Magazine January 1971 Canyon Diablo Train Robbery Supernatural,9.99,2024-07-27,,,WorthPoint
canyon-diablo-meteorite,15.5 Grams OXIDE Canyon Diablo Meteor Crater OXIDITE Meteorite As Found Low Iron,11.99,2024-07-27,15.5,0.77,WorthPoint
canyon-diablo-meteorite,27.4 Grams As Found Canyon Diablo Meteor Crater Iron Meteorite From Arizona,44.99,2024-07-27,27.4,1.64,WorthPoint
canyon-diablo-meteorite,8.12 Grams OXIDE Canyon Diablo Meteor Crater OXIDITE Meteorite As Found Low Iron,7.29,2024-07-26,8.12,0.9,WorthPoint
canyon-diablo-meteorite,32.8 Grams OXIDE Canyon Diablo Meteor Crater OXIDITE Meteorite As Found Low Iron,25.99,2024-07-26,32.8,0.79,WorthPoint
canyon-diablo-meteorite,15.1 Grams OXIDE Canyon Diablo Meteor Crater OXIDITE Meteorite As Found Low Iron,11.99,2024-07-26,15.1,0.79,WorthPoint
canyon-diablo-meteorite,11.5 Grams OXIDE Canyon Diablo Meteor Crater OXIDITE Meteorite As Found Low Iron,8.49,2024-07-20,11.5,0.74,WorthPoint
canyon-diablo-meteorite,Canyon Diablo IAB Iron Meteorite Arizona 24.54 Grams,54.75,2024-07-18,24.54,2.23,WorthPoint
canyon-diablo-meteorite,Beautiful 69 Gm. Etched Canyon Diablo Meteorite End Cut Arizona,125.1,2024-07-16,69.0,1.81,WorthPoint
canyon-diablo-meteorite,9.77g Canyon Diablo Coconino - From Rim Of Meteor Crater - Meteorite Impact,9.0,2024-07-16,9.77,0.92,WorthPoint
canyon-diablo-meteorite,"Fred Harvey Postcard Santa Fe Train Canyon Diablo, Winslow, Arizona H-4547",8.95,2024-07-16,,,WorthPoint
canyon-diablo-meteorite,Pendleton Blanket Canyon Diablo Wool Native American Navajo Pattern Robe...,160.0,2024-07-15,,,WorthPoint
canyon-diablo-meteorite,2.48 Grams Canyon Diablo Meteor Crater Iron Meteorite From Arizona With A COA,5.99,2024-07-15,2.48,2.42,WorthPoint
canyon-diablo-meteorite,278 Gm . CANYON DIABLO IRON METEORITE ; TOP GRADE ; ARIZONA STAND .6 Lbs,255.65,2024-07-14,278.0,0.92,WorthPoint
canyon-diablo-meteorite,Beautiful 98 Gm. Etched Canyon Diablo Meteorite End Cut Arizona,179.1,2024-07-14,98.0,1.83,WorthPoint
canyon-diablo-meteorite,290 Gm .CANYON DIABLO IRON METEORITE BEST GRADE ARIZONA STAND INCLUDED,306.95,2024-07-14,290.0,1.06,WorthPoint
canyon-diablo-meteorite,120 Gm CANYON DIABLO IRON METEORITE ARIZONA MUSEUM Grade,134.96,2024-07-14,120.0,1.12,WorthPoint
canyon-diablo-meteorite,13.5 Grams All 9 Canyon Diablo Meteor Oxide Crater OXIDITE Meteorites As Found,9.99,2024-07-13,13.5,0.74,WorthPoint
canyon-diablo-meteorite,11.7 Grams As Found Canyon Diablo Meteor Crater Iron Meteorite From Arizona,22.99,2024-07-13,11.7,1.96,WorthPoint
canyon-diablo-meteorite,Beautiful 93 Gm. Etched Canyon Diablo Meteorite Slab Arizona,179.1,2024-07-11,93.0,1.93,WorthPoint
canyon-diablo-meteorite,208 Gm CANYON DIABLO IRON METEORITE MUSEUM GRADE ARIZONA STAND INCLUDED,230.0,2024-07-11,208.0,1.11,WorthPoint
canyon-diablo-meteorite,374 GM. CANYON DIABLO IRON METEORITE TOP GRADE ARIZONA .82 Lbs,383.9,2024-07-11,374.0,1.03,WorthPoint
canyon-diablo-meteorite,All 9 Canyon Diablooxide Meteor Crater OXIDITE Meteorites As Found 27.4 Grams,22.99,2024-07-10,27.4,0.84,WorthPoint
canyon-diablo-meteorite,7.38 Grams OXIDE Canyon Diablo Meteor Crater OXIDITE Meteorite As Found Low Iron,5.99,2024-07-09,7.38,0.81,WorthPoint
canyon-diablo-meteorite,3.07 Grams Canyon Diablo Meteor Crater Iron Meteorite From Arizona With A COA,7.49,2024-07-09,3.07,2.44,WorthPoint
canyon-diablo-meteorite,2.76 Grams Polished Canyon Diablo Meteor Crater Iron Meteorite Arizona With COA,6.99,2024-07-09,2.76,2.53,WorthPoint
canyon-diablo-meteorite,CANYON DIABLO IRON NICKEL METEORITE PIECE IMPACT SPECIMEN Approximately 1/2 Lb,49.99,2024-07-08,907.2,0.06,WorthPoint
canyon-diablo-meteorite,Canyon Diablo Iron Meteorite 23.1 Grams IAB-MG Ex. Aerolite,50.0,2024-07-07,23.1,2.16,WorthPoint
canyon-diablo-meteorite,"Meteorite Mountain, Near Canyon Diablo, Arizona, Fred Harvey",5.99,2024-07-05,,,WorthPoint
canyon-diablo-meteorite,Canyon Diablo Meteorite 28.6 G Individual Meteor Crater Arizona USA,69.0,2024-07-05,28.6,2.41,WorthPoint
canyon-diablo-meteorite,198 Gm CANYON DIABLO IRON METEORITE ARIZONA .43 Lbs MUSEUM Grade,222.25,2024-07-04,198.0,1.12,WorthPoint
canyon-diablo-meteorite,"Natural Meteorite Specimen, Canyon Diablo Arizona 2.21 Grams",6.99,2024-07-04,2.21,3.16,WorthPoint
canyon-diablo-meteorite,Navajo Indians & Train At Canyon Diablo AZ Near Flagstaff Stereoview C1900,9.99,2024-07-03,,,WorthPoint
canyon-diablo-meteorite,"Natural Meteorite Specimen, Canyon Diablo Arizona 12.23 Grams",24.99,2024-07-03,12.23,2.04,WorthPoint
canyon-diablo-meteorite,2.59 Grams Canyon Diablo Meteor Crater Iron Meteorite From Arizona With A COA,5.99,2024-07-03,2.59,2.31,WorthPoint
canyon-diablo-meteorite,"Natural Meteorite Specimen, Canyon Diablo Arizona 13.4 Grams",24.99,2024-07-03,13.4,1.86,WorthPoint
canyon-diablo-meteorite,188 Grams Old Route 66 Canyon Diablo American Meteorite Museum WALL BRICK ROCK,5.49,2024-06-30,188.0,0.03,WorthPoint
canyon-diablo-meteorite,10.8 Grams Polished Canyon Diablo Meteor Crater Iron Meteorite Arizona With COA,21.99,2024-06-28,10.8,2.04,WorthPoint
canyon-diablo-meteorite,All 9 Canyon Diablo Oxide Meteor Crater OXIDITE Meteorites As Found 24.4 Grams,19.99,2024-06-28,24.4,0.82,WorthPoint
canyon-diablo-meteorite,8.69 Grams OXIDE Canyon Diablo Meteor Crater OXIDITE Meteorite As Found Low Iron,6.99,2024-06-28,8.69,0.8,WorthPoint
canyon-diablo-meteorite,3.51 Grams As Found Canyon Diablo Meteor Crater Iron Meteorite From Arizona +COA,6.99,2024-06-28,3.51,1.99,WorthPoint
canyon-diablo-meteorite,9.67 Grams OXIDE Canyon Diablo Meteor Crater OXIDITE Meteorite As Found Low Iron,7.99,2024-06-28,9.67,0.83,WorthPoint
canyon-diablo-meteorite,7.47 Grams OXIDE Canyon Diablo Meteor Crater OXIDITE Meteorite As Found Low Iron,5.49,2024-06-28,7.47,0.73,WorthPoint
canyon-diablo-meteorite,4.91 Grams As Found Canyon Diablo Meteor Crater Iron Meteorite From Arizona +COA,9.99,2024-06-28,4.91,2.03,WorthPoint
canyon-diablo-meteorite,3.20 Grams 5 Canyon Diablo Meteor Crater Iron Meteorites From Arizona With A COA,6.99,2024-06-28,3.2,2.18,WorthPoint
canyon-diablo-meteorite,8.77 Grams OXIDE Canyon Diablo Meteor Crater OXIDITE Meteorite As Found Low Iron,6.99,2024-06-28,8.77,0.8,WorthPoint
canyon-diablo-meteorite,3.61 Grams 3 Canyon Diablo Meteor Crater Iron Meteorites From Arizona With A COA,6.99,2024-06-28,3.61,1.94,WorthPoint
canyon-diablo-meteorite,7.22 Grams OXIDE Canyon Diablo Meteor Crater OXIDITE Meteorite As Found Low Iron,5.49,2024-06-28,7.22,0.76,WorthPoint
canyon-diablo-meteorite,2.38 Grams As Found Canyon Diablo Meteor Crater Iron Meteorite From Arizona +COA,6.99,2024-06-28,2.38,2.94,WorthPoint
canyon-diablo-meteorite,6 Canyon Diablo Meteor Oxide Crater OXIDITE Meteorites As Found 10.1 Grams,9.99,2024-06-28,10.1,0.99,WorthPoint
canyon-diablo-meteorite,4.02 Grams 3 Canyon Diablo Meteor Crater Iron Meteorites From Arizona With A COA,7.99,2024-06-28,4.02,1.99,WorthPoint
canyon-diablo-meteorite,2.29 Grams Canyon Diablo Meteor Crater Iron Meteorite From Arizona With A COA,7.5,2024-06-27,2.29,3.28,WorthPoint
canyon-diablo-meteorite,3.20 Grams 3 Canyon Diablo Meteor Crater Iron Meteorites From Arizona With A COA,6.49,2024-06-19,3.2,2.03,WorthPoint
canyon-diablo-meteorite,3.32 Grams Canyon Diablo Meteor Crater Iron Meteorite From Arizona With A COA,7.49,2024-06-19,3.32,2.26,WorthPoint
canyon-diablo-meteorite,23.3 Grams Canyon Diablo Meteor Crater Iron Meteorite From Arizona With A COA,29.99,2024-06-18,23.3,1.29,WorthPoint
canyon-diablo-meteorite,101 Gm . CANYON DIABLO IRON METEORITE MUSEUM GRADE ARIZONA STAND,116.1,2024-06-18,101.0,1.15,WorthPoint
canyon-diablo-meteorite,3.77 Grams 5 Canyon Diablo Meteor Crater Iron Meteorites From Arizona With A COA,6.99,2024-06-18,3.77,1.85,WorthPoint
canyon-diablo-meteorite,5.01 Grams 3 Canyon Diablo Meteor Crater Iron Meteorites From Arizona With A COA,8.99,2024-06-18,5.01,1.79,WorthPoint
canyon-diablo-meteorite,Iron Meteorite 33 Grams Probably Canyon Diablo,29.0,2024-06-18,33.0,0.88,WorthPoint
canyon-diablo-meteorite,Canyon Diablo Arizona Fred Harvey Sterling Souvenir Spoon W/ Train Handle,95.0,2024-06-17,,,WorthPoint
canyon-diablo-meteorite,3.43 Grams Canyon Diablo Meteor Crater Iron Meteorite From Arizona With A COA,7.49,2024-06-17,3.43,2.18,WorthPoint
canyon-diablo-meteorite,2.86 Grams Canyon Diablo Meteor Crater Iron Meteorite From Arizona With A COA,6.49,2024-06-17,2.86,2.27,WorthPoint
canyon-diablo-meteorite,3.97 Grams 13 Canyon Diablo Meteor Crater Iron Meteorites From Arizona With +COA,6.99,2024-06-16,3.97,1.76,WorthPoint
canyon-diablo-meteorite,2.96 Grams 3 Canyon Diablo Meteor Crater Iron Meteorites From Arizona With A COA,5.99,2024-06-16,2.96,2.02,WorthPoint
canyon-diablo-meteorite,"Natural Meteorite Specimen, Canyon Diablo Arizona 2.60 Grams",6.5,2024-06-14,2.6,2.5,WorthPoint
canyon-diablo-meteorite,13.5 Grams Canyon Diablo Meteor Crater Iron Meteorite From Arizona With A COA,18.99,2024-06-14,13.5,1.41,WorthPoint
canyon-diablo-meteorite,4.21 Grams Canyon Diablo Meteor Crater Iron Meteorite From Arizona With A COA,7.99,2024-06-12,4.21,1.9,WorthPoint
canyon-diablo-meteorite,3.54 Grams Canyon Diablo Meteor Crater Iron Meteorite From Arizona With A COA,6.99,2024-06-12,3.54,1.97,WorthPoint
canyon-diablo-meteorite,Canyon Diablo Meteorite Spheroids Small Sample,35.0,2024-06-11,,,WorthPoint
canyon-diablo-meteorite,"Natural Meteorite Specimen, Canyon Diablo Arizona 1.82 Grams",6.99,2024-06-10,1.82,3.84,WorthPoint
canyon-diablo-meteorite,3.28 Grams Canyon Diablo Meteor Crater Iron Meteorite From Arizona With A COA,6.5,2024-06-09,3.28,1.98,WorthPoint
canyon-diablo-meteorite,6.31 Grams Canyon Diablo Meteor Crater Iron Meteorite From Arizona With A COA,13.5,2024-06-09,6.31,2.14,WorthPoint
canyon-diablo-meteorite,70 Gm. Canyon Diablo Meteorite End Cut Arizona Silicate Sold As Is,89.1,2024-06-08,70.0,1.27,WorthPoint
canyon-diablo-meteorite,"Natural Meteorite Specimen, Canyon Diablo Arizona 2.13 Grams",31.55,2024-06-08,2.13,14.81,WorthPoint
canyon-diablo-meteorite,"Natural Meteorite Specimen, Canyon Diablo Arizona 2.43 Grams",6.99,2024-06-07,2.43,2.88,WorthPoint
canyon-diablo-meteorite,1926 Meteorite Mountain Canyon Diablo Arizona Fred Harvey Postcard,5.5,2024-06-05,,,WorthPoint
canyon-diablo-meteorite,Postcard WB DB Meteorite Mountain Canyon Diablo Arizona,6.5,2024-06-05,,,WorthPoint
canyon-diablo-meteorite,Native Americans Watching A Train Canyon Diablo AZ Stereoview C1900,9.99,2024-06-05,,,WorthPoint
canyon-diablo-meteorite,"Natural Meteorite Specimen, Canyon Diablo Arizona 2.82 Grams",6.99,2024-06-03,2.82,2.48,WorthPoint
canyon-diablo-meteorite,"Natural Meteorite Specimen, Canyon Diablo Arizona 3.47 Grams",6.99,2024-06-03,3.47,2.01,WorthPoint
canyon-diablo-meteorite,170 Gm . CANYON DIABLO IRON METEORITE ; TOP GRADE; ARIZONA STAND .37 LBS.,179.1,2024-06-02,170.0,1.05,WorthPoint
canyon-diablo-meteorite,"Natural Meteorite Specimen, Canyon Diablo Arizona 1.91 Grams",6.99,2024-06-01,1.91,3.66,WorthPoint
canyon-diablo-meteorite,"Canyon Diablo Meteorite Pendant, Astronomy Gift, Space Gift, COA, 8.69",42.0,2024-06-01,,,WorthPoint
canyon-diablo-meteorite,2.90 Grams Canyon Diablo Meteor Crater Iron Meteorite From Arizona With A COA,6.99,2024-05-31,2.9,2.41,WorthPoint
canyon-diablo-meteorite,LARGE 404 Gm .CANYON DIABLO IRON METEORITE MUSEUM GRADE .9 # STD,449.1,2024-05-30,404.0,1.11,WorthPoint
canyon-diablo-meteorite,10.2 Grams Canyon Diablo Meteor Crater Iron Meteorite From Arizona With A COA,17.99,2024-05-29,10.2,1.76,WorthPoint
canyon-diablo-meteorite,20.2 Grams Canyon Diablo Meteor Crater Iron Meteorite From Arizona With A COA,33.0,2024-05-29,20.2,1.63,WorthPoint
canyon-diablo-meteorite,7 Grams Cleaned Canyon Diablo Meteor Crater Iron Meteorite From Arizona,19.99,2024-05-29,7.0,2.86,WorthPoint
canyon-diablo-meteorite,All 10 OXIDE Canyon Diablo Meteor Crater OXIDITE Meteorites As Found 21.3 Grams,16.49,2024-05-29,21.3,0.77,WorthPoint
canyon-diablo-meteorite,3.54 Grams Polished Canyon Diablo Meteor Crater Iron Meteorite From Arizona,6.99,2024-05-29,3.54,1.97,WorthPoint
canyon-diablo-meteorite,7.41 Grams Canyon Diablo Meteor Crater Iron Meteorite From Arizona With A COA,13.99,2024-05-29,7.41,1.89,WorthPoint
canyon-diablo-meteorite,4.66 Grams Polished Canyon Diablo Meteor Crater Iron Meteorite From Arizona,7.99,2024-05-28,4.66,1.71,WorthPoint
canyon-diablo-meteorite,3.48 Grams Polished Canyon Diablo Meteor Crater Iron Meteorite From Arizona,5.99,2024-05-28,3.48,1.72,WorthPoint
canyon-diablo-meteorite,9.69 Grams Canyon Diablo Meteor Crater Iron Meteorite From Arizona With A COA,17.99,2024-05-26,9.69,1.86,WorthPoint
canyon-diablo-meteorite,5.43 Grams Canyon Diablo Meteor Crater Iron Meteorite From Arizona With A COA,10.5,2024-05-26,5.43,1.93,WorthPoint
canyon-diablo-meteorite,4.06 Grams Canyon Diablo Meteor Crater Iron Meteorite From Arizona With A COA,11.0,2024-05-26,4.06,2.71,WorthPoint
canyon-diablo-meteorite,1.50 Grams Polished Canyon Diablo Meteor Crater Iron Meteorite From Arizona,10.5,2024-05-26,1.5,7.0,WorthPoint
canyon-diablo-meteorite,622 Gm . CANYON DIABLO IRON METEORITE MUSEUM GRADE ARIZONA STAND 1.3 LBS,674.1,2024-05-26,622.0,1.08,WorthPoint
canyon-diablo-meteorite,2.95 Grams As Found Canyon Diablo Meteor Crater Iron Meteorite From Arizona +COA,7.5,2024-05-25,2.95,2.54,WorthPoint
canyon-diablo-meteorite,3.85 Grams Polished Canyon Diablo Meteor Crater Iron Meteorite From Arizona,10.5,2024-05-25,3.85,2.73,WorthPoint
canyon-diablo-meteorite,3.98 Grams Polished Canyon Diablo Meteor Crater Iron Meteorite From Arizona,12.5,2024-05-25,3.98,3.14,WorthPoint
canyon-diablo-meteorite,Postcard Canyon Diablo Arizona Card #13955. Fred Harvey. Canyon Diablo Is A Gash,10.0,2024-05-25,,,WorthPoint
canyon-diablo-meteorite,4.61 Grams Canyon Diablo Meteor Crater Iron Meteorite From Arizona With A COA,8.5,2024-05-24,4.61,1.84,WorthPoint
canyon-diablo-meteorite,Beautiful 115 Gm. Etched Canyon Diablo Meteorite End Cut Arizona,224.1,2024-05-24,115.0,1.95,WorthPoint
canyon-diablo-meteorite,"Natural Meteorite Specimen, Canyon Diablo Arizona 4.24 Grams",12.5,2024-05-24,4.24,2.95,WorthPoint
canyon-diablo-meteorite,"Canyon Diablo, Iron IAB-MG Meteorite, Found In Arizona, USA In 1891, 61.40 Grams",76.0,2024-05-22,61.4,1.24,WorthPoint
canyon-diablo-meteorite,Beautiful 101 Gm. Etched Canyon Diablo Meteorite End Cut Arizona,215.1,2024-05-15,101.0,2.13,WorthPoint
canyon-diablo-meteorite,135 Gm . CANYON DIABLO IRON METEORITE MUSEUM GRADE; ARIZONA STAND,130.0,2024-05-14,135.0,0.96,WorthPoint
canyon-diablo-meteorite,Palm Size Canyon Diablo Iron-Nickel Meteorite,531.25,2024-05-14,,,WorthPoint
canyon-diablo-meteorite,"Natural Meteorite Specimen, Canyon Diablo Arizona 2.91 Grams",10.5,2024-05-13,2.91,3.61,WorthPoint
canyon-diablo-meteorite,5.55 Grams As Found Canyon Diablo Meteor Crater Iron Meteorite From Arizona,12.99,2024-05-13,5.55,2.34,WorthPoint
canyon-diablo-meteorite,Beautiful 131 Gm. Etched Canyon Diablo Meteorite End Cut Arizona,269.1,2024-05-11,131.0,2.05,WorthPoint
canyon-diablo-meteorite,40 Gm CANYON DIABLO IRON METEORITE TOP GRADE ARIZONA STAND INCLUDED,53.1,2024-05-10,40.0,1.33,WorthPoint
canyon-diablo-meteorite,Beautiful 228 Gm. Etched Canyon Diablo Meteorite Pair Arizona,449.1,2024-05-10,228.0,1.97,WorthPoint
canyon-diablo-meteorite,Postcard Arizona Canyon Diablo AZ Steam Train Railroad Bridge 1920s Unposted,6.0,2024-05-10,,,WorthPoint
canyon-diablo-meteorite,53 Gm . CANYON DIABLO IRON METEORITE ; ARIZONA; PATINA ; USA; STAND,62.1,2024-05-10,53.0,1.17,WorthPoint
canyon-diablo-meteorite,"Natural Meteorite Specimen, Canyon Diablo Arizona 6.23 Grams",12.99,2024-05-09,6.23,2.09,WorthPoint
canyon-diablo-meteorite,3.38 Grams As Found Canyon Diablo Meteor Crater Iron Meteorite From Arizona +COA,8.99,2024-05-07,3.38,2.66,WorthPoint
canyon-diablo-meteorite,2.51 Grams As Found Canyon Diablo Meteor Crater Iron Meteorite From Arizona +COA,5.99,2024-05-07,2.51,2.39,WorthPoint
canyon-diablo-meteorite,7.89 Grams Cleaned Canyon Diablo Meteor Crater Iron Meteorite From Arizona + COA,15.99,2024-05-07,7.89,2.03,WorthPoint
canyon-diablo-meteorite,"Meteorite**Canyon Diablo, Iron IAB-MG **5 277 Gram Individual W/Natural Patina!!",10.5,2024-05-06,277.0,0.04,WorthPoint
canyon-diablo-meteorite,170 Gm . CANYON DIABLO IRON METEORITE ; TOP GRADE ; ARIZONA; PATINA; .4 LBS,179.96,2024-05-06,170.0,1.06,WorthPoint
canyon-diablo-meteorite,154 Gm CANYON DIABLO IRON METEORITE TOP GRADE ARIZONA STAND INCLUDED,179.1,2024-05-05,154.0,1.16,WorthPoint
canyon-diablo-meteorite,PAIR OF 17 Gm TOTAL WEIGHT CANYON DIABLO IRON METEORITES ARIZONA STAND INC,26.95,2024-05-05,17.0,1.59,WorthPoint
canyon-diablo-meteorite,70 Gm . CANYON DIABLO IRON METEORITE ; MUSEUM GRADE; ARIZONA STAND INCLUDED,80.96,2024-05-04,70.0,1.16,WorthPoint
canyon-diablo-meteorite,Beautiful 105 Gm. Etched Canyon Diablo Meteorite End Cut Arizona,188.1,2024-05-04,105.0,1.79,WorthPoint
canyon-diablo-meteorite,65 Gm CANYON DIABLO IRON METEORITE TOP GRADE ARIZONA STAND INCLUDED,71.1,2024-05-04,65.0,1.09,WorthPoint
canyon-diablo-meteorite,73 Gm CANYON DIABLO IRON METEORITE TOP GRADE ARIZONA STAND INCLUDED,80.96,2024-05-04,73.0,1.11,WorthPoint
canyon-diablo-meteorite,"Natural Meteorite Specimen, Canyon Diablo Arizona 3.44 Grams",9.99,2024-05-04,3.44,2.9,WorthPoint
canyon-diablo-meteorite,"Natural Meteorite Specimen, Canyon Diablo Arizona 2.48 Grams",6.99,2024-05-02,2.48,2.82,WorthPoint
canyon-diablo-meteorite,"Natural Meteorite Specimen, Canyon Diablo Arizona 4.26 Grams",9.99,2024-05-02,4.26,2.35,WorthPoint
canyon-diablo-meteorite,"Natural Meteorite Specimen, Canyon Diablo Arizona 3.5 Grams",6.99,2024-05-02,3.5,2.0,WorthPoint
canyon-diablo-meteorite,"Natural Meteorite Specimen, Canyon Diablo Arizona 4.05 Grams",6.99,2024-05-01,4.05,1.73,WorthPoint
canyon-diablo-meteorite,"Natural Meteorite Specimen, Canyon Diablo Arizona 4.68 Grams",9.99,2024-05-01,4.68,2.13,WorthPoint
canyon-diablo-meteorite,"7.5 Gram Canyon Diablo Individual Meteorite - Iron, IAB-MG Found 1891 Arizona",24.99,2024-04-30,7.5,3.33,WorthPoint
canyon-diablo-meteorite,Beautiful 168 Gm. Etched Canyon Diablo Meteorite End Cut Arizona,212.9,2024-04-29,168.0,1.27,WorthPoint
canyon-diablo-meteorite,5.01 Grams As Found Canyon Diablo Meteor Crater Iron Meteorite From Arizona +COA,11.99,2024-04-28,5.01,2.39,WorthPoint
canyon-diablo-meteorite,Beautiful 102 Gm. Etched Canyon Diablo Meteorite Pair Arizona,161.1,2024-04-26,102.0,1.58,WorthPoint
canyon-diablo-meteorite,"Natural Meteorite Specimen, Canyon Diablo Arizona 3.75 Grams",7.99,2024-04-24,3.75,2.13,WorthPoint
canyon-diablo-meteorite,‚òÑÔ∏è Meteorite Canyon Diablo Arizona Rare 31.7 Grams,90.0,2024-04-24,31.7,2.84,WorthPoint
canyon-diablo-meteorite,188 Gm CANYON DIABLO IRON METEORITE MUSEUM GRADE ARIZONA STAND INCLUDED,251.95,2024-04-21,188.0,1.34,WorthPoint
canyon-diablo-meteorite,Canyon Diablo Individual Meteorite,937.5,2024-04-11,,,WorthPoint
canyon-diablo-meteorite,714 Gm . CANYON DIABLO IRON METEORITE MUSEUM GRADE ARIZONA STAND 1.6 LBS,809.95,2024-04-11,714.0,1.13,WorthPoint
canyon-diablo-meteorite,3.11 Grams As Found Canyon Diablo Meteor Crater Iron Meteorite From Arizona +COA,8.99,2024-04-11,3.11,2.89,WorthPoint
canyon-diablo-meteorite,242 Gm CANYON DIABLO IRON METEORITE ARIZONA .53 Lbs MUSEUM Grade,250.0,2024-04-10,242.0,1.03,WorthPoint
canyon-diablo-meteorite,65 Grams Canyon Diablo Coconino From Rim Of Meteor Crater - Old Collection,12.99,2024-04-09,65.0,0.2,WorthPoint
canyon-diablo-meteorite,Canyon Diablo Cleaned Iron Meteorite From Meteor Crater Arizona 5.78 Grams,17.99,2024-04-09,5.78,3.11,WorthPoint
canyon-diablo-meteorite,102 Gm CANYON DIABLO IRON METEORITE TOP GRADE ARIZONA STAND INCLUDED,116.1,2024-04-09,102.0,1.14,WorthPoint
canyon-diablo-meteorite,3.54 Grams As Found Canyon Diablo Meteor Crater Iron Meteorite From Arizona +COA,9.49,2024-04-06,3.54,2.68,WorthPoint
canyon-diablo-meteorite,Canyon Diablo Berringer Crater Arizona Meteor Meteorite Fragment Artifact,17.52,2024-04-05,,,WorthPoint
canyon-diablo-meteorite,24 Gm CANYON DIABLO IRON METEORITE MUSEUM GRADE ARIZONA STAND INCLUDED,31.45,2024-04-04,24.0,1.31,WorthPoint
canyon-diablo-meteorite,226 Gm . CANYON DIABLO IRON METEORITE ; TOP GRADE; ARIZONA STAND INCLUDED,224.1,2024-04-04,226.0,0.99,WorthPoint
canyon-diablo-meteorite,6.1 Grams As Found Canyon Diablo Meteor Crater Iron Meteorite From Arizona,18.95,2024-04-04,6.1,3.11,WorthPoint
canyon-diablo-meteorite,88 Grams Canyon Diablo Coconino From Rim Of Meteor Crater - Old Collection,12.99,2024-04-04,88.0,0.15,WorthPoint
canyon-diablo-meteorite,63 Grams Canyon Diablo Coconino From Rim Of Meteor Crater - Old Collection,7.99,2024-04-04,63.0,0.13,WorthPoint
canyon-diablo-meteorite,51 Grams Canyon Diablo Coconino From Rim Of Meteor Crater - Old Collection,7.99,2024-04-04,51.0,0.16,WorthPoint
canyon-diablo-meteorite,28 Gm CANYON DIABLO IRON METEORITE MUSEUM GRADE ARIZONA STAND INCLUDED,35.95,2024-04-03,28.0,1.28,WorthPoint
canyon-diablo-meteorite,121 Gm CANYON DIABLO IRON METEORITE MUSEUM GRADE ARIZONA STAND INCLUDED,134.1,2024-04-02,121.0,1.11,WorthPoint
canyon-diablo-meteorite,61 Gm CANYON DIABLO IRON METEORITE MUSEUM GRADE ARIZONA STAND INCLUDED,71.1,2024-04-02,61.0,1.17,WorthPoint
canyon-diablo-meteorite,Lot Of 2 OXIDE Canyon Diablo Meteor Crater OXIDITE Meteorite 49.1-grams As Found,59.99,2024-04-01,49.1,1.22,WorthPoint
canyon-diablo-meteorite,Lot Of 5 OXIDE Canyon Diablo Meteor Crater OXIDITE Meteorite 66.9-grams As Found,84.99,2024-04-01,66.9,1.27,WorthPoint
canyon-diablo-meteorite,48 Gm Canyon Diablo Iron Meteorite Top Grade Arizona Stand Included,43.44,2024-04-01,48.0,0.9,WorthPoint
canyon-diablo-meteorite,"BNSF/Santa Fe Canyon Diablo Bridge HO Gauge - Assembled Deco, Detail & Base!",999.0,2024-04-01,,,WorthPoint
canyon-diablo-meteorite,"Meteorite**Canyon Diablo, Graphite Nodule**4.964 Gram Endcut, Very Rare! Arizona",51.0,2024-04-01,4.964,10.27,WorthPoint
canyon-diablo-meteorite,26 Gm CANYON DIABLO IRON METEORITE MUSEUM GRADE ARIZONA STAND INCLUDED,35.95,2024-03-31,26.0,1.38,WorthPoint
canyon-diablo-meteorite,"Natural Meteorite Specimen, Canyon Diablo Arizona 2.42 Grams",6.99,2024-03-29,2.42,2.89,WorthPoint
canyon-diablo-meteorite,"Natural Meteorite Specimen, Canyon Diablo Arizona 8.1 Grams",14.99,2024-03-27,8.1,1.85,WorthPoint
canyon-diablo-meteorite,884 Gm . CANYON DIABLO IRON METEORITE ; TOP GRADE ; BEAUTIFUL METEORITE; 2 LBS,854.1,2024-03-26,884.0,0.97,WorthPoint
canyon-diablo-meteorite,"Canyon Diablo Slice Meteorite Pendant 18.54 Grams, Etched And Polished, Space",82.0,2024-03-25,18.54,4.42,WorthPoint
canyon-diablo-meteorite,"Canyon Diablo Slice Meteorite Pendant 15.76 Grams, Etched And Polished, Space",65.0,2024-03-25,15.76,4.12,WorthPoint
canyon-diablo-meteorite,65 Gm CANYON DIABLO IRON METEORITE MUSEUM GRADE ARIZONA STAND INCLUDED,89.96,2024-03-24,65.0,1.38,WorthPoint
canyon-diablo-meteorite,581 Gm CANYON DIABLO IRON Octahedrite METEORITE ARIZONA MUSEUM Grade,250.0,2024-03-23,581.0,0.43,WorthPoint
canyon-diablo-meteorite,Canyon Diablo Iron Meteorite Specimen With Case Arizona,7.66,2024-03-23,,,WorthPoint
canyon-diablo-meteorite,382 Gm .CANYON DIABLO IRON METEORITE BEST GRADE ARIZONA STAND INCLUDED PATINA,521.1,2024-03-21,382.0,1.36,WorthPoint
canyon-diablo-meteorite,"1891, Canyon Diablo IAB MG Meteorites 135 Gram Lot W/Desert Patina & 1 Polished",89.0,2024-03-20,135.0,0.66,WorthPoint
canyon-diablo-meteorite,1- 13 Gm . CANYON DIABLO IRON METEORITE ; ARIZONA; PATINA ; USA; CASE,19.8,2024-03-16,13.0,1.52,WorthPoint
canyon-diablo-meteorite,"Natural Meteorite Specimen, Canyon Diablo Arizona 6.54 Grams",14.99,2024-03-16,6.54,2.29,WorthPoint
canyon-diablo-meteorite,3.08 Grams As Found Canyon Diablo Meteor Crater Iron Meteorite From Arizona +COA,8.99,2024-03-13,3.08,2.92,WorthPoint
canyon-diablo-meteorite,2.35 Grams As Found Canyon Diablo Meteor Crater Iron Meteorite From Arizona +COA,7.99,2024-03-13,2.35,3.4,WorthPoint
canyon-diablo-meteorite,1- 17 Gm . CANYON DIABLO IRON METEORITE ; ARIZONA; PATINA ; USA; CASE,19.8,2024-03-12,17.0,1.16,WorthPoint
canyon-diablo-meteorite,23.4 Grams OXIDE Canyon Diablo Meteor Crater OXIDITE Meteorite As Found Low Iron,18.99,2024-03-12,23.4,0.81,WorthPoint
canyon-diablo-meteorite,114 Gm CANYON DIABLO IRON METEORITE TOP GRADE ARIZONA STAND INCLUDED,116.1,2024-03-08,114.0,1.02,WorthPoint
canyon-diablo-meteorite,490gm CANYON DIABLO Octahedrite IRON METEORITE ARIZONA 1+ Lbs Out Of This World,449.95,2024-03-08,490.0,0.92,WorthPoint
canyon-diablo-meteorite,"Natural Meteorite Specimen, Canyon Diablo Arizona 5.85 Grams",9.99,2024-03-08,5.85,1.71,WorthPoint
canyon-diablo-meteorite,318 Gm . CANYON DIABLO IRON METEORITE MUSEUM GRADE ARIZONA STAND .7 LBS,300.0,2024-03-07,318.0,0.94,WorthPoint
canyon-diablo-meteorite,330 Gm . CANYON DIABLO IRON METEORITE ; TOP GRADE; ARIZONA STAND INC .73 LB,300.0,2024-03-07,330.0,0.91,WorthPoint
canyon-diablo-meteorite,CANYON DIABLO IRON METEORITE 27.7gm M4950,19.99,2024-03-07,27.7,0.72,WorthPoint
canyon-diablo-meteorite,"Natural Meteorite Specimen, Canyon Diablo Arizona 6.43 Grams",13.5,2024-03-06,6.43,2.1,WorthPoint
canyon-diablo-meteorite,35 Gram Canyon Diablo Iron Meteorite - Shard Shape - Natural Ex Reed - Arizona,120.0,2024-03-05,35.0,3.43,WorthPoint
canyon-diablo-meteorite,25 Individuals 72 GMS TINY CANYON DIABLO IRON METEORITES ARIZONA,116.1,2024-03-04,72.0,1.61,WorthPoint
canyon-diablo-meteorite,25 Individuals; 102 GMS TINY CANYON DIABLO IRON METEORITES ARIZONA,98.1,2024-03-04,102.0,0.96,WorthPoint
canyon-diablo-meteorite,"Meteorite, Premium Grade 195g Meteor Crater, AZ, Canyon Diablo Meteorite",85.88,2024-03-04,195.0,0.44,WorthPoint
canyon-diablo-meteorite,25 Individuals; 230 GMS SMALL CANYON DIABLO IRON METEORITES ARIZONA,251.1,2024-03-04,230.0,1.09,WorthPoint
canyon-diablo-meteorite,Canyon Diablo Meteorite Specimen,30.0,2024-03-03,,,WorthPoint
canyon-diablo-meteorite,25 Individuals; 90 GMS TINY CANYON DIABLO IRON METEORITES ARIZONA,98.1,2024-03-03,90.0,1.09,WorthPoint
canyon-diablo-meteorite,CANYON DIABLO IRON METEORITE 27.6gm M4951,19.99,2024-03-01,27.6,0.72,WorthPoint
canyon-diablo-meteorite,114 Gm. Canyon Diablo Iron Meteorite ; Top Grade ; Arizona ;,116.1,2024-02-29,114.0,1.02,WorthPoint
canyon-diablo-meteorite,113 Gm . CANYON DIABLO IRON METEORITE MUSEUM GRADE ARIZONA STAND,149.0,2024-02-29,113.0,1.32,WorthPoint
canyon-diablo-meteorite,76 Grams Total CANYON DIABLO IRON METEORITES. 3 Total Pieces,79.0,2024-02-27,76.0,1.04,WorthPoint
canyon-diablo-meteorite,826 Gm!' CANYON DIABLO IRON METEORITE Metal Label Included,899.0,2024-02-26,826.0,1.09,WorthPoint
canyon-diablo-meteorite,22.2 Grams Canyon Diablo Coconino From Rim Of Meteor Crater - Old Collection,5.5,2024-02-24,22.2,0.25,WorthPoint
canyon-diablo-meteorite,Beautiful 174 Gm. Etched Canyon Diablo Meteorite Quad Cut Arizona,179.1,2024-02-23,174.0,1.03,WorthPoint
canyon-diablo-meteorite,306 Gm . CANYON DIABLO IRON METEORITE ; TOP GRADE; ARIZONA STAND INCLUDED .7 LB,279.0,2024-02-22,306.0,0.91,WorthPoint
canyon-diablo-meteorite,10.1 Grams OXIDE Canyon Diablo Meteor Crater OXIDITE Meteorite As Found Low Iron,5.99,2024-02-22,10.1,0.59,WorthPoint
canyon-diablo-meteorite,"BNSF/Santa Fe, Canyon Diablo Deck Bridge Diorama & Base HO M1946 BiN $1,200.00",1200.0,2024-02-19,,,WorthPoint
canyon-diablo-meteorite,Lot OXIDE Canyon Diablo Meteor Crater OXIDITE Meteorites 376-grams As Found,224.99,2024-02-19,376.0,0.6,WorthPoint
canyon-diablo-meteorite,29.5 Gram Canyon Diablo Graphite Half Nodule Meteorite - #,750.0,2024-02-19,29.5,25.42,WorthPoint
canyon-diablo-meteorite,5.26 Gram OXIDE Canyon Diablo Meteor Crater OXIDITE Meteorite As Found Low Iron,6.99,2024-02-18,5.26,1.33,WorthPoint
canyon-diablo-meteorite,76 Gm CANYON DIABLO IRON METEORITE MUSEUM GRADE ARIZONA STAND INCLUDED,89.1,2024-02-15,76.0,1.17,WorthPoint
canyon-diablo-meteorite,"Canyon Diablo Iron IAB-MG, Nice Sculpted Individual, 9.76 Grams",16.0,2024-02-15,9.76,1.64,WorthPoint
canyon-diablo-meteorite,240 Gm . CANYON DIABLO IRON METEORITE ; AAA GRADE ; ARIZONA .52 Pounds,155.0,2024-02-13,240.0,0.65,WorthPoint
canyon-diablo-meteorite,294 Gm CANYON DIABLO IRON METEORITE ARIZONA .65 Lbs MUSEUM Grade,323.96,2024-02-13,294.0,1.1,WorthPoint
canyon-diablo-meteorite,346 Gm!' CANYON DIABLO IRON METEORITE,355.0,2024-02-13,346.0,1.03,WorthPoint
canyon-diablo-meteorite,258 Gm CANYON DIABLO IRON METEORITE,259.0,2024-02-13,258.0,1.0,WorthPoint
canyon-diablo-meteorite,"Natural Meteorite Specimen, Canyon Diablo Arizona 5.19 Grams",12.99,2024-02-12,5.19,2.5,WorthPoint
canyon-diablo-meteorite,14.9 Grams As Found Canyon Diablo Meteor Crater Iron Meteorite From Arizona +COA,19.99,2024-02-12,14.9,1.34,WorthPoint
canyon-diablo-meteorite,68 Gm CANYON DIABLO IRON METEORITE MUSEUM GRADE ARIZONA STAND INCLUDED,89.96,2024-02-11,68.0,1.32,WorthPoint
canyon-diablo-meteorite,82 Gm CANYON DIABLO IRON METEORITE TOP GRADE ARIZONA STAND INCLUDED,89.1,2024-02-09,82.0,1.09,WorthPoint
canyon-diablo-meteorite,83 Gm CANYON DIABLO IRON METEORITE TOP GRADE ARIZONA STAND INCLUDED,89.1,2024-02-09,83.0,1.07,WorthPoint
canyon-diablo-meteorite,8.08g Canyon Diablo Coconino - From Rim Of Meteor Crater - Meteorite Impact,8.0,2024-02-08,8.08,0.99,WorthPoint
canyon-diablo-meteorite,16.47g Canyon Diablo Coconino - From Rim Of Meteor Crater - Meteorite Impact,16.0,2024-02-08,16.47,0.97,WorthPoint
canyon-diablo-meteorite,20.25g Canyon Diablo Coconino - From Rim Of Meteor Crater - Meteorite Impact,20.0,2024-02-08,20.25,0.99,WorthPoint
canyon-diablo-meteorite,10.18g Canyon Diablo Coconino - From Rim Of Meteor Crater - Meteorite Impact,10.0,2024-02-08,10.18,0.98,WorthPoint
canyon-diablo-meteorite,37 Gm CANYON DIABLO IRON METEORITE TOP GRADE ARIZONA STAND INCLUDED,44.95,2024-02-08,37.0,1.21,WorthPoint
canyon-diablo-meteorite,"Natural Meteorite Specimen, Canyon Diablo Arizona 2.5 Grams",10.5,2024-02-07,2.5,4.2,WorthPoint
canyon-diablo-meteorite,19.1 Grams As Found Canyon Diablo Meteor Crater Iron Meteorite From Arizona,41.0,2024-02-05,19.1,2.15,WorthPoint
canyon-diablo-meteorite,132 Gm CANYON DIABLO IRON METEORITE MUSEUM GRADE ARIZONA STAND INCLUDED,143.1,2024-02-04,132.0,1.08,WorthPoint
canyon-diablo-meteorite,222 Gm . CANYON DIABLO IRON METEORITE ; MUSEUM GRADE; ARIZONA STAND INCLUDED,251.1,2024-02-04,222.0,1.13,WorthPoint
canyon-diablo-meteorite,3 Grams As Found Canyon Diablo Meteor Crater Iron Meteorite From Arizona +COA,8.49,2024-02-04,3.0,2.83,WorthPoint
canyon-diablo-meteorite,108 Gm . CANYON DIABLO IRON METEORITE TOP; GD ARIZONA STAND,116.1,2024-02-04,108.0,1.07,WorthPoint
canyon-diablo-meteorite,110 Gm CANYON DIABLO IRON METEORITE TOP GRADE ARIZONA STAND INCLUDED,116.1,2024-02-04,110.0,1.06,WorthPoint
canyon-diablo-meteorite,Lot Of 15 OXIDE Canyon Diablo Meteor Crater OXIDITE Meteorite 15.3grams As Found,44.99,2024-02-04,15.3,2.94,WorthPoint
canyon-diablo-meteorite,2.88 Grams As Found Canyon Diablo Meteor Crater Iron Meteorite From Arizona +COA,5.99,2024-02-03,2.88,2.08,WorthPoint
canyon-diablo-meteorite,7.70 Grams As Found Canyon Diablo Meteor Crater Iron Meteorite From Arizona +COA,12.99,2024-02-03,7.7,1.69,WorthPoint
canyon-diablo-meteorite,"Natural Meteorite Specimen, Canyon Diablo Arizona 5.49 Grams",12.99,2024-02-03,5.49,2.37,WorthPoint
canyon-diablo-meteorite,PAIR OF TOTAL WEIGHT 22gms. CANYON DIABLO IRON METEORITES ARIZONA Cases INCL,35.95,2024-02-01,22.0,1.63,WorthPoint
canyon-diablo-meteorite,Meteorite - Canyon Diablo 23.2g Polished And Etched End Piece,69.95,2024-02-01,23.2,3.02,WorthPoint
canyon-diablo-meteorite,174 Gm . CANYON DIABLO IRON METEORITE TOP; GD ARIZONA STAND,179.1,2024-01-31,174.0,1.03,WorthPoint
canyon-diablo-meteorite,Canyon Diablo Meteorite Pc. With Troilite Barringer Crater Arizona AZ COA 6098,79.95,2024-01-31,,,WorthPoint
canyon-diablo-meteorite,Canyon Diablo Meteorite 15 Grams,15.0,2024-01-30,15.0,1.0,WorthPoint
canyon-diablo-meteorite,"Natural Meteorite Specimen, Canyon Diablo Arizona 6.67 Grams",12.99,2024-01-30,6.67,1.95,WorthPoint
canyon-diablo-meteorite,136 Gm . CANYON DIABLO IRON METEORITE MUSEUM GD ARIZONA STAND,143.1,2024-01-29,136.0,1.05,WorthPoint
canyon-diablo-meteorite,2.04 Grams Polished Canyon Diablo Meteor Crater Iron Meteorite From Arizona,5.5,2024-01-29,2.04,2.7,WorthPoint
canyon-diablo-meteorite,5 Kilo Wholesale Lot Canyon Diablo Iron Meteorites Arizona Patina Usa Grab Bag,3000.0,2024-01-26,,,WorthPoint
canyon-diablo-meteorite,170 Gm . CANYON DIABLO IRON METEORITE ; TOP GRADE; ARIZONA .37 POUNDS,179.1,2024-01-26,170.0,1.05,WorthPoint
canyon-diablo-meteorite,"1891, Canyon Diablo IAB MG Meteorites 155 Gram Lot W/Desert Patina & 1 Polished",99.0,2024-01-26,155.0,0.64,WorthPoint
canyon-diablo-meteorite,21.5 Grams As Found Canyon Diablo Meteor Crater Iron Meteorite From Arizona +COA,24.99,2024-01-26,21.5,1.16,WorthPoint
canyon-diablo-meteorite,922 Gm . CANYON DIABLO IRON METEORITE MUSEUM GRADE ARIZONA STAND 2+ LB,1079.1,2024-01-25,922.0,1.17,WorthPoint
canyon-diablo-meteorite,846 Gm . CANYON DIABLO IRON METEORITE MUSEUM GRADE ARIZONA STAND 1.9+ LB,989.1,2024-01-25,846.0,1.17,WorthPoint
canyon-diablo-meteorite,432 Gm . CANYON DIABLO IRON METEORITE MUSEUM GD ARIZONA STAND .95+ LB,449.1,2024-01-24,432.0,1.04,WorthPoint
canyon-diablo-meteorite,11 Gm . CANYON DIABLO IRON METEORITE ARIZONA USA CASE,17.95,2024-01-24,11.0,1.63,WorthPoint
canyon-diablo-meteorite,5.85 Grams As Found Canyon Diablo Meteor Crater Iron Meteorite From Arizona +COA,9.99,2024-01-24,5.85,1.71,WorthPoint
canyon-diablo-meteorite,143 Gm CANYON DIABLO IRON METEORITE MUSEUM GRADE ARIZONA STAND INCLUDED,161.1,2024-01-23,143.0,1.13,WorthPoint
canyon-diablo-meteorite,"Canyon Diablo Slice Meteorite Pendant 6.69 Grams, Etched And Polished, Space",52.0,2024-01-22,6.69,7.77,WorthPoint
canyon-diablo-meteorite,147 Gm CANYON DIABLO IRON METEORITE TOP GRADE ARIZONA STAND INCLUDED,161.1,2024-01-22,147.0,1.1,WorthPoint
canyon-diablo-meteorite,164 Gm CANYON DIABLO IRON METEORITE MUSEUM GRADE ARIZONA STAND INCLUDED,179.1,2024-01-21,164.0,1.09,WorthPoint
canyon-diablo-meteorite,PAIR OF TOTAL WEIGHT 17gms. CANYON DIABLO IRON METEORITES ARIZONA Cases INCL,31.45,2024-01-20,17.0,1.85,WorthPoint
canyon-diablo-meteorite,"1891, Canyon Diablo IAB MG Meteorites 190 Gram Lot With Desert Patina",119.0,2024-01-20,190.0,0.63,WorthPoint
canyon-diablo-meteorite,25 Individuals; 100 GMS SMALL CANYON DIABLO IRON METEORITES ; TOP GRADE; ARIZONA,116.1,2024-01-19,100.0,1.16,WorthPoint
canyon-diablo-meteorite,4.72 Gram OXIDE Canyon Diablo Meteor Crater OXIDITE Meteorite As Found Low Iron,5.99,2024-01-16,4.72,1.27,WorthPoint
canyon-diablo-meteorite,94 Gm . CANYON DIABLO IRON METEORITE MUSEUM GRADE; ARIZONA STAND,107.1,2024-01-16,94.0,1.14,WorthPoint
canyon-diablo-meteorite,14 Gm . CANYON DIABLO IRON METEORITE ARIZONA USA CASE,21.6,2024-01-15,14.0,1.54,WorthPoint
canyon-diablo-meteorite,152 Gm . CANYON DIABLO IRON METEORITE ; W/ STAND TOP GRADE,161.95,2024-01-14,152.0,1.07,WorthPoint
canyon-diablo-meteorite,372 Gm CANYON DIABLO IRON METEORITE ARIZONA 81 Lbs MUSEUM Grade,404.96,2024-01-14,372.0,1.09,WorthPoint
canyon-diablo-meteorite,133 Gm . CANYON DIABLO IRON METEORITE MUSEUM GD ARIZONA STAND,152.1,2024-01-13,133.0,1.14,WorthPoint
canyon-diablo-meteorite,364 Gm . CANYON DIABLO IRON METEORITE MUSEUM GD ARIZONA STAND .8+ LB ORIENTED,449.1,2024-01-13,364.0,1.23,WorthPoint
canyon-diablo-meteorite,12.42 Gram OXIDE Canyon Diablo Meteor Crater OXIDITE Meteorite As Found Low Iron,8.49,2024-01-13,12.42,0.68,WorthPoint
canyon-diablo-meteorite,"165 Gm CANYON DIABLO IRON METEORITE MUSEUM GD ARIZONA STD INC,",179.1,2024-01-13,165.0,1.09,WorthPoint
canyon-diablo-meteorite,198 Gm CANYON DIABLO IRON METEORITE MUSEUM GRADE ARIZONA LABEL AND STAND .43 #,224.1,2024-01-10,198.0,1.13,WorthPoint
canyon-diablo-meteorite,216 Gm . CANYON DIABLO IRON METEORITE ; TOP GRADE ; ARIZONA; .5 POUNDS AAA GRADE,215.1,2024-01-10,216.0,1.0,WorthPoint
canyon-diablo-meteorite,104 Gram Canyon Diablo Meteorite (arizona),99.95,2024-01-10,104.0,0.96,WorthPoint
canyon-diablo-meteorite,CANYON DIABLO IRON METEORITE - Lot Of 3 - 2 Cm - ARIZONA 27655,16.0,2024-01-10,,,WorthPoint
canyon-diablo-meteorite,43.9-gram OXIDE Canyon Diablo Meteor Crater OXIDITE Meteorite As Found,54.99,2024-01-07,43.9,1.25,WorthPoint
canyon-diablo-meteorite,147 Gm . CANYON DIABLO IRON METEORITE MUSEUM GD ARIZONA STAND,197.1,2024-01-06,147.0,1.34,WorthPoint
canyon-diablo-meteorite,200 Gm . CANYON DIABLO IRON METEORITE MUSEUM GRADE ARIZONA STAND .44#,224.1,2024-01-06,200.0,1.12,WorthPoint
canyon-diablo-meteorite,160 Gm . CANYON DIABLO IRON METEORITE MUSEUM GD ARIZONA STAND,215.1,2024-01-05,160.0,1.34,WorthPoint
canyon-diablo-meteorite,173 Gm . CANYON DIABLO IRON METEORITE TOP GRADE; ARIZONA .37 POUND,179.32,2024-01-04,173.0,1.04,WorthPoint
canyon-diablo-meteorite,"Whole Canyon Diablo Iron Meteorite, 79 Grams",93.0,2024-01-02,79.0,1.18,WorthPoint
canyon-diablo-meteorite,156 Gm . CANYON DIABLO IRON METEORITE ; TOP GRADE; ARIZONA STAND INCLUDED; .34#,161.95,2024-01-02,156.0,1.04,WorthPoint
canyon-diablo-meteorite,"Canyon Diablo, Iron, IAB-MG Meteorite, Arizona 1891, Nicely Sculpted! 6.27 Grams",12.0,2024-01-02,6.27,1.91,WorthPoint
canyon-diablo-meteorite,33.7 Grams OXIDE Canyon Diablo Meteor Crater OXIDITE Meteorite As Found Low Iron,26.99,2024-01-02,33.7,0.8,WorthPoint
canyon-diablo-meteorite,56 Gm CANYON DIABLO IRON METEORITE MUSEUM GRADE ARIZONA STAND INCLUDED,62.95,2024-01-01,56.0,1.12,WorthPoint
canyon-diablo-meteorite,‚òÑÔ∏è Meteorite Canyon Diablo Arizona Rare 60.4 Grams,604.0,2024-01-01,60.4,10.0,WorthPoint
canyon-diablo-meteorite,4.27 Gram OXIDE Canyon Diablo Meteor Crater OXIDITE Meteorite As Found Low Iron,5.99,2024-01-01,4.27,1.4,WorthPoint
canyon-diablo-meteorite,4.82 Gram OXIDE Canyon Diablo Meteor Crater OXIDITE Meteorite As Found Low Iron,5.99,2024-01-01,4.82,1.24,WorthPoint
canyon-diablo-meteorite,54 Gm CANYON DIABLO IRON METEORITE TOP GRADE ARIZONA STAND INCLUDED,48.6,2023-12-30,54.0,0.9,WorthPoint
canyon-diablo-meteorite,"180 Gm CANYON DIABLO IRON METEORITE MUSEUM COLLECTORS GD ARIZONA STD INC,",206.1,2023-12-29,180.0,1.15,WorthPoint
canyon-diablo-meteorite,4.60 Gram OXIDE Canyon Diablo Meteor Crater OXIDITE Meteorite As Found Low Iron,5.99,2023-12-29,4.6,1.3,WorthPoint
canyon-diablo-meteorite,Canyon Diablo Meteorite. 26.3 Grams. End Cut.,50.0,2023-12-27,26.3,1.9,WorthPoint
canyon-diablo-meteorite,40 Gm . CANYON DIABLO IRON METEORITE ; MUSEUM GRADE; ARIZONA STAND INCLUDED,44.95,2023-12-27,40.0,1.12,WorthPoint
canyon-diablo-meteorite,Canyon Diablo IAB Iron Meteorite Arizona 6.76 Grams,17.75,2023-12-27,6.76,2.63,WorthPoint
canyon-diablo-meteorite,Canyon Diablo Railway Bridge Stereoview C1903 Underwood Railroad Train AZ H1616,19.95,2023-12-27,,,WorthPoint
canyon-diablo-meteorite,60 Gm CANYON DIABLO IRON METEORITE TOP GRADE ARIZONA STAND INCLUDED,71.1,2023-12-26,60.0,1.18,WorthPoint
canyon-diablo-meteorite,113 Gm CANYON DIABLO IRON METEORITE TOP GRADE ARIZONA STAND INCLUDED,116.1,2023-12-25,113.0,1.03,WorthPoint
canyon-diablo-meteorite,93 Gm CANYON DIABLO IRON METEORITE TOP GRADE ARIZONA STAND INCLUDED,107.1,2023-12-24,93.0,1.15,WorthPoint
canyon-diablo-meteorite,Vintage Souvenir Meteor Crater Arizona Bolo Neck Tie (Canyon Diablo Meteorite),19.99,2023-12-24,,,WorthPoint
canyon-diablo-meteorite,4.8 Gm CANYON DIABLO IRON METEORITE ARIZONA,12.0,2023-12-22,4.8,2.5,WorthPoint
canyon-diablo-meteorite,Genuine Canyon Diablo Meteorite Arizona 47mm. 26.1 Grams,31.0,2023-12-20,26.1,1.19,WorthPoint
canyon-diablo-meteorite,111 Gm . CANYON DIABLO IRON METEORITE TOP GRADE; ARIZONA STAND INCLUDED,121.46,2023-12-18,111.0,1.09,WorthPoint
canyon-diablo-meteorite,Canyon Diablo Meteorite 20.9 Grams (natural Patina),21.0,2023-12-18,20.9,1.0,WorthPoint
canyon-diablo-meteorite,10 Individuals; 106 Gms . CANYON DIABLO IRON METEORITES ; ARIZONA PATINA USA,116.1,2023-12-18,106.0,1.1,WorthPoint
canyon-diablo-meteorite,"Natural Meteorite Specimen, Canyon Diablo Arizona 5.46 Grams",12.99,2023-12-18,5.46,2.38,WorthPoint
canyon-diablo-meteorite,Genuine Canyon Diablo Meteorite Arizona 642 Grams 1.411 Lbs,300.0,2023-12-17,642.0,0.47,WorthPoint
canyon-diablo-meteorite,126.2gm Canyon Diablo Iron Meteorite From The Barringer Crater In Arizona,149.99,2023-12-17,126.2,1.19,WorthPoint
canyon-diablo-meteorite,850 Gm CANYON DIABLO IRON METEORITE ARIZONA 1.87 Lbs MUSEUM Grade,1259.1,2023-12-17,850.0,1.48,WorthPoint
canyon-diablo-meteorite,2.15 Grams Polished Canyon Diablo Meteor Crater Iron Meteorite From Arizona,5.99,2023-12-16,2.15,2.79,WorthPoint
canyon-diablo-meteorite,17 Gm CANYON DIABLO IRON METEORITE TOP GRADE ARIZONA CASE INCLUDED,26.1,2023-12-16,17.0,1.54,WorthPoint
canyon-diablo-meteorite,Meteorite - Canyon Diablo 30.9g Polished And Etched End Piece,79.95,2023-12-15,30.9,2.59,WorthPoint
canyon-diablo-meteorite,"CANYON DIABLO METEORITE 12.3 Gram INDIVIDUAL. NICE CHARACTERISTICS, CHECK IT OUT",12.0,2023-12-12,12.3,0.98,WorthPoint
canyon-diablo-meteorite,"Natural Meteorite Specimen, Canyon Diablo Arizona 4.9 Grams",9.99,2023-12-12,4.9,2.04,WorthPoint
canyon-diablo-meteorite,83 Gm . CANYON DIABLO IRON METEORITE TOP GRADE; ARIZONA STAND INCLUDED,89.96,2023-12-12,83.0,1.08,WorthPoint
canyon-diablo-meteorite,69 Gm CANYON DIABLO IRON METEORITE MUSEUM GRADE ARIZONA STAND INCLUDED,71.1,2023-12-11,69.0,1.03,WorthPoint
canyon-diablo-meteorite,144 Gm. Canyon Diablo Iron Meteorite ; Top Grade ; Arizona ;,161.1,2023-12-10,144.0,1.12,WorthPoint
canyon-diablo-meteorite,1910 Canyon Diablo Near Santa Fe New Mexico Vintage Postcard,12.5,2023-12-10,,,WorthPoint
canyon-diablo-meteorite,ATSF Santa Fe Canyon Diablo Scenic Action Original Kodachrome Slide,9.95,2023-12-10,,,WorthPoint
canyon-diablo-meteorite,Canyon Diablo Iron Meteorite 1000 Grams Lot 88 Pieces,600.0,2023-12-05,1000.0,0.6,WorthPoint
canyon-diablo-meteorite,For All 9 Canyon Diablo Meteor Crater OXIDITE Meteorites As Found 17.7 Grams,14.99,2023-12-05,17.7,0.85,WorthPoint
canyon-diablo-meteorite,10.7 Grams As Found Canyon Diablo Meteor Crater Iron Meteorite From Arizona,32.0,2023-12-03,10.7,2.99,WorthPoint
canyon-diablo-meteorite,13 Gm . CANYON DIABLO IRON METEORITE ; ARIZONA; PATINA ; USA; CASE,21.6,2023-12-02,13.0,1.66,WorthPoint
canyon-diablo-meteorite,188 Gm . CANYON DIABLO IRON METEORITE ; MUSEUM GRADE; ARIZONA STAND .41 LBS,206.96,2023-12-02,188.0,1.1,WorthPoint
canyon-diablo-meteorite,PAIR OF 25 Gm TOTAL WEIGHT CANYON DIABLO IRON METEORITES ARIZONA STAND INC,31.45,2023-12-01,25.0,1.26,WorthPoint
canyon-diablo-meteorite,2.83 Grams As Found Canyon Diablo Meteor Crater Iron Meteorite From Arizona +COA,7.99,2023-11-30,2.83,2.82,WorthPoint
canyon-diablo-meteorite,496 Gram Canyon Diablo Meteorite. Museum Grade. Authentic,480.0,2023-11-29,496.0,0.97,WorthPoint
canyon-diablo-meteorite,170 Gm CANYON DIABLO IRON METEORITE MUSEUM GRADE ARIZONA STAND .4 LBS,99.95,2023-11-29,170.0,0.59,WorthPoint
canyon-diablo-meteorite,212 Gm. Canyon Diablo Iron Meteorite ; Top Grade ; Arizona ;,197.1,2023-11-28,212.0,0.93,WorthPoint
canyon-diablo-meteorite,PAIR OF 19 Gm TOTAL WEIGHT CANYON DIABLO IRON METEORITES ARIZONA STAND INC,22.45,2023-11-28,19.0,1.18,WorthPoint
canyon-diablo-meteorite,131 Gram Canyon Diablo Meteorite As Found Beautiful Natural Patina-Angular Shape,150.0,2023-11-28,131.0,1.15,WorthPoint
canyon-diablo-meteorite,For All 5 Canyon Diablo Meteor Crater OXIDE Meteorites As Found 17.9 Grams,14.99,2023-11-28,17.9,0.84,WorthPoint
canyon-diablo-meteorite,You Get All 6 Canyon Diablo Meteor Crater OXIDITE Meteorites As Found 27.4 Grams,20.99,2023-11-28,27.4,0.77,WorthPoint
canyon-diablo-meteorite,306 Gm . CANYON DIABLO IRON METEORITE ; MUSEUM GRADE; ARIZONA STAND .67 LBS,275.0,2023-11-27,306.0,0.9,WorthPoint
canyon-diablo-meteorite,5.17 Gram OXIDE Canyon Diablo Meteor Crater OXIDITE Meteorite As Found Low Iron,6.99,2023-11-27,5.17,1.35,WorthPoint
canyon-diablo-meteorite,Pair Of 23 Total Weight Canyon Diablo Iron Meteorites Arizona Stand Inc,22.45,2023-11-26,,,WorthPoint
canyon-diablo-meteorite,Canyon Diablo Oxide 17.5g - From Meteor Crater,16.25,2023-11-24,17.5,0.93,WorthPoint
canyon-diablo-meteorite,240 Gm CANYON DIABLO IRON METEORITE MUSEUM GRADE ARIZONA STAND .5 LBS,269.95,2023-11-23,240.0,1.12,WorthPoint
canyon-diablo-meteorite,36 Gm CANYON DIABLO IRON METEORITE TOP GRADE ARIZONA STAND INCLUDED,29.99,2023-11-22,36.0,0.83,WorthPoint
canyon-diablo-meteorite,3.14 Grams As Found Canyon Diablo Meteor Crater Iron Meteorite From Arizona +COA,8.99,2023-11-21,3.14,2.86,WorthPoint
canyon-diablo-meteorite,266 Gm . CANYON DIABLO IRON METEORITE ; TOP GRADE; ARIZONA; USA .6 LBS,269.1,2023-11-19,266.0,1.01,WorthPoint
canyon-diablo-meteorite,11.6 Grams OXIDE Canyon Diablo Meteor Crater OXIDITE Meteorite As Found Low Iron,9.0,2023-11-19,11.6,0.78,WorthPoint
canyon-diablo-meteorite,67 Gm CANYON DIABLO IRON METEORITE MUSEUM GRADE ARIZONA STAND INCLUDED,71.1,2023-11-19,67.0,1.06,WorthPoint
canyon-diablo-meteorite,83 Gm CANYON DIABLO IRON METEORITE MUSEUM GRADE ARIZONA STAND INCLUDED,50.99,2023-11-16,83.0,0.61,WorthPoint
canyon-diablo-meteorite,PAIR OF 8 Gm TOTAL WEIGHT CANYON DIABLO IRON METEORITES ARIZONA STAND INC,22.45,2023-11-15,8.0,2.81,WorthPoint
canyon-diablo-meteorite,270 Grams Old Route 66 Canyon Diablo American Meteorite Museum WALL BRICK ROCK,8.49,2023-11-15,270.0,0.03,WorthPoint
canyon-diablo-meteorite,14.44g Canyon Diablo Coconino - From Rim Of Meteor Crater - Meteorite Impact,14.0,2023-11-15,14.44,0.97,WorthPoint
canyon-diablo-meteorite,19.44g Canyon Diablo Coconino - From Rim Of Meteor Crater - Meteorite Impact,19.0,2023-11-15,19.44,0.98,WorthPoint
canyon-diablo-meteorite,14.7 Gram CANYON DIABLO IRON METEORITE ETCHED SLICE - Meteor Crater,44.1,2023-11-15,14.7,3.0,WorthPoint
canyon-diablo-meteorite,138 Gm CANYON DIABLO IRON METEORITE MUSEUM GRADE ARIZONA STAND .3 LBS,296.96,2023-11-14,138.0,2.15,WorthPoint
canyon-diablo-meteorite,2.26 Grams Polished Canyon Diablo Meteor Crater Iron Meteorite From Arizona,6.49,2023-11-14,2.26,2.87,WorthPoint
canyon-diablo-meteorite,LARGE 475 Gm .CANYON DIABLO IRON METEORITE MUSEUM GRADE 1.1 # STD,359.1,2023-11-12,475.0,0.76,WorthPoint
canyon-diablo-meteorite,27.7 Gram CANYON DIABLO IRON METEORITE ETCHED Slice - Meteor Crater ARIZONA,45.0,2023-11-12,27.7,1.62,WorthPoint
canyon-diablo-meteorite,PAIR OF 13 Gm TOTAL WEIGHT CANYON DIABLO IRON METEORITES ARIZONA STAND INC,22.45,2023-11-12,13.0,1.73,WorthPoint
canyon-diablo-meteorite,2 Iron Meteorites From Canyon Diablo Arizona,26.0,2023-11-12,,,WorthPoint
canyon-diablo-meteorite,Canyon Diablo Meteorite End Cut,1500.0,2023-11-10,,,WorthPoint
canyon-diablo-meteorite,14.7 Grams OXIDE Canyon Diablo Meteor Crater OXIDITE Meteorite As Found Low Iron,10.49,2023-11-10,14.7,0.71,WorthPoint
canyon-diablo-meteorite,Canyon Diablo IAB Iron Meteorite Arizona 9.01 Grams,22.75,2023-11-09,9.01,2.52,WorthPoint
canyon-diablo-meteorite,97 Gm CANYON DIABLO IRON METEORITE MUSEUM GRADE ARIZONA STAND INCLUDED,55.01,2023-11-09,97.0,0.57,WorthPoint
canyon-diablo-meteorite,41 Gm CANYON DIABLO IRON METEORITE MUSEUM GRADE ARIZONA STAND INCLUDED,53.95,2023-11-08,41.0,1.32,WorthPoint
canyon-diablo-meteorite,464 Gm CANYON DIABLO IRON METEORITE ARIZONA 1+ Lbs MUSEUMgrade,494.96,2023-11-07,464.0,1.07,WorthPoint
canyon-diablo-meteorite,15.3 Grams Cleaned Canyon Diablo Meteor Crater Iron Meteorite From Arizona +COA,22.5,2023-11-07,15.3,1.47,WorthPoint
canyon-diablo-meteorite,112.87 Gram Canyon Diablo Iron Meteorite Regmaglypted Specimen-Crater Forming!,96.79,2023-11-05,112.87,0.86,WorthPoint
canyon-diablo-meteorite,17.8 Grams Canyon Diablo Coconino From Rim Of Meteor Crater - Old Collection,7.5,2023-11-04,17.8,0.42,WorthPoint
canyon-diablo-meteorite,7.74 Grams Cleaned Canyon Diablo Meteor Crater Iron Meteorite From Arizona +COA,13.5,2023-11-04,7.74,1.74,WorthPoint
canyon-diablo-meteorite,12.36 Gram OXIDE Canyon Diablo Meteor Crater OXIDITE Meteorite As Found Low Iron,14.95,2023-11-04,12.36,1.21,WorthPoint
canyon-diablo-meteorite,5.30 Grams Cleaned Canyon Diablo Meteor Crater Iron Meteorite From Arizona +COA,7.99,2023-11-02,5.3,1.51,WorthPoint
canyon-diablo-meteorite,122 Grams On Route 66 Canyon Diablo American Meteorite Museum WALL BRICK ROCK,6.99,2023-10-30,122.0,0.06,WorthPoint
canyon-diablo-meteorite,233 Grams Old Route 66 Canyon Diablo American Meteorite Museum WALL BRICK ROCK,7.99,2023-10-30,233.0,0.03,WorthPoint
canyon-diablo-meteorite,223 Grams Old Route 66 Canyon Diablo American Meteorite Museum WALL BRICK ROCK,7.99,2023-10-30,223.0,0.04,WorthPoint
canyon-diablo-meteorite,10.39g Canyon Diablo Coconino - From Rim Of Meteor Crater - Meteorite Impact,10.0,2023-10-30,10.39,0.96,WorthPoint
canyon-diablo-meteorite,542 Grams Old Route 66 Canyon Diablo American Meteorite Museum WALL BRICK ROCK,15.99,2023-10-30,542.0,0.03,WorthPoint
canyon-diablo-meteorite,3.025 Grams As Found Canyon Diablo Meteor Crater Iron Meteorite Arizona + COA,8.99,2023-10-30,3.025,2.97,WorthPoint
canyon-diablo-meteorite,"Canyon Diablo Iron Meteorite 144g, Beautiful Etch An Double Troilite Inclusion!",405.0,2023-10-30,144.0,2.81,WorthPoint
canyon-diablo-meteorite,7.92 Grams Cleaned Canyon Diablo Meteor Crater Iron Meteorite From Arizona,22.99,2023-10-29,7.92,2.9,WorthPoint
canyon-diablo-meteorite,20 Gm . CANYON DIABLO IRON METEORITE ; ARIZONA; PATINA ; USA; CASE Museum Gd,35.1,2023-10-26,20.0,1.76,WorthPoint
canyon-diablo-meteorite,20 Gm CANYON DIABLO IRON METEORITE MUSEUM GRADE ARIZONA CASE,26.95,2023-10-26,20.0,1.35,WorthPoint
canyon-diablo-meteorite,32 Gm CANYON DIABLO IRON METEORITE MUSEUM GRADE ARIZONA STAND INCLUDED,44.1,2023-10-26,32.0,1.38,WorthPoint
canyon-diablo-meteorite,39.12 Gram Iron Meteorite From Canyon Diablo Arizona,42.0,2023-10-24,39.12,1.07,WorthPoint
canyon-diablo-meteorite,58 Gm . CANYON DIABLO IRON METEORITE MUSEUM GRADE; ARIZONA STAND INCLUDED,71.95,2023-10-23,58.0,1.24,WorthPoint
canyon-diablo-meteorite,43 Gm . CANYON DIABLO IRON METEORITE ;TOP GRADE; ARIZONA STAND INCLUDED,53.95,2023-10-23,43.0,1.25,WorthPoint
canyon-diablo-meteorite,"1891, Canyon Diablo IAB MG Meteorites 103 Gram Lot With Some Desert Patina",66.0,2023-10-21,103.0,0.64,WorthPoint
canyon-diablo-meteorite,LARGE 718 Gm .CANYON DIABLO IRON METEORITE COLLECTORS GRADE 1.6# STD & LABEL,895.5,2023-10-21,718.0,1.25,WorthPoint
canyon-diablo-meteorite,982 Gm .CANYON DIABLO IRON METEORITE ; TOP GRADE; ARIZONA LABEL & STAND; 2.1#,895.5,2023-10-21,982.0,0.91,WorthPoint
canyon-diablo-meteorite,HUGE 2856 Gm .CANYON DIABLO IRON METEORITE ; COLLECTORS GRADE 6.3 # STD & LABEL,4495.5,2023-10-20,2856.0,1.57,WorthPoint
canyon-diablo-meteorite,234 Gm CANYON DIABLO IRON METEORITE ARIZONA .51 Lbs MUSEUM Grade,314.96,2023-10-20,234.0,1.35,WorthPoint
canyon-diablo-meteorite,38 Gm CANYON DIABLO IRON METEORITE MUSEUM GRADE ARIZONA STAND INCLUDED,53.1,2023-10-19,38.0,1.4,WorthPoint
canyon-diablo-meteorite,14.3 Grams OXIDE Canyon Diablo Meteor Crater OXIDITE Meteorite As Found Low Iron,10.99,2023-10-19,14.3,0.77,WorthPoint
canyon-diablo-meteorite,1.98 Grams Polished Canyon Diablo Meteor Crater Iron Meteorite From Arizona,5.99,2023-10-19,1.98,3.03,WorthPoint
canyon-diablo-meteorite,Canyon Diablo Meteorite Oxide With Graphite Inclusion Huge 2.5 Kg.!,650.0,2023-10-18,2500.0,0.26,WorthPoint
canyon-diablo-meteorite,Two Iron Meteorites From Canyon Diablo Arizona 33.8 Gram & 25.5 Gram,78.0,2023-10-17,33.8,2.31,WorthPoint
canyon-diablo-meteorite,12.2 Grams As Found Canyon Diablo Meteor Crater Iron Meteorite From Arizona,29.95,2023-10-17,12.2,2.45,WorthPoint
canyon-diablo-meteorite,100 Gm CANYON DIABLO IRON METEORITE MUSEUM GRADE ARIZONA STAND PATINA,116.1,2023-10-17,100.0,1.16,WorthPoint
canyon-diablo-meteorite,Canyon Diablo Iron Meteorite 609 Grams Lot 98 Pieces,365.0,2023-10-17,609.0,0.6,WorthPoint
canyon-diablo-meteorite,204 Gm . CANYON DIABLO IRON METEORITE ; TOP GRADE; ARIZONA STAND .45 #,224.1,2023-10-15,204.0,1.1,WorthPoint
canyon-diablo-meteorite,208 Gm . CANYON DIABLO IRON METEORITE AAA GRADE; ARIZONA; .45 LBS,224.1,2023-10-14,208.0,1.08,WorthPoint
canyon-diablo-meteorite,166 Gm . CANYON DIABLO IRON METEORITE TOP GRADE; ARIZONA .36 POUND,179.32,2023-10-14,166.0,1.08,WorthPoint
canyon-diablo-meteorite,164 Gm CANYON DIABLO IRON METEORITE ARIZONA .36 Lbs MUSEUM Grade,179.95,2023-10-14,164.0,1.1,WorthPoint
canyon-diablo-meteorite,218 Gm CANYON DIABLO IRON METEORITE ARIZONA .5 Lbs MUSEUM Grade,269.95,2023-10-13,218.0,1.24,WorthPoint
canyon-diablo-meteorite,13.25 Gram CANYON DIABLO IRON METEORITE ETCHED/SHOCKED SLICE - Meteor Crater,39.6,2023-10-12,13.25,2.99,WorthPoint
canyon-diablo-meteorite,35 Gm . CANYON DIABLO IRON METEORITE ; MUSEUM GRADE; ARIZONA STAND INCLUDED,44.95,2023-10-10,35.0,1.28,WorthPoint
canyon-diablo-meteorite,224 Gm . CANYON DIABLO IRON METEORITE ; TOP GRADE; ARIZONA STAND .5 #,224.1,2023-10-10,224.0,1.0,WorthPoint
canyon-diablo-meteorite,"Natural Meteorite Specimen, Canyon Diablo Arizona 4.93 Grams",6.99,2023-10-10,4.93,1.42,WorthPoint
canyon-diablo-meteorite,33 Gm CANYON DIABLO IRON METEORITE MUSEUM GRADE ARIZONA STAND INCLUDED,49.0,2023-10-09,33.0,1.48,WorthPoint
canyon-diablo-meteorite,12 Gm CANYON DIABLO IRON METEORITE MUSEUM GRADE ARIZONA STAND INCLUDED,19.0,2023-10-09,12.0,1.58,WorthPoint
canyon-diablo-meteorite,488 Gm CANYON DIABLO IRON METEORITE ARIZONA 1.1 Lbs MUSEUM Grade,400.0,2023-10-08,488.0,0.82,WorthPoint
canyon-diablo-meteorite,"Atchison Topeka & Santa Fe Railway,1937,vintage,negative,canyon Diablo,bridge,sf",20.5,2023-10-08,,,WorthPoint
canyon-diablo-meteorite,RR Postcard Railroad California Limited Crossing Canyon Diablo AZ RR Fred Harvey,9.99,2023-10-07,,,WorthPoint
canyon-diablo-meteorite,56.2g Canyon Diablo Iron Meteorite - Incredible Etch! Stabilized! IMCA #3950,335.0,2023-10-06,56.2,5.96,WorthPoint
canyon-diablo-meteorite,25 Gm CANYON DIABLO IRON METEORITE MUSEUM GRADE ARIZONA STAND INCLUDED,35.1,2023-10-04,25.0,1.4,WorthPoint
canyon-diablo-meteorite,19.17 Gram CANYON DIABLO IRON METEORITE ETCHED/SHOCKED SLICE - Meteor Crater,55.9,2023-10-04,19.17,2.92,WorthPoint
canyon-diablo-meteorite,556 Gm CANYON DIABLO IRON METEORITE ARIZONA 1.2+ Lbs MUSEUMgrade,602.95,2023-10-03,556.0,1.08,WorthPoint
canyon-diablo-meteorite,818 Gm . CANYON DIABLO IRON METEORITE AAA GRADE; ARIZONA; 1.8 LBS,895.5,2023-10-02,818.0,1.09,WorthPoint
canyon-diablo-meteorite,1529 Grams Old Route 66 Canyon Diablo American Meteorite Museum WALL BRICK ROCK,22.99,2023-10-01,1529.0,0.02,WorthPoint
canyon-diablo-meteorite,Niue 2014 Canyon Diablo Meteorite Inlaid 1oz Silver Deep Relief Mintage 666,168.0,2023-09-30,28.35,5.93,WorthPoint
canyon-diablo-meteorite,13 Gm . CANYON DIABLO IRON METEORITE ; MUSEUM GRADE; ARIZONA STAND INCLUDED,17.95,2023-09-30,13.0,1.38,WorthPoint
canyon-diablo-meteorite,46 Gm . CANYON DIABLO IRON METEORITE ;TOP GRADE; ARIZONA STAND INCLUDED,67.45,2023-09-29,46.0,1.47,WorthPoint
canyon-diablo-meteorite,162 Gm CANYON DIABLO IRON METEORITE TOP GRADE ARIZONA STAND,179.1,2023-09-29,162.0,1.11,WorthPoint
canyon-diablo-meteorite,41 Gm . CANYON DIABLO IRON METEORITE ; MUSEUM GRADE; ARIZONA STAND INCLUDED,53.1,2023-09-28,41.0,1.3,WorthPoint
canyon-diablo-meteorite,Canyon Diablo IAB Iron Meteorite Arizona 7.09 Grams,18.75,2023-09-27,7.09,2.64,WorthPoint
canyon-diablo-meteorite,5.53 Grams Polished Canyon Diablo Meteor Crater Iron Meteorite From Arizona,13.99,2023-09-27,5.53,2.53,WorthPoint
canyon-diablo-meteorite,"84.5 Gram Canyon Diablo Etched Edge Slice Meteorite - Iron, IAB-MG -1891 Arizona",264.99,2023-09-26,84.5,3.14,WorthPoint
canyon-diablo-meteorite,"Natural Meteorite Specimen, Canyon Diablo Arizona 5.48 Grams",6.99,2023-09-21,5.48,1.28,WorthPoint
canyon-diablo-meteorite,"Natural Meteorite Specimen, Canyon Diablo Arizona 3.39 Grams",6.99,2023-09-21,3.39,2.06,WorthPoint
canyon-diablo-meteorite,482 Gm CANYON DIABLO IRON METEORITE MUSEUM GRADE ARIZONA STAND 1.1 Lbs,539.1,2023-09-21,482.0,1.12,WorthPoint
canyon-diablo-meteorite,3.02 Grams Polished Canyon Diablo Meteor Crater Iron Meteorite From Arizona,8.99,2023-09-20,3.02,2.98,WorthPoint
canyon-diablo-meteorite,1.83 Grams Polished Canyon Diablo Meteor Crater Iron Meteorite From Arizona,5.49,2023-09-20,1.83,3.0,WorthPoint
canyon-diablo-meteorite,2.59 Grams Polished Canyon Diablo Meteor Crater Iron Meteorite From Arizona,6.99,2023-09-20,2.59,2.7,WorthPoint
canyon-diablo-meteorite,196 Gm . CANYON DIABLO IRON METEORITE AAA GRADE; ARIZONA STAND,206.1,2023-09-20,196.0,1.05,WorthPoint
canyon-diablo-meteorite,350 Gm .CANYON DIABLO IRON METEORITE ; ; ARIZONA; .76+ Lbs AA Grade,314.96,2023-09-19,350.0,0.9,WorthPoint
canyon-diablo-meteorite,90 Gm . CANYON DIABLO IRON METEORITE ; MUSEUM GRADE; ARIZONA STAND INCLUDED USA,107.96,2023-09-17,90.0,1.2,WorthPoint
canyon-diablo-meteorite,336 Gm CANYON DIABLO IRON METEORITE MUSEUM GRADE ARIZONA STAND .7 Lbs,359.1,2023-09-16,336.0,1.07,WorthPoint
canyon-diablo-meteorite,Pacific Bridge Over Canyon Diablo Arizona On The Santa Fe RR Railroad Postcard,6.99,2023-09-16,,,WorthPoint
canyon-diablo-meteorite,385 Grams Old Route 66 Canyon Diablo American Meteorite Museum WALL BRICK ROCK,10.99,2023-09-16,385.0,0.03,WorthPoint
canyon-diablo-meteorite,LARGE 1250 Gm .CANYON DIABLO IRON METEORITE COLLECTORS GRADE 2.8 # STD & LABEL,1795.5,2023-09-16,1250.0,1.44,WorthPoint
canyon-diablo-meteorite,30.6 Grams Polished Canyon Diablo Meteor Crater Iron Meteorite From Arizona,49.99,2023-09-15,30.6,1.63,WorthPoint
canyon-diablo-meteorite,28 Gm . CANYON DIABLO IRON METEORITE ; ARIZONA; PATINA ; USA; STAND,41.8,2023-09-11,28.0,1.49,WorthPoint
canyon-diablo-meteorite,19 Gm CANYON DIABLO IRON METEORITE TOP GRADE ARIZONA STAND INCLUDED,27.55,2023-09-11,19.0,1.45,WorthPoint
canyon-diablo-meteorite,"Canyon Diablo Iron IAB-MG Meteorite, 12.5 Gram Individual",18.0,2023-09-11,12.5,1.44,WorthPoint
canyon-diablo-meteorite,10 Individuals; 386 Gms . CANYON DIABLO IRON METEORITEs ; TOP GRADE; ARIZONA,359.1,2023-09-10,386.0,0.93,WorthPoint
canyon-diablo-meteorite,18.6 Grams As Found Canyon Diablo Meteor Crater Iron Meteorite From Arizona,49.95,2023-09-08,18.6,2.69,WorthPoint
canyon-diablo-meteorite,222 Gm . CANYON DIABLO IRON METEORITE MUSEUM GRADE; ARIZONA STAND,224.1,2023-09-08,222.0,1.01,WorthPoint
canyon-diablo-meteorite,150 Gm . CANYON DIABLO IRON METEORITE ; W/ STAND TOP GRADE,161.95,2023-09-07,150.0,1.08,WorthPoint
canyon-diablo-meteorite,"Natural Meteorite Specimen, Canyon Diablo Arizona 1.6 Grams",6.99,2023-09-06,1.6,4.37,WorthPoint
canyon-diablo-meteorite,127 Gm . CANYON DIABLO IRON METEORITE ; MUSEUM GRADE; ARIZONA;,134.5,2023-09-05,127.0,1.06,WorthPoint
canyon-diablo-meteorite,256 Gm CANYON DIABLO IRON METEORITE MUSEUM GRADE ARIZONA STAND .56 LBS,269.96,2023-09-04,256.0,1.05,WorthPoint
canyon-diablo-meteorite,132 Gm .CANYON DIABLO IRON METEORITE BEST GRADE ARIZONA STAND INCLUDED PATINA,143.1,2023-09-03,132.0,1.08,WorthPoint
canyon-diablo-meteorite,324 Gram . Canyon Diablo Iron Meteorite Slice,870.0,2023-09-03,324.0,2.69,WorthPoint
canyon-diablo-meteorite,"SF[REDACTED] - Santa Fe, Canyon Diablo, AZ, 8-1994 SLIDE",5.55,2023-09-02,,,WorthPoint
canyon-diablo-meteorite,82 Gm .CANYON DIABLO IRON METEORITE ; BEST GRADE; ARIZONA STAND INCLUDED PATINA,89.1,2023-09-01,82.0,1.09,WorthPoint
canyon-diablo-meteorite,109 Gm . CANYON DIABLO IRON METEORITE ; MUSEUM GRADE; ARIZONA;,122.98,2023-09-01,109.0,1.13,WorthPoint
canyon-diablo-meteorite,"Natural Meteorite Specimen, Canyon Diablo Arizona 3.8 Grams",6.99,2023-08-30,3.8,1.84,WorthPoint
canyon-diablo-meteorite,"Natural Meteorite Specimen, Canyon Diablo Arizona 6 Grams",8.89,2023-08-29,6.0,1.48,WorthPoint
canyon-diablo-meteorite,266 Gm . CANYON DIABLO IRON METEORITE ; MUSEUM GRADE; ARIZONA; .6 Lbs,269.5,2023-08-28,266.0,1.01,WorthPoint
canyon-diablo-meteorite,238 Gm . CANYON DIABLO IRON METEORITE ; MUSEUM GRADE; ARIZONA STAND PATINA; .5#,200.0,2023-08-28,238.0,0.84,WorthPoint
canyon-diablo-meteorite,"1891, Canyon Diablo IAB MG Meteorites 262 Gram Lot With Desert Patina",131.0,2023-08-28,262.0,0.5,WorthPoint
canyon-diablo-meteorite,Rare Canyon Diablo 492 Gram Meteorite Authentic,510.0,2023-08-28,492.0,1.04,WorthPoint
canyon-diablo-meteorite,Iron Meteorite Canyon Diablo Arizona Vintage Acrylic Geologist Paperweight,24.99,2023-08-27,,,WorthPoint
canyon-diablo-meteorite,"Meteorite CANYON DIABLO, Iron IAB-MG 225.7g + COA, USA Find! AZ Meteor CRATER!",375.0,2023-08-26,225.7,1.66,WorthPoint
canyon-diablo-meteorite,146 Gm .CANYON DIABLO IRON METEORITE MUSEUM GRADE; ARIZONA STAND,152.1,2023-08-26,146.0,1.04,WorthPoint
canyon-diablo-meteorite,"Natural Meteorite Specimen, Canyon Diablo Arizona 2.68 Grams",6.99,2023-08-21,2.68,2.61,WorthPoint
canyon-diablo-meteorite,492 Gm .CANYON DIABLO IRON METEORITE COLLECTORS GRADE; ARIZONA STAND,629.1,2023-08-21,492.0,1.28,WorthPoint
canyon-diablo-meteorite,"Meteorite, Canyon Diablo, 284 Gram Individual",316.0,2023-08-21,284.0,1.11,WorthPoint
canyon-diablo-meteorite,"Meteorite CANYON DIABLO, Iron IAB-MG 125g + COA, USA Find! AZ Meteor CRATER!",110.0,2023-08-20,125.0,0.88,WorthPoint
canyon-diablo-meteorite,3.86 Grams Polished Canyon Diablo Meteor Crater Iron Meteorite From Arizona,10.99,2023-08-19,3.86,2.85,WorthPoint
canyon-diablo-meteorite,All 11 OXIDE Canyon Diablo Meteor Crater OXIDITE Meteorites As Found 11.8 Grams,9.49,2023-08-17,11.8,0.8,WorthPoint
canyon-diablo-meteorite,5.89 Gram CANYON DIABLO IRON METEORITE Individual - Meteor Crater ARIZONA,20.3,2023-08-15,5.89,3.45,WorthPoint
canyon-diablo-meteorite,39 Gm . CANYON DIABLO IRON METEORITE ; MUSEUM GRADE; ARIZONA STAND INCLUDED,53.1,2023-08-15,39.0,1.36,WorthPoint
canyon-diablo-meteorite,3.94 Grams As Found Canyon Diablo Meteor Crater Iron Meteorite From Arizona +COA,9.49,2023-08-15,3.94,2.41,WorthPoint
canyon-diablo-meteorite,"Natural Meteorite Specimen, Canyon Diablo Arizona 6.46 Grams",6.99,2023-08-14,6.46,1.08,WorthPoint
canyon-diablo-meteorite,26 Gm . CANYON DIABLO IRON METEORITE ; ARIZONA; PATINA ; USA; CASE,35.1,2023-08-11,26.0,1.35,WorthPoint
canyon-diablo-meteorite,Canyon Diablo Iron Meteorite From Meteor Crater: 23.1g,30.85,2023-08-11,23.1,1.34,WorthPoint
canyon-diablo-meteorite,193 Gm . CANYON DIABLO IRON METEORITE MUSEUM GRADE; ARIZONA STAND .42 LBS USA,200.0,2023-08-10,193.0,1.04,WorthPoint
canyon-diablo-meteorite,15.9 Grams OXIDE Canyon Diablo Meteor Crater OXIDITE Meteorite As Found Low Iron,10.49,2023-08-10,15.9,0.66,WorthPoint
canyon-diablo-meteorite,27 Gm . CANYON DIABLO IRON METEORITE ; MUSEUM GRADE; ARIZONA STAND INCLUDED USA,44.95,2023-08-09,27.0,1.66,WorthPoint
canyon-diablo-meteorite,6.02 Grams As Found Canyon Diablo Meteor Crater Iron Meteorite From Arizona +COA,13.99,2023-08-07,6.02,2.32,WorthPoint
canyon-diablo-meteorite,4.25 Grams As Found Canyon Diablo Meteor Crater Iron Meteorite From Arizona +COA,10.99,2023-08-07,4.25,2.59,WorthPoint
canyon-diablo-meteorite,155 Gm . CANYON DIABLO IRON METEORITE AAA GRADE; ARIZONA STAND,179.1,2023-08-06,155.0,1.16,WorthPoint
canyon-diablo-meteorite,208 Gm . CANYON DIABLO IRON METEORITE ; TOP GRADE ; ARIZONA STAND .5 Lbs,224.1,2023-08-06,208.0,1.08,WorthPoint
canyon-diablo-meteorite,55.9 Gram CANYON DIABLO Meteorite - IAB Iron Meteorite - TOP METEORITE,32.0,2023-08-06,55.9,0.57,WorthPoint
canyon-diablo-meteorite,62.7 Gram CANYON DIABLO Meteorite - IAB Iron Meteorite - TOP METEORITE,28.0,2023-08-06,62.7,0.45,WorthPoint
canyon-diablo-meteorite,66.91g CANYON DIABLO Meteorite - IAB Iron Meteorite - TOP METEORITE,39.0,2023-08-06,66.91,0.58,WorthPoint
canyon-diablo-meteorite,"Natural Meteorite Specimen, Canyon Diablo Arizona 3.86 Grams",6.99,2023-08-05,3.86,1.81,WorthPoint
canyon-diablo-meteorite,222 Gm . CANYON DIABLO IRON METEORITE AAA GRADE; ARIZONA STAND,233.1,2023-08-04,222.0,1.05,WorthPoint
canyon-diablo-meteorite,Lot Of 10 Small Canyon Diablo Meteorite Fragments Arizona,22.5,2023-08-03,,,WorthPoint
canyon-diablo-meteorite,778 Gm .CANYON DIABLO IRON METEORITE ; TOP GRADE; ARIZONA LABEL AND STAND;1.7 Lb,719.1,2023-08-03,778.0,0.92,WorthPoint
canyon-diablo-meteorite,595 Canyon Diablo Meteorite From Arizona. Ex Closed Old Time Rock Shop,40.0,2023-08-03,,,WorthPoint
canyon-diablo-meteorite,"Natural Meteorite Specimen, Canyon Diablo Arizona 3.07 Grams",6.99,2023-08-02,3.07,2.28,WorthPoint
canyon-diablo-meteorite,47 Gm. Canyon Diablo Meteorite ; Top Grade Meteorite; Usa; Arizona,62.1,2023-08-02,47.0,1.32,WorthPoint
canyon-diablo-meteorite,Crater Forming Event! Full Slice! Historic Canyon Diablo Meteorite! 63 Gms!,141.75,2023-08-02,63.0,2.25,WorthPoint
canyon-diablo-meteorite,236 Gm CANYON DIABLO IRON METEORITE MUSEUM GRADE ARIZONA STAND INCLUDED .5 Lb,269.1,2023-08-01,236.0,1.14,WorthPoint
canyon-diablo-meteorite,13.5 Grams OXIDE Canyon Diablo Meteor Crater OXIDITE Meteorite As Found Low Iron,8.99,2023-08-01,13.5,0.67,WorthPoint
canyon-diablo-meteorite,Canyon Diablo Iron Meteorite: 34.6g,31.0,2023-07-31,34.6,0.9,WorthPoint
canyon-diablo-meteorite,258 Gm CANYON DIABLO IRON METEORITE MUSEUM GRADE ARIZONA STAND INCLUDED 1.3lb,269.1,2023-07-31,258.0,1.04,WorthPoint
canyon-diablo-meteorite,478 Gm CANYON DIABLO IRON METEORITE AAA GRADE ARIZONA STAND INCLUDED 1+LBS,350.0,2023-07-30,478.0,0.73,WorthPoint
canyon-diablo-meteorite,272 Grams Old Route 66 Canyon Diablo American Meteorite Museum WALL BRICK ROCK,8.49,2023-07-29,272.0,0.03,WorthPoint
canyon-diablo-meteorite,119 Gm CANYON DIABLO IRON METEORITE MUSEUM GRADE ARIZONA STAND .26 LBS,134.96,2023-07-28,119.0,1.13,WorthPoint
canyon-diablo-meteorite,934 Gm . CANYON DIABLO IRON METEORITE ; Museum GRADE ; ARIZONA STAND 2 Lbs,989.1,2023-07-27,934.0,1.06,WorthPoint
canyon-diablo-meteorite,"Natural Meteorite Specimen, Canyon Diablo Arizona 3.65 Grams",6.99,2023-07-25,3.65,1.92,WorthPoint
canyon-diablo-meteorite,502 Grams Old Route 66 Canyon Diablo American Meteorite Museum WALL BRICK ROCK,14.99,2023-07-25,502.0,0.03,WorthPoint
canyon-diablo-meteorite,11.4 Grams OXIDE Canyon Diablo Meteor Crater OXIDITE Meteorite As Found Low Iron,6.49,2023-07-25,11.4,0.57,WorthPoint
canyon-diablo-meteorite,298 Gm . CANYON DIABLO IRON METEORITE AAA GRADE; ARIZONA STAND,269.1,2023-07-24,298.0,0.9,WorthPoint
canyon-diablo-meteorite,256 Gm . CANYON DIABLO IRON METEORITE MUSEUM GRADE; ARIZONA STAND .56 LBS USA,269.1,2023-07-24,256.0,1.05,WorthPoint
canyon-diablo-meteorite,268 Gm . CANYON DIABLO IRON METEORITE ; TOP GRADE; ARIZONA STAND .6 LBS,251.96,2023-07-24,268.0,0.94,WorthPoint
canyon-diablo-meteorite,163 Gm . CANYON DIABLO IRON METEORITE ; TOP GRADE; ARIZONA STAND .35 LBS,161.96,2023-07-24,163.0,0.99,WorthPoint
canyon-diablo-meteorite,2.05 Grams Polished Canyon Diablo Meteor Crater Iron Meteorite From Arizona,5.99,2023-07-23,2.05,2.92,WorthPoint
canyon-diablo-meteorite,2.06 Grams Polished Canyon Diablo Meteor Crater Iron Meteorite From Arizona,5.99,2023-07-23,2.06,2.91,WorthPoint
canyon-diablo-meteorite,Canyon Diablo Meteorites (Group Of 2),2625.0,2023-07-22,,,WorthPoint
canyon-diablo-meteorite,21.8 Grams OXIDE Canyon Diablo Meteor Crater OXIDITE Meteorite As Found Low Iron,15.0,2023-07-21,21.8,0.69,WorthPoint
canyon-diablo-meteorite,"Canyon Diablo Iron IAB-MG, Found Arizona 1891, 17.3 Gram Slice",35.0,2023-07-21,17.3,2.02,WorthPoint
canyon-diablo-meteorite,15 Gm CANYON DIABLO IRON METEORITE MUSEUM GRADE ARIZONA CASE,20.66,2023-07-21,15.0,1.38,WorthPoint
canyon-diablo-meteorite,For All 5 Canyon Diablo Meteor Crater OXIDITE Meteorites As Found 16 Grams,13.99,2023-07-21,16.0,0.87,WorthPoint
canyon-diablo-meteorite,FOR ALL The OXIDE Canyon Diablo Meteor Crater OXIDITE Meteorites 19 Grams + COA,15.99,2023-07-21,19.0,0.84,WorthPoint
canyon-diablo-meteorite,Canyon Diablo Meteorite 19.1 Grams,20.0,2023-07-20,19.1,1.05,WorthPoint
canyon-diablo-meteorite,Canyon Diablo Meteorite 14.9 Grams,15.0,2023-07-20,14.9,1.01,WorthPoint
canyon-diablo-meteorite,"Natural Meteorite Specimen, Canyon Diablo Arizona 4.5 Grams",9.99,2023-07-18,4.5,2.22,WorthPoint
canyon-diablo-meteorite,821 Gram Canyon Diablo Etched Slice Iron Meteorite,590.0,2023-07-17,821.0,0.72,WorthPoint
canyon-diablo-meteorite,"Meteorite**Canyon Diablo, AZ. USA; Iron IAB-MG **4.876 Gram ! USA Find! CRATER",9.5,2023-07-17,4.876,1.95,WorthPoint
canyon-diablo-meteorite,Canyon Diablo Arizona Vintage Train Sterling Silver Souvenir Spoon,137.5,2023-07-17,,,WorthPoint
canyon-diablo-meteorite,"Guinea - 2021 Meteorites, Canyon Diablo - 4 Stamp Sheet - GU210202a",11.8,2023-07-12,,,WorthPoint
canyon-diablo-meteorite,3.85 Grams As Found Canyon Diablo Meteor Crater Iron Meteorite From Arizona +COA,9.49,2023-07-11,3.85,2.46,WorthPoint
canyon-diablo-meteorite,1.54 Grams As Found Canyon Diablo Meteor Crater Iron Meteorite From Arizona +COA,5.69,2023-07-11,1.54,3.69,WorthPoint
canyon-diablo-meteorite,61 Gm. Canyon Diablo Meteorite Museum Grade Meteorite; Usa; Arizona,80.1,2023-07-10,61.0,1.31,WorthPoint
canyon-diablo-meteorite,Canyon Diablo / Holbrook / Sikhote-Alin Meteorite Coin Set - Number Matched #200,280.0,2023-07-09,,,WorthPoint
canyon-diablo-meteorite,Canyon Diablo 31.10g Iron Meteorite Gargoyle!,56.0,2023-07-08,31.1,1.8,WorthPoint
canyon-diablo-meteorite,188 Gm . CANYON DIABLO IRON METEORITE ; TOP GRADE; ARIZONA STAND INCLUDED; .41#,161.19,2023-07-08,188.0,0.86,WorthPoint
canyon-diablo-meteorite,44 Gm . CANYON DIABLO IRON METEORITE ;TOP GRADE; ARIZONA STAND INCLUDED,60.71,2023-07-06,44.0,1.38,WorthPoint
canyon-diablo-meteorite,"Canyon Diablo Iron IAB Meteorite Individual, 24.7 Grams",33.0,2023-07-06,24.7,1.34,WorthPoint
canyon-diablo-meteorite,276 Gm . CANYON DIABLO IRON METEORITE ; MUSEUM GRADE; ARIZONA STAND INCLUDED,242.96,2023-07-06,276.0,0.88,WorthPoint
canyon-diablo-meteorite,16 Grams As Found Canyon Diablo Meteor Crater Iron Meteorite From Arizona,35.0,2023-07-05,16.0,2.19,WorthPoint
canyon-diablo-meteorite,468 Gm . CANYON DIABLO IRON METEORITE ;TOP GRADE; ARIZONA STAND INCLUDED; 1 #,380.0,2023-07-04,468.0,0.81,WorthPoint
canyon-diablo-meteorite,37 Gm . CANYON DIABLO IRON METEORITE ; MUSEUM GRADE; ARIZONA STAND INCLUDED,44.1,2023-07-03,37.0,1.19,WorthPoint
canyon-diablo-meteorite,11 Gm . CANYON DIABLO IRON METEORITE ; MUSEUM GRADE; ARIZONA CASE INCLUDED,19.8,2023-07-01,11.0,1.8,WorthPoint
canyon-diablo-meteorite,46 Gm . CANYON DIABLO IRON METEORITE ; MUSEUM GRADE; ARIZONA STAND INCLUDED,55.89,2023-07-01,46.0,1.22,WorthPoint
canyon-diablo-meteorite,Lot Of 10 Tiny Canyon Diablo Meteorite Fragments Arizona,20.0,2023-06-29,,,WorthPoint
canyon-diablo-meteorite,30 Gm . CANYON DIABLO IRON METEORITE ; MUSEUM GRADE; ARIZONA STAND INCLUDED USA,40.46,2023-06-28,30.0,1.35,WorthPoint
canyon-diablo-meteorite,"Meteorite, Canyon Diablo 62.4 Grams",120.0,2023-06-28,62.4,1.92,WorthPoint
canyon-diablo-meteorite,"Canyon Diablo Iron Meteorite, 12.6 Grams Great Etch",30.0,2023-06-24,12.6,2.38,WorthPoint
canyon-diablo-meteorite,"Natural Meteorite Specimen, Canyon Diablo Arizona 8.2 Grams",13.5,2023-06-23,8.2,1.65,WorthPoint
canyon-diablo-meteorite,5 Individuals; 52 Gms. CANYON DIABLO IRON METEORITES ; TOP GRADE; ARIZONA;PATINA,55.89,2023-06-22,52.0,1.07,WorthPoint
canyon-diablo-meteorite,430 Gm CANYON DIABLO IRON METEORITE ARIZONA STAND INCLUDE 1 LB MUSEUM GRADE,404.96,2023-06-21,430.0,0.94,WorthPoint
canyon-diablo-meteorite,2.71 Grams As Found Canyon Diablo Meteor Crater Iron Meteorite From Arizona +COA,5.99,2023-06-20,2.71,2.21,WorthPoint
canyon-diablo-meteorite,606 Gm . CANYON DIABLO IRON METEORITE ; TOP GRADE; ARIZONA STAND INCLUDED; 1.3#,525.69,2023-06-20,606.0,0.87,WorthPoint
canyon-diablo-meteorite,"Natural Meteorite Specimen, Canyon Diablo Arizona 4 Grams",9.99,2023-06-20,4.0,2.5,WorthPoint
canyon-diablo-meteorite,"Natural Meteorite Specimen, Canyon Diablo Arizona 4.53 Grams",6.99,2023-06-19,4.53,1.54,WorthPoint
canyon-diablo-meteorite,"Canyon Diablo Iron IAB, Arizona 1891, Nice 34.3 Gram Individual",44.0,2023-06-19,34.3,1.28,WorthPoint
canyon-diablo-meteorite,41 Gm CANYON DIABLO IRON METEORITE TOP GRADE ARIZONA STAND INCLUDED,43.74,2023-06-18,41.0,1.07,WorthPoint
canyon-diablo-meteorite,14 Grams OXIDE Canyon Diablo Meteor Crater OXIDITE Meteorite As Found Low Iron,8.99,2023-06-17,14.0,0.64,WorthPoint
canyon-diablo-meteorite,5.50 Gram OXIDE Canyon Diablo Meteor Crater OXIDITE Meteorite As Found Low Iron,6.99,2023-06-16,5.5,1.27,WorthPoint
canyon-diablo-meteorite,"Canyon Diablo Iron IAB-MG, Found Arizona 1891, 12 Gram Slice",25.0,2023-06-15,12.0,2.08,WorthPoint
canyon-diablo-meteorite,29 Gm CANYON DIABLO IRON METEORITE TOP GRADE ARIZONA STAND INCLUDED,35.1,2023-06-15,29.0,1.21,WorthPoint
canyon-diablo-meteorite,"Canyon Diablo Set - Meteorite, Graphite Nodule, Impactites, Spheroids",55.0,2023-06-14,,,WorthPoint
canyon-diablo-meteorite,160 Gm . CANYON DIABLO IRON METEORITE ; MUSEUM GRADE; ARIZONA; .35LBS,161.19,2023-06-14,160.0,1.01,WorthPoint
canyon-diablo-meteorite,10 Gm CANYON DIABLO IRON METEORITE TOP GRADEARIZONA STAND INCLUDED,15.39,2023-06-13,10.0,1.54,WorthPoint
canyon-diablo-meteorite,322 Gm . CANYON DIABLO IRON METEORITE ; TOP GRADE; ARIZONA STAND INCLUDED; .7#,267.26,2023-06-12,322.0,0.83,WorthPoint
canyon-diablo-meteorite,10.46 Gram OXIDE Canyon Diablo Meteor Crater OXIDITE Meteorite As Found Low Iron,11.99,2023-06-12,10.46,1.15,WorthPoint
canyon-diablo-meteorite,"Natural Meteorite Specimen, Canyon Diablo Arizona 6.33 Grams",6.99,2023-06-12,6.33,1.1,WorthPoint
canyon-diablo-meteorite,Canyon Diablo Meteorite! 46.6g!,31.0,2023-06-11,46.6,0.67,WorthPoint
canyon-diablo-meteorite,30.5 Grams OXIDE Canyon Diablo Meteor Crater OXIDITE Meteorite As Found Low Iron,24.99,2023-06-10,30.5,0.82,WorthPoint
canyon-diablo-meteorite,34 Gm . CANYON DIABLO IRON METEORITE ; TOP GRADE; ARIZONA STAND INCLUDED,44.1,2023-06-09,34.0,1.3,WorthPoint
canyon-diablo-meteorite,52 Gm. CANYON DIABLO IRON METEORITE ; ARIZONA STAND INCLUDED Top GRADE; USA,62.1,2023-06-08,52.0,1.19,WorthPoint
canyon-diablo-meteorite,57 Gm . CANYON DIABLO IRON METEORITE ; TOP GRADE; ARIZONA STAND INCLUDED,62.1,2023-06-08,57.0,1.09,WorthPoint
canyon-diablo-meteorite,226 Gm .CANYON DIABLO IRON METEORITE ; ARIZONA STAND INCLUDED .5 LBS TOP GRADE,224.95,2023-06-08,226.0,1.0,WorthPoint
canyon-diablo-meteorite,256 Gm . CANYON DIABLO IRON METEORITE ; TOP GRADE ; ARIZONA; .56 POUNDS,242.1,2023-06-07,256.0,0.95,WorthPoint
canyon-diablo-meteorite,39 Gm. CANYON DIABLO IRON METEORITE ; ARIZONA Case INCLUDED Top GRADE; USA,44.1,2023-06-06,39.0,1.13,WorthPoint
canyon-diablo-meteorite,3 Gm. Canyon Diablo Meteorite ; A Gd! Beautiful Meteorite; Arizona Usa Patina,13.45,2023-06-05,3.0,4.48,WorthPoint
canyon-diablo-meteorite,424 Gm . CANYON DIABLO IRON METEORITE ; Museum GRADE ; ARIZONA STAND .93 Lbs,449.1,2023-06-03,424.0,1.06,WorthPoint
canyon-diablo-meteorite,2.43 Grams As Found Canyon Diablo Meteor Crater Iron Meteorite From Arizona +COA,7.49,2023-06-02,2.43,3.08,WorthPoint
canyon-diablo-meteorite,"Natural Meteorite Specimen, Canyon Diablo Arizona 6.41 Grams",13.25,2023-05-31,6.41,2.07,WorthPoint
canyon-diablo-meteorite,276 Gm . CANYON DIABLO IRON METEORITE MUSEUM GRADE; ARIZONA STAND .6 LBS USA,269.1,2023-05-31,276.0,0.98,WorthPoint
canyon-diablo-meteorite,240 Gm . CANYON DIABLO IRON NICKEL METEORITE ; MUSEUM GRADE W/ STAND,242.1,2023-05-31,240.0,1.01,WorthPoint
canyon-diablo-meteorite,444 Gm . CANYON DIABLO IRON METEORITE TOP GRADE; ARIZONA 1 POUND,449.33,2023-05-31,444.0,1.01,WorthPoint
canyon-diablo-meteorite,296 Gm . CANYON DIABLO IRON METEORITE ; TOP GRADE ; ARIZONA; .6 POUNDS AAA GRADE,287.1,2023-05-31,296.0,0.97,WorthPoint
canyon-diablo-meteorite,242 Gm . CANYON DIABLO IRON METEORITE ; TOP GRADE; ARIZONA STAND .53 #,233.1,2023-05-31,242.0,0.96,WorthPoint
canyon-diablo-meteorite,63 Gm . CANYON DIABLO IRON METEORITE ; MUSEUM GRADE; ARIZONA STAND INCLUDED,79.0,2023-05-30,63.0,1.25,WorthPoint
canyon-diablo-meteorite,"Natural Meteorite Specimen, Canyon Diablo Arizona 6.4 Grams",9.99,2023-05-30,6.4,1.56,WorthPoint
canyon-diablo-meteorite,10.12 Gram OXIDE Canyon Diablo Meteor Crater OXIDITE Meteorite As Found Low Iron,11.99,2023-05-29,10.12,1.18,WorthPoint
canyon-diablo-meteorite,50 Gm . CANYON DIABLO IRON METEORITE ; TOP GRADE; ARIZONA STAND INCLUDED,62.1,2023-05-29,50.0,1.24,WorthPoint
canyon-diablo-meteorite,3.55 Grams Polished Canyon Diablo Meteor Crater Iron Meteorite From Arizona,9.99,2023-05-27,3.55,2.81,WorthPoint
canyon-diablo-meteorite,2.93 Grams As Found Canyon Diablo Meteor Crater Iron Meteorite From Arizona +COA,7.69,2023-05-27,2.93,2.62,WorthPoint
canyon-diablo-meteorite,9 Gm. CANYON DIABLO IRON METEORITE ; ARIZONA Case INCLUDED Museum GRADE; USA,17.1,2023-05-26,9.0,1.9,WorthPoint
canyon-diablo-meteorite,20.51 Gram CANYON DIABLO IRON METEORITE ETCHED/SHOCKED SLICE - Meteor Crater,64.35,2023-05-26,20.51,3.14,WorthPoint
canyon-diablo-meteorite,Canyon Diablo Meteorite: Arizona's Treasure,24.0,2023-05-25,,,WorthPoint
canyon-diablo-meteorite,Canyon Diablo Iron Meteorite: The Prize From Meteor Crater,41.85,2023-05-25,,,WorthPoint
canyon-diablo-meteorite,"Natural Meteorite Specimen, Canyon Diablo Arizona 6.5 Grams",6.99,2023-05-23,6.5,1.08,WorthPoint
canyon-diablo-meteorite,180 Gm . CANYON DIABLO IRON METEORITE ; TOP GRADE ; ARIZONA STAND .4 Lbs,179.1,2023-05-23,180.0,0.99,WorthPoint
canyon-diablo-meteorite,For All 6 Canyon Diablo Meteor Crater OXIDITE Meteorites As Found 8.38 Grams,8.99,2023-05-23,8.38,1.07,WorthPoint
canyon-diablo-meteorite,ROUTE 66 Two Guns Texaco Service Station 1940s Canyon Diablo Arizona RPPC Cars,38.0,2023-05-22,,,WorthPoint
canyon-diablo-meteorite,48 Gm. CANYON DIABLO IRON METEORITE ; ARIZONA STAND INCLUDED Museum GRADE; USA,53.1,2023-05-22,48.0,1.11,WorthPoint
canyon-diablo-meteorite,9.38 Grams OXIDE Canyon Diablo Meteor Crater OXIDITE Meteorite As Found Low Iron,5.49,2023-05-21,9.38,0.59,WorthPoint
canyon-diablo-meteorite,4.09 Grams As Found Canyon Diablo Meteor Crater Iron Meteorite From Arizona +COA,9.99,2023-05-21,4.09,2.44,WorthPoint
canyon-diablo-meteorite,"Natural Meteorite Specimen, Canyon Diablo Arizona 5.7 Grams",10.5,2023-05-19,5.7,1.84,WorthPoint
canyon-diablo-meteorite,35 Gm. CANYON DIABLO IRON METEORITE ; ARIZONA STAND INCLUDED Museum GRADE; USA,53.1,2023-05-19,35.0,1.52,WorthPoint
canyon-diablo-meteorite,"Niger - 2022 Meteorites, Chelyabinsk, Canyon Diablo - 4 Stamp Sheet - NIG220103a",14.4,2023-05-17,,,WorthPoint
canyon-diablo-meteorite,1- 20 Gm . CANYON DIABLO IRON METEORITE ; ARIZONA; PATINA ; USA; STAND,39.0,2023-05-17,20.0,1.95,WorthPoint
canyon-diablo-meteorite,110 Gm . CANYON DIABLO IRON METEORITE TOP GRADE; ARIZONA .24 POUND,116.32,2023-05-17,110.0,1.06,WorthPoint
canyon-diablo-meteorite,73 Gm . CANYON DIABLO IRON METEORITE ; MUSEUM GRADE; ARIZONA STAND INCLUDED,80.1,2023-05-17,73.0,1.1,WorthPoint
canyon-diablo-meteorite,60 Gm. CANYON DIABLO IRON METEORITE ; ARIZONA STAND INCLUDED Museum GRADE; USA,71.1,2023-05-17,60.0,1.18,WorthPoint
canyon-diablo-meteorite,"Natural Meteorite Specimen, Canyon Diablo Arizona 5.9 Grams",6.99,2023-05-16,5.9,1.18,WorthPoint
canyon-diablo-meteorite,143 Gm . CANYON DIABLO IRON METEORITE ; TOP GRADE ; ARIZONA STAND .31 Lbs,152.1,2023-05-16,143.0,1.06,WorthPoint
canyon-diablo-meteorite,5 Individuals; 118 Gms . CANYON DIABLO IRON METEORITES ; TOP GRADE; ARIZONA,134.1,2023-05-16,118.0,1.14,WorthPoint
canyon-diablo-meteorite,8.38 Grams OXIDE Canyon Diablo Meteor Crater OXIDITE Meteorite As Found Low Iron,6.99,2023-05-15,8.38,0.83,WorthPoint
canyon-diablo-meteorite,2.44 Grams Polished Canyon Diablo Meteor Crater Iron Meteorite From Arizona,6.99,2023-05-15,2.44,2.86,WorthPoint
canyon-diablo-meteorite,6.78 Grams OXIDE Canyon Diablo Meteor Crater OXIDITE Meteorite As Found Low Iron,5.99,2023-05-15,6.78,0.88,WorthPoint
canyon-diablo-meteorite,49 Gm . CANYON DIABLO IRON METEORITE MUSEUM GRADE; ARIZONA STAND INCLUDED,62.95,2023-05-15,49.0,1.28,WorthPoint
canyon-diablo-meteorite,Canyon Diablo Meteorite! 5g,12.5,2023-05-14,5.0,2.5,WorthPoint
canyon-diablo-meteorite,1- 15 Gm . CANYON DIABLO IRON METEORITE ; ARIZONA; PATINA ; USA; CASE,21.6,2023-05-14,15.0,1.44,WorthPoint
canyon-diablo-meteorite,64 Gm . CANYON DIABLO IRON METEORITE MUSEUM GRADE; ARIZONA STAND INCLUDED,80.96,2023-05-13,64.0,1.26,WorthPoint
canyon-diablo-meteorite,"Natural Meteorite Specimen, Canyon Diablo Arizona 10.7 Grams",27.0,2023-05-12,10.7,2.52,WorthPoint
canyon-diablo-meteorite,2.82 Grams As Found Canyon Diablo Meteor Crater Iron Meteorite From Arizona +COA,6.5,2023-05-11,2.82,2.3,WorthPoint
canyon-diablo-meteorite,38 Gm . CANYON DIABLO IRON METEORITE ; TOP GRADE; ARIZONA STAND INCLUDED,44.1,2023-05-11,38.0,1.16,WorthPoint
canyon-diablo-meteorite,348 Gm . CANYON DIABLO IRON METEORITE ; MUSEUM GRADE; ARIZONA; .76LBS,323.96,2023-05-09,348.0,0.93,WorthPoint
canyon-diablo-meteorite,Navajo Indians Watch Santa Fe Train Crossing Canyon Diablo Stereoview + # 6234,14.99,2023-05-09,,,WorthPoint
canyon-diablo-meteorite,Pendleton Canyon Diablo Heritage Blanket - Wool 64x80 - NEW WITH TAGS - RARE,350.0,2023-05-08,,,WorthPoint
canyon-diablo-meteorite,40 Gm. CANYON DIABLO IRON METEORITE ; ARIZONA STAND INCLUDED TOP GRADE; USA,44.1,2023-05-06,40.0,1.1,WorthPoint
canyon-diablo-meteorite,658 Gm . CANYON DIABLO IRON METEORITE ;TOP GRADE; ARIZONA STAND INCLUDED; 1.5#,629.1,2023-05-02,658.0,0.96,WorthPoint
canyon-diablo-meteorite,346 Gm .CANYON DIABLO IRON METEORITE ; TOP GRADE; ARIZONA STAND INCLUDED PATINA,314.1,2023-05-02,346.0,0.91,WorthPoint
canyon-diablo-meteorite,41 Gm . CANYON DIABLO IRON METEORITE TOP GRADE; ARIZONA STAND INCLUDED,53.95,2023-05-02,41.0,1.32,WorthPoint
canyon-diablo-meteorite,244 Gm . CANYON DIABLO IRON METEORITE TOP GRADE; ARIZONA STAND .54 LBS,242.1,2023-05-01,244.0,0.99,WorthPoint
canyon-diablo-meteorite,"CANYON DIABLO METEORITE 14.7 Gram INDIVIDUAL. NICE CHARACTER, CHECK IT OUT",14.0,2023-05-01,14.7,0.95,WorthPoint
canyon-diablo-meteorite,Arizona AZ Canyon Diablo Bridge Postcard Old Vintage Card View Standard Souvenir,5.55,2023-04-30,,,WorthPoint
canyon-diablo-meteorite,212 Gm . CANYON DIABLO IRON METEORITE ; MUSEUM GRADE; ARIZONA STAND PATINA; .5#,215.1,2023-04-30,212.0,1.01,WorthPoint
canyon-diablo-meteorite,194 Gm .CANYON DIABLO IRON METEORITE ; TOP GRADE; ARIZONA STAND INCLUDED PATINA,179.1,2023-04-30,194.0,0.92,WorthPoint
canyon-diablo-meteorite,"Natural Meteorite Specimen, Canyon Diablo Arizona 4.65 Grams",6.99,2023-04-30,4.65,1.5,WorthPoint
canyon-diablo-meteorite,15.4 Grams As Found Canyon Diablo Meteor Crater Iron Meteorite From Arizona +COA,27.99,2023-04-29,15.4,1.82,WorthPoint
canyon-diablo-meteorite,21.4 Grams As Found Canyon Diablo Meteor Crater Iron Meteorite Arizona 28x27x9mm,49.0,2023-04-29,21.4,2.29,WorthPoint
canyon-diablo-meteorite,1.37 Grams As Found Canyon Diablo Meteor Crater Iron Meteorite From Arizona +COA,5.49,2023-04-29,1.37,4.01,WorthPoint
canyon-diablo-meteorite,73 Gm .CANYON DIABLO IRON METEORITE ; TOP GRADE; ARIZONA STAND,89.1,2023-04-29,73.0,1.22,WorthPoint
canyon-diablo-meteorite,"Natural Meteorite Specimen, Canyon Diablo Arizona 6.89 Grams",9.99,2023-04-28,6.89,1.45,WorthPoint
canyon-diablo-meteorite,CANYON DIABLO IRON METEORITES 59.2 Grams Combined Collectors Grade,39.0,2023-04-28,59.2,0.66,WorthPoint
canyon-diablo-meteorite,CANYON DIABLO IRON METEORITE 59.2 Grams Collectors Grade,49.0,2023-04-28,59.2,0.83,WorthPoint
canyon-diablo-meteorite,55 Gm . CANYON DIABLO IRON METEORITE ; TOP GRADE; ARIZONA STAND INCLUDED,62.1,2023-04-27,55.0,1.13,WorthPoint
canyon-diablo-meteorite,2 CANYON DIABLO IRON METEORITE INDIVIDUAL - Meteor Crater ARIZONA 11.2 Grams,14.99,2023-04-25,11.2,1.34,WorthPoint
canyon-diablo-meteorite,Postcard AZ Canyon Diablo Railroad Bridge Detroit Publishing Company R60,10.99,2023-04-25,,,WorthPoint
canyon-diablo-meteorite,Pacific Bridge Over Canyon Diablo Arizona Train Vintage Postcard,6.75,2023-04-25,,,WorthPoint
canyon-diablo-meteorite,"AZ - 3 Fred Harvey 1910 Canyon Diablo, Int & Ext. Hotel Fray Marcos, Williams",9.0,2023-04-25,,,WorthPoint
canyon-diablo-meteorite,158 Gm. CANYON DIABLO IRON METEORITE ; ARIZONA STAND INCLUDED MUSEUM GRADE; USA,179.1,2023-04-25,158.0,1.13,WorthPoint
canyon-diablo-meteorite,16.4 Grams OXIDE Canyon Diablo Meteor Crater OXIDITE Meteorite As Found Low Iron,14.99,2023-04-24,16.4,0.91,WorthPoint
canyon-diablo-meteorite,6.65 Grams OXIDE Canyon Diablo Meteor Crater OXIDITE Meteorite As Found Low Iron,5.99,2023-04-24,6.65,0.9,WorthPoint
canyon-diablo-meteorite,B.W. Custom Bowie Knife Demascus Bone Canyon Diablo With Sheath Western Style,15.5,2023-04-24,,,WorthPoint
canyon-diablo-meteorite,Canyon Diablo Iron Meteorite 410.5g Meteorite Great Etch/inclusions. Stabilized.,635.13,2023-04-24,410.5,1.55,WorthPoint
canyon-diablo-meteorite,"Nice Meteorite - CANYON DIABLO Arizona, In Display Case !!",22.95,2023-04-23,,,WorthPoint
canyon-diablo-meteorite,124 Gm . CANYON DIABLO IRON METEORITE ; COLLECTORS GRADE; ARIZONA; .3 LBS,179.1,2023-04-23,124.0,1.44,WorthPoint
canyon-diablo-meteorite,3.87 Grams Polished Canyon Diablo Meteor Crater Iron Meteorite From Arizona,7.99,2023-04-23,3.87,2.06,WorthPoint
canyon-diablo-meteorite,Meteorite - Canyon Diablo 63.5g Complete Whole Specimen,102.95,2023-04-22,63.5,1.62,WorthPoint
canyon-diablo-meteorite,182 Gm . CANYON DIABLO IRON METEORITE ; TOP GRADE; ARIZONA; .4 LBS,179.1,2023-04-21,182.0,0.98,WorthPoint
canyon-diablo-meteorite,"Natural Meteorite Specimen, Canyon Diablo Arizona 9.3 Grams",9.99,2023-04-20,9.3,1.07,WorthPoint
canyon-diablo-meteorite,57 Gm . CANYON DIABLO IRON METEORITE ; TOP GRADE; ARIZONA; USA,62.1,2023-04-20,57.0,1.09,WorthPoint
canyon-diablo-meteorite,5 Individuals; 150 Gms . CANYON DIABLO IRON METEORITES ; TOP GRADE; ARIZONA,170.1,2023-04-20,150.0,1.13,WorthPoint
canyon-diablo-meteorite,CANYON DIABLO IRON NICKEL METEORITE PIECE IMPACT METEOR NO Reserve $9 Free Ship,9.95,2023-04-17,,,WorthPoint
canyon-diablo-meteorite,328 Gm . CANYON DIABLO IRON NICKEL METEORITE ; MUSEUM GRADE W/ STAND,314.1,2023-04-16,328.0,0.96,WorthPoint
canyon-diablo-meteorite,146 Gm . CANYON DIABLO IRON NICKEL METEORITE ; TOP GRADE W/ STAND,136.8,2023-04-15,146.0,0.94,WorthPoint
canyon-diablo-meteorite,"Natural Meteorite Specimen, Canyon Diablo Arizona 5.14 Grams",9.99,2023-04-12,5.14,1.94,WorthPoint
canyon-diablo-meteorite,5.61 Grams As Found Canyon Diablo Meteor Crater Iron Meteorite From Arizona +COA,12.49,2023-04-12,5.61,2.23,WorthPoint
canyon-diablo-meteorite,4 Grams As Found Canyon Diablo Meteor Crater Iron Meteorite From Arizona +COA,10.49,2023-04-12,4.0,2.62,WorthPoint
canyon-diablo-meteorite,3.52 Grams Polished Canyon Diablo Meteor Crater Iron Meteorite From Arizona,9.99,2023-04-12,3.52,2.84,WorthPoint
canyon-diablo-meteorite,4.62 Grams Polished Canyon Diablo Meteor Crater Iron Meteorite From Arizona,11.99,2023-04-12,4.62,2.6,WorthPoint
canyon-diablo-meteorite,18 Gm . CANYON DIABLO IRON METEORITE TOP GRADE; ARIZONA STAND INCLUDED,26.95,2023-04-10,18.0,1.5,WorthPoint
canyon-diablo-meteorite,4.30 Grams Polished Canyon Diablo Meteor Crater Iron Meteorite From Arizona,11.99,2023-04-10,4.3,2.79,WorthPoint
canyon-diablo-meteorite,87 Gm . CANYON DIABLO IRON METEORITE ; TOP GRADE; ARIZONA; USA,89.1,2023-04-09,87.0,1.02,WorthPoint
canyon-diablo-meteorite,36 Gm. CANYON DIABLO IRON METEORITE ; ARIZONA STAND INCLUDED TOP GRADE; USA,44.1,2023-04-09,36.0,1.23,WorthPoint
canyon-diablo-meteorite,30 Gm . CANYON DIABLO IRON METEORITE TOP GRADE; ARIZONA STAND INCLUDED,44.95,2023-04-08,30.0,1.5,WorthPoint
canyon-diablo-meteorite,11.23 Gram CANYON DIABLO IRON METEORITE ETCHED/SHOCKED SLICE - Meteor Crater,46.2,2023-04-08,11.23,4.11,WorthPoint
canyon-diablo-meteorite,3.90 Grams Polished Canyon Diablo Meteor Crater Iron Meteorite From Arizona,10.99,2023-04-07,3.9,2.82,WorthPoint
canyon-diablo-meteorite,273 Gm . CANYON DIABLO IRON METEORITE ; TOP GRADE,274.99,2023-04-07,273.0,1.01,WorthPoint
canyon-diablo-meteorite,"Natural Meteorite Specimen, Canyon Diablo Arizona 4.94 Grams",9.99,2023-04-06,4.94,2.02,WorthPoint
canyon-diablo-meteorite,5.21 Grams Polished Canyon Diablo Meteor Crater Iron Meteorite From Arizona,12.99,2023-04-06,5.21,2.49,WorthPoint
canyon-diablo-meteorite,684 Gm . CANYON DIABLO IRON METEORITE ;TOP GRADE; ARIZONA STAND INCLUDED; 1.5#,629.1,2023-04-06,684.0,0.92,WorthPoint
canyon-diablo-meteorite,204 Gm . CANYON DIABLO IRON METEORITE ; MUSEUM GRADE; ARIZONA;,224.32,2023-04-06,204.0,1.1,WorthPoint
canyon-diablo-meteorite,"Natural Meteorite Specimen, Canyon Diablo Arizona 7.89 Grams",9.99,2023-04-04,7.89,1.27,WorthPoint
canyon-diablo-meteorite,CANYON DIABLO IRON METEORITE WITH PATINA; ARIZONA 227grams,102.5,2023-04-04,227.0,0.45,WorthPoint
canyon-diablo-meteorite,CANYON DIABLO IRON METEORITE ; ARIZONA 125grams,56.0,2023-04-04,125.0,0.45,WorthPoint
canyon-diablo-meteorite,"Natural Meteorite Specimen, Canyon Diablo Arizona 4.48 Grams",9.99,2023-04-04,4.48,2.23,WorthPoint
canyon-diablo-meteorite,"BW Custom 15"" Canyon Diablo Bowie Knife Surgical Steel Stag Handle Damascus",50.0,2023-04-04,,,WorthPoint
canyon-diablo-meteorite,10 Individuals; 340 Gms . CANYON DIABLO IRON METEORITEs ; TOP GRADE; ARIZONA,323.1,2023-04-04,340.0,0.95,WorthPoint
canyon-diablo-meteorite,268 Grams On Route 66 Canyon Diablo American Meteorite Museum WALL BRICK ROCK,6.99,2023-04-02,268.0,0.03,WorthPoint
canyon-diablo-meteorite,12.4 Grams As Found Canyon Diablo Meteor Crater Iron Meteorite From Arizona,29.99,2023-04-01,12.4,2.42,WorthPoint
canyon-diablo-meteorite,36 Gm . CANYON DIABLO IRON METEORITE ; TOP GRADE; ARIZONA STAND INCLUDED,44.1,2023-04-01,36.0,1.23,WorthPoint
canyon-diablo-meteorite,43 Gm . CANYON DIABLO IRON METEORITE ; MUSEUM GRADE; ARIZONA STAND INCLUDED,48.6,2023-04-01,43.0,1.13,WorthPoint
canyon-diablo-meteorite,38 Gm. Canyon Diablo Meteorite ; Top Grade Meteorite; Usa; Arizona,44.1,2023-03-31,38.0,1.16,WorthPoint
canyon-diablo-meteorite,50 Gm . CANYON DIABLO IRON METEORITE ; MUSEUM GRADE; ARIZONA STAND INCLUDED,57.6,2023-03-31,50.0,1.15,WorthPoint
canyon-diablo-meteorite,162 Gm . CANYON DIABLO IRON METEORITE ; MUSEUM GRADE; ARIZONA STAND PATINA,179.1,2023-03-28,162.0,1.11,WorthPoint
canyon-diablo-meteorite,70.10 Gram - CANYON DIABLO IRON METEORITE - From Arizona- Lighly Etched Specimen,52.5,2023-03-28,70.1,0.75,WorthPoint
canyon-diablo-meteorite,"Natural Meteorite Specimen, Canyon Diablo Arizona 4.09 Grams",10.49,2023-03-28,4.09,2.56,WorthPoint
canyon-diablo-meteorite,36 Gm . CANYON DIABLO IRON METEORITE ; MUSEUM GRADE; ARIZONA STAND INCLUDED,44.1,2023-03-27,36.0,1.23,WorthPoint
canyon-diablo-meteorite,2.91 Grams As Found Canyon Diablo Meteor Crater Iron Meteorite From Arizona +COA,7.89,2023-03-27,2.91,2.71,WorthPoint
canyon-diablo-meteorite,2.97 Grams Polished Canyon Diablo Meteor Crater Iron Meteorite From Arizona,5.99,2023-03-27,2.97,2.02,WorthPoint
canyon-diablo-meteorite,2.09 Grams Polished Canyon Diablo Meteor Crater Iron Meteorite From Arizona,5.49,2023-03-27,2.09,2.63,WorthPoint
canyon-diablo-meteorite,2.47 Grams As Found Canyon Diablo Meteor Crater Iron Meteorite From Arizona +COA,5.99,2023-03-27,2.47,2.43,WorthPoint
canyon-diablo-meteorite,3.21 Grams Polished Canyon Diablo Meteor Crater Iron Meteorite From Arizona,6.99,2023-03-27,3.21,2.18,WorthPoint
canyon-diablo-meteorite,2.37 Grams As Found Canyon Diablo Meteor Crater Iron Meteorite From Arizona +COA,5.99,2023-03-27,2.37,2.53,WorthPoint
canyon-diablo-meteorite,2.31 Grams Polished Canyon Diablo Meteor Crater Iron Meteorite From Arizona,5.49,2023-03-27,2.31,2.38,WorthPoint
canyon-diablo-meteorite,1.63 Grams As Found Canyon Diablo Meteor Crater Iron Meteorite From Arizona +COA,5.49,2023-03-27,1.63,3.37,WorthPoint
canyon-diablo-meteorite,1.90 Grams As Found Canyon Diablo Meteor Crater Iron Meteorite From Arizona +COA,5.99,2023-03-27,1.9,3.15,WorthPoint
canyon-diablo-meteorite,10 Individuals; 256 Gms . CANYON DIABLO IRON METEORITEs ; TOP GRADE; ARIZONA,269.1,2023-03-27,256.0,1.05,WorthPoint
canyon-diablo-meteorite,Canyon Diablo Iron Meteorite 332.6g Meteorite Great Etch/inclusions. Stabilized.,366.0,2023-03-27,332.6,1.1,WorthPoint
canyon-diablo-meteorite,"Natural Meteorite Specimen, Canyon Diablo Arizona 5.8 Grams",9.99,2023-03-24,5.8,1.72,WorthPoint
canyon-diablo-meteorite,33 Gm . CANYON DIABLO IRON METEORITE ; TOP GRADE; ARIZONA STAND INCLUDED,35.1,2023-03-24,33.0,1.06,WorthPoint
canyon-diablo-meteorite,5.27 Grams As Found Canyon Diablo Meteor Crater Iron Meteorite From Arizona +COA,11.99,2023-03-24,5.27,2.28,WorthPoint
canyon-diablo-meteorite,36.6 Grams Polished Canyon Diablo Meteor Crater Iron Meteorite From Arizona,49.99,2023-03-23,36.6,1.37,WorthPoint
canyon-diablo-meteorite,Meteor Crater Canyon Diablo Meteorite Pendant W/ COA,79.99,2023-03-22,,,WorthPoint
canyon-diablo-meteorite,28 Gm . CANYON DIABLO IRON METEORITE ; TOP GRADE; ARIZONA STAND INCLUDED,35.1,2023-03-22,28.0,1.25,WorthPoint
canyon-diablo-meteorite,"Natural Meteorite Specimen, Canyon Diablo Arizona 6.22 Grams",9.99,2023-03-20,6.22,1.61,WorthPoint
canyon-diablo-meteorite,27 Gm. Canyon Diablo Meteorite ; Top Grade Meteorite; Usa; Arizona,35.1,2023-03-20,27.0,1.3,WorthPoint
canyon-diablo-meteorite,"Natural Meteorite Specimen, Canyon Diablo Arizona 5.82 Grams",9.99,2023-03-18,5.82,1.72,WorthPoint
canyon-diablo-meteorite,"Natural Meteorite Specimen, Canyon Diablo Arizona 5.60 Grams",9.99,2023-03-17,5.6,1.78,WorthPoint
canyon-diablo-meteorite,"Canyon Diablo 0g IAB Meteorite Found 1891 TKW 10,000kg Coconino Co, AZ USA",12.95,2023-03-17,,,WorthPoint
canyon-diablo-meteorite,31 Gm . CANYON DIABLO IRON METEORITE ; MUSEUM GRADE; ARIZONA STAND INCLUDED,40.5,2023-03-17,31.0,1.31,WorthPoint
canyon-diablo-meteorite,"Natural Meteorite Specimen, Canyon Diablo Arizona 5.72 Grams",9.99,2023-03-17,5.72,1.75,WorthPoint
canyon-diablo-meteorite,158 Gm . CANYON DIABLO IRON METEORITE ; TOP GRADE; ARIZONA STAND .35 LBS.,135.0,2023-03-16,158.0,0.85,WorthPoint
canyon-diablo-meteorite,37 Gm. Canyon Diablo Meteorite ; Top Grade Meteorite; Usa; Arizona,49.0,2023-03-15,37.0,1.32,WorthPoint
canyon-diablo-meteorite,45 Gm . CANYON DIABLO IRON METEORITE ; MUSEUM GRADE; ARIZONA STAND INCLUDED,53.1,2023-03-14,45.0,1.18,WorthPoint
canyon-diablo-meteorite,31 Gm. Canyon Diablo Meteorite ; Top Grade Meteorite; Usa; Arizona,44.1,2023-03-14,31.0,1.42,WorthPoint
canyon-diablo-meteorite,"CANYON DIABLO METEORITE 16.0 Gram INDIVIDUAL. NICE CHARACTERISTICS, CHECK IT OUT",15.0,2023-03-14,16.0,0.94,WorthPoint
canyon-diablo-meteorite,5.90 Grams All 4 OXIDE Canyon Diablo Meteor Crater OXIDITE Meteorites As Found,5.49,2023-03-12,5.9,0.93,WorthPoint
canyon-diablo-meteorite,42 Gm. Canyon Diablo Meteorite ; Top Grade Meteorite; Usa; Arizona,53.1,2023-03-11,42.0,1.26,WorthPoint
canyon-diablo-meteorite,312 Gm. CANYON DIABLO IRON METEORITE ; ARIZONA STAND INCLUDED MUSEUM GRADE; USA,305.1,2023-03-11,312.0,0.98,WorthPoint
canyon-diablo-meteorite,15.05 Gram OXIDE Canyon Diablo Meteor Crater OXIDITE Meteorite As Found Low Iron,17.99,2023-03-10,15.05,1.2,WorthPoint
canyon-diablo-meteorite,"Natural Meteorite Specimen, Canyon Diablo Arizona 6.29 Grams",9.99,2023-03-10,6.29,1.59,WorthPoint
canyon-diablo-meteorite,14.1 Grams As Found Canyon Diablo Meteor Crater Iron Meteorite From Arizona +COA,19.99,2023-03-09,14.1,1.42,WorthPoint
canyon-diablo-meteorite,5.91 Grams Polished Canyon Diablo Meteor Crater Iron Meteorite From Arizona,12.0,2023-03-09,5.91,2.03,WorthPoint
canyon-diablo-meteorite,27 Gm . CANYON DIABLO IRON METEORITE ; TOP GRADE; ARIZONA STAND INCLUDED,35.1,2023-03-09,27.0,1.3,WorthPoint
canyon-diablo-meteorite,2.60 Grams As Found Canyon Diablo Meteor Crater Iron Meteorite From Arizona +COA,6.49,2023-03-09,2.6,2.5,WorthPoint
canyon-diablo-meteorite,.621 Grams As Found Canyon Diablo Meteor Crater Iron Meteorite From Arizona +COA,7.5,2023-03-09,621.0,0.01,WorthPoint
canyon-diablo-meteorite,20.6 Grams OXIDE Canyon Diablo Meteor Crater OXIDITE Meteorite As Found Low Iron,17.99,2023-03-08,20.6,0.87,WorthPoint
canyon-diablo-meteorite,166 Gm . CANYON DIABLO IRON METEORITE MUSEUM GRADE; ARIZONA STAND,179.1,2023-03-07,166.0,1.08,WorthPoint
canyon-diablo-meteorite,61 Gm . CANYON DIABLO IRON METEORITE ;TOP GRADE; ARIZONA STAND INCLUDED,67.45,2023-03-07,61.0,1.11,WorthPoint
canyon-diablo-meteorite,186 Gm . CANYON DIABLO IRON METEORITE ; TOP GRADE ; ARIZONA; PATINA; .4 LBS,179.96,2023-03-06,186.0,0.97,WorthPoint
canyon-diablo-meteorite,12.1 Grams Cleaned Canyon Diablo Meteor Crater Iron Meteorite From Arizona + COA,19.99,2023-03-05,12.1,1.65,WorthPoint
canyon-diablo-meteorite,34 Gm . CANYON DIABLO IRON METEORITE ; MUSEUM GRADE; ARIZONA STAND INCLUDED,44.1,2023-03-04,34.0,1.3,WorthPoint
canyon-diablo-meteorite,"Natural Meteorite Specimen, Canyon Diablo Arizona 5.95 Grams",9.99,2023-03-04,5.95,1.68,WorthPoint
canyon-diablo-meteorite,130 Grams On Route 66 Canyon Diablo American Meteorite Museum WALL BRICK ROCK,5.99,2023-03-03,130.0,0.05,WorthPoint
canyon-diablo-meteorite,114 Gm . CANYON DIABLO IRON METEORITE MUSEUM GRADE; ARIZONA STAND INC.PATINA,116.96,2023-03-03,114.0,1.03,WorthPoint
canyon-diablo-meteorite,"1,311 Gram Canyon Diablo Etched Iron Meteorite",1895.0,2023-03-03,311.0,6.09,WorthPoint
canyon-diablo-meteorite,96 Gm . CANYON DIABLO IRON METEORITE ;AAA GRADE; ARIZONA STAND INCLUDED;,116.96,2023-03-03,96.0,1.22,WorthPoint
canyon-diablo-meteorite,91 Gm . CANYON DIABLO IRON METEORITE MUSEUM GRADE; ARIZONA STAND,98.1,2023-03-02,91.0,1.08,WorthPoint
canyon-diablo-meteorite,54 Gm. Canyon Diablo Meteorite ; Top Grade Meteorite; Usa; Arizona,62.1,2023-03-02,54.0,1.15,WorthPoint
canyon-diablo-meteorite,"Natural Meteorite Specimen, Canyon Diablo Arizona 8.09 Grams",9.99,2023-03-02,8.09,1.23,WorthPoint
canyon-diablo-meteorite,Canyon Diablo Meteroite W/ COA 3.5 Inches X 2.0 X 1.5 Inches Found 1891,217.5,2023-03-01,,,WorthPoint
canyon-diablo-meteorite,8.22 Grams Cleaned Canyon Diablo Meteor Crater Iron Meteorite From Arizona,24.99,2023-03-01,8.22,3.04,WorthPoint
canyon-diablo-meteorite,"Natural Meteorite Specimen, Canyon Diablo Arizona 6.78 Grams",10.5,2023-02-28,6.78,1.55,WorthPoint
canyon-diablo-meteorite,Rare Fred Harvey Skyline Canyon Diablo Arizona Sterling Silver Souvenir Spoon,150.0,2023-02-27,,,WorthPoint
canyon-diablo-meteorite,130 Gm . CANYON DIABLO IRON METEORITE ; TOP GRADE; ARIZONA .3 POUNDS,134.1,2023-02-25,130.0,1.03,WorthPoint
canyon-diablo-meteorite,Rare Canyon Diablo AZ METEOR Crater IRON METEORITE,12.0,2023-02-25,,,WorthPoint
canyon-diablo-meteorite,254 Gm . CANYON DIABLO IRON METEORITE ; MUSEUM GRADE; ARIZONA AND STAND .6 #,251.95,2023-02-25,254.0,0.99,WorthPoint
canyon-diablo-meteorite,132 Gm . CANYON DIABLO IRON METEORITE MUSEUM GRADE; ARIZONA STAND,134.1,2023-02-25,132.0,1.02,WorthPoint
canyon-diablo-meteorite,10.86-gram OXIDE Canyon Diablo Meteor Crater OXIDITE Meteorite As Found,10.99,2023-02-24,10.86,1.01,WorthPoint
canyon-diablo-meteorite,90 Gm . CANYON DIABLO IRON METEORITE MUSEUM GRADE; ARIZONA STAND INC.PATINA,89.96,2023-02-23,90.0,1.0,WorthPoint
canyon-diablo-meteorite,11.72-gram OXIDE Canyon Diablo Meteor Crater OXIDITE Meteorite As Found,8.99,2023-02-22,11.72,0.77,WorthPoint
canyon-diablo-meteorite,35 Gm . CANYON DIABLO IRON METEORITE ; TOP GRADE; ARIZONA STAND INCLUDED,44.1,2023-02-22,35.0,1.26,WorthPoint
canyon-diablo-meteorite,CANYON DIABLO IRON METEORITE 35 Gm,22.0,2023-02-22,35.0,0.63,WorthPoint
canyon-diablo-meteorite,"CANYON DIABLO METEORITE 11.6 Gram INDIVIDUAL. NICE CHARACTERISTICS, CHECK IT OUT",11.0,2023-02-22,11.6,0.95,WorthPoint
canyon-diablo-meteorite,"CANYON DIABLO METEORITE 21.1 Gram INDIVIDUAL. NICE CHARACTER, CHECK IT OUT",21.0,2023-02-21,21.1,1.0,WorthPoint
canyon-diablo-meteorite,46 Grams OXIDE Canyon Diablo Meteor Crater OXIDITE Meteorite As Found Low Iron,39.99,2023-02-21,46.0,0.87,WorthPoint
canyon-diablo-meteorite,7.30 Grams OXIDE Canyon Diablo Meteor Crater OXIDITE Meteorite As Found Low Iron,5.99,2023-02-21,7.3,0.82,WorthPoint
canyon-diablo-meteorite,Canyon Diablo Meteorite - FANTASTIC SHAPE - 551g,599.0,2023-02-20,551.0,1.09,WorthPoint
canyon-diablo-meteorite,3.28 Grams As Found Canyon Diablo Meteor Crater Iron Meteorite From Arizona +COA,7.99,2023-02-20,3.28,2.44,WorthPoint
canyon-diablo-meteorite,55 Gm . CANYON DIABLO IRON METEORITE ; MUSEUM GRADE; ARIZONA STAND INCLUDED,62.1,2023-02-19,55.0,1.13,WorthPoint
canyon-diablo-meteorite,1010 Gm . CANYON DIABLO IRON NICKEL METEORITE ; TOP GRADE W/ STAND AND LABEL;,899.1,2023-02-19,1010.0,0.89,WorthPoint
canyon-diablo-meteorite,Meteorite - Canyon Diablo 36.1g Polished And Etched End Piece,89.95,2023-02-18,36.1,2.49,WorthPoint
canyon-diablo-meteorite,"Photo: Navajo Reservation,Arizona,AZ,Indian Trading Post,Canyon Diablo,c1903",14.99,2023-02-18,,,WorthPoint
canyon-diablo-meteorite,4I06 TRAIN SLIDE Railroad 35MM Photo BNSF 1075 WITH TRAIN W CANYON DIABLO AZ,8.96,2023-02-18,,,WorthPoint
canyon-diablo-meteorite,34.4 Gram - CANYON DIABLO IRON METEORITE SPECIMEN - Individual,70.0,2023-02-18,34.4,2.03,WorthPoint
canyon-diablo-meteorite,"Natural Meteorite Specimen, Canyon Diablo Arizona 6.04 Grams",9.99,2023-02-18,6.04,1.65,WorthPoint
canyon-diablo-meteorite,"Natural Meteorite Specimen, Canyon Diablo Arizona 4.11 Grams",9.99,2023-02-17,4.11,2.43,WorthPoint
canyon-diablo-meteorite,26 Gm . CANYON DIABLO IRON METEORITE TOP GRADE; ARIZONA STAND INCLUDED,35.95,2023-02-16,26.0,1.38,WorthPoint
canyon-diablo-meteorite,5.69 Grams As Found Canyon Diablo Meteor Crater Iron Meteorite From Arizona +COA,8.99,2023-02-16,5.69,1.58,WorthPoint
canyon-diablo-meteorite,"Natural Meteorite Specimen, Canyon Diablo Arizona 3.4 Grams",9.99,2023-02-15,3.4,2.94,WorthPoint
canyon-diablo-meteorite,55 Gm. CANYON DIABLO IRON METEORITE ; ARIZONA STAND INCLUDED TOP GRADE; USA,62.1,2023-02-15,55.0,1.13,WorthPoint
canyon-diablo-meteorite,5 Individuals; 145 Gms . CANYON DIABLO IRON METEORITES ; TOP GRADE; ARIZONA,152.1,2023-02-15,145.0,1.05,WorthPoint
canyon-diablo-meteorite,38 Gm . CANYON DIABLO IRON METEORITE ; MUSEUM GRADE; ARIZONA STAND INCLUDED USA,49.45,2023-02-15,38.0,1.3,WorthPoint
canyon-diablo-meteorite,48 Gm . CANYON DIABLO IRON METEORITE ;TOP GRADE; ARIZONA STAND INCLUDED,53.1,2023-02-15,48.0,1.11,WorthPoint
canyon-diablo-meteorite,70 Gm . CANYON DIABLO IRON METEORITE TOP GRADE; ARIZONA STAND INCLUDED,76.46,2023-02-14,70.0,1.09,WorthPoint
canyon-diablo-meteorite,65 Gm. Canyon Diablo Meteorite ; Top Grade Meteorite; Usa; Arizona,71.1,2023-02-12,65.0,1.09,WorthPoint
canyon-diablo-meteorite,312 Gm . CANYON DIABLO IRON METEORITE ; MUSEUM COLLECTORS GRADE; ARIZONA; .7 Lbs,422.5,2023-02-11,312.0,1.35,WorthPoint
canyon-diablo-meteorite,374 Gm . CANYON DIABLO IRON METEORITE ; TOP GRADE; ARIZONA LABEL AND STAND .8 #,341.96,2023-02-11,374.0,0.91,WorthPoint
canyon-diablo-meteorite,6.03 Grams All 4 OXIDE Canyon Diablo Meteor Crater OXIDITE Meteorites As Found,5.49,2023-02-11,6.03,0.91,WorthPoint
canyon-diablo-meteorite,13.9 Gram OXIDE Canyon Diablo Meteor Crater OXIDITE Meteorite As Found Low Iron,10.99,2023-02-11,13.9,0.79,WorthPoint
canyon-diablo-meteorite,294 Gm . CANYON DIABLO IRON METEORITE ; MUSEUM COLLECTORS GRADE; ARIZONA; .6 Lbs,359.5,2023-02-11,294.0,1.22,WorthPoint
canyon-diablo-meteorite,270 Gm . CANYON DIABLO IRON METEORITE ; MUSEUM GRADE; ARIZONA STAND INCLUDED,269.1,2023-02-08,270.0,1.0,WorthPoint
canyon-diablo-meteorite,38 Gm. CANYON DIABLO IRON METEORITE ; ARIZONA STAND INCLUDED TOP GRADE; USA,44.1,2023-02-05,38.0,1.16,WorthPoint
canyon-diablo-meteorite,90 Gm. Canyon Diablo Meteorite ; Top Grade Meteorite; Usa; Arizona,89.1,2023-02-05,90.0,0.99,WorthPoint
canyon-diablo-meteorite,30 Gm. CANYON DIABLO IRON METEORITE ; ARIZONA STAND INCLUDED TOP GRADE; USA,35.1,2023-02-05,30.0,1.17,WorthPoint
canyon-diablo-meteorite,28 Gm . CANYON DIABLO IRON METEORITE ;TOP GRADE; ARIZONA STAND INCLUDED,35.1,2023-02-05,28.0,1.25,WorthPoint
canyon-diablo-meteorite,264 Gm . CANYON DIABLO IRON METEORITE ; TOP GRADE; ARIZONA STAND .6 LBS,251.96,2023-02-04,264.0,0.95,WorthPoint
canyon-diablo-meteorite,175 Gm . CANYON DIABLO IRON METEORITE ; MUSEUM GRADE; ARIZONA STAND INCLUDED,179.1,2023-02-04,175.0,1.02,WorthPoint
canyon-diablo-meteorite,334 Grams Canyon Diablo Iron Meteorite Arizona 1891,125.0,2023-02-03,334.0,0.37,WorthPoint
canyon-diablo-meteorite,9.17 Grams OXIDE Canyon Diablo Meteor Crater OXIDITE Meteorite As Found Low Iron,8.49,2023-02-03,9.17,0.93,WorthPoint
canyon-diablo-meteorite,454 Gm .CANYON DIABLO IRON METEORITE ; MUSEUM GRADE; ARIZONA LABEL AND STAND;1 #,449.1,2023-02-02,454.0,0.99,WorthPoint
canyon-diablo-meteorite,"Natural Meteorite Specimen, Canyon Diablo Arizona 6.6 Grams",15.0,2023-01-31,6.6,2.27,WorthPoint
canyon-diablo-meteorite,94 Gm. Canyon Diablo Meteorite ;museum Grade Meteorite; Usa; Arizona,89.1,2023-01-30,94.0,0.95,WorthPoint
canyon-diablo-meteorite,127 Gm .CANYON DIABLO IRON METEORITE ; TOP GRADE; ARIZONA STAND INCLUDED PATINA,120.6,2023-01-30,127.0,0.95,WorthPoint
canyon-diablo-meteorite,CANYON DIABLO METEORITE MUSEUM GRADE Very Nice Space Rock Specimen 154 Grams,150.0,2023-01-29,154.0,0.97,WorthPoint
canyon-diablo-meteorite,26.5 Gram CANYON DIABLO IRON METEORITE INDIVIDUAL - Meteor Crater ARIZONA,52.5,2023-01-28,26.5,1.98,WorthPoint
canyon-diablo-meteorite,"Natural Meteorite Specimen, Canyon Diablo Arizona 4.8 Grams",9.99,2023-01-28,4.8,2.08,WorthPoint
canyon-diablo-meteorite,34 Gm . CANYON DIABLO IRON METEORITE ;TOP GRADE; ARIZONA STAND INCLUDED,35.1,2023-01-28,34.0,1.03,WorthPoint
canyon-diablo-meteorite,18 Gm . CANYON DIABLO IRON METEORITE ; TOP GRADE; ARIZONA STAND INCLUDED,26.1,2023-01-28,18.0,1.45,WorthPoint
canyon-diablo-meteorite,282 Gm . CANYON DIABLO IRON METEORITE ; TOP GRADE ; ARIZONA STAND .62 Lbs,269.1,2023-01-26,282.0,0.95,WorthPoint
canyon-diablo-meteorite,CANYON DIABLO METEORITE MUSEUM GRADE Nice Space Rock Specimen 77Grams No Reserve,64.0,2023-01-25,77.0,0.83,WorthPoint
canyon-diablo-meteorite,690 Gm . CANYON DIABLO IRON METEORITE ;AAA GRADE; ARIZONA STAND INCLUDED; 1.5 #,500.0,2023-01-25,690.0,0.72,WorthPoint
canyon-diablo-meteorite,24 Gm. CANYON DIABLO IRON METEORITE ; ARIZONA STAND INCLUDED TOP GRADE; USA,26.1,2023-01-25,24.0,1.09,WorthPoint
canyon-diablo-meteorite,Beautiful 256 Gm. Etched Canyon Diablo Meteorite Cut Pair; Same Meteorite,269.1,2023-01-25,256.0,1.05,WorthPoint
canyon-diablo-meteorite,210 Gm. Canyon Diablo Meteorite ;museum Collectors Grade Meteorite. .46 Lbs.,220.5,2023-01-23,210.0,1.05,WorthPoint
canyon-diablo-meteorite,CANYON DIABLO METEORITE MUSEUM GRADE Very Nice Sliced Rare Specimen 234.4 Grams,103.5,2023-01-22,234.4,0.44,WorthPoint
canyon-diablo-meteorite,258 Gm . CANYON DIABLO IRON METEORITE ; MUSEUM GRADE; ARIZONA; .6 Lbs,269.5,2023-01-21,258.0,1.04,WorthPoint
canyon-diablo-meteorite,"Natural Meteorite Specimen, Canyon Diablo Arizona 4.22 Grams",9.99,2023-01-21,4.22,2.37,WorthPoint
canyon-diablo-meteorite,169 Gm . CANYON DIABLO IRON METEORITE TOP GRADE; ARIZONA .37 POUND,170.32,2023-01-20,169.0,1.01,WorthPoint
canyon-diablo-meteorite,36.1 Gram CANYON DIABLO IRON METEORITE INDIVIDUAL - Meteor Crater ARIZONA,69.3,2023-01-20,36.1,1.92,WorthPoint
canyon-diablo-meteorite,CANYON DIABLO METEORITE MUSEUM GRADE 2lbs Uncut Rare Specimen 860.5 Grams,230.27,2023-01-20,860.5,0.27,WorthPoint
canyon-diablo-meteorite,CANYON DIABLO METEORITE MUSEUM GRADE Very Large Odd Shape Specimen 64.5 Grams,26.0,2023-01-20,64.5,0.4,WorthPoint
canyon-diablo-meteorite,NICE CANYON DIABLO METEORITE MUSEUM GRADE Scientific Sliced Specimen 161.5 Grams,20.5,2023-01-20,161.5,0.13,WorthPoint
canyon-diablo-meteorite,CANYON DIABLO METEORITE MUSEUM GRADE Large Triangle Shape Specimen 310.5 Grams,152.5,2023-01-20,310.5,0.49,WorthPoint
canyon-diablo-meteorite,Canyon Diablo Meteorite 22.7 Grams,23.0,2023-01-20,22.7,1.01,WorthPoint
canyon-diablo-meteorite,11.26 Grams As Found Canyon Diablo Meteor Crater Iron Meteorite From Arizona+COA,23.99,2023-01-20,11.26,2.13,WorthPoint
canyon-diablo-meteorite,Big CANYON DIABLO METEORITE MUSEUM GRADE Sliced Into Square Specimen 192.7 Grams,120.0,2023-01-19,192.7,0.62,WorthPoint
canyon-diablo-meteorite,CANYON DIABLO METEORITE MUSEUM GRADE 83.5 Grams Nice Sliced Meteorite No Reserve,52.0,2023-01-19,83.5,0.62,WorthPoint
canyon-diablo-meteorite,CANYON DIABLO METEORITE MUSEUM GRADE 93.5 Grams Nice Sliced Meteorite No Reserve,46.55,2023-01-19,93.5,0.5,WorthPoint
canyon-diablo-meteorite,4.2 Grams As Found Canyon Diablo Meteor Crater Iron Meteorite From Arizona,12.99,2023-01-19,4.2,3.09,WorthPoint
canyon-diablo-meteorite,CANYON DIABLO METEORITE MUSEUM GRADE Very Large Meteorite Specimen 789.9 Grams,300.0,2023-01-18,789.9,0.38,WorthPoint
canyon-diablo-meteorite,TRAINS & TRAVEL Santa Fe Canyon Diablo Bridge Zephyrette Loree Locos + 7 1952,9.99,2023-01-18,,,WorthPoint
canyon-diablo-meteorite,"Natural Meteorite Specimen, Canyon Diablo Arizona 4.15 Grams",9.99,2023-01-18,4.15,2.41,WorthPoint
canyon-diablo-meteorite,374 Gm . CANYON DIABLO IRON METEORITE ; TOP GRADE; ARIZONA STAND INCLUDED; .82#,341.96,2023-01-17,374.0,0.91,WorthPoint
canyon-diablo-meteorite,BIG CANYON DIABLO METEORITE MUSEUM GRADE Scientific Sliced Specimen 91.5 Grams,50.0,2023-01-17,91.5,0.55,WorthPoint
canyon-diablo-meteorite,10 Individuals; 190 Gms . CANYON DIABLO IRON METEORITEs ; TOP GRADE; ARIZONA,170.1,2023-01-17,190.0,0.9,WorthPoint
canyon-diablo-meteorite,CANYON DIABLO IRON METEORITE 27 Gm,20.0,2023-01-16,27.0,0.74,WorthPoint
canyon-diablo-meteorite,412 Gm . CANYON DIABLO IRON METEORITE ; MUSEUM GRADE; ARIZONA STAND INCLUDED,404.1,2023-01-15,412.0,0.98,WorthPoint
canyon-diablo-meteorite,19 Gm . CANYON DIABLO IRON METEORITE ; TOP GRADE; ARIZONA STAND INCLUDED,26.1,2023-01-15,19.0,1.37,WorthPoint
canyon-diablo-meteorite,CANYON DIABLO METEORITE MUSEUM GRADE Nice Scientific Specimen 43 Grams,30.0,2023-01-15,43.0,0.7,WorthPoint
canyon-diablo-meteorite,"Arizona- Coconino County, Canyon Diablo Meteorite 26.6 Grams",25.99,2023-01-14,26.6,0.98,WorthPoint
canyon-diablo-meteorite,8.56 Grams OXIDE Canyon Diablo Meteor Crater OXIDITE Meteorite As Found Low Iron,7.99,2023-01-14,8.56,0.93,WorthPoint
canyon-diablo-meteorite,254 Gm CANYON DIABLO IRON METEORITE ; MUSEUM GRADE; ARIZONA STAND INCLUDED,225.0,2023-01-14,254.0,0.89,WorthPoint
canyon-diablo-meteorite,120 Grams On Route 66 Canyon Diablo American Meteorite Museum WALL BRICK ROCK,5.99,2023-01-13,120.0,0.05,WorthPoint
canyon-diablo-meteorite,96 Gm . CANYON DIABLO IRON METEORITE ; TOP GRADE; ARIZONA STAND INCLUDED,107.1,2023-01-13,96.0,1.12,WorthPoint
canyon-diablo-meteorite,CANYON DIABLO METEORITE MUSEUM GRADE Very Nice Uncut Rare Specimen 148.6 Grams,115.5,2023-01-12,148.6,0.78,WorthPoint
canyon-diablo-meteorite,7.68 Grams OXIDE Canyon Diablo Meteor Crater OXIDITE Meteorite As Found Low Iron,6.99,2023-01-12,7.68,0.91,WorthPoint
canyon-diablo-meteorite,19 Gm. CANYON DIABLO IRON METEORITE ; ARIZONA STAND INCLUDED TOP GRADE; USA,26.1,2023-01-11,19.0,1.37,WorthPoint
canyon-diablo-meteorite,25 Gm . CANYON DIABLO IRON METEORITE ;TOP GRADE; ARIZONA STAND INCLUDED,26.1,2023-01-11,25.0,1.04,WorthPoint
canyon-diablo-meteorite,60 Gm. Canyon Diablo Iron Meteorite ; Top Grade ; Arizona ;,89.1,2023-01-10,60.0,1.48,WorthPoint
canyon-diablo-meteorite,CANYON DIABLO METEORITE HEAVY 129.0 Grams Sold By Time Capsule Meteorites,43.5,2023-01-10,129.0,0.34,WorthPoint
canyon-diablo-meteorite,RARE CANYON DIABLO METEORITE Heavy 124.8 Grams Sold By Time Capsule Meteorites,22.26,2023-01-10,124.8,0.18,WorthPoint
canyon-diablo-meteorite,CANYON DIABLO METEORITE MUSEUM GRADE Very Nice Large Specimen 129.8 Grams,12.5,2023-01-10,129.8,0.1,WorthPoint
canyon-diablo-meteorite,CANYON DIABLO METEORITE MUSEUM GRADE Very Nice Large Round Specimen 124.5 Grams,12.5,2023-01-10,124.5,0.1,WorthPoint
canyon-diablo-meteorite,523.5 Gram CANYON DIABLO IRON METEORITE INDIVIDUAL - Meteor Crater ARIZONA,595.0,2023-01-10,523.5,1.14,WorthPoint
canyon-diablo-meteorite,"Natural Meteorite Specimen, Canyon Diablo Arizona 9.6 Grams",16.5,2023-01-10,9.6,1.72,WorthPoint
canyon-diablo-meteorite,36 Gm . CANYON DIABLO IRON METEORITE TOP GRADE; ARIZONA STAND INCLUDED,40.45,2023-01-09,36.0,1.12,WorthPoint
canyon-diablo-meteorite,GREAT CANYON DIABLO METEORITE MUSEUM GRADE Scientific Sliced Specimen 47.5 Grams,31.99,2023-01-09,47.5,0.67,WorthPoint
canyon-diablo-meteorite,7.2 Grams As Found Canyon Diablo Meteor Crater Iron Meteorite From Arizona,18.99,2023-01-08,7.2,2.64,WorthPoint
canyon-diablo-meteorite,RARE CANYON DIABLO METEORITE Octagon 132.5 Grams Sold By Time Capsule Meteorites,87.0,2023-01-08,132.5,0.66,WorthPoint
canyon-diablo-meteorite,Large CANYON DIABLO METEORITE MUSEUM GRADE Scientific Round Specimen 179.0 Grams,35.0,2023-01-08,179.0,0.2,WorthPoint
canyon-diablo-meteorite,Nice Canyon Diablo Arizona Meteorite Specimen Scientifically Sliced 43.7 Grams,24.5,2023-01-07,43.7,0.56,WorthPoint
canyon-diablo-meteorite,18.9-gram OXIDE Canyon Diablo Meteor Crater OXIDITE Meteorite As Found,18.5,2023-01-07,18.9,0.98,WorthPoint
canyon-diablo-meteorite,25 Gm . CANYON DIABLO IRON METEORITE TOP GRADE; ARIZONA STAND INCLUDED,31.45,2023-01-06,25.0,1.26,WorthPoint
canyon-diablo-meteorite,42 Gm. CANYON DIABLO IRON METEORITE ; ARIZONA STAND INCLUDED TOP GRADE; USA,44.1,2023-01-06,42.0,1.05,WorthPoint
canyon-diablo-meteorite,RARE CANYON DIABLO METEORITE Heavy 109.0 Grams Sold By Time Capsule Meteorites,39.99,2023-01-06,109.0,0.37,WorthPoint
canyon-diablo-meteorite,CANYON DIABLO METEORITE MUSEUM GRADE Very Nice Elongated Specimen 109.0 Grams,42.0,2023-01-06,109.0,0.39,WorthPoint
canyon-diablo-meteorite,Canyon Diablo Meteorite 20 Grams 1.25 X 0.75 X 0.25,25.03,2023-01-04,20.0,1.25,WorthPoint
canyon-diablo-meteorite,"Natural Meteorite Specimen, Canyon Diablo Arizona 5.22 Grams",25.1,2023-01-03,5.22,4.81,WorthPoint
canyon-diablo-meteorite,Canyon Diablo Meteorite Niue Island Silver Coin 2014 New,75.0,2023-01-01,,,WorthPoint
canyon-diablo-meteorite,514 Grams On Route 66 Canyon Diablo American Meteorite Museum WALL BRICK ROCK,7.99,2023-01-01,514.0,0.02,WorthPoint
canyon-diablo-meteorite,RPPC Postcard Meteor Crater Canyon Diablo Near Winslow Arizona *A662,5.99,2022-12-31,,,WorthPoint
canyon-diablo-meteorite,8.11 Grams As Found Canyon Diablo Meteor Crater Iron Meteorite From Arizona,22.0,2022-12-31,8.11,2.71,WorthPoint
canyon-diablo-meteorite,382 Gm . CANYON DIABLO IRON METEORITE ; MUSEUM GRADE; ARIZONA STAND INCLUDED,359.1,2022-12-30,382.0,0.94,WorthPoint
canyon-diablo-meteorite,"Canyon Diablo Arizona, Bridge, Railroad, Locomotive Smoke Fred Harvey Postcard",8.75,2022-12-30,,,WorthPoint
canyon-diablo-meteorite,"Natural Meteorite Specimen, Canyon Diablo Arizona 7.2 Grams",9.99,2022-12-30,7.2,1.39,WorthPoint
canyon-diablo-meteorite,236 Gm . CANYON DIABLO IRON METEORITE ; MUSEUM GRADE; ARIZONA STAND .5#,224.1,2022-12-27,236.0,0.95,WorthPoint
canyon-diablo-meteorite,8.73 Grams OXIDE Canyon Diablo Meteor Crater OXIDITE Meteorite As Found Low Iron,7.99,2022-12-26,8.73,0.92,WorthPoint
canyon-diablo-meteorite,29 Gm. CANYON DIABLO IRON METEORITE ; ARIZONA STAND INCLUDED TOP GRADE; USA,30.6,2022-12-26,29.0,1.06,WorthPoint
canyon-diablo-meteorite,41.2 Gram - CANYON DIABLO IRON METEORITE SPECIMEN - Individual,56.0,2022-12-25,41.2,1.36,WorthPoint
canyon-diablo-meteorite,"Natural Meteorite Specimen, Canyon Diablo Arizona 3.6 Grams",9.99,2022-12-23,3.6,2.77,WorthPoint
canyon-diablo-meteorite,168 Gm . CANYON DIABLO IRON METEORITE ; MUSEUM GRADE; ARIZONA STAND INCLUDED,179.95,2022-12-22,168.0,1.07,WorthPoint
canyon-diablo-meteorite,390 Gm .CANYON DIABLO IRON METEORITE ; ARIZONA STAND INCLUDED .9 LBS TOP GRADE,314.96,2022-12-22,390.0,0.81,WorthPoint
canyon-diablo-meteorite,Canyon Diablo IAB Iron Meteorite Lot Arizona 27.26 Grams,54.75,2022-12-21,27.26,2.01,WorthPoint
canyon-diablo-meteorite,25 Gm. CANYON DIABLO IRON METEORITE ; ARIZONA STAND INCLUDED TOP GRADE; USA,26.1,2022-12-20,25.0,1.04,WorthPoint
canyon-diablo-meteorite,Vintage Postcard ** TRAIN ON TRESTLE *CANYON DIABLO AZ * FRED HARVEY,7.99,2022-12-20,,,WorthPoint
canyon-diablo-meteorite,"CANYON DIABLO METEORITE 21.7 Gram INDIVIDUAL. NICE CHARACTERISTICS, CHECK IT OUT",20.0,2022-12-19,21.7,0.92,WorthPoint
canyon-diablo-meteorite,28 Gm. CANYON DIABLO IRON METEORITE ; ARIZONA STAND INCLUDED TOP GRADE; USA,30.6,2022-12-19,28.0,1.09,WorthPoint
canyon-diablo-meteorite,101 Gm . CANYON DIABLO IRON METEORITE ; MUSEUM GRADE; ARIZONA STAND INCLUDED,98.96,2022-12-19,101.0,0.98,WorthPoint
canyon-diablo-meteorite,5 Individuals; 108 Gms . CANYON DIABLO IRON METEORITES ; TOP GRADE; ARIZONA,116.1,2022-12-18,108.0,1.07,WorthPoint
canyon-diablo-meteorite,224 Gm . CANYON DIABLO IRON METEORITE ; TOP GRADE; ARIZONA; .5 Lbs,224.1,2022-12-17,224.0,1.0,WorthPoint
canyon-diablo-meteorite,16.20-gram OXIDE Canyon Diablo Meteor Crater OXIDITE Meteorite As Found,13.99,2022-12-16,16.2,0.86,WorthPoint
canyon-diablo-meteorite,5 Individuals; 106 Gms . CANYON DIABLO IRON METEORITES ; TOP GRADE; ARIZONA,116.1,2022-12-16,106.0,1.1,WorthPoint
canyon-diablo-meteorite,26 Gm. CANYON DIABLO IRON METEORITE ; ARIZONA STAND INCLUDED TOP GRADE; USA,26.1,2022-12-16,26.0,1.0,WorthPoint
canyon-diablo-meteorite,14.6 Gram CANYON DIABLO IRON METEORITE INDIVIDUAL - Meteor Crater ARIZONA,31.5,2022-12-16,14.6,2.16,WorthPoint
canyon-diablo-meteorite,77 Gm . CANYON DIABLO IRON METEORITE ; MUSEUM GRADE; ARIZONA STAND INCLUDED,80.1,2022-12-16,77.0,1.04,WorthPoint
canyon-diablo-meteorite,43 Gm. CANYON DIABLO IRON METEORITE ; ARIZONA STAND INCLUDED TOP GRADE; USA,44.95,2022-12-15,43.0,1.05,WorthPoint
canyon-diablo-meteorite,12 Gram OXIDE Canyon Diablo Meteor Crater OXIDITE Meteorite As Found Low Iron,9.99,2022-12-15,12.0,0.83,WorthPoint
canyon-diablo-meteorite,27 Gm. CANYON DIABLO IRON METEORITE ; ARIZONA STAND INCLUDED TOP GRADE; USA,30.6,2022-12-14,27.0,1.13,WorthPoint
canyon-diablo-meteorite,Canyon Diablo Arizona Postcard Fred Harvey Train Railway Trestle Bridge 1930s RQ,9.99,2022-12-14,,,WorthPoint
canyon-diablo-meteorite,10 Individuals; 175 Gms . CANYON DIABLO IRON METEORITEs ; TOP GRADE; ARIZONA,179.1,2022-12-14,175.0,1.02,WorthPoint
canyon-diablo-meteorite,312 Gm . CANYON DIABLO IRON METEORITE ; MUSEUM GRADE; ARIZONA STAND INCLUDED,287.1,2022-12-13,312.0,0.92,WorthPoint
canyon-diablo-meteorite,4.54 Grams As Found Canyon Diablo Meteor Crater Iron Meteorite From Arizona +COA,13.99,2022-12-12,4.54,3.08,WorthPoint
canyon-diablo-meteorite,87 Gm. Canyon Diablo Iron Meteorite ; Top Grade ; Arizona ;,89.1,2022-12-12,87.0,1.02,WorthPoint
canyon-diablo-meteorite,9.16 Grams OXIDE Canyon Diablo Meteor Crater OXIDITE Meteorite As Found Low Iron,8.49,2022-12-12,9.16,0.93,WorthPoint
canyon-diablo-meteorite,43 Gm . CANYON DIABLO IRON METEORITE ; TOP GRADE; ARIZONA STAND INCLUDED,44.1,2022-12-11,43.0,1.03,WorthPoint
canyon-diablo-meteorite,3.53 Grams As Found Canyon Diablo Meteor Crater Iron Meteorite From Arizona +COA,9.99,2022-12-10,3.53,2.83,WorthPoint
canyon-diablo-meteorite,Vtg Canyon Diablo Arizona AZ Train Trestle Over Canyon Diablo Linen Postcard,6.79,2022-12-10,,,WorthPoint
canyon-diablo-meteorite,10.2 Grams OXIDE Canyon Diablo Meteor Crater OXIDITE Meteorite As Found Low Iron,8.49,2022-12-09,10.2,0.83,WorthPoint
canyon-diablo-meteorite,336 Gm . CANYON DIABLO IRON METEORITE TOP GRADE; ARIZONA .74 POUND,314.33,2022-12-08,336.0,0.94,WorthPoint
canyon-diablo-meteorite,4.63 Grams As Found Canyon Diablo Meteor Crater Iron Meteorite From Arizona +COA,6.99,2022-12-07,4.63,1.51,WorthPoint
canyon-diablo-meteorite,628 Gm . CANYON DIABLO IRON METEORITE ; TOP GRADE; ARIZONA LABEL AND STAND 1.4 #,539.1,2022-12-07,628.0,0.86,WorthPoint
canyon-diablo-meteorite,42 Gm . CANYON DIABLO IRON METEORITE ; MUSEUM GRADE; ARIZONA STAND INCLUDED,53.95,2022-12-07,42.0,1.28,WorthPoint
canyon-diablo-meteorite,7.11 Gram OXIDE Canyon Diablo Meteor Crater OXIDITE Meteorite As Found Low Iron,8.99,2022-12-06,7.11,1.26,WorthPoint
canyon-diablo-meteorite,9.44 Grams OXIDE Canyon Diablo Meteor Crater OXIDITE Meteorite As Found Low Iron,8.49,2022-12-06,9.44,0.9,WorthPoint
canyon-diablo-meteorite,15 Gm. CANYON DIABLO IRON METEORITE ; ARIZONA STAND INCLUDED TOP GRADE; USA,21.6,2022-12-04,15.0,1.44,WorthPoint
canyon-diablo-meteorite,6.75 Grams Cleaned Canyon Diablo Meteor Crater Iron Meteorite From Arizona,10.99,2022-12-04,6.75,1.63,WorthPoint
canyon-diablo-meteorite,Canyon Diablo IAB Iron Meteorite Lot Arizona 25.25 Grams,49.75,2022-12-03,25.25,1.97,WorthPoint
canyon-diablo-meteorite,22 Gm . CANYON DIABLO IRON METEORITE ; TOP GRADE; ARIZONA STAND INCLUDED,26.1,2022-12-03,22.0,1.19,WorthPoint
canyon-diablo-meteorite,48 Gm . CANYON DIABLO IRON METEORITE ; TOP GRADE; ARIZONA STAND INCLUDED,53.95,2022-12-02,48.0,1.12,WorthPoint
canyon-diablo-meteorite,1188 Gram 2.5 Pounds Route 66 Canyon Diablo American Meteorite Museum WALL BRICK,12.99,2022-12-01,1188.0,0.01,WorthPoint
canyon-diablo-meteorite,A Monster Slice Of Canyon Diablo Iron Meteorite - 360.9g - IMCA #3950,1440.0,2022-11-30,360.9,3.99,WorthPoint
canyon-diablo-meteorite,32 Gm . CANYON DIABLO IRON METEORITE ;MUSEUM GRADE; ARIZONA STAND INCLUDED,39.95,2022-11-28,32.0,1.25,WorthPoint
canyon-diablo-meteorite,9.24 Grams OXIDE Canyon Diablo Meteor Crater OXIDITE Meteorite As Found Low Iron,8.49,2022-11-28,9.24,0.92,WorthPoint
canyon-diablo-meteorite,"""The Chiccken"" Canyon Diablo 191.6g Meteorite Great Etch/inclusions. Stabilized.",260.77,2022-11-28,191.6,1.36,WorthPoint
canyon-diablo-meteorite,All 20.2 Grams Canyon Diablo Coconino From Rim Of Meteor Crater - Old Collection,8.5,2022-11-28,20.2,0.42,WorthPoint
canyon-diablo-meteorite,39 Gm . CANYON DIABLO IRON METEORITE ;MUSEUM GRADE; ARIZONA STAND INCLUDED,44.95,2022-11-27,39.0,1.15,WorthPoint
canyon-diablo-meteorite,Canyon Diablo 346.8 Grams Meteorite With COA,299.99,2022-11-26,346.8,0.87,WorthPoint
canyon-diablo-meteorite,18.5 Grams OXIDE Canyon Diablo Meteor Crater OXIDITE Meteorite As Found Low Iron,15.99,2022-11-25,18.5,0.86,WorthPoint
canyon-diablo-meteorite,"Natural Meteorite Specimen, Canyon Diablo Arizona 5.61 Grams",9.99,2022-11-25,5.61,1.78,WorthPoint
canyon-diablo-meteorite,27.4 Gram CANYON DIABLO IRON METEORITE INDIVIDUAL - Meteor Crater ARIZONA,60.0,2022-11-24,27.4,2.19,WorthPoint
canyon-diablo-meteorite,10.71 Gram OXIDE Canyon Diablo Meteor Crater OXIDITE Meteorite As Found Low Iron,11.99,2022-11-23,10.71,1.12,WorthPoint
canyon-diablo-meteorite,150 Gm . CANYON DIABLO IRON METEORITE ; MUSEUM GRADE; ARIZONA; .33 Lbs,152.5,2022-11-23,150.0,1.02,WorthPoint
canyon-diablo-meteorite,122.6 Gram - CANYON DIABLO IRON METEORITE - From Arizona- Lighly Etched Specimen,122.0,2022-11-22,122.6,1.0,WorthPoint
canyon-diablo-meteorite,272 Gm . CANYON DIABLO IRON METEORITE ; TOP GRADE; ARIZONA STAND .6 LBS,242.96,2022-11-22,272.0,0.89,WorthPoint
canyon-diablo-meteorite,7.55 Grams As Found Canyon Diablo Meteor Crater Iron Meteorite From Arizona +COA,16.99,2022-11-21,7.55,2.25,WorthPoint
canyon-diablo-meteorite,Canyon Diablo Iron Found 1891 Whole Stone 216 Grams Robert Haag Label,324.0,2022-11-19,216.0,1.5,WorthPoint
canyon-diablo-meteorite,Canyon Diablo Iron Found 1891 Whole Stone Meteor Crater Arizona 299 Grams,450.0,2022-11-19,299.0,1.51,WorthPoint
canyon-diablo-meteorite,6.68 Grams As Found Canyon Diablo Meteor Crater Iron Meteorite From Arizona +COA,15.99,2022-11-18,6.68,2.39,WorthPoint
canyon-diablo-meteorite,296 Gm . CANYON DIABLO IRON METEORITE ; MUSEUM GRADE; ARIZONA; .65+ Lbs,296.96,2022-11-18,296.0,1.0,WorthPoint
canyon-diablo-meteorite,272 Gm . CANYON DIABLO IRON METEORITE ; TOP GRADE; ARIZONA; .6 Lbs,269.1,2022-11-18,272.0,0.99,WorthPoint
canyon-diablo-meteorite,2.36 Grams Polished Canyon Diablo Meteor Crater Iron Meteorite From Arizona,12.0,2022-11-18,2.36,5.08,WorthPoint
canyon-diablo-meteorite,8.96 Gram OXIDE Canyon Diablo Meteor Crater OXIDITE Meteorite As Found Low Iron,8.99,2022-11-17,8.96,1.0,WorthPoint
canyon-diablo-meteorite,8.02 Gram OXIDE Canyon Diablo Meteor Crater OXIDITE Meteorite As Found Low Iron,8.99,2022-11-17,8.02,1.12,WorthPoint
canyon-diablo-meteorite,408 Gm . CANYON DIABLO IRON METEORITE ; TOP GRADE; ARIZONA; .9 Lbs,325.0,2022-11-13,408.0,0.8,WorthPoint
canyon-diablo-meteorite,224 Gm . CANYON DIABLO IRON METEORITE ; TOP GRADE ; ARIZONA STAND .5 Lbs,224.1,2022-11-13,224.0,1.0,WorthPoint
canyon-diablo-meteorite,Canyon Diablo Meteor Crater Meteorite Fragment (1),14.9,2022-11-13,,,WorthPoint
canyon-diablo-meteorite,"Natural Meteorite Specimen, Canyon Diablo Arizona 5.16 Grams",9.99,2022-11-12,5.16,1.94,WorthPoint
canyon-diablo-meteorite,150 Gm . CANYON DIABLO IRON METEORITE ; TOP GRADE; ARIZONA; .33 Museum Grade,161.1,2022-11-11,150.0,1.07,WorthPoint
canyon-diablo-meteorite,478 Gm . CANYON DIABLO IRON METEORITE ; TOP GRADE ; ARIZONA STAND 1 #,449.1,2022-11-11,478.0,0.94,WorthPoint
canyon-diablo-meteorite,32 Gm . CANYON DIABLO IRON METEORITE ; MUSEUM GRADE; ARIZONA STAND INCLUDED USA,35.95,2022-11-09,32.0,1.12,WorthPoint
canyon-diablo-meteorite,206 Gm. CANYON DIABLO IRON METEORITE ; ARIZONA STAND INCLUDED MUSEUM GRADE; USA,215.1,2022-11-08,206.0,1.04,WorthPoint
canyon-diablo-meteorite,22 Gm. CANYON DIABLO IRON METEORITE ; ARIZONA STAND INCLUDED TOP GRADE; USA,26.1,2022-11-08,22.0,1.19,WorthPoint
canyon-diablo-meteorite,CANYON DIABLO Meteorite With Certificate Of Authenticity,11.0,2022-11-07,,,WorthPoint
canyon-diablo-meteorite,"Canyon Diablo 360g, Iron Meteorite. Stunning Etch And Inclusions. Stabilized.",655.0,2022-11-07,360.0,1.82,WorthPoint
canyon-diablo-meteorite,288 Gm . CANYON DIABLO IRON METEORITE ; MUSEUM GRADE; ARIZONA; .6+ Lbs,269.96,2022-11-06,288.0,0.94,WorthPoint
canyon-diablo-meteorite,8.17 Grams OXIDE Canyon Diablo Meteor Crater OXIDITE Meteorite As Found Low Iron,7.49,2022-11-04,8.17,0.92,WorthPoint
canyon-diablo-meteorite,7.61 Grams OXIDE Canyon Diablo Meteor Crater OXIDITE Meteorite As Found Low Iron,6.99,2022-11-04,7.61,0.92,WorthPoint
canyon-diablo-meteorite,282 Gm . CANYON DIABLO IRON METEORITE ; TOP GRADE; ARIZONA; 1 LBS Museum Grade,287.1,2022-11-03,282.0,1.02,WorthPoint
canyon-diablo-meteorite,Genuine CANYON DIABLO Iron Meteorite,14.95,2022-11-02,,,WorthPoint
canyon-diablo-meteorite,152 Gm . CANYON DIABLO IRON METEORITE ; MUSEUM GRADE; ARIZONA; .33 Lbs,152.5,2022-11-01,152.0,1.0,WorthPoint
canyon-diablo-meteorite,140 Gm . CANYON DIABLO IRON METEORITE ; TOP GRADE; ARIZONA STAND INCLUDED,134.96,2022-11-01,140.0,0.96,WorthPoint
canyon-diablo-meteorite,"CANYON DIABLO METEORITE 10.9 Gram INDIVIDUAL. NICE CHARACTERISTICS, CHECK IT OUT",12.0,2022-10-30,10.9,1.1,WorthPoint
canyon-diablo-meteorite,40.5 Gram CANYON DIABLO IRON METEORITE INDIVIDUAL - Meteor Crater ARIZONA,96.0,2022-10-30,40.5,2.37,WorthPoint
canyon-diablo-meteorite,456 Gm . CANYON DIABLO IRON METEORITE ; TOP GRADE; ARIZONA 1.5+ Lbs STAND PATINA,305.0,2022-10-30,456.0,0.67,WorthPoint
canyon-diablo-meteorite,Canyon Diablo Iron Meteorite Oxide Meteor Crater ARIZONA Specimen 3 Grams,7.99,2022-10-29,3.0,2.66,WorthPoint
canyon-diablo-meteorite,1909 PC: Scenic View Of Railroad Train Going Over Canyon Diablo Bridge -- Arizona,9.95,2022-10-29,,,WorthPoint
canyon-diablo-meteorite,194 Gm . CANYON DIABLO IRON METEORITE ; MUSEUM GRADE; ARIZONA; .42 Lbs,179.5,2022-10-27,194.0,0.93,WorthPoint
canyon-diablo-meteorite,392 Gm . CANYON DIABLO IRON METEORITE ; TOP GRADE; ARIZONA; .9+ Lbs,250.0,2022-10-26,392.0,0.64,WorthPoint
chelyabinsk-meteorite,Chelyabinsk Russia Meteorite Coin,29.0,2026-01-21,,,WorthPoint
chelyabinsk-meteorite,License Plate Russia / Russia License Plate 174 Chelyabinsk Region,23.48,2026-01-21,,,WorthPoint
chelyabinsk-meteorite,Unusual 5 Day Russian Chelyabinsk Watch Factory Desk Clock ...,94.16,2026-01-10,,,WorthPoint
chelyabinsk-meteorite,.655 Grams For All The Crusted Individuals Chelyabinsk Meteorites LL5 Russia COA,12.99,2026-01-02,655.0,0.02,WorthPoint
chelyabinsk-meteorite,.492 Grams For All The Crusted Individuals Chelyabinsk Meteorites LL5 Russia COA,11.99,2026-01-02,492.0,0.02,WorthPoint
chelyabinsk-meteorite,.765 Grams For All The Crusted Individuals Chelyabinsk Meteorites LL5 Russia COA,15.99,2026-01-02,765.0,0.02,WorthPoint
chelyabinsk-meteorite,.759 Grams For All The Crusted Individuals Chelyabinsk Meteorites LL5 Russia COA,15.99,2025-12-31,759.0,0.02,WorthPoint
chelyabinsk-meteorite,"CHELYABINSK 8.24g Meteorite, 75% Crusted Individual, Witnessed Fall IMCA Sellers",253.0,2025-12-30,8.24,30.7,WorthPoint
chelyabinsk-meteorite,"CHELYABINSK 1.872g Meteorite, Individual Stone, Fresh Fusion Crusted, A+ Quality",72.0,2025-12-29,1.872,38.46,WorthPoint
chelyabinsk-meteorite,V. Kravtsov Traktor Chelyabinsk 2024-25 Gagarin Cup Hockey Jersey DK 54/2XL,299.99,2025-12-27,25.0,12.0,WorthPoint
chelyabinsk-meteorite,"Collection LOT Of 10 Meteorites (Lunar, Erg Chech 002, Chelyabinsk, More!)",31.0,2025-12-27,,,WorthPoint
chelyabinsk-meteorite,RARE 2004 Chelyabinsk Region Pictorial History Book With Slipcase And Map VG,19.25,2025-12-24,,,WorthPoint
chelyabinsk-meteorite,.491 Grams For All The Crusted Individuals Chelyabinsk Meteorites LL5 Russia COA,10.99,2025-12-23,491.0,0.02,WorthPoint
chelyabinsk-meteorite,.537 Grams For All 16 Crusted Individuals Chelyabinsk Meteorite (LL5) Russia COA,13.99,2025-12-23,537.0,0.03,WorthPoint
chelyabinsk-meteorite,.411 Grams For All 10 Crusted Individuals Chelyabinsk Meteorite (LL5) Russia COA,11.99,2025-12-23,411.0,0.03,WorthPoint
chelyabinsk-meteorite,.554 Grams For All 14 Crusted Individuals Chelyabinsk Meteorite (LL5) Russia COA,12.49,2025-12-23,554.0,0.02,WorthPoint
chelyabinsk-meteorite,6.47 Gram CHELYABINSK METEORITE Individual (LL5 Chondrite) 2013 Fall In RUSSIA,128.8,2025-12-18,6.47,19.91,WorthPoint
chelyabinsk-meteorite,.436 Grams For All The Crusted Individuals Chelyabinsk Meteorites LL5 Russia COA,9.99,2025-12-17,436.0,0.02,WorthPoint
chelyabinsk-meteorite,.602 Grams For All The Crusted Individuals Chelyabinsk Meteorites LL5 Russia COA,12.99,2025-12-16,602.0,0.02,WorthPoint
chelyabinsk-meteorite,.623 Grams For All 14 Crusted Individuals Chelyabinsk Meteorite (LL5) Russia COA,13.99,2025-12-13,623.0,0.02,WorthPoint
chelyabinsk-meteorite,.639 Grams For All 8 Crusted Individuals Chelyabinsk Meteorite (LL5) Russia COA,14.99,2025-12-13,639.0,0.02,WorthPoint
chelyabinsk-meteorite,10.3 Grams 32x22x5mm Chelyabinsk Slice Chunk Meteorite (LL5) Russia 2014,51.0,2025-12-13,10.3,4.95,WorthPoint
chelyabinsk-meteorite,.732 Grams For All 15 Crusted Individuals Chelyabinsk Meteorite (LL5) Russia COA,16.99,2025-12-12,732.0,0.02,WorthPoint
chelyabinsk-meteorite,Chelyabinsk LL5 Chondrite Meteorite Russian Fall 2013 In Display Box,33.45,2025-12-11,,,WorthPoint
chelyabinsk-meteorite,Flag Of Chelyabinsk Oblast Russia - Die-Cut Magnet,10.05,2025-12-10,,,WorthPoint
chelyabinsk-meteorite,.381 Grams~CHELYABINSK METEORITE~Crusted Fragment~Historic Witnessed Fall 2013,8.99,2025-12-03,381.0,0.02,WorthPoint
chelyabinsk-meteorite,Advanced Modeling 1/72 Su-24M/MR Chelyabinsk Eagles Pt.2 Russian AF Decals,9.99,2025-11-30,,,WorthPoint
chelyabinsk-meteorite,Traktor Chelyabinsk/Russian KHL Authentic Jersey Size 52 #55,125.0,2025-11-27,,,WorthPoint
chelyabinsk-meteorite,.569 Grams For All 15 Crusted Individuals Chelyabinsk Meteorite (LL5) Russia COA,12.99,2025-11-26,569.0,0.02,WorthPoint
chelyabinsk-meteorite,9.54 Gram CHELYABINSK METEORITE Individual (LL5 Chondrite) 2013 Fall In RUSSIA,161.5,2025-11-23,9.54,16.93,WorthPoint
chelyabinsk-meteorite,"Badge ""to The Shock-worker Of The Stalin Campaign For A High Harvest. Chelyabinsk Region"". Ussr, 1933",448.0,2025-11-23,,,WorthPoint
chelyabinsk-meteorite,Vintage Traktor Chelyabinsk Russian Polar Bear Hockey Puck (made In Russia),24.99,2025-11-17,,,WorthPoint
chelyabinsk-meteorite,Famous 2013 Chelyabinsk Meteorite Flash And Boom Russia Chondrite LL5 COA 7219,54.95,2025-11-17,,,WorthPoint
chelyabinsk-meteorite,.389 Grams For All 12 Crusted Individuals Chelyabinsk Meteorite (LL5) Russia COA,9.99,2025-11-17,389.0,0.03,WorthPoint
chelyabinsk-meteorite,"Meteorite**Chelyabinsk, L5 Chondrite**16.657 Grams, Feb 15, 2014 Russia Fall! ‚òÑÔ∏è",277.0,2025-11-17,16.657,16.63,WorthPoint
chelyabinsk-meteorite,Magnet FALLING OF CHELYABINSK METEORITE With A Piece Of Meteorite,14.99,2025-11-16,,,WorthPoint
chelyabinsk-meteorite,"Soviet Badge Chelyabinsk Training Center, MVD - 1980‚Äôs",12.5,2025-11-16,,,WorthPoint
chelyabinsk-meteorite,Chelyabinsk Meteorite. LL5 .48 Grams. Individual. Fell Russia 2-15-13.,15.0,2025-11-15,48.0,0.31,WorthPoint
chelyabinsk-meteorite,Moldova: Personalized Stamps 2013. Astronomy/ The Chelyabinsk Meteor. 2v. MNH,6.99,2025-11-14,,,WorthPoint
chelyabinsk-meteorite,"Chelyabinsk Stone OC, LL5 Fell Feb. 15, 2013 Russia 2.94 G Whole Stone",29.0,2025-11-14,2.94,9.86,WorthPoint
chelyabinsk-meteorite,Chelyabinsk Meteorite,29.0,2025-11-12,,,WorthPoint
chelyabinsk-meteorite,7 Grams 23x14x13mm Part Crusted Individual Chelyabinsk Meteorite (LL5) With COA,39.99,2025-11-11,7.0,5.71,WorthPoint
chelyabinsk-meteorite,CHELYABINSK Meteorite Stone Chondrite Specimen RUSSIA W/ Case & ID Card,7.5,2025-11-10,,,WorthPoint
chelyabinsk-meteorite,.763 Grams 10mm Fully Smokey Crusted Individual Chelyabinsk Meteorite (LL5) +COA,13.99,2025-11-10,763.0,0.02,WorthPoint
chelyabinsk-meteorite,.960 Grams For All 22 Crusted Individuals Chelyabinsk Meteorite (LL5) Russia COA,19.99,2025-11-09,960.0,0.02,WorthPoint
chelyabinsk-meteorite,Traktor Chelyabinsk/Russian KHL Authentic Jersey Size 60 - Excellent Condition!,175.0,2025-11-06,,,WorthPoint
chelyabinsk-meteorite,.831 Grams 11mm Nice Crusted Individual Chelyabinsk Meteorite (LL5) Russia +COA,10.99,2025-11-04,831.0,0.01,WorthPoint
chelyabinsk-meteorite,.639 Grams For All 13 Crusted Individuals Chelyabinsk Meteorite (LL5) Russia COA,10.99,2025-11-02,639.0,0.02,WorthPoint
chelyabinsk-meteorite,.751 Grams 11mm Nice Crusted Individual Chelyabinsk Meteorite (LL5) Russia +COA,9.99,2025-11-02,751.0,0.01,WorthPoint
chelyabinsk-meteorite,CHELYABINSK Meteorite Specimen Stone Chondrite RUSSIA W/ Case & ID Card,8.98,2025-10-31,,,WorthPoint
chelyabinsk-meteorite,8.06 Gram CHELYABINSK METEORITE Individual (LL5 Chondrite) 2013 Fall In RUSSIA,185.0,2025-10-30,8.06,22.95,WorthPoint
chelyabinsk-meteorite,"Blue Azurite Geode ‚Äì Mikheyevskoe Mine, Chelyabinsk Oblast, Russia",156.0,2025-10-29,,,WorthPoint
chelyabinsk-meteorite,1.88 Grams 15mm Chelyabinsk Crusted Slice Fragment Meteorite (LL5) Russia 2014,15.99,2025-10-18,1.88,8.51,WorthPoint
chelyabinsk-meteorite,.777 Grams 10mm Fully Crusted Individual Chelyabinsk Meteorite (LL5) Russia +COA,11.99,2025-10-02,777.0,0.02,WorthPoint
chelyabinsk-meteorite,.505 Grams 10mm Fully Crusted Individual Chelyabinsk Meteorite (LL5) Russia +COA,9.99,2025-10-02,505.0,0.02,WorthPoint
chelyabinsk-meteorite,Chelyabinsk Meteorite 58.5 Gr LL5 Rollover Crust Observed FALL 2/15/13 Russia,545.0,2025-10-01,58.5,9.32,WorthPoint
chelyabinsk-meteorite,Vintage ChTZ B10.0011 EH Army Bulldozer Crawler Ripper Tractor 1/43 Chelyabinsk,54.99,2025-09-25,,,WorthPoint
chelyabinsk-meteorite,Vintage Camillus Cutlery Co Hobo Picnic Knife Spoon With Chelyabinsk July 1919,34.99,2025-09-18,,,WorthPoint
chelyabinsk-meteorite,CHELYABINSK RUSSIA Customs House Antique Postcard,14.79,2025-09-18,,,WorthPoint
chelyabinsk-meteorite,"Chelyabinsk Meteorite Signed, Framed And Certified",17.5,2025-09-16,,,WorthPoint
chelyabinsk-meteorite,.646 Grams For All 5 Crusted Individuals Chelyabinsk Meteorite (LL5) Russia +COA,10.99,2025-09-16,646.0,0.02,WorthPoint
chelyabinsk-meteorite,.401 Grams For All 6 Crusted Individuals Chelyabinsk Meteorite (LL5) Russia +COA,8.99,2025-09-16,401.0,0.02,WorthPoint
chelyabinsk-meteorite,.439 Grams For All 5 Crusted Individuals Chelyabinsk Meteorite (LL5) Russia +COA,7.99,2025-09-13,439.0,0.02,WorthPoint
chelyabinsk-meteorite,.459 Grams For All 6 Crusted Individuals Chelyabinsk Meteorite (LL5) Russia +COA,8.99,2025-09-13,459.0,0.02,WorthPoint
chelyabinsk-meteorite,.695 Grams 13mm Chelyabinsk Crusted Slice Fragment Meteorite (LL5) Russia 2014,8.99,2025-09-13,695.0,0.01,WorthPoint
chelyabinsk-meteorite,10.6 Grams 29x20x12mm Crusted END CUT Chelyabinsk Meteorite (LL5) Russia 2014,89.99,2025-09-11,10.6,8.49,WorthPoint
chelyabinsk-meteorite,Flag Of Chelyabinsk Russia - STICKER Vinyl Kiss-Cut Decal,7.45,2025-09-09,,,WorthPoint
chelyabinsk-meteorite,Flag Of Chelyabinsk Oblast Russia - STICKER Vinyl Kiss-Cut Decal,7.48,2025-09-09,,,WorthPoint
chelyabinsk-meteorite,Chelyabinsk Traktor Team Issued #34 KHL Hockey Jersey Sz 56,124.99,2025-09-07,,,WorthPoint
chelyabinsk-meteorite,.581 Grams For All 10 Crusted Individuals Chelyabinsk Meteorite (LL5) Russia COA,12.2,2025-09-05,581.0,0.02,WorthPoint
chelyabinsk-meteorite,2.53 Grams 20mm Chelyabinsk Crusted Slice Fragment Meteorite (LL5) Russia 2014,20.5,2025-09-05,2.53,8.1,WorthPoint
chelyabinsk-meteorite,.826 Grams 12mm Chelyabinsk Crusted Slice Fragment Meteorite (LL5) Russia 2014,9.99,2025-09-05,826.0,0.01,WorthPoint
chelyabinsk-meteorite,14.7 Grams 42x30x5mm Crusted Full Slice Chelyabinsk Meteorite (LL5) Russia 2014,99.99,2025-09-04,14.7,6.8,WorthPoint
chelyabinsk-meteorite,.383 Grams 8mm Fully Crusted Individual Chelyabinsk Meteorite (LL5) Russia W/COA,5.99,2025-09-04,383.0,0.02,WorthPoint
chelyabinsk-meteorite,.150 Grams 7mm Fully Crusted Individual Chelyabinsk Meteorite (LL5) Russia W/COA,6.0,2025-09-04,150.0,0.04,WorthPoint
chelyabinsk-meteorite,.720 Grams For All 9 Crusted Individuals Chelyabinsk Meteorite (LL5) Russia +COA,12.99,2025-09-02,720.0,0.02,WorthPoint
chelyabinsk-meteorite,2.07 Grams 19mm Chelyabinsk Crusted Slice Fragment Meteorite (LL5) Russia 2014,18.99,2025-09-02,2.07,9.17,WorthPoint
chelyabinsk-meteorite,.197 Grams 7mm Fully Crusted Individual Chelyabinsk Meteorite (LL5) Russia W/COA,7.63,2025-09-01,197.0,0.04,WorthPoint
chelyabinsk-meteorite,.381 Grams For All 6 Crusted Individuals Chelyabinsk Meteorite (LL5) Russia +COA,7.5,2025-08-31,381.0,0.02,WorthPoint
chelyabinsk-meteorite,.473 Grams For All 5 Crusted Individuals Chelyabinsk Meteorite (LL5) Russia +COA,7.99,2025-08-31,473.0,0.02,WorthPoint
chelyabinsk-meteorite,2.41 Grams 19mm Chelyabinsk Crusted Cut Fragment Meteorite (LL5) Russia 2014,20.99,2025-08-31,2.41,8.71,WorthPoint
chelyabinsk-meteorite,.239 Grams 7mm Fully Crusted Individual Chelyabinsk Meteorite (LL5) Russia W/COA,7.51,2025-08-30,239.0,0.03,WorthPoint
chelyabinsk-meteorite,Chelyabinsk Meteorite - 47.4 Grams,1125.0,2025-08-29,47.4,23.73,WorthPoint
chelyabinsk-meteorite,Chelyabinsk Meteorite 5 Specimens Boxed,14.99,2025-08-21,,,WorthPoint
chelyabinsk-meteorite,Limp Bizkit 11x17 Promotional Poster RP 2013 Chelyabinsk Russia Wall Art Print,13.99,2025-08-20,,,WorthPoint
chelyabinsk-meteorite,"Russia, 5000 Rubles, 2023 P-W279A, UNC Ekaterinburg, Chelyabinsk",127.3,2025-08-17,,,WorthPoint
chelyabinsk-meteorite,"Meteorite**Chelyabinsk, L5 Chondrite**1.022 Gram, Beautiful Fresh Individual!!!",35.0,2025-08-11,1.022,34.25,WorthPoint
chelyabinsk-meteorite,"Chelyabinsk LL5 Chondrite Meteorite Chelyabinskaya Oblast‚Äô, Russia 1.62 Grams",48.75,2025-08-11,1.62,30.09,WorthPoint
chelyabinsk-meteorite,Meteorite Memorabilia With COA: Chelyabinsk Meteorite 5X7 Color Photograph,25.0,2025-08-02,,,WorthPoint
chelyabinsk-meteorite,"Chelyabinsk Stone OC, LL5 Fell Feb. 15, 2013 Russia 4.21 G Whole Stone",42.0,2025-07-24,4.21,9.98,WorthPoint
chelyabinsk-meteorite,"Chelyabinsk Stone OC, LL5 Fell Feb. 15, 2013 Russia 3.24 G Whole Stone",49.0,2025-07-24,3.24,15.12,WorthPoint
chelyabinsk-meteorite,"0.776 Gr CHELYABINSK LL5 CHONDRITE METEORITE, BLACK CRUSTED, OBSERVED FALL",20.0,2025-07-14,0.776,25.77,WorthPoint
chelyabinsk-meteorite,"Meteorite Chelyabinsk, Chondrite LL5, Fresh Crusted Stones 6,97 G, Russia (9)",150.0,2025-07-13,97.0,1.55,WorthPoint
chelyabinsk-meteorite,8.01 Grams 27x20x5mm Part Crusted Cut Slice Chelyabinsk Meteorite (LL5) Russia,64.99,2025-07-07,8.01,8.11,WorthPoint
chelyabinsk-meteorite,Huge Fireball! Newest Fall! Fresh Whole Stone! Chelyabinsk Meteorite 21.1 Gms,554.25,2025-07-07,21.1,26.27,WorthPoint
chelyabinsk-meteorite,Huge Fireball! Newest Fall! Nice Oriented Stone! Chelyabinsk Meteorite 17 Gms,449.25,2025-07-05,17.0,26.43,WorthPoint
chelyabinsk-meteorite,4.95 Grams 30x20x4mm Part Crusted Cut Slice Chelyabinsk Meteorite (LL5) Russia,37.99,2025-07-04,4.95,7.67,WorthPoint
chelyabinsk-meteorite,2.35 Grams 15mm Part Crusted Cut Slice Chelyabinsk Meteorite (LL5) Russia 2014,12.26,2025-06-25,2.35,5.22,WorthPoint
chelyabinsk-meteorite,11.4 Grams 33x24x6mm Crusted Full Slice Chelyabinsk Meteorite (LL5) Russia 2014,99.99,2025-06-23,11.4,8.77,WorthPoint
chelyabinsk-meteorite,.717 Grams For All The Crusted Individuals Chelyabinsk Meteorite (LL5) Russia,14.5,2025-06-11,717.0,0.02,WorthPoint
chelyabinsk-meteorite,.641 Grams For All The Crusted Individuals Chelyabinsk Meteorite (LL5) Russia,7.99,2025-06-11,641.0,0.01,WorthPoint
chelyabinsk-meteorite,6.63 Grams 34x16x5mm Part Crusted Slice Chelyabinsk Meteorite (LL5) Russia 2014,59.99,2025-06-09,6.63,9.05,WorthPoint
chelyabinsk-meteorite,8.74 Grams 31x24x5mm Part Crusted Cut Slice Chelyabinsk Meteorite (LL5) Russia,69.99,2025-06-09,8.74,8.01,WorthPoint
chelyabinsk-meteorite,.705 Grams For All The Crusted Individuals Chelyabinsk Meteorite (LL5) Russia,12.0,2025-06-08,705.0,0.02,WorthPoint
chelyabinsk-meteorite,.633 Grams For All The Crusted Individuals Chelyabinsk Meteorite (LL5) Russia,11.0,2025-06-08,633.0,0.02,WorthPoint
chelyabinsk-meteorite,.529 Grams For All The Crusted Individuals Chelyabinsk Meteorite (LL5) Russia,7.5,2025-06-08,529.0,0.01,WorthPoint
chelyabinsk-meteorite,.703 Grams For All The Crusted Individuals Chelyabinsk Meteorite (LL5) Russia,12.5,2025-06-06,703.0,0.02,WorthPoint
chelyabinsk-meteorite,.676 Grams For All The Crusted Individuals Chelyabinsk Meteorite (LL5) Russia,13.0,2025-06-06,676.0,0.02,WorthPoint
chelyabinsk-meteorite,.428 Grams For All The Crusted Individuals Chelyabinsk Meteorite (LL5) Russia,8.5,2025-06-06,428.0,0.02,WorthPoint
chelyabinsk-meteorite,"Chelyabinsk Stone Meteorite, 7.3g 2013 Fall Russia",91.0,2025-06-04,7.3,12.47,WorthPoint
chelyabinsk-meteorite,"Meteorite**Chelyabinsk, L5 Chondrite**1.217 Gram, Beautiful Fresh Individual!!!",35.0,2025-05-26,1.217,28.76,WorthPoint
chelyabinsk-meteorite,"Chelyabinsk Meteorite ‚ÄúRussia‚Äù Chondrite ‚ÄúStony Meteorite‚ÄùSpace Gift, 4.58 Grams",92.0,2025-05-25,4.58,20.09,WorthPoint
chelyabinsk-meteorite,BEAUTIFUL Crusted Chelyabinsk (LL5) Meteorite End Cut - 9.67 G,175.0,2025-05-20,9.67,18.1,WorthPoint
chelyabinsk-meteorite,Huge Fireball! Newest Fall! Nice Whole Stone! Chelyabinsk Meteorite 16.1 Gms,359.25,2025-05-13,16.1,22.31,WorthPoint
chelyabinsk-meteorite,7.51 Grams 30mm Part Crusted Cut Slice Chelyabinsk Meteorite (LL5) Russia 2014,69.99,2025-05-08,7.51,9.32,WorthPoint
chelyabinsk-meteorite,Vintage Traktor Chelyabinsk Russia Hockey Snapback Hat Roman Made In USA,25.0,2025-05-03,,,WorthPoint
chelyabinsk-meteorite,.352 Grams Chelyabinsk Meteorite ( LL5 ) Fully Crusted Individual Russia 2013,10.99,2025-05-03,352.0,0.03,WorthPoint
chelyabinsk-meteorite,.277 Grams Chelyabinsk Meteorite ( LL5 ) Fully Crusted Individual Russia 2013,8.99,2025-05-03,277.0,0.03,WorthPoint
chelyabinsk-meteorite,.351 Grams Chelyabinsk Meteorite ( LL5 ) Fully Crusted Individual Russia 2013,10.99,2025-05-03,351.0,0.03,WorthPoint
chelyabinsk-meteorite,MINERAL OBSERVER Mineralogical Almanac 2013 #3: The Chelyabinsk Meteorite,29.95,2025-04-27,,,WorthPoint
chelyabinsk-meteorite,RARE Vintage Stalin‚Äôs Chelyabinsk-100000 Tractor Stalinec 1940 Extra Rare Badge,59.99,2025-04-25,,,WorthPoint
chelyabinsk-meteorite,Chelyabinsk Meteorite - 33.6 Grams,575.0,2025-04-23,33.6,17.11,WorthPoint
chelyabinsk-meteorite,"Chelyabinsk Whole Stone OC, LL5 Russia Fell Feb 15, 2013 1.6 G Whole Stone",32.0,2025-04-16,1.6,20.0,WorthPoint
chelyabinsk-meteorite,"Traktor Chelyabinsk Hockey Jersey, #34, Black, Lutch",48.99,2025-04-13,,,WorthPoint
chelyabinsk-meteorite,"Reserved Lot For SNKPEL0 Meteorite Chelyabinsk, Chondrite LL5, 6.53g 20 Pieces",130.0,2025-04-13,6.53,19.91,WorthPoint
chelyabinsk-meteorite,"Meteorite Chelyabinsk, Chondrite LL5, Fresh Crusted Stones 2.73g,Russia (7) Baby",54.0,2025-04-13,2.73,19.78,WorthPoint
chelyabinsk-meteorite,12.3 Grams Chelyabinsk Crusted End Cut Meteorite (LL5) Russia 2014 With A COA,89.99,2025-04-11,12.3,7.32,WorthPoint
chelyabinsk-meteorite,"Meteorite**Chelyabinsk, L5 Chondrite**3.126 Gram, Beautiful Oriented Individual!",41.0,2025-04-10,3.126,13.12,WorthPoint
chelyabinsk-meteorite,18.3 Grams Chelyabinsk Crusted End Cut Meteorite (LL5) Russia 2014 With A COA,129.99,2025-04-06,18.3,7.1,WorthPoint
chelyabinsk-meteorite,CHELYABINSK Meteorite Stone Chondrite Fusion Crusted Specimen RUSSIA IMCA#,44.99,2025-04-06,,,WorthPoint
chelyabinsk-meteorite,CHELYABINSK 62g Meteorite Historic 2013 Witnessed Fall,620.0,2025-04-04,62.0,10.0,WorthPoint
chelyabinsk-meteorite,"Meteorite**Chelyabinsk, L5 Chondrite**1.089 Gram, Beautiful Oriented Individual!",35.0,2025-04-01,1.089,32.14,WorthPoint
chelyabinsk-meteorite,8.79 Gram CHELYABINSK METEORITE Individual (LL5 Chondrite) 2013 Fall In RUSSIA,168.0,2025-03-29,8.79,19.11,WorthPoint
chelyabinsk-meteorite,4.93 Gram CHELYABINSK METEORITE Individual (LL5 Chondrite) 2013 Fall In RUSSIA,105.0,2025-03-29,4.93,21.3,WorthPoint
chelyabinsk-meteorite,4.00 Gram CHELYABINSK METEORITE Individual (LL5 Chondrite) 2013 Fall In RUSSIA,84.0,2025-03-29,4.0,21.0,WorthPoint
chelyabinsk-meteorite,6.78 Gram CHELYABINSK METEORITE Individual (LL5 Chondrite) 2013 Fall In RUSSIA,135.8,2025-03-29,6.78,20.03,WorthPoint
chelyabinsk-meteorite,4.63 Gram CHELYABINSK METEORITE Individual (LL5 Chondrite) 2013 Fall In RUSSIA,98.0,2025-03-29,4.63,21.17,WorthPoint
chelyabinsk-meteorite,"Meteorite**Chelyabinsk, L5 Chondrite**1.024 Gram, Beautiful Oriented Individual!",14.7,2025-03-29,1.024,14.36,WorthPoint
chelyabinsk-meteorite,Traktor Chelyabinsk/Russian KHL Authentic Jersey Size 52 #18,100.0,2025-03-27,,,WorthPoint
chelyabinsk-meteorite,"Meteorite**Chelyabinsk, L5 Chondrite**1.409 Gram, Beautiful Oriented Individual!",25.0,2025-03-24,1.409,17.74,WorthPoint
chelyabinsk-meteorite,"Meteorite**Chelyabinsk, L5 Chondrite**56.60 Gram, Highest Quality Impact Melt !!",1350.0,2025-03-23,56.6,23.85,WorthPoint
chelyabinsk-meteorite,2.35 Grams 26mm Part Crusted Cut Slice Chelyabinsk Meteorite (LL5) Russia 2014,19.99,2025-03-22,2.35,8.51,WorthPoint
chelyabinsk-meteorite,10 Grams Chelyabinsk Part Crusted Slice Meteorite (LL5) Russia 2014,79.99,2025-03-21,10.0,8.0,WorthPoint
chelyabinsk-meteorite,.346 Grams Chelyabinsk Meteorite ( LL5 ) Fully Crusted Individual Russia 2013,10.99,2025-03-21,346.0,0.03,WorthPoint
chelyabinsk-meteorite,14 Grams Chelyabinsk Crusted End Cut Meteorite (LL5) Russia 2014 With A COA,89.99,2025-03-16,14.0,6.43,WorthPoint
chelyabinsk-meteorite,9.61 Grams Chelyabinsk Part Crusted Slice Meteorite (LL5) Russia 2014,67.99,2025-03-16,9.61,7.07,WorthPoint
chelyabinsk-meteorite,.905 Grams For All The Crusted Individuals Chelyabinsk Meteorite (LL5) Russia,11.5,2025-03-14,905.0,0.01,WorthPoint
chelyabinsk-meteorite,1.46 Grams For All The Chelyabinsk Meteorite Fragments Some Crusted With A COA,11.99,2025-03-14,1.46,8.21,WorthPoint
chelyabinsk-meteorite,.559 Grams For All The Chelyabinsk Meteorite Fragments Some Crusted With A COA,5.99,2025-03-11,559.0,0.01,WorthPoint
chelyabinsk-meteorite,1.05 Grams For All The Chelyabinsk Meteorite Fragments Some Crusted With A COA,8.99,2025-03-11,1.05,8.56,WorthPoint
chelyabinsk-meteorite,1.18 Grams For All The Chelyabinsk Meteorite Fragments Some Crusted With A COA,8.99,2025-03-11,1.18,7.62,WorthPoint
chelyabinsk-meteorite,.883 Grams For All 9 Crusted Individuals Chelyabinsk Meteorite (LL5) Russia 2014,10.99,2025-03-11,883.0,0.01,WorthPoint
chelyabinsk-meteorite,The Best Chelyabinsk Meteorite Found Days After Fall 2013 Russia. 47. 7 Gm,745.0,2025-03-10,7.0,106.43,WorthPoint
chelyabinsk-meteorite,"Meteorite**Chelyabinsk, L5 Chondrite**1.022 Gram, Oriented üõ∏ Shaped Individual",54.0,2025-03-10,1.022,52.84,WorthPoint
chelyabinsk-meteorite,.872 Grams For All 9 Crusted Individuals Chelyabinsk Meteorite (LL5) Russia 2014,22.5,2025-03-09,872.0,0.03,WorthPoint
chelyabinsk-meteorite,11.0 Gram CHELYABINSK METEORITE Individual (LL5 Chondrite) 2013 Fall In RUSSIA,220.0,2025-03-04,11.0,20.0,WorthPoint
chelyabinsk-meteorite,"Russia, 5000 Rubles, 2023 , UNC Ekaterinburg, Chelyabinsk",127.0,2025-03-02,,,WorthPoint
chelyabinsk-meteorite,Russia Taxi License Plate Russian Federation Chelyabinsk Oblast OVER 3 YEARS OLD,40.0,2025-02-25,,,WorthPoint
chelyabinsk-meteorite,CHELYABINSK RUSSIA Village View Antique RPPC Real Photo Postcard,19.99,2025-02-20,,,WorthPoint
chelyabinsk-meteorite,USSR SOVIET ICE HOCKEY PIN BADGE. TRAKTOR CHELYABINSK; Growling Polar Bear; 1997,10.99,2025-02-19,,,WorthPoint
chelyabinsk-meteorite,24.45 Gram CHELYABINSK METEORITE Individual (LL5 Chondrite) 2013 Fall In RUSSIA,250.0,2025-02-17,24.45,10.22,WorthPoint
chelyabinsk-meteorite,"Meteorite**Chelyabinsk, L5 Chondrite**1.033 Gram, Extremely Fresh Fusion Crust!!",25.0,2025-02-17,1.033,24.2,WorthPoint
chelyabinsk-meteorite,"Meteorite Chelyabinsk, Chondrite LL5, Fresh Crusted Stone 1,70g, Russia (1)",34.99,2025-02-07,70.0,0.5,WorthPoint
chelyabinsk-meteorite,Nwa 6963 Mars Meteorite And Chelyabinsk Meteorite (2 Meteorites),26.0,2025-02-06,,,WorthPoint
chelyabinsk-meteorite,Chelyabinsk Meteorite. LL5 .882 Grams. Cut Fragment.,18.0,2025-02-05,882.0,0.02,WorthPoint
chelyabinsk-meteorite,Chelyabinsk 1.371g Meteorite & Sonic Blast Glass With Full Color Signed 8x11 COA,55.0,2025-02-02,1.371,40.12,WorthPoint
chelyabinsk-meteorite,5.83 Grams 27mm Part Crusted Cut Chunk Chelyabinsk Meteorite (LL5) Russia 2014,36.99,2025-01-31,5.83,6.34,WorthPoint
chelyabinsk-meteorite,Traktor Chelyabinsk TIPAKTOP UCKA RUSSIAN TEAM VINTAGE PUCK WPHL -- Russia üá∑üá∫,48.45,2025-01-31,,,WorthPoint
chelyabinsk-meteorite,"Nice Pyrochlore Crystals On Calcite: Ilmen Mountains, Chelyabinsk Oblast, Russia",150.0,2025-01-28,,,WorthPoint
chelyabinsk-meteorite,4.95 Grams 27mm Part Crusted Cut Chunk Chelyabinsk Meteorite (LL5) Russia 2014,33.99,2025-01-26,4.95,6.87,WorthPoint
chelyabinsk-meteorite,4.18 Grams 28mm Part Crusted Cut Slice Chelyabinsk Meteorite (LL5) Russia 2014,22.99,2025-01-26,4.18,5.5,WorthPoint
chelyabinsk-meteorite,4.12 Grams 23mm Part Crusted Cut Slice Chelyabinsk Meteorite (LL5) Russia 2014,19.99,2025-01-26,4.12,4.85,WorthPoint
chelyabinsk-meteorite,2.89 Grams 18mm Part Crusted Cut Slice Chelyabinsk Meteorite (LL5) Russia 2014,16.99,2025-01-26,2.89,5.88,WorthPoint
chelyabinsk-meteorite,4.82 Grams 20mm Part Crusted Cut Chunk Chelyabinsk Meteorite (LL5) Russia 2014,38.13,2025-01-23,4.82,7.91,WorthPoint
chelyabinsk-meteorite,4.02 Grams 25mm Part Crusted Cut Slice Chelyabinsk Meteorite (LL5) Russia 2014,27.8,2025-01-23,4.02,6.92,WorthPoint
chelyabinsk-meteorite,2.15 Grams 27mm Part Crusted Cut Slice Chelyabinsk Meteorite (LL5) Russia 2014,13.99,2025-01-23,2.15,6.51,WorthPoint
chelyabinsk-meteorite,2.40 Grams 17mm Part Crusted Cut Slice Chelyabinsk Meteorite (LL5) Russia 2014,15.5,2025-01-23,2.4,6.46,WorthPoint
chelyabinsk-meteorite,11.36 Gram CHELYABINSK METEORITE Individual (LL5 Chondrite) 2013 Fall In RUSSIA,88.0,2025-01-21,11.36,7.75,WorthPoint
chelyabinsk-meteorite,4.67 Grams 19mm Part Crusted Cut Chunk Chelyabinsk Meteorite (LL5) Russia 2014,29.0,2025-01-21,4.67,6.21,WorthPoint
chelyabinsk-meteorite,4.01 Grams 28mm Part Crusted Cut Slice Chelyabinsk Meteorite (LL5) Russia 2014,22.5,2025-01-21,4.01,5.61,WorthPoint
chelyabinsk-meteorite,3.17 Grams 23mm Part Crusted Cut Slice Chelyabinsk Meteorite (LL5) Russia 2014,20.5,2025-01-21,3.17,6.47,WorthPoint
chelyabinsk-meteorite,1.69 Grams 15mm Part Crusted Cut Slice Chelyabinsk Meteorite (LL5) Russia 2014,13.16,2025-01-21,1.69,7.79,WorthPoint
chelyabinsk-meteorite,.826 Grams For All 7 Crusted Individuals Chelyabinsk Meteorite (LL5) Russia 2014,11.0,2025-01-17,826.0,0.01,WorthPoint
chelyabinsk-meteorite,.727 Grams For All 7 Crusted Individuals Chelyabinsk Meteorite (LL5) Russia 2014,9.99,2025-01-14,727.0,0.01,WorthPoint
chelyabinsk-meteorite,"Chelyabinsk Whole Stones OC, LL5 Russia Fell Feb 15, 2013 2.16 G 6 Stones",32.0,2025-01-12,2.16,14.81,WorthPoint
chelyabinsk-meteorite,"CHELYABINSK 2.036g Meteorite Partial Individual Great Fusion Crust, IMCA Sellers",58.0,2025-01-08,2.036,28.49,WorthPoint
chelyabinsk-meteorite,.857 Grams For All 9 Crusted Individuals Chelyabinsk Meteorite (LL5) Russia 2014,12.5,2025-01-07,857.0,0.01,WorthPoint
chelyabinsk-meteorite,.676 Grams For All 8 Crusted Individuals Chelyabinsk Meteorite (LL5) Russia 2014,12.0,2025-01-05,676.0,0.02,WorthPoint
chelyabinsk-meteorite,Large CHELYABINSK Meteorite 39 Grams- Russia,210.0,2025-01-05,39.0,5.38,WorthPoint
chelyabinsk-meteorite,Chelyabinsk Meteorite. LL5 20.2 Grams. End Cut. Nice! Sale!,175.0,2025-01-04,20.2,8.66,WorthPoint
chelyabinsk-meteorite,TRAKTOR CHELYABINSK VINTAGE 1999 RUSSIA SUPERLEAGUE HOCKEY JERSEY Men‚Äôs 3X,119.99,2025-01-01,,,WorthPoint
chelyabinsk-meteorite,Traktor Chelyabinsk Vintage Russia Superleague Hockey Jersey Size 52,79.95,2025-01-01,,,WorthPoint
chelyabinsk-meteorite,Anniversary 250 Years 1736-1986 CHELYABINSK VINTAGE METAL ORIGINAL PINBACK .RARE,45.99,2024-12-29,,,WorthPoint
chelyabinsk-meteorite,24.90 Gram CHELYABINSK METEORITE Individual (LL5 Chondrite) 2013 Fall In RUSSIA,200.0,2024-12-26,24.9,8.03,WorthPoint
chelyabinsk-meteorite,Chelyabinsk 2.061g Meteorite & Sonic Blast Glass With Full Color Signed 8x11 COA,60.0,2024-12-23,2.061,29.11,WorthPoint
chelyabinsk-meteorite,Nice LOT (7 Pcs) Small Chelyabinsk (LL5) Meteorite Part Slices/frags - 3.0 G,45.0,2024-12-21,3.0,15.0,WorthPoint
chelyabinsk-meteorite,KHL Traktor Chelyabinsk Evgeny Kuznetsov Lutchusa Size 58 Jersey,92.0,2024-12-20,,,WorthPoint
chelyabinsk-meteorite,Red Star Special Russian Grup Veterans 'dolg ' City Chelyabinsk Badge,65.99,2024-12-18,,,WorthPoint
chelyabinsk-meteorite,CHELYABINSK - Observed Fall 2013 - LL5-S4-W0 Meteorite - CHY-0072 - 0.39g Crust,7.95,2024-12-16,0.39,20.38,WorthPoint
chelyabinsk-meteorite,Chelyabinsk Meteorite 1.36 Grams W/coa,28.0,2024-12-11,1.36,20.59,WorthPoint
chelyabinsk-meteorite,CHELYABINSK - WITNESSED FALL - HISTORIC METEORITE - LL5 Chondrite - Russia 2013,7.2,2024-12-10,,,WorthPoint
chelyabinsk-meteorite,Chelyabinsk 2.226g Meteorite & Sonic Blast Glass With Full Color Signed 8x11 COA,65.0,2024-12-07,2.226,29.2,WorthPoint
chelyabinsk-meteorite,"Traktor Chelyabinsk Jersey, Black - Size 48 - #19 - KHL/Russian Super League",32.0,2024-12-06,,,WorthPoint
chelyabinsk-meteorite,11.25 Gram CHELYABINSK METEORITE Individual (LL5 Chondrite) 2013 Fall In RUSSIA,110.0,2024-11-27,11.25,9.78,WorthPoint
chelyabinsk-meteorite,"""Limp Bizkit Chelyabinsk 2013 Tin Metal Bar Sign Poster - 30x20cm (~8x12"""")""",13.5,2024-11-26,,,WorthPoint
chelyabinsk-meteorite,.259 Grams Chelyabinsk Meteorite ( LL5 ) Fully Crusted Individual Russia 2013,8.99,2024-11-25,259.0,0.03,WorthPoint
chelyabinsk-meteorite,28.08 Gram CHELYABINSK METEORITE Individual (LL5 Chondrite) 2013 Fall In RUSSIA,280.0,2024-11-24,28.08,9.97,WorthPoint
chelyabinsk-meteorite,19.76 Gram CHELYABINSK METEORITE Individual (LL5 Chondrite) 2013 Fall In RUSSIA,190.0,2024-11-22,19.76,9.62,WorthPoint
chelyabinsk-meteorite,26.16 Gram CHELYABINSK METEORITE Individual (LL5 Chondrite) 2013 Fall In RUSSIA,260.0,2024-11-22,26.16,9.94,WorthPoint
chelyabinsk-meteorite,Chelyabinsk Meteorite Slice,750.0,2024-11-20,,,WorthPoint
chelyabinsk-meteorite,Chelyabinsk Meteorite Packet - Famous 2013 Catastrophic Russia Event -IMCA #3950,28.0,2024-11-20,,,WorthPoint
chelyabinsk-meteorite,Chelyabinsk Meteorite. LL5 2.1 Grams. Part Slice Melt.,25.0,2024-11-19,2.1,11.9,WorthPoint
chelyabinsk-meteorite,"""Chelyabinsk Meteorite & Sonic Blast Glass: Photo 4""""x6"""" Glossy Hi-Res (8x11 COA)""",15.0,2024-11-17,,,WorthPoint
chelyabinsk-meteorite,""".387 Grams 8mm 100% """"smokey"""" Crusted Individual Chelyabinsk Meteorite (LL5)""",8.99,2024-11-15,387.0,0.02,WorthPoint
chelyabinsk-meteorite,Ussr Chelyabinsk Pins,16.0,2024-11-09,,,WorthPoint
chelyabinsk-meteorite,4.46 Gram CHELYABINSK METEORITE Individual (LL5 Chondrite) 2013 Fall In RUSSIA,73.15,2024-11-08,4.46,16.4,WorthPoint
chelyabinsk-meteorite,Traktor Chelyabinsk/Russian Hockey League Jersey #55 Adult Large Black Sand Knot,129.99,2024-11-05,,,WorthPoint
chelyabinsk-meteorite,Traktor Chelyabinsk TIPAKTOP UCKA RUSSIAN TEAM VINTAGE Hockey PUCK WPHL Set Of 2,45.0,2024-10-29,,,WorthPoint
chelyabinsk-meteorite,72.24 Gram CHELYABINSK METEORITE Individual (LL5 Chondrite) 2013 Fall In RUSSIA,900.0,2024-10-29,72.24,12.46,WorthPoint
chelyabinsk-meteorite,RUSSIAN Military TANK BADGE Original MADE IN CHELYABINSK FACTORY CCCP USSR,33.99,2024-10-27,,,WorthPoint
chelyabinsk-meteorite,Chelyabinsk Individual Meteorite,450.0,2024-10-17,,,WorthPoint
chelyabinsk-meteorite,"Fell 2013 Feb. 15, Chelyabinsk LL5 Meteorite With FUSION CRUST Russia 1.06 Grams",36.0,2024-10-15,1.06,33.96,WorthPoint
chelyabinsk-meteorite,Kotschubeite Cr Clinochlore In Matrix Verkhny Ufaley Chelyabinsk RUSSIA,12.99,2024-10-08,,,WorthPoint
chelyabinsk-meteorite,.366 Grams Chelyabinsk Meteorite ( LL5 ) Fully Crusted Individual Russia 2013,11.99,2024-10-05,366.0,0.03,WorthPoint
chelyabinsk-meteorite,.639 Grams 10mm 100% Crusted Individual Chelyabinsk Meteorite (LL5) Russia 2014,6.99,2024-10-02,639.0,0.01,WorthPoint
chelyabinsk-meteorite,35.25 Gram CHELYABINSK METEORITE Individual (LL5 Chondrite) 2013 Fall In RUSSIA,490.0,2024-10-01,35.25,13.9,WorthPoint
chelyabinsk-meteorite,.926 Grams 10mm Melt Crusted Individual Chelyabinsk Meteorite (LL5) Russia 2014,6.99,2024-09-29,926.0,0.01,WorthPoint
chelyabinsk-meteorite,Chelyabinsk City Soviet Russia USSR Pin Badge Vintage,10.0,2024-09-29,,,WorthPoint
chelyabinsk-meteorite,Liberia - 2022 Chelyabinsk Meteorite - Stamp Souvenir Sheet - LIB220302b2,11.9,2024-09-14,,,WorthPoint
chelyabinsk-meteorite,39.9 Grams Crusted Cut Chunk Chelyabinsk Meteorite (LL5) Russia 2014 With COA,229.99,2024-09-12,39.9,5.76,WorthPoint
chelyabinsk-meteorite,Chelyabinsk Meteorite LL5 Chondrite 3.2g TM 11076,35.0,2024-09-08,3.2,10.94,WorthPoint
chelyabinsk-meteorite,TRAKTOR CHELYABINSK OLEG SMIRNOV VINTAGE RUSSIA SUPERLEAGUE HOCKEY JERSEY Small,74.99,2024-09-08,,,WorthPoint
chelyabinsk-meteorite,"1909 RPO TPO Cover Mail Car ""Chelyabinsk –ß–µ–ª—è–±–∏–Ω—Å–∫ 124 Samara –°–∞–º–∞—Ä–∞"" Numeral 1",6.99,2024-09-02,,,WorthPoint
chelyabinsk-meteorite,"Meteorite**Chelyabinsk, LL5 Chondrite**1.048 Gram, Ultra Fresh Metals Present!!!",20.5,2024-09-02,1.048,19.56,WorthPoint
chelyabinsk-meteorite,2013 Cook Islands $5 Stardust Chelyabinsk Meteorite 20g .925 Silver Proof Coin,149.0,2024-09-02,20.0,7.45,WorthPoint
chelyabinsk-meteorite,.575 Gram 10mm Smokey Crusted Individual Chelyabinsk Meteorite (LL5) Russia 2014,6.99,2024-08-27,575.0,0.01,WorthPoint
chelyabinsk-meteorite,.722 Grams 12mm 100% Crusted Individual Chelyabinsk Meteorite (LL5) Russia 2014,10.99,2024-08-27,722.0,0.02,WorthPoint
chelyabinsk-meteorite,9.47 Grams Crusted End Cut Chelyabinsk Meteorite (LL5) Russia 2014 With COA,122.49,2024-08-26,9.47,12.93,WorthPoint
chelyabinsk-meteorite,3.95 Grams Crusted End Cut Chelyabinsk Meteorite (LL5) Russia 2014 With COA,25.02,2024-08-26,3.95,6.33,WorthPoint
chelyabinsk-meteorite,"Chelyabinsk, 2013 Witnessed Fall! LL5 Chondrite Meteorite, 17.7g, Mirror Polish",178.5,2024-08-26,17.7,10.08,WorthPoint
chelyabinsk-meteorite,2.46 Grams Crusted Cut Slice Chelyabinsk Meteorite (LL5) Russia 2014 With COA,19.5,2024-08-26,2.46,7.93,WorthPoint
chelyabinsk-meteorite,3.45 Grams Crusted Cut Slice Chelyabinsk Meteorite (LL5) Russia 2014 With COA,33.0,2024-08-26,3.45,9.57,WorthPoint
chelyabinsk-meteorite,2.76 Grams Crusted Cut Slice Chelyabinsk Meteorite (LL5) Russia 2014 With COA,22.5,2024-08-26,2.76,8.15,WorthPoint
chelyabinsk-meteorite,7.96 Grams Crusted End Cut Chelyabinsk Meteorite (LL5) Russia 2014 With COA,54.49,2024-08-23,7.96,6.85,WorthPoint
chelyabinsk-meteorite,3.93 Grams Crusted End Cut Chelyabinsk Meteorite (LL5) Russia 2014 With COA,20.5,2024-08-23,3.93,5.22,WorthPoint
chelyabinsk-meteorite,4.17 Grams Crusted Slice Chelyabinsk Meteorite (LL5) Russia 2014 With COA,24.99,2024-08-23,4.17,5.99,WorthPoint
chelyabinsk-meteorite,8.51 Grams Crusted Cut Chunk Chelyabinsk Meteorite (LL5) Russia 2014 With COA,56.0,2024-08-23,8.51,6.58,WorthPoint
chelyabinsk-meteorite,2.49 Grams Crusted Cut Slice Chelyabinsk Meteorite (LL5) Russia 2014 With COA,13.5,2024-08-23,2.49,5.42,WorthPoint
chelyabinsk-meteorite,1.64 Grams Crusted Fragments Chelyabinsk Meteorite (LL5) Russia 2014 With COA,6.5,2024-08-23,1.64,3.96,WorthPoint
chelyabinsk-meteorite,3.07 Grams Crusted End Cut Chelyabinsk Meteorite (LL5) Russia 2014 With COA,27.08,2024-08-21,3.07,8.82,WorthPoint
chelyabinsk-meteorite,5.84 Grams Crusted Cut Slice Chelyabinsk Meteorite (LL5) Russia 2014 With COA,29.8,2024-08-21,5.84,5.1,WorthPoint
chelyabinsk-meteorite,8.72 Grams Crusted Cut Slice Chelyabinsk Meteorite (LL5) Russia 2014 With COA,39.99,2024-08-21,8.72,4.59,WorthPoint
chelyabinsk-meteorite,5.66 Grams Crusted Cut Chunk Chelyabinsk Meteorite (LL5) Russia 2014 With COA,33.05,2024-08-21,5.66,5.84,WorthPoint
chelyabinsk-meteorite,2.33 Grams Crusted Cut Slice Chelyabinsk Meteorite (LL5) Russia 2014 With COA,12.5,2024-08-21,2.33,5.36,WorthPoint
chelyabinsk-meteorite,"R79 Russia 2014 Silver 3 Roubles World Judo Championship, Chelyabinsk Proof",52.0,2024-08-20,,,WorthPoint
chelyabinsk-meteorite,"R46 Russia 2012 Silver 3 Roubles European Judo Championship, Chelyabinsk Proof",59.52,2024-08-20,,,WorthPoint
chelyabinsk-meteorite,Panzerstahl 89008 Object 704 - Prototype Chelyabinsk 1945 1:72,45.0,2024-08-20,,,WorthPoint
chelyabinsk-meteorite,Nice Flight-shaped Chelyabinsk (LL5) Meteorite Individual - 8.1 G,119.0,2024-08-18,8.1,14.69,WorthPoint
chelyabinsk-meteorite,.501 Gram 10mm Smokey Crusted Individual Chelyabinsk Meteorite (LL5) Russia 2014,5.99,2024-08-18,501.0,0.01,WorthPoint
chelyabinsk-meteorite,"CHELYABINSK 11.85g LL5 Witnessed Meteorite, Fusion Crusted, Oriented, Flow Lines",299.0,2024-08-17,11.85,25.23,WorthPoint
chelyabinsk-meteorite,"OUTER SPACE COMBO, Apollo 11, Challenger, Chelyabinsk, Mars, Meteorite, Moon",92.45,2024-08-11,,,WorthPoint
chelyabinsk-meteorite,E. Kuznetsov Traktor Chelyabinsk KHL 2011-12 PRO Hockey Jersey Hurricanes DK L,199.99,2024-08-06,,,WorthPoint
chelyabinsk-meteorite,Ice Hockey Puck.Traktor Chelyabinsk.Rare Early Version.Unused,20.0,2024-07-30,,,WorthPoint
chelyabinsk-meteorite,.463 Grams 8mm 85% Crusted Individual Chelyabinsk Meteorite (LL5) Russia 2014,5.49,2024-07-29,463.0,0.01,WorthPoint
chelyabinsk-meteorite,"Traktor Chelyabinsk Hockey Jersey, #38 Vorontsov, 56, Purple",29.0,2024-07-28,,,WorthPoint
chelyabinsk-meteorite,28.60 Gram CHELYABINSK METEORITE Individual (LL5 Chondrite) 2013 Fall In RUSSIA,360.0,2024-07-17,28.6,12.59,WorthPoint
chelyabinsk-meteorite,"Chelyabinsk Meteorite ""Russia"" Chondrite ""Stony Meteorite""Space Gift, 30.79g",551.2,2024-07-17,30.79,17.9,WorthPoint
chelyabinsk-meteorite,0.65 Gram CHELYABINSK METEORITE Individual (LL5 Chondrite) 2013 Fall In RUSSIA,12.0,2024-07-06,0.65,18.46,WorthPoint
chelyabinsk-meteorite,0.90 Gram CHELYABINSK METEORITE Individual (LL5 Chondrite) 2013 Fall In RUSSIA,16.0,2024-06-29,0.9,17.78,WorthPoint
chelyabinsk-meteorite,0.52 Gram CHELYABINSK METEORITE Individual (LL5 Chondrite) 2013 Fall In RUSSIA,12.0,2024-06-29,0.52,23.08,WorthPoint
chelyabinsk-meteorite,0.82 Gram CHELYABINSK METEORITE Individual (LL5 Chondrite) 2013 Fall In RUSSIA,23.2,2024-06-29,0.82,28.29,WorthPoint
chelyabinsk-meteorite,0.60 Gram CHELYABINSK METEORITE Individual (LL5 Chondrite) 2013 Fall In RUSSIA,12.0,2024-06-29,0.6,20.0,WorthPoint
chelyabinsk-meteorite,5.22 Gram CHELYABINSK METEORITE Individual (LL5 Chondrite) 2013 Fall In RUSSIA,124.0,2024-06-29,5.22,23.75,WorthPoint
chelyabinsk-meteorite,0.97 Gram CHELYABINSK METEORITE Individual (LL5 Chondrite) 2013 Fall In RUSSIA,16.8,2024-06-29,0.97,17.32,WorthPoint
chelyabinsk-meteorite,4.69 Gram CHELYABINSK METEORITE Individual (LL5 Chondrite) 2013 Fall In RUSSIA,79.2,2024-06-29,4.69,16.89,WorthPoint
chelyabinsk-meteorite,43.6 Gram CHELYABINSK METEORITE Lot - Tiny Individuals - With Documentation,792.0,2024-06-29,43.6,18.17,WorthPoint
chelyabinsk-meteorite,0.67 Gram CHELYABINSK METEORITE Individual (LL5 Chondrite) 2013 Fall In RUSSIA,36.0,2024-06-29,0.67,53.73,WorthPoint
chelyabinsk-meteorite,6.31 Gram CHELYABINSK METEORITE Individual (LL5 Chondrite) 2013 Fall In RUSSIA,100.8,2024-06-29,6.31,15.97,WorthPoint
chelyabinsk-meteorite,0.45 Gram CHELYABINSK METEORITE Individual (LL5 Chondrite) 2013 Fall In RUSSIA,12.0,2024-06-29,0.45,26.67,WorthPoint
chelyabinsk-meteorite,4.76 Gram CHELYABINSK METEORITE Individual (LL5 Chondrite) 2013 Fall In RUSSIA,112.0,2024-06-29,4.76,23.53,WorthPoint
chelyabinsk-meteorite,0.62 Gram CHELYABINSK METEORITE Individual (LL5 Chondrite) 2013 Fall In RUSSIA,12.0,2024-06-29,0.62,19.35,WorthPoint
chelyabinsk-meteorite,0.44 Gram CHELYABINSK METEORITE Individual (LL5 Chondrite) 2013 Fall In RUSSIA,12.0,2024-06-29,0.44,27.27,WorthPoint
chelyabinsk-meteorite,51.4 Gram CHELYABINSK METEORITE Individual (LL5 Chondrite) 2013 Fall In RUSSIA,492.8,2024-06-29,51.4,9.59,WorthPoint
chelyabinsk-meteorite,"1.05 Grams 10mm 100% ""smokey"" Crusted Individual Chelyabinsk Meteorite (LL5)",18.99,2024-06-17,1.05,18.09,WorthPoint
chelyabinsk-meteorite,.391 Grams 11mm 100% Crusted Individual Chelyabinsk Meteorite (LL5) Russia 2014,5.99,2024-06-17,391.0,0.02,WorthPoint
chelyabinsk-meteorite,1.04 Grams 10mm Crusted Melt Individual Chelyabinsk Meteorite (LL5) Russia 2014,10.99,2024-06-17,1.04,10.57,WorthPoint
chelyabinsk-meteorite,.476 Grams 8mm 100% Crusted Individual Chelyabinsk Meteorite (LL5) Russia 2014,12.0,2024-06-17,476.0,0.03,WorthPoint
chelyabinsk-meteorite,.276 Grams 6mm 100% Crusted Individual Chelyabinsk Meteorite (LL5) Russia 2014,5.99,2024-06-17,276.0,0.02,WorthPoint
chelyabinsk-meteorite,3.69 Grams 18x12x8mm 92% Crusted Individual Chelyabinsk Meteorite (LL5) 2014,39.99,2024-06-17,3.69,10.84,WorthPoint
chelyabinsk-meteorite,Vintage Puck Traktor Chelyabinsk Polar Bears Russia EX (Noted) Game Used,18.99,2024-06-16,,,WorthPoint
chelyabinsk-meteorite,.681 Grams 10mm 100% Crusted Individual Chelyabinsk Meteorite (LL5) Russia 2014,9.99,2024-06-15,681.0,0.01,WorthPoint
chelyabinsk-meteorite,.786 Grams 11mm Nice Crusted Individual Chelyabinsk Meteorite (LL5) Russia 2014,9.99,2024-06-15,786.0,0.01,WorthPoint
chelyabinsk-meteorite,.982 Grams 11mm Crusted Melt Individual Chelyabinsk Meteorite (LL5) Russia 2014,9.99,2024-06-15,982.0,0.01,WorthPoint
chelyabinsk-meteorite,.484 Grams 8mm Crusted Melt Individual Chelyabinsk Meteorite (LL5) Russia 2014,6.99,2024-06-15,484.0,0.01,WorthPoint
chelyabinsk-meteorite,.441 Grams 8mm 100% Crusted Individual Chelyabinsk Meteorite (LL5) Russia 2014,6.99,2024-06-15,441.0,0.02,WorthPoint
chelyabinsk-meteorite,.580 Grams 9mm 100% Crusted Individual Chelyabinsk Meteorite (LL5) Russia 2014,9.99,2024-06-15,580.0,0.02,WorthPoint
chelyabinsk-meteorite,11.58 Gram CHELYABINSK METEORITE Individual (LL5 Chondrite) 2013 Fall In RUSSIA,220.0,2024-06-12,11.58,19.0,WorthPoint
chelyabinsk-meteorite,4.37 Gram CHELYABINSK METEORITE Individual (LL5 Chondrite) 2013 Fall In RUSSIA,130.0,2024-06-12,4.37,29.75,WorthPoint
chelyabinsk-meteorite,Chelyabinsk 24 Gram Meteorite,200.0,2024-06-06,24.0,8.33,WorthPoint
chelyabinsk-meteorite,"Chelyabinsk LL5 Chondrite Meteorite Chelyabinskaya Oblast', Russia 1.24 Grams",32.75,2024-06-02,1.24,26.41,WorthPoint
chelyabinsk-meteorite,"CHELYABINSK 1.898g Meteorite, Individual Stone, Fresh Fusion Crusted, A+ Quality",72.0,2024-05-28,1.898,37.93,WorthPoint
chelyabinsk-meteorite,"CHELYABINSK 1.364g Meteorite, Nearly Full Individual, Glossy, A+ Fusion Crust",46.0,2024-05-28,1.364,33.72,WorthPoint
chelyabinsk-meteorite,"CHELYABINSK 3.108g Meteorite, Complete, Super Regmaglypted Unique Individual",99.0,2024-05-16,3.108,31.85,WorthPoint
chelyabinsk-meteorite,BLASTOID INDOCHINITE CHELYABINSK METEORITE Combination Listing,800.0,2024-05-12,,,WorthPoint
chelyabinsk-meteorite,Chelyabinsk Tractor Plant Uraltrac RUSSIAN Compactor-CAST MODEL SET 1/43 USSR,26.0,2024-05-11,,,WorthPoint
chelyabinsk-meteorite,"CHELYABINSK 1.857g Meteorite, Complete, Shiny Fusion Crust With Regmaglypts, A++",71.0,2024-05-10,1.857,38.23,WorthPoint
chelyabinsk-meteorite,"CHELYABINSK 0.771g Meteorite, Hard Rollover Lip, IMCA Sellers",25.0,2024-05-09,0.771,32.43,WorthPoint
chelyabinsk-meteorite,Russia Chelyabinsk –ß–µ–ª—è–±–∏–Ω—Å–∫ Old Circus Pre WWI Vintage Laceret –õ–∞–Ω—Å–µ—Ä–µ Postcard,7.98,2024-05-01,,,WorthPoint
chelyabinsk-meteorite,"City Of Chelyabinsk, Russia –ß–µ–ª—èÃÅ–±–∏–Ω—Å–∫ Heraldic Coat Of Arms Lapel Pin... RARE",6.74,2024-04-30,,,WorthPoint
chelyabinsk-meteorite,"Chelyabinsk City 25 Pins, 2 Cards",55.99,2024-04-29,,,WorthPoint
chelyabinsk-meteorite,Chelyabinsk Meteorite Display Box - BinskBerries Plus Sonic Boom Glass,60.0,2024-04-29,,,WorthPoint
chelyabinsk-meteorite,0.96 Gram CHELYABINSK METEORITE Individual (LL5 Chondrite) 2013 Fall In RUSSIA,17.43,2024-04-27,0.96,18.16,WorthPoint
chelyabinsk-meteorite,Central Africa - 2022 Chelyabinsk Meteor - Stamp Souvenir Sheet - CA220202b,13.0,2024-04-27,,,WorthPoint
chelyabinsk-meteorite,12.6 Grams 25mm Part Crusted Individual Chelyabinsk Meteorite (LL5) Russia 2014,123.5,2024-04-25,12.6,9.8,WorthPoint
chelyabinsk-meteorite,"Meteorite**Chelyabinsk, Russia LL5**14.363 Gram, Extremely Fresh Individual!!!",299.99,2024-04-25,14.363,20.89,WorthPoint
chelyabinsk-meteorite,13.27 Gram CHELYABINSK METEORITE Individual (LL5 Chondrite) 2013 Fall In RUSSIA,265.0,2024-04-04,13.27,19.97,WorthPoint
chelyabinsk-meteorite,Lutch Traktor Chelyabinsk Valeri Nichushkin Hockey Jersey Size 54,90.0,2024-04-03,,,WorthPoint
chelyabinsk-meteorite,"Chelyabinsk Meteorite & Sonic Blast Glass: Photo 4""x6"" Glossy Hi-Res (8x11 COA)",15.0,2024-03-29,,,WorthPoint
chelyabinsk-meteorite,4.41 Gram CHELYABINSK METEORITE Individual (LL5 Chondrite) 2013 Fall In RUSSIA,99.0,2024-03-29,4.41,22.45,WorthPoint
chelyabinsk-meteorite,Chelyabinsk Meteorite 2013 FALL 15 Feb 7.00 G Whole Fresh ?% Crusted Melt,70.0,2024-03-20,7.0,10.0,WorthPoint
chelyabinsk-meteorite,CHELYABINSK CITY 6 PINS FOR Barobori Only,22.99,2024-03-19,,,WorthPoint
chelyabinsk-meteorite,.245 Grams Chelyabinsk Meteorite ( LL5 ) Fully Crusted Individual Russia 2013,7.99,2024-03-16,245.0,0.03,WorthPoint
chelyabinsk-meteorite,6.91 Gram CHELYABINSK METEORITE Individual (LL5 Chondrite) 2013 Fall In RUSSIA,126.0,2024-03-05,6.91,18.23,WorthPoint
chelyabinsk-meteorite,.217 Grams Chelyabinsk Meteorite ( LL5 ) Fully Crusted Individual Russia 2013,6.99,2024-03-05,217.0,0.03,WorthPoint
chelyabinsk-meteorite,Nicely SHOCKED Chelyabinsk (LL5) Meteorite Crusted Slice - 8.1 G,149.0,2024-02-25,8.1,18.4,WorthPoint
chelyabinsk-meteorite,1.03 Gram CHELYABINSK METEORITE Individual (LL5 Chondrite) 2013 Fall In RUSSIA,18.9,2024-02-19,1.03,18.35,WorthPoint
chelyabinsk-meteorite,Chelyabinsk Meteorite. 7.4 Grams. 100% Melt Crusted.,85.0,2024-02-16,7.4,11.49,WorthPoint
chelyabinsk-meteorite,Nicely SHOCKED Chelyabinsk (LL5) Meteorite Crusted Part Slice - 1.2 G,29.0,2024-02-15,1.2,24.17,WorthPoint
chelyabinsk-meteorite,C1940's New Apartment Houses Steel Works Chelyabinsk RPPC Photo Postcard,29.95,2024-02-15,,,WorthPoint
chelyabinsk-meteorite,Chelyabinsk Meteorite. 12.6 Grams. 70%+ Fusion Crusted Individual.,130.0,2024-02-13,12.6,10.32,WorthPoint
chelyabinsk-meteorite,Chelyabinsk Meteorite Chondrite 2013 Russian Fall 2.1 Gram W/COA #17926,59.99,2024-02-09,2.1,28.57,WorthPoint
chelyabinsk-meteorite,"CHELYABINSK 1.192g Meteorite Half Stone, Oriented, Minor Rollover Lip On Bottom",36.0,2024-02-06,1.192,30.2,WorthPoint
chelyabinsk-meteorite,1.42 Gram CHELYABINSK METEORITE Individual (LL5 Chondrite) 2013 Fall In RUSSIA,28.0,2024-01-29,1.42,19.72,WorthPoint
chelyabinsk-meteorite,Chelyabinsk Meteorite 14.1g LL5 Stony Chrondite SR4 Witnessed Fall Russia 2013^,149.59,2024-01-20,14.1,10.61,WorthPoint
chelyabinsk-meteorite,2.07 Gram CHELYABINSK METEORITE Individual (LL5 Chondrite) 2013 Fall In RUSSIA,31.5,2024-01-17,2.07,15.22,WorthPoint
chelyabinsk-meteorite,.966 Grams 11mm 100% Crusted Individual Chelyabinsk Meteorite (LL5) Russia 2014,7.99,2024-01-17,966.0,0.01,WorthPoint
chelyabinsk-meteorite,.724 Grams 10mm 100% Crusted Individual Chelyabinsk Meteorite (LL5) Russia 2014,6.99,2024-01-14,724.0,0.01,WorthPoint
chelyabinsk-meteorite,Chelyabinsk Meteorite Silver Proof Coin Cook Islands 2013,150.0,2024-01-13,,,WorthPoint
chelyabinsk-meteorite,1.83 Gram CHELYABINSK METEORITE Individual (LL5 Chondrite) 2013 Fall In RUSSIA,45.0,2024-01-06,1.83,24.59,WorthPoint
chelyabinsk-meteorite,0.46 Gram - FRESH CHELYABINSK (LL5) METEORITE - Witnessed Fall In Russia In 2013,14.0,2024-01-01,0.46,30.43,WorthPoint
chelyabinsk-meteorite,"Russia 2023 Postcard, Chelyabinsk. Chelyabinsk Meteorite, VF NEW !!",9.65,2023-12-31,,,WorthPoint
chelyabinsk-meteorite,1.28 Gram - FRESH CHELYABINSK (LL5) METEORITE - Witnessed Fall In Russia In 2013,28.0,2023-12-29,1.28,21.88,WorthPoint
chelyabinsk-meteorite,1.20 Gram - FRESH CHELYABINSK (LL5) METEORITE - Witnessed Fall In Russia In 2013,27.5,2023-12-29,1.2,22.92,WorthPoint
chelyabinsk-meteorite,0.58 Gram - FRESH CHELYABINSK (LL5) METEORITE - Witnessed Fall In Russia In 2013,15.0,2023-12-28,0.58,25.86,WorthPoint
chelyabinsk-meteorite,2.18 Gram - FRESH CHELYABINSK (LL5) METEORITE - Witnessed Fall In Russia In 2013,37.5,2023-12-28,2.18,17.2,WorthPoint
chelyabinsk-meteorite,1.00 Gram - FRESH CHELYABINSK (LL5) METEORITE - Witnessed Fall In Russia In 2013,24.0,2023-12-27,1.0,24.0,WorthPoint
chelyabinsk-meteorite,.083 Grams Chelyabinsk Meteorite ( LL5 ) Fully Crusted Individual Russia 2013,6.0,2023-12-25,83.0,0.07,WorthPoint
chelyabinsk-meteorite,Chelyabinsk - Observed Meteorite Fall 2013' - LL5-S4-W0 - CHY-0008 - FULL SLICE,83.95,2023-12-22,,,WorthPoint
chelyabinsk-meteorite,29.8 Gram - CHELYABINSK (LL5) METEORITE - Witnessed Fall In Russia In 2013,232.2,2023-12-21,29.8,7.79,WorthPoint
chelyabinsk-meteorite,2.22 Gram - FRESH CHELYABINSK (LL5) METEORITE - Witnessed Fall In Russia In 2013,45.6,2023-12-21,2.22,20.54,WorthPoint
chelyabinsk-meteorite,22.9 Gram - CHELYABINSK (LL5) METEORITE - Witnessed Fall In Russia In 2013,204.0,2023-12-21,22.9,8.91,WorthPoint
chelyabinsk-meteorite,2.62 Gram - FRESH CHELYABINSK (LL5) METEORITE - Witnessed Fall In Russia In 2013,49.2,2023-12-21,2.62,18.78,WorthPoint
chelyabinsk-meteorite,1.55 Gram - FRESH CHELYABINSK (LL5) METEORITE - Witnessed Fall In Russia In 2013,39.0,2023-12-21,1.55,25.16,WorthPoint
chelyabinsk-meteorite,2.29 Gram - FRESH CHELYABINSK (LL5) METEORITE - Witnessed Fall In Russia In 2013,46.2,2023-12-21,2.29,20.17,WorthPoint
chelyabinsk-meteorite,20.9 Gram - CHELYABINSK (LL5) METEORITE - Witnessed Fall In Russia In 2013,189.0,2023-12-21,20.9,9.04,WorthPoint
chelyabinsk-meteorite,22.7 Gram - CHELYABINSK (LL5) METEORITE - Witnessed Fall In Russia In 2013,204.0,2023-12-18,22.7,8.99,WorthPoint
chelyabinsk-meteorite,Silver Proof Coin Cook Islands 2013 Chelyabinsk Meteorite COIN MISSING COA,160.0,2023-12-11,,,WorthPoint
chelyabinsk-meteorite,Silver Proof Coin Cook Islands 2013 Chelyabinsk Meteorite Insert Russia COA,173.0,2023-11-29,,,WorthPoint
chelyabinsk-meteorite,Vintage Traktor Chelyabinsk Russian Polar Bear Hockey Puck Made In Russia,30.0,2023-11-24,,,WorthPoint
chelyabinsk-meteorite,1.38 Gram - FRESH CHELYABINSK (LL5) METEORITE - Witnessed Fall In Russia In 2013,34.2,2023-11-19,1.38,24.78,WorthPoint
chelyabinsk-meteorite,3.58 Gram - FRESH CHELYABINSK (LL5) METEORITE - Witnessed Fall In Russia In 2013,63.0,2023-11-15,3.58,17.6,WorthPoint
chelyabinsk-meteorite,HC Traktor Chelyabinsk KHL Hockey Jersey 2021/22,120.0,2023-11-10,,,WorthPoint
chelyabinsk-meteorite,"HC Traktor Chelyabinsk ""Vintage"" KHL Trucker Hat Cap, Snapback",29.0,2023-11-10,,,WorthPoint
chelyabinsk-meteorite,"Traktor Chelyabinsk KHL ""Norwegian"" Cuffed Beanie Hat With Pom",18.0,2023-11-10,,,WorthPoint
chelyabinsk-meteorite,14.73g CHELYABINSK Meteorite - Historic Witnessed Fall Russia - TOP METEORITE,195.0,2023-11-05,14.73,13.24,WorthPoint
chelyabinsk-meteorite,7.94g CHELYABINSK Meteorite - Historic Witnessed Fall Russia - TOP METEORITE,108.0,2023-11-05,7.94,13.6,WorthPoint
chelyabinsk-meteorite,3.67g CHELYABINSK Meteorite - Historic Witnessed Fall Russia - TOP METEORITE,83.0,2023-11-05,3.67,22.62,WorthPoint
chelyabinsk-meteorite,3.84g CHELYABINSK Meteorite - Historic Witnessed Fall Russia - TOP METEORITE,65.0,2023-11-05,3.84,16.93,WorthPoint
chelyabinsk-meteorite,2.93g CHELYABINSK Meteorite - Historic Witnessed Fall Russia - TOP METEORITE,67.0,2023-11-05,2.93,22.87,WorthPoint
chelyabinsk-meteorite,2.89g CHELYABINSK Meteorite - Historic Witnessed Fall Russia - TOP METEORITE,65.0,2023-11-05,2.89,22.49,WorthPoint
chelyabinsk-meteorite,2.44g CHELYABINSK Meteorite - Historic Witnessed Fall Russia - TOP METEORITE,55.0,2023-11-02,2.44,22.54,WorthPoint
chelyabinsk-meteorite,0.85 Gram - FRESH CHELYABINSK (LL5) METEORITE - Witnessed Fall In Russia In 2013,27.3,2023-10-29,0.85,32.12,WorthPoint
chelyabinsk-meteorite,.444 Grams 8mm Crusted MELT Individual Chelyabinsk Meteorite (LL5) Russia 2014,5.99,2023-10-27,444.0,0.01,WorthPoint
chelyabinsk-meteorite,3.22 Gram - FRESH CHELYABINSK (LL5) METEORITE - Witnessed Fall In Russia In 2013,57.6,2023-10-19,3.22,17.89,WorthPoint
chelyabinsk-meteorite,1.43 Gram - FRESH CHELYABINSK (LL5) METEORITE - Witnessed Fall In Russia In 2013,37.8,2023-10-19,1.43,26.43,WorthPoint
chelyabinsk-meteorite,2000's HC Traktor Chelyabinsk Bears KHL Hockey Jersey! RARE & HTF In USA.,71.2,2023-10-18,,,WorthPoint
chelyabinsk-meteorite,"1929 Press Photo Memorial To Nicolai Lenin In Chelyabinsk, Siberia",23.88,2023-10-12,,,WorthPoint
chelyabinsk-meteorite,Nice LOT (10 Pcs) Small Chelyabinsk (LL5) Meteorite Part Slices/frags - 2.5 G,45.0,2023-10-12,2.5,18.0,WorthPoint
chelyabinsk-meteorite,Cook Islands 2013 Meteorite Chelyabinsk $5 Proof Silver Coin Cosmic Rock Insert,150.0,2023-10-11,,,WorthPoint
chelyabinsk-meteorite,Chelyabinsk Russia Meteorite Coin Medallic Limited Edition Of 2000 Numbered,58.0,2023-10-08,,,WorthPoint
chelyabinsk-meteorite,USSR 1983 Table Medal 60th Anniversary Of CHELYABINSK TRACTOR FACTORY (#1465),30.0,2023-10-05,,,WorthPoint
chelyabinsk-meteorite,"HC Traktor Chelyabinsk KHL ""Classic"" Cuffed Beanie Hat",17.5,2023-09-25,,,WorthPoint
chelyabinsk-meteorite,"Original Badge Shock Worker Of Stalin Campaign In Chelyabinsk Region,1933",270.0,2023-09-23,,,WorthPoint
chelyabinsk-meteorite,3.28 Gram - FRESH CHELYABINSK (LL5) METEORITE - Witnessed Fall In Russia In 2013,67.2,2023-09-15,3.28,20.49,WorthPoint
chelyabinsk-meteorite,Nice Crusted-Shocked Chelyabinsk (LL5) Meteorite Part Slices (qty Of 2) - 1.71 G,35.0,2023-09-13,1.71,20.47,WorthPoint
chelyabinsk-meteorite,Chelyabinsk Meteorite Tiny Piece Aritifact Russia 4x6 Matted Photo Coa Rare,30.0,2023-09-10,,,WorthPoint
chelyabinsk-meteorite,Nicely Crusted Chelyabinsk Meteorite (LL5) Thin Part Slice W/impact Melt - 0.25g,15.0,2023-09-07,0.25,60.0,WorthPoint
chelyabinsk-meteorite,2.43 Gram - FRESH CHELYABINSK (LL5) METEORITE - Witnessed Fall In Russia In 2013,55.3,2023-09-07,2.43,22.76,WorthPoint
chelyabinsk-meteorite,3.31 Gram - FRESH CHELYABINSK (LL5) METEORITE - Witnessed Fall In Russia In 2013,69.3,2023-09-07,3.31,20.94,WorthPoint
chelyabinsk-meteorite,3.30 Gram - FRESH CHELYABINSK (LL5) METEORITE - Witnessed Fall In Russia In 2013,69.3,2023-09-07,3.3,21.0,WorthPoint
chelyabinsk-meteorite,2.49 Gram - FRESH CHELYABINSK (LL5) METEORITE - Witnessed Fall In Russia In 2013,56.0,2023-09-07,2.49,22.49,WorthPoint
chelyabinsk-meteorite,4.00 Gram - FRESH CHELYABINSK (LL5) METEORITE - Witnessed Fall In Russia In 2013,80.5,2023-09-07,4.0,20.12,WorthPoint
chelyabinsk-meteorite,1.51 Gram - FRESH CHELYABINSK (LL5) METEORITE - Witnessed Fall In Russia In 2013,45.5,2023-09-07,1.51,30.13,WorthPoint
chelyabinsk-meteorite,3.42 Gram - FRESH CHELYABINSK (LL5) METEORITE - Witnessed Fall In Russia In 2013,70.7,2023-09-07,3.42,20.67,WorthPoint
chelyabinsk-meteorite,3.79 Gram - FRESH CHELYABINSK (LL5) METEORITE - Witnessed Fall In Russia In 2013,77.0,2023-09-07,3.79,20.32,WorthPoint
chelyabinsk-meteorite,1.84 Gram - FRESH CHELYABINSK (LL5) METEORITE - Witnessed Fall In Russia In 2013,49.0,2023-09-02,1.84,26.63,WorthPoint
chelyabinsk-meteorite,TRAKTOR Chelyabinsk Hockey Jersey 54 XL,55.0,2023-09-01,,,WorthPoint
chelyabinsk-meteorite,"NEW! Chelyabinsk Meteorite LL5, Recent Fall, Russia, Excellent Individual 28.7 G",599.99,2023-08-25,28.7,20.91,WorthPoint
chelyabinsk-meteorite,18.3 Gram - CHELYABINSK (LL5) METEORITE - Witnessed Fall In Russia In 2013,130.0,2023-08-24,18.3,7.1,WorthPoint
chelyabinsk-meteorite,Chelyabinsk Meteorite From 2013 Blast Over Russia,6.5,2023-08-23,,,WorthPoint
chelyabinsk-meteorite,Chelyabinsk Meteorite (Slabed) 3.0g. LL-5,35.0,2023-08-23,3.0,11.67,WorthPoint
chelyabinsk-meteorite,22.76 Gram - CHELYABINSK (LL5) METEORITE - Witnessed Fall In Russia In 2013,238.0,2023-08-22,22.76,10.46,WorthPoint
chelyabinsk-meteorite,"HC Traktor Chelyabinsk ""Monochrome"" KHL Trucker Hat Cap, Snapback",27.0,2023-08-22,,,WorthPoint
chelyabinsk-meteorite,TRAKTOR CHELYABINSK VINTAGE RUSSIA HOCKEY JERSEY #32 –¢–ï–†–¢–´–®–ù–´–ô Tertyshny,7.5,2023-08-11,,,WorthPoint
chelyabinsk-meteorite,5.1 Gram Chelyabinsk Meteorite (LL5) Russia From The 2013 Strike,50.0,2023-08-11,5.1,9.8,WorthPoint
chelyabinsk-meteorite,6.507g Lot Of Small Crusted Pea Size Chelyabinsk Meteorites Fell In Russia 2013,65.0,2023-08-05,6.507,9.99,WorthPoint
chelyabinsk-meteorite,3.91 Gram - FRESH CHELYABINSK (LL5) METEORITE - Witnessed Fall In Russia In 2013,72.8,2023-07-28,3.91,18.62,WorthPoint
chelyabinsk-meteorite,HC Traktor Chelyabinsk Bears KHL Hockey Jersey! RARE And NEW! Size 48,45.0,2023-07-24,,,WorthPoint
chelyabinsk-meteorite,Chelyabinsk Collection,812.5,2023-07-22,,,WorthPoint
chelyabinsk-meteorite,Epidote Crystals Akhmatovskaya Kop Chelyabinsk Oblast RUSSIA,14.07,2023-07-11,,,WorthPoint
chelyabinsk-meteorite,.647 Grams 8mm Crusted MELT Individual Chelyabinsk Meteorite (LL5) Russia 2014,5.99,2023-07-11,647.0,0.01,WorthPoint
chelyabinsk-meteorite,30.6 Gram - CHELYABINSK (LL5) METEORITE - Witnessed Fall In Russia In 2013,208.0,2023-07-05,30.6,6.8,WorthPoint
chelyabinsk-meteorite,"Chelyabinsk (LL5) Meteorite, Russia 2013, 2 Gram Full Slice",22.0,2023-07-02,2.0,11.0,WorthPoint
chelyabinsk-meteorite,.378 Grams 8mm 100% Crusted Individual Chelyabinsk Meteorite (LL5) Russia 2014,7.99,2023-06-17,378.0,0.02,WorthPoint
chelyabinsk-meteorite,1.10 Grams 11mm Cut Fragment Chelyabinsk Meteorite (LL5) Russia 2014 With A COA,7.99,2023-06-16,1.1,7.26,WorthPoint
chelyabinsk-meteorite,.447 Grams 10mm 100% Crusted Individual Chelyabinsk Meteorite (LL5) Russia 2014,8.99,2023-06-16,447.0,0.02,WorthPoint
chelyabinsk-meteorite,3.45 Grams 17mm Crusted Individual Chelyabinsk Meteorite (LL5) Russia 2014 + COA,29.99,2023-06-14,3.45,8.69,WorthPoint
chelyabinsk-meteorite,.509 Grams 10mm Crusted Individual Chelyabinsk Meteorite (LL5) Russia 2014+ COA,9.99,2023-06-14,509.0,0.02,WorthPoint
chelyabinsk-meteorite,.408 Grams 8mm 100% Crusted Individual Chelyabinsk Meteorite (LL5) Russia 2014,8.99,2023-06-14,408.0,0.02,WorthPoint
chelyabinsk-meteorite,"Meteorite**Chelyabinsk, Russia LL5**5.417 Gram, Extremely Fresh Individual!!!",71.0,2023-06-12,5.417,13.11,WorthPoint
chelyabinsk-meteorite,2.71 Grams 14mm Crusted MELT Individual Chelyabinsk Meteorite (LL5) Russia 2014,17.5,2023-06-11,2.71,6.46,WorthPoint
chelyabinsk-meteorite,3.57 Grams 14mm Crusted Individual Chelyabinsk Meteorite (LL5) Russia 2014 + COA,43.0,2023-06-09,3.57,12.04,WorthPoint
chelyabinsk-meteorite,33.3 Gram - CHELYABINSK (LL5) METEORITE - Witnessed Fall In Russia In 2013,325.0,2023-06-02,33.3,9.76,WorthPoint
chelyabinsk-meteorite,Cook Islands 2013 Chelyabinsk Meteorite Insert Russia Silver Proof Coin COA,84.0,2023-05-29,,,WorthPoint
chelyabinsk-meteorite,Nicely Crusted SHOCKED Chelyabinsk Meteorite (LL5) Part Slice - 1.11 G,19.0,2023-05-28,1.11,17.12,WorthPoint
chelyabinsk-meteorite,10.3 Gram Chelyabinsk Meteorite (LL5) Russia From The 2013 Strike W/spikes,80.0,2023-05-27,10.3,7.77,WorthPoint
chelyabinsk-meteorite,11.9 Gram Chelyabinsk Meteorite (LL5) Russia From The 2013 Strike,85.0,2023-05-27,11.9,7.14,WorthPoint
chelyabinsk-meteorite,12.0 Gram Chelyabinsk Meteorite (LL5) Russia From The 2013 Strike,80.0,2023-05-27,12.0,6.67,WorthPoint
chelyabinsk-meteorite,Chelyabinsk Meteorite With Shockwave Shattered Glass,29.99,2023-05-20,,,WorthPoint
chelyabinsk-meteorite,15.43 Gram - CHELYABINSK (LL5) METEORITE - Witnessed Fall In Russia In 2013,150.15,2023-05-16,15.43,9.73,WorthPoint
chelyabinsk-meteorite,35.10 Gram - CHELYABINSK (LL5) METEORITE - Witnessed Fall In Russia In 2013,341.9,2023-05-16,35.1,9.74,WorthPoint
chelyabinsk-meteorite,.159 Grams 7mm 100% Crusted Individual Chelyabinsk Meteorite (LL5) Russia 2014,5.5,2023-05-12,159.0,0.03,WorthPoint
chelyabinsk-meteorite,2.10g CHELYABINSK Meteorite - Historic Witnessed Fall Russia - TOP METEORITE,51.0,2023-05-11,2.1,24.29,WorthPoint
chelyabinsk-meteorite,1.94g CHELYABINSK Meteorite - Historic Witnessed Fall Russia - TOP METEORITE,44.0,2023-05-05,1.94,22.68,WorthPoint
chelyabinsk-meteorite,10.4 Gram - CHELYABINSK (LL5) METEORITE - Witnessed Fall In Russia In 2013,100.5,2023-04-30,10.4,9.66,WorthPoint
chelyabinsk-meteorite,"Meteorite**Chelyabinsk, Russia LL5**6.289 Gram, Extremely Fresh Individual!!!",111.35,2023-04-17,6.289,17.71,WorthPoint
chelyabinsk-meteorite,4.94g CHELYABINSK Meteorite - Historic Witnessed Fall Russia - TOP METEORITE,84.0,2023-04-16,4.94,17.0,WorthPoint
chelyabinsk-meteorite,2.75g CHELYABINSK Meteorite - Historic Witnessed Fall Russia - TOP METEORITE,63.0,2023-04-16,2.75,22.91,WorthPoint
chelyabinsk-meteorite,21.0 Gram - CHELYABINSK (LL5) METEORITE - Witnessed Fall In Russia In 2013,211.05,2023-04-16,21.0,10.05,WorthPoint
chelyabinsk-meteorite,1.70g CHELYABINSK Meteorite - Historic Witnessed Fall Russia - TOP METEORITE,39.0,2023-04-15,1.7,22.94,WorthPoint
chelyabinsk-meteorite,.341 Grams 7mm 100% Crusted Individual Chelyabinsk Meteorite (LL5) Russia 2014,5.99,2023-04-07,341.0,0.02,WorthPoint
chelyabinsk-meteorite,Chelyabinsk Meteorite Sonic Blast Boom Glass W/4x6 Photo Set & Original COA,15.2,2023-03-31,,,WorthPoint
chelyabinsk-meteorite,"WWII, CHELYABINSK CITY - TANK CITY, ARKHANGELSK 11 PINS For Dariign0 Only",36.99,2023-03-21,,,WorthPoint
chelyabinsk-meteorite,Chelyabinsk Meteorite 2013 FALL 15 Feb 4.50 G Whole Fresh 100% Crusted Gem,50.0,2023-03-20,4.5,11.11,WorthPoint
chelyabinsk-meteorite,Boxed Meteorite Lot - Chelyabinsk - Nwa 869 - Sericho,26.0,2023-03-12,,,WorthPoint
chelyabinsk-meteorite,All Five .544 Total Grams Partly Crusted Chelyabinsk Meteorite (LL5) Russia 2014,7.5,2023-03-12,,,WorthPoint
chelyabinsk-meteorite,Five (5) VERY SMALL Chelyabinsk Meteorite Individuals (LL5) - 0.044 G Total,14.0,2023-03-10,0.044,318.18,WorthPoint
chelyabinsk-meteorite,32.5 Gram - CHELYABINSK (LL5) METEORITE - Witnessed Fall In Russia In 2013,365.25,2023-03-10,32.5,11.24,WorthPoint
chelyabinsk-meteorite,34.5 Gram - CHELYABINSK (LL5) METEORITE - Witnessed Fall In Russia In 2013,387.75,2023-03-10,34.5,11.24,WorthPoint
chelyabinsk-meteorite,"CHELYABINSK 1.305g Oriented Meteorite Witnessed Fall, A+ Quality, IMCA 6236 7294",43.0,2023-03-10,1.305,32.95,WorthPoint
chelyabinsk-meteorite,Cook Islands Silver 2013 $5 Chelyabinsk Meteorite Sterling Silver W/ Meteorite Fragment,88.7,2023-02-12,,,WorthPoint
chelyabinsk-meteorite,Vintage Traktor Chelyabinsk Russian Hockey Puck Made In Russia,29.99,2023-01-27,,,WorthPoint
chelyabinsk-meteorite,Chelyabinsk Meteorite LL5 .73g Chip With Great Shock Veins And A Frothy Crust,16.5,2023-01-26,73.0,0.23,WorthPoint
chelyabinsk-meteorite,Traktor Chelyabinsk Russian KHL Hockey Jersey Kapoh Lutchsport Sz 48 Russia NHL,89.99,2023-01-26,,,WorthPoint
chelyabinsk-meteorite,Nicely Crusted Chelyabinsk Meteorite Individual (LL5) - 7.2 G - FRESH,89.0,2023-01-10,7.2,12.36,WorthPoint
chelyabinsk-meteorite,.152 Grams 7mm Crusted Individual Chelyabinsk Meteorite (LL5) Russia 2014,5.5,2023-01-09,152.0,0.04,WorthPoint
chelyabinsk-meteorite,"Meteorite**Chelyabinsk, Russia LL5**2.001 Gram, Extreme Flow Lines!!! Top Piece!",102.5,2023-01-09,2.001,51.22,WorthPoint
chelyabinsk-meteorite,.860 Grams 11mm 100% Crusted Individual Chelyabinsk Meteorite (LL5) Russia 2014,6.99,2023-01-07,860.0,0.01,WorthPoint
chelyabinsk-meteorite,"Chelyabinsk Meteorite LL5, Recent Fall, Russia, Individual Impact Melt, 8.9 Gr",99.99,2023-01-05,8.9,11.23,WorthPoint
chelyabinsk-meteorite,FLIGHT MARKED Chelyabinsk Meteorite Nicely Crusted Individual (LL5) - 1.09 G,27.0,2023-01-01,1.09,24.77,WorthPoint
chelyabinsk-meteorite,2.63 Gram - Chelyabinsk Meteorite - Witnessed Fall In Russia - Fresh Specimen,66.5,2022-12-25,2.63,25.29,WorthPoint
chelyabinsk-meteorite,3.09 Gram - Chelyabinsk Meteorite - Witnessed Fall In Russia - Fresh Specimen,90.3,2022-12-25,3.09,29.22,WorthPoint
chelyabinsk-meteorite,2.92 Gram - Chelyabinsk Meteorite - Witnessed Fall In Russia - Fresh Specimen,73.5,2022-12-25,2.92,25.17,WorthPoint
chelyabinsk-meteorite,2.72 Gram - Chelyabinsk Meteorite - Witnessed Fall In Russia - Fresh Specimen,73.5,2022-12-25,2.72,27.02,WorthPoint
chelyabinsk-meteorite,3.52 Gram - Chelyabinsk Meteorite - Witnessed Fall In Russia - Fresh Specimen,73.5,2022-12-25,3.52,20.88,WorthPoint
chelyabinsk-meteorite,4.0 Gram - Chelyabinsk Meteorite - Witnessed Fall In Russia - Fresh Specimen,55.3,2022-12-25,4.0,13.82,WorthPoint
chelyabinsk-meteorite,2.98 Gram - Chelyabinsk Meteorite - Witnessed Fall In Russia - Fresh Specimen,66.5,2022-12-25,2.98,22.32,WorthPoint
chelyabinsk-meteorite,3.11 Gram - Chelyabinsk Meteorite - Witnessed Fall In Russia - Fresh Specimen,66.5,2022-12-25,3.11,21.38,WorthPoint
chelyabinsk-meteorite,2.74 Gram - Chelyabinsk Meteorite - Witnessed Fall In Russia - Fresh Specimen,73.5,2022-12-25,2.74,26.82,WorthPoint
chelyabinsk-meteorite,3.81 Gram - Chelyabinsk Meteorite - Witnessed Fall In Russia - Fresh Specimen,55.3,2022-12-25,3.81,14.51,WorthPoint
chelyabinsk-meteorite,2.81 Gram - Chelyabinsk Meteorite - Witnessed Fall In Russia - Fresh Specimen,66.5,2022-12-25,2.81,23.67,WorthPoint
chelyabinsk-meteorite,4.17 Gram - Chelyabinsk Meteorite - Witnessed Fall In Russia - Fresh Specimen,87.5,2022-12-25,4.17,20.98,WorthPoint
chelyabinsk-meteorite,2.59 Gram - Chelyabinsk Meteorite - Witnessed Fall In Russia - Fresh Specimen,59.5,2022-12-25,2.59,22.97,WorthPoint
chelyabinsk-meteorite,3.36 Gram - Chelyabinsk Meteorite - Witnessed Fall In Russia - Fresh Specimen,87.5,2022-12-25,3.36,26.04,WorthPoint
chelyabinsk-meteorite,2.65 Gram - Chelyabinsk Meteorite - Witnessed Fall In Russia - Fresh Specimen,66.5,2022-12-25,2.65,25.09,WorthPoint
chelyabinsk-meteorite,.340 Grams 7mm 100% Crusted Individual Chelyabinsk Meteorite (LL5) Russia 2014,5.99,2022-12-24,340.0,0.02,WorthPoint
chelyabinsk-meteorite,"PEROVSKITE Crystal * Achmatovsk Mine, Chelyabinsk Oblast, Russia",17.5,2022-12-22,,,WorthPoint
chelyabinsk-meteorite,"Meteorite**Chelyabinsk, Russia LL5**2.193 Gram, Extremely Fresh Oriented Piece!!",76.0,2022-12-19,2.193,34.66,WorthPoint
chelyabinsk-meteorite,.424 Grams 7mm 100% Crusted Individual Chelyabinsk Meteorite (LL5) Russia 2014,5.99,2022-12-17,424.0,0.01,WorthPoint
chelyabinsk-meteorite,Vintage USSR Russian Soviet Tank Table Desk Clock CHELYABINSK ChChZ Clear Lucite,25.0,2022-12-17,,,WorthPoint
chelyabinsk-meteorite,3.76 Gram - Chelyabinsk Meteorite - Witnessed Fall In Russia - Fresh Specimen,87.5,2022-12-16,3.76,23.27,WorthPoint
chelyabinsk-meteorite,"Chelyabinsk 2.107g Meteorite- Individual Stone, FRESH FUSION CRUSTED, A+ Quality",45.0,2022-12-13,2.107,21.36,WorthPoint
chelyabinsk-meteorite,3.73 Gram - Chelyabinsk Meteorite - Witnessed Fall In Russia - Fresh Specimen,52.5,2022-12-11,3.73,14.08,WorthPoint
chelyabinsk-meteorite,"Sapphire (Corundum) Crystal On Matrix Specimen. Chelyabinsk, Russia COA & Box",16.99,2022-12-08,,,WorthPoint
chelyabinsk-meteorite,.481 Grams 8mm 100% Crusted Individual Chelyabinsk Meteorite (LL5) Russia 2014,5.99,2022-12-05,481.0,0.01,WorthPoint
chelyabinsk-meteorite,.547 Grams 9mm 100% Crusted Individual Chelyabinsk Meteorite (LL5) Russia 2014,6.99,2022-12-05,547.0,0.01,WorthPoint
chelyabinsk-meteorite,Famous Chelyabinsk Meteorite Complete Individual.,160.0,2022-12-02,,,WorthPoint
chelyabinsk-meteorite,2.4 Gram - Chelyabinsk Meteorite - Witnessed Fall In Russia - Fresh Specimen,38.4,2022-12-02,2.4,16.0,WorthPoint
chelyabinsk-meteorite,.526 Grams 8mm 100% Crusted Individual Chelyabinsk Meteorite (LL5) With A COA,5.24,2022-12-01,526.0,0.01,WorthPoint
chelyabinsk-meteorite,Crusted Impact Melt Chelyabinsk Meteorite End Cut (LL5) - 7.8g,79.0,2022-11-30,7.8,10.13,WorthPoint
chelyabinsk-meteorite,6.63 Gram - Chelyabinsk Meteorite - Witnessed Fall In Russia - Fresh Specimen,120.0,2022-11-29,6.63,18.1,WorthPoint
chelyabinsk-meteorite,.607 Grams 13mm 100% Crusted Individual Chelyabinsk Meteorite (LL5) Russia 2014,8.99,2022-11-28,607.0,0.01,WorthPoint
chelyabinsk-meteorite,.713 Grams 10mm 100% Crusted Individual Chelyabinsk Meteorite (LL5) Russia 2014,8.99,2022-11-28,713.0,0.01,WorthPoint
chelyabinsk-meteorite,.823 Grams 10mm Crusted Individual Chelyabinsk Meteorite (LL5) Russia 2014,7.99,2022-11-28,823.0,0.01,WorthPoint
chelyabinsk-meteorite,1.32 Grams 8mm Crusted Individual Chelyabinsk Meteorite (LL5) With A COA,9.5,2022-11-28,1.32,7.2,WorthPoint
chelyabinsk-meteorite,.924 Grams 10mm Crusted Individual Chelyabinsk Meteorite (LL5) Russia 2014,8.99,2022-11-26,924.0,0.01,WorthPoint
chelyabinsk-meteorite,1.22 Gram - Chelyabinsk Meteorite - Witnessed Fall In Russia - Fresh Specimen,55.0,2022-11-26,1.22,45.08,WorthPoint
chelyabinsk-meteorite,1.41 Grams Chelyabinsk Meteorite ( LL5 ) Crusted Individual Russia 2013,14.99,2022-11-25,1.41,10.63,WorthPoint
chelyabinsk-meteorite,1.85 Grams Chelyabinsk Meteorite ( LL5 ) Crusted Individual Russia 2013,18.99,2022-11-25,1.85,10.26,WorthPoint
chelyabinsk-meteorite,.432 Grams 7mm 100% Crusted Individual Chelyabinsk Meteorite (LL5) Russia 2014,5.99,2022-11-25,432.0,0.01,WorthPoint
chelyabinsk-meteorite,.290 Grams 8mm 100% Crusted Individual Chelyabinsk Meteorite (LL5) Russia 2014,5.99,2022-11-25,290.0,0.02,WorthPoint
chelyabinsk-meteorite,"CHELYABINSK 1.487g Meteorite, GLOSSY Fusion Crust, FLOW LINES, A+ Quality",55.0,2022-11-25,1.487,36.99,WorthPoint
chelyabinsk-meteorite,Russia Chelyabinsk –ß–µ–ª—è–±–∏–Ω—Å–∫ - West Side Pre WWI Postcard,12.0,2022-11-22,,,WorthPoint
chelyabinsk-meteorite,.944 Grams Chelyabinsk Meteorite ( LL5 ) Crusted Individual Russia 2013,9.99,2022-11-21,944.0,0.01,WorthPoint
chelyabinsk-meteorite,.303 Grams 7mm 97% Crusted Individual Chelyabinsk Meteorite (LL5) Russia 2014,6.99,2022-11-21,303.0,0.02,WorthPoint
chelyabinsk-meteorite,"Chelyabinsk Meteorite & Pressure Wave Shatter Glass Set, Great For Gifts",65.95,2022-11-20,,,WorthPoint
chelyabinsk-meteorite,Impact Melt Chelyabinsk (LL5) - (2) Meteorite Part Slices Totals - 0.47 G,17.0,2022-11-18,0.47,36.17,WorthPoint
chelyabinsk-meteorite,Nicely Crusted Chelyabinsk Meteorite Individual (LL5) - 1.03 G - FRESH,22.0,2022-11-14,1.03,21.36,WorthPoint
chelyabinsk-meteorite,2.24 Gram - Chelyabinsk Meteorite - Witnessed Fall In Russia - Fresh Specimen,36.0,2022-11-14,2.24,16.07,WorthPoint
chelyabinsk-meteorite,Nicely Crusted SHOCKED Chelyabinsk Meteorite (LL5) Slice - 1.50 G,35.0,2022-11-08,1.5,23.33,WorthPoint
chelyabinsk-meteorite,5.03 Gram - Chelyabinsk Meteorite - Witnessed Fall In Russia - Fresh Specimen,79.2,2022-11-07,5.03,15.75,WorthPoint
chelyabinsk-meteorite,.801 Gram 14mm Smokey Crusted Individual Chelyabinsk Meteorite (LL5) Russia 2014,7.99,2022-11-04,801.0,0.01,WorthPoint
chelyabinsk-meteorite,1.54 Gram - Chelyabinsk Meteorite - Witnessed Fall In Russia - Fresh Specimen,41.6,2022-11-04,1.54,27.01,WorthPoint
chelyabinsk-meteorite,.501 Grams 8mm 100% Crusted Individual Chelyabinsk Meteorite (LL5) Russia 2014,8.5,2022-11-01,501.0,0.02,WorthPoint
chelyabinsk-meteorite,Genuine Chelyabinsk Meteorite (Russia) In Display Box,45.0,2022-10-31,,,WorthPoint
chelyabinsk-meteorite,"Meteorite**Chelyabinsk, Russia LL5**0.929 Gram, Extremely Fresh Fragment!!!!",11.61,2022-10-31,0.929,12.5,WorthPoint
chelyabinsk-meteorite,.325 Grams 9mm 100% Crusted Individual Chelyabinsk Meteorite (LL5) Russia 2014,5.99,2022-10-12,325.0,0.02,WorthPoint
chelyabinsk-meteorite,.515 Grams 8mm 100% Crusted Individual Chelyabinsk Meteorite (LL5) Russia 2014,7.5,2022-10-12,515.0,0.01,WorthPoint
chelyabinsk-meteorite,Vesicular Impact Chelyabinsk (LL5) - (3) Meteorite Part Slices Totals - 0.31 G,15.0,2022-10-09,0.31,48.39,WorthPoint
chelyabinsk-meteorite,Advanced Modeling 1/48 Scale Decals Su-24M/MR Chelyabinsk Eagles Pt.1 AMD148021,11.99,2022-10-09,,,WorthPoint
chelyabinsk-meteorite,Advanced Modeling 1/72 Scale Decals Su-24M/MR Chelyabinsk Eagles Pt.1 AMD172021,7.99,2022-10-09,,,WorthPoint
chelyabinsk-meteorite,Advanced Modeling 1/72 Decals Su-24M/MR Chelyabinsk Eagles Pt.2 AMD172021-1,7.99,2022-10-09,,,WorthPoint
chelyabinsk-meteorite,2.15 Grams Chelyabinsk Meteorites (LL5) Russia 2013 Crusted Individual LOT!,49.95,2022-10-07,2.15,23.23,WorthPoint
chelyabinsk-meteorite,.468 Grams 10mm 100% Crusted Individual Chelyabinsk Meteorite (LL5) Russia 2014,8.5,2022-10-06,468.0,0.02,WorthPoint
chelyabinsk-meteorite,2.47 Gram - Chelyabinsk Meteorite - Witnessed Fall In Russia - Fresh Specimen,36.0,2022-10-03,2.47,14.57,WorthPoint
chelyabinsk-meteorite,2.55 Grams Chelyabinsk Meteorites (LL5) Russia 2013 Crusted Individual LOT!,49.95,2022-09-22,2.55,19.59,WorthPoint
chelyabinsk-meteorite,Two (2) Nicely Crusted Chelyabinsk Meteorite Cut Fragments (LL5) - 0.095 G Total,12.0,2022-09-15,0.095,126.32,WorthPoint
chelyabinsk-meteorite,1.10 Grams Chelyabinsk Meteorites (LL5) Russia 2013 Fully Crusted Individual,19.95,2022-09-15,1.1,18.14,WorthPoint
chelyabinsk-meteorite,2.63 Grams Chelyabinsk Meteorite ( LL5 ) Crusted Individual Russia 2013,29.95,2022-09-15,2.63,11.39,WorthPoint
chelyabinsk-meteorite,2013 $5 Cook Islands Chelyabinsk Meteorite Silver Proof Coin,99.99,2022-09-01,,,WorthPoint
chelyabinsk-meteorite,2.01 Grams Chelyabinsk Meteorite ( LL5 ) Crusted Individual Russia 2013,20.99,2022-08-27,2.01,10.44,WorthPoint
chelyabinsk-meteorite,4.66 Grams Chelyabinsk Meteorite ( LL5 ) Crusted Individual Russia 2013 + COA,55.95,2022-08-27,4.66,12.01,WorthPoint
chelyabinsk-meteorite,Chelyabinsk LL5 Meteorite 69.72g Russian Fall Perfect Pristine Individual,1250.0,2022-08-23,69.72,17.93,WorthPoint
chelyabinsk-meteorite,1.72 Gram - Chelyabinsk Meteorite - Witnessed Fall In Russia - 2 Fresh Specimens,27.3,2022-08-19,1.72,15.87,WorthPoint
chelyabinsk-meteorite,Nicely Crusted Chelyabinsk Meteorite (LL5) Part Slice W/impact Melt - 2.50 G,45.0,2022-08-12,2.5,18.0,WorthPoint
chelyabinsk-meteorite,Chelyabinsk Meteorite & Pressure Wave Shatter Glass Set: GREAT FOR GIFTS!!!,65.0,2022-08-11,,,WorthPoint
chelyabinsk-meteorite,0.79 Gram - Chelyabinsk Meteorite - Witnessed Fall In Russia - Fresh Specimen,20.0,2022-08-08,0.79,25.32,WorthPoint
chelyabinsk-meteorite,2013 Cook Island Chelyabinsk Meteorite Proof Coin,189.0,2022-08-07,,,WorthPoint
chelyabinsk-meteorite,Three(3) Oriented Crusted Chelyabinsk Meteorite Individuals (LL5) - 1.19 G Total,22.0,2022-08-07,1.19,18.49,WorthPoint
chelyabinsk-meteorite,Nicely Shaped Chelyabinsk Meteorites (2) Crusted Individuals (LL5) - Total 0.78g,19.0,2022-08-07,0.78,24.36,WorthPoint
chelyabinsk-meteorite,Topherspin Meteorite Chelyabinsk Pressure Wave Shatter Glass Photo Gift Set,90.0,2022-08-04,,,WorthPoint
chelyabinsk-meteorite,.615 Grams Chelyabinsk Meteorite ( LL5 ) Crusted Individual Russia 2013,5.99,2022-08-03,615.0,0.01,WorthPoint
chelyabinsk-meteorite,.554 Grams Chelyabinsk Meteorite ( LL5 ) Crusted Individual Russia 2013,5.99,2022-08-03,554.0,0.01,WorthPoint
chelyabinsk-meteorite,Five(5) Nicely Crusted Chelyabinsk Meteorite Cut Fragments (LL5) - 0.55 G Total,15.0,2022-08-02,0.55,27.27,WorthPoint
chelyabinsk-meteorite,Nice Chelyabinsk (LL5) Meteorite Crusted Part Slice - 1.62 G,25.0,2022-08-02,1.62,15.43,WorthPoint
chelyabinsk-meteorite,3.81 Grams Chelyabinsk Meteorite ( LL5 ) Crusted Individual Russia 2013,38.99,2022-08-02,3.81,10.23,WorthPoint
chelyabinsk-meteorite,2.30 Grams Chelyabinsk Meteorite ( LL5 ) Crusted Individual Russia 2013,27.0,2022-08-01,2.3,11.74,WorthPoint
chelyabinsk-meteorite,56 Grams Fresh Crusted Chelyabinsk Meteorite,450.0,2022-07-31,56.0,8.04,WorthPoint
chelyabinsk-meteorite,.724 Grams Chelyabinsk Meteorite ( LL5 ) Crusted Individual Russia 2013,6.99,2022-07-30,724.0,0.01,WorthPoint
chelyabinsk-meteorite,3.75 Gram - Chelyabinsk Meteorite - Witnessed Fall In Russia - 2 Fresh Specimens,60.8,2022-07-27,3.75,16.21,WorthPoint
chelyabinsk-meteorite,2.18 Gram - Chelyabinsk Meteorite - Witnessed Fall In Russia - 2 Fresh Specimens,36.0,2022-07-27,2.18,16.51,WorthPoint
chelyabinsk-meteorite,2.95 Gram - Chelyabinsk Meteorite - Witnessed Fall In Russia - 3 Fresh Specimens,48.0,2022-07-27,2.95,16.27,WorthPoint
chelyabinsk-meteorite,Oriented Crusted Chelyabinsk Meteorite Individual (LL5) - 0.59 G - FRESH(w/chip),22.0,2022-07-27,0.59,37.29,WorthPoint
chelyabinsk-meteorite,CHELYABINSK Meteorite Pressure Wave Shattered Glass!! **GLASS ONLY** 8.5x11 COA,25.0,2022-07-25,,,WorthPoint
chelyabinsk-meteorite,Bullet-like Oriented Chelyabinsk Meteorite Crusted Individual (LL5) - 19.6 G,239.0,2022-07-24,19.6,12.19,WorthPoint
chelyabinsk-meteorite,1.48 Grams Chelyabinsk Meteorite ( LL5 ) Fully Crusted Individual Russia 2013,11.99,2022-07-20,1.48,8.1,WorthPoint
chelyabinsk-meteorite,Nicely Crusted Flight-Shaped Chelyabinsk Meteorite Individual (LL5) - 11.4 G,135.0,2022-07-09,11.4,11.84,WorthPoint
chelyabinsk-meteorite,Nicely Crusted-Shocked Chelyabinsk Meteorite Individual (LL5) - 27.0 G W/REGS!,269.0,2022-07-09,27.0,9.96,WorthPoint
chelyabinsk-meteorite,1.88 Gram - Chelyabinsk Meteorite - Witnessed Fall In Russia - Fresh Specimen,24.0,2022-07-09,1.88,12.77,WorthPoint
chelyabinsk-meteorite,1.13 Grams Chelyabinsk Meteorite ( LL5 ) Crusted Individual Russia 2013,11.99,2022-07-08,1.13,10.61,WorthPoint
chelyabinsk-meteorite,1.09 Grams Chelyabinsk Meteorite ( LL5 ) Crusted Individual Russia 2013,9.99,2022-07-03,1.09,9.17,WorthPoint
chelyabinsk-meteorite,4.59 Gram - Chelyabinsk Meteorite - Witnessed Fall In Russia - Fresh Specimen,72.0,2022-07-02,4.59,15.69,WorthPoint
chelyabinsk-meteorite,Crusted Shocked Chelyabinsk Meteorite SPLIT Individual (LL5) - 6.2/3.9 G - FRESH,115.0,2022-06-29,3.9,29.49,WorthPoint
chelyabinsk-meteorite,2.54 Gram - Chelyabinsk Meteorite - Witnessed Fall In Russia - 5 Fresh Specimens,48.0,2022-06-28,2.54,18.9,WorthPoint
chelyabinsk-meteorite,2.90 Gram - Chelyabinsk Meteorite - Witnessed Fall In Russia - 5 Fresh Specimens,44.0,2022-06-28,2.9,15.17,WorthPoint
chelyabinsk-meteorite,1.49 Gram - Chelyabinsk Meteorite - Witnessed Fall In Russia - 3 Fresh Specimens,24.0,2022-06-28,1.49,16.11,WorthPoint
chelyabinsk-meteorite,2.5 Gram - Chelyabinsk Meteorite - Witnessed Fall In Russia - Fresh Specimen,40.0,2022-06-26,2.5,16.0,WorthPoint
chelyabinsk-meteorite,RUSSIA RUSSLAND Chelyabinsk VINTAGE POSTCARD USED 2047,20.0,2022-06-23,,,WorthPoint
chelyabinsk-meteorite,3.69 Gram - Chelyabinsk Meteorite - Witnessed Fall In Russia - Fresh Specimen,63.2,2022-06-13,3.69,17.13,WorthPoint
chelyabinsk-meteorite,.451 Grams Chelyabinsk Meteorite ( LL5 ) Crusted Individual Russia 2013,6.99,2022-06-13,451.0,0.02,WorthPoint
chelyabinsk-meteorite,SUPERB Chelyabinsk Meteorite (LL5) Part End Cut W/impact Melt - 6.9 G,119.0,2022-06-12,6.9,17.25,WorthPoint
chelyabinsk-meteorite,0.87 Gram - Chelyabinsk Meteorite - Witnessed Fall In Russia - Fresh Specimen,15.2,2022-06-09,0.87,17.47,WorthPoint
chelyabinsk-meteorite,2.66 Gram - Chelyabinsk Meteorite - Witnessed Fall In Russia - Fresh Specimen,41.6,2022-05-31,2.66,15.64,WorthPoint
chelyabinsk-meteorite,LATVIA: 1921 Postcard - Koknese Provisional Cancel W/Postage Due - Chelyabinsk,9.95,2022-05-24,,,WorthPoint
chelyabinsk-meteorite,"Very Tiny SPECK Of The 2013 CHELYABINSK METEOR Air Burst Blast Meteorite, Russia",14.45,2022-05-24,,,WorthPoint
chelyabinsk-meteorite,"Chelyabinsk Meteorite LL5, Recent Fall, Russia, Endcut, 38.9 Grams",269.99,2022-05-23,38.9,6.94,WorthPoint
chelyabinsk-meteorite,"Chelyabinsk Meteorite. 15.35g Polished Full Slice, 2013 Witnessed Fall.",148.05,2022-05-23,15.35,9.64,WorthPoint
chelyabinsk-meteorite,1.19 Gram - Chelyabinsk Meteorite - Witnessed Fall In Russia - Fresh Specimen,20.0,2022-05-21,1.19,16.81,WorthPoint
chelyabinsk-meteorite,Nicely Shaped Chelyabinsk Meteorite 100% Crusted Individual (LL5) - 0.42 G FRESH,19.0,2022-05-12,0.42,45.24,WorthPoint
chelyabinsk-meteorite,Five (5) Nicely Crusted Chelyabinsk Meteorite Individuals (LL5) - 2.0 G Total,35.0,2022-05-11,2.0,17.5,WorthPoint
chelyabinsk-meteorite,.132 Grams 5mm 100% Crusted Individual Chelyabinsk Meteorite (LL5) Russia 2014,8.27,2022-05-05,132.0,0.06,WorthPoint
chelyabinsk-meteorite,4.73 Gram - Chelyabinsk Meteorite - Witnessed Fall In Russia - Fresh Specimen,99.0,2022-05-04,4.73,20.93,WorthPoint
chelyabinsk-meteorite,1.32 Gram - Chelyabinsk Meteorite - Witnessed Fall In Russia - Fresh Specimen,25.0,2022-05-02,1.32,18.94,WorthPoint
chelyabinsk-meteorite,0.97 Gram - Chelyabinsk Meteorite - Witnessed Fall In Russia - Fresh Specimen,20.0,2022-05-02,0.97,20.62,WorthPoint
chelyabinsk-meteorite,0.99 Gram - Chelyabinsk Meteorite - Witnessed Fall In Russia - Fresh Specimen,20.0,2022-05-02,0.99,20.2,WorthPoint
chelyabinsk-meteorite,Nicely Crusted Chelyabinsk Meteorite Individual (LL5) - 0.71 G - FRESH,25.0,2022-05-02,0.71,35.21,WorthPoint
chelyabinsk-meteorite,2013 Cook Islands Chelyabinsk Meteorite Coin,225.0,2022-04-26,,,WorthPoint
chelyabinsk-meteorite,Chelyabinsk Meteorite Medal,60.0,2022-04-22,,,WorthPoint
chelyabinsk-meteorite,"Beautiful Meteorite Chelyabinsk ""Russia"" Chondrite ""Stony Meteorite"", 5.70g",124.0,2022-04-20,5.7,21.75,WorthPoint
chelyabinsk-meteorite,Flames Of War SU060 15mm T-34 Obr 1942 ChkZ (Chelyabinsk) Version,13.0,2022-04-11,,,WorthPoint
chelyabinsk-meteorite,Excellent Chelyabinsk Meteorite 100% Crusted Individual (LL5) - 1.77 G - FRESH,40.0,2022-04-09,1.77,22.6,WorthPoint
chelyabinsk-meteorite,15.1g Chelyabinsk LL5 Ordinary Chondrite... Classic Witnessed Fall!!!,160.0,2022-04-08,15.1,10.6,WorthPoint
chelyabinsk-meteorite,Very Nice Chelyabinsk (LL5) Thin Meteorite Slice - 0.50 G,29.0,2022-04-06,0.5,58.0,WorthPoint
chelyabinsk-meteorite,Nicely Crusted Chelyabinsk Meteorite (LL5) Part End Cut W/impact Melt - 3.05 G,49.0,2022-04-05,3.05,16.07,WorthPoint
chelyabinsk-meteorite,Nice Chelyabinsk (LL5) Meteorite Crusted Part Slice - 1.99 G,29.0,2022-04-05,1.99,14.57,WorthPoint
chelyabinsk-meteorite,FLAT ORIENTED Chelyabinsk Meteorite Nicely Crusted Individual (LL5) - 1.20 G,35.0,2022-04-04,1.2,29.17,WorthPoint
chelyabinsk-meteorite,Chelyabinsk Meteorite - LL5. 3.54 Grams Famous Witnessed Fall Russia 2013 + COA,55.0,2022-03-31,3.54,15.54,WorthPoint
chelyabinsk-meteorite,Nice Fragment Of IMPACT MELT Chelyabinsk Meteorite 3.24 G (LL5),29.0,2022-03-28,3.24,8.95,WorthPoint
chelyabinsk-meteorite,1.23 Grams Chelyabinsk Meteorite ( LL5 ) Crusted Individual Russia 2013 + COA,14.99,2022-03-27,1.23,12.19,WorthPoint
chelyabinsk-meteorite,.456 Grams Chelyabinsk Meteorite ( LL5 ) Crusted Individual Russia 2013,6.99,2022-03-27,456.0,0.02,WorthPoint
chelyabinsk-meteorite,.348 Grams Chelyabinsk Meteorite ( LL5 ) Crusted Individual Russia 2013,5.99,2022-03-27,348.0,0.02,WorthPoint
chelyabinsk-meteorite,Impact Melt Chelyabinsk Meteorite Individual (LL5) - 7.2 G NICE !,59.0,2022-03-21,7.2,8.19,WorthPoint
chelyabinsk-meteorite,5.45 Gram - Chelyabinsk Meteorite - Witnessed Fall In Russia - Fresh Specimens,79.2,2022-03-09,5.45,14.53,WorthPoint
chelyabinsk-meteorite,6.96 Grams Chelyabinsk Meteorite ( LL5 ) Crusted Individual Russia 2013,59.95,2022-03-07,6.96,8.61,WorthPoint
chelyabinsk-meteorite,Super Nice Chelyabinsk Meteorite 100% Crusted Individual (LL5) - 0.57 G - FRESH,17.0,2022-03-02,0.57,29.82,WorthPoint
chelyabinsk-meteorite,3.91 Grams Chelyabinsk Meteorite ( LL5 ) Crusted Individual Russia 2013 + COA,45.95,2022-03-02,3.91,11.75,WorthPoint
chelyabinsk-meteorite,Chelyabinsk LL5 Chondrite Meteorite Oriented Individual Russia 0.25 Grams,9.75,2022-02-27,0.25,39.0,WorthPoint
chelyabinsk-meteorite,2.93 Grams Chelyabinsk Meteorite ( LL5 ) Crusted Individual Russia 2013 + COA,55.99,2022-02-27,2.93,19.11,WorthPoint
chelyabinsk-meteorite,4.36 Gram - Chelyabinsk Meteorite - Witnessed Fall In Russia - Fresh Specimen,89.0,2022-02-26,4.36,20.41,WorthPoint
chelyabinsk-meteorite,2.62 Gram - Chelyabinsk Meteorite - Witnessed Fall In Russia - Fresh Specimens,20.0,2022-02-25,2.62,7.63,WorthPoint
chelyabinsk-meteorite,Dmitri Tertyshny Traktor Chelyabinsk Game Worn/issued KHL Jersey! 9186,199.0,2022-02-24,,,WorthPoint
chelyabinsk-meteorite,Meteorite**Chelyabinsk; LL5**3.035 Gram Flight Oriented Witnessed Fall 02/15/13,36.0,2022-02-22,3.035,11.86,WorthPoint
chelyabinsk-meteorite,.098 Grams Chelyabinsk Meteorite ( LL5 ) Fully Crusted Individual Russia 2013,6.0,2022-02-16,98.0,0.06,WorthPoint
chelyabinsk-meteorite,16.6g Chelyabinsk LL5 Ordinary Chondrite... Classic Witnessed Fall!!!,170.0,2022-02-10,16.6,10.24,WorthPoint
chelyabinsk-meteorite,Traktor Chelyabinsk Russian Hockey Jersey,39.99,2022-02-01,,,WorthPoint
chelyabinsk-meteorite,.440 Grams 8mm 100% Crusted Individual Chelyabinsk Meteorite (LL5) Russia 2014,8.49,2022-02-01,440.0,0.02,WorthPoint
chelyabinsk-meteorite,.126 Grams 6mm 100% Crusted Individual Chelyabinsk Meteorite (LL5) Russia 2014,5.99,2022-02-01,126.0,0.05,WorthPoint
chelyabinsk-meteorite,Chelyabinsk LL5 Chondrite Meteorite Lot Oriented Individuals Russia 2.67 Grams,59.75,2022-01-30,2.67,22.38,WorthPoint
chelyabinsk-meteorite,.366 Grams 8mm 100% Crusted Individual Chelyabinsk Meteorite (LL5) Russia 2014,7.99,2022-01-29,366.0,0.02,WorthPoint
chelyabinsk-meteorite,.351 Grams 7mm 100% Crusted Individual Chelyabinsk Meteorite (LL5) Russia 2014,7.99,2022-01-27,351.0,0.02,WorthPoint
chelyabinsk-meteorite,.218 Grams 6mm 100% Crusted Individual Chelyabinsk Meteorite (LL5) Russia 2014,7.5,2022-01-27,218.0,0.03,WorthPoint
chelyabinsk-meteorite,.263 Grams Chelyabinsk Meteorite ( LL5 ) Fully Crusted Individual Russia 2013,7.0,2022-01-23,263.0,0.03,WorthPoint
chelyabinsk-meteorite,Super Nice Chelyabinsk Meteorite 95% Crusted Individual (LL5) - 8.31 G - FRESH,99.0,2022-01-22,8.31,11.91,WorthPoint
chelyabinsk-meteorite,Impact Melt Chelyabinsk Meteorite Individual (LL5) - 4.0 G NICE !,35.0,2022-01-21,4.0,8.75,WorthPoint
chelyabinsk-meteorite,.0675 Grams 6mm 100% Crusted Individual Chelyabinsk Meteorite (LL5) Russia 2014,5.0,2022-01-19,675.0,0.01,WorthPoint
chelyabinsk-meteorite,.267 Grams 7mm 100% Crusted Individual Chelyabinsk Meteorite (LL5) Russia 2014,7.0,2022-01-19,267.0,0.03,WorthPoint
chelyabinsk-meteorite,"PYROCHLORE Crystals * Vishnevye Mountains, Chelyabinsk Oblast, Russia",41.0,2022-01-13,,,WorthPoint
chelyabinsk-meteorite,.417 Grams Chelyabinsk Meteorite ( LL5 ) Fully Crusted Individual Russia 2013,9.0,2022-01-12,417.0,0.02,WorthPoint
chelyabinsk-meteorite,".313 Grams 9mm 100% ""Smokey"" Crusted Individual Chelyabinsk Meteorite (LL5) +COA",7.5,2022-01-12,313.0,0.02,WorthPoint
chelyabinsk-meteorite,Chelyabinsk Polar Bears Traktor UCKA GRR Bear IHL Hockey Puck Russia Twin Eagles,6.0,2022-01-11,,,WorthPoint
chelyabinsk-meteorite,Topherspin Meteorites CHELYABINSK 2.39g WITNESSED FALL Crusted Individual Stone,29.0,2022-01-08,2.39,12.13,WorthPoint
chelyabinsk-meteorite,Topherspin Meteorites CHELYABINSK 2.34g WITNESSED FALL Crusted Individual Stone,28.0,2022-01-08,2.34,11.97,WorthPoint
chelyabinsk-meteorite,RARE RUSSIAN FEDERATION LICENSE PLATE RUSSIA #H609TX174 Chelyabinsk Oblast,30.99,2022-01-06,,,WorthPoint
chelyabinsk-meteorite,.257 Grams 11m 98% Crusted Individual Chelyabinsk Meteorite (LL5) Russia 2014,5.9,2022-01-04,257.0,0.02,WorthPoint
chelyabinsk-meteorite,.176 Grams 6mm 100% Crusted Individual Chelyabinsk Meteorite (LL5) Russia 2014,6.5,2022-01-04,176.0,0.04,WorthPoint
chelyabinsk-meteorite,.118 Grams 5mm 100% Crusted Individual Chelyabinsk Meteorite (LL5) Russia 2014,5.5,2022-01-04,118.0,0.05,WorthPoint
chelyabinsk-meteorite,.133 Grams 6mm 100% Crusted Individual Chelyabinsk Meteorite (LL5) Russia 2014,5.5,2022-01-04,133.0,0.04,WorthPoint
chelyabinsk-meteorite,.231 Grams Chelyabinsk Meteorite ( LL5 ) Fully Crusted Individual Russia 2013,6.5,2021-12-26,231.0,0.03,WorthPoint
chelyabinsk-meteorite,.274 Grams Chelyabinsk Meteorite ( LL5 ) Fully Crusted Individual Russia 2013,6.5,2021-12-26,274.0,0.02,WorthPoint
chelyabinsk-meteorite,".340 Grams 8mm ""Smokey"" Crusted Fragment Chelyabinsk Meteorite (LL5) COA",5.0,2021-12-24,340.0,0.01,WorthPoint
chelyabinsk-meteorite,".459 Grams 8mm ""Smokey"" Crusted Fragment Chelyabinsk Meteorite (LL5) COA",6.5,2021-12-24,459.0,0.01,WorthPoint
chelyabinsk-meteorite,".689 Grams 10mm 100% ""Smokey"" Crusted Individual Chelyabinsk Meteorite (LL5) COA",10.0,2021-12-24,689.0,0.01,WorthPoint
chelyabinsk-meteorite,.578 Grams Chelyabinsk Meteorite ( LL5 ) Crusted Individual Fell In Russia 2013,8.65,2021-12-20,578.0,0.01,WorthPoint
chelyabinsk-meteorite,CHELYABINSK 10.25g Meteorite Witnessed Fall IIMPACT MELT INDIVIDUAL IMCA #6236,98.0,2021-12-18,10.25,9.56,WorthPoint
chelyabinsk-meteorite,Super Nice Chelyabinsk Meteorite 98% Crusted Individual (LL5) - 8.5 G ‚òÑ,100.0,2021-12-16,8.5,11.76,WorthPoint
chelyabinsk-meteorite,CHELYABINSK Meteorite Chondrite 2013 Russian Fall 4.5 Gram W/COA SDB E172,99.99,2021-12-16,4.5,22.22,WorthPoint
chelyabinsk-meteorite,"1949 June 11, Kunashak L6 Meteorite, Chelyabinsk, Russia 2.89 Grams Hammer Stone",32.0,2021-12-12,2.89,11.07,WorthPoint
chelyabinsk-meteorite,.331 Grams 8mm 100% Crusted Individual Chelyabinsk Meteorite (LL5) Russia 2014,6.5,2021-12-02,331.0,0.02,WorthPoint
chelyabinsk-meteorite,.244 Grams 6m 100% Crusted Individual Chelyabinsk Meteorite (LL5) Russia 2014,6.2,2021-11-24,244.0,0.03,WorthPoint
chelyabinsk-meteorite,Meteorite Chelyabinsk .63 Grams Of The Meteorite That Rocked Russia,9.45,2021-11-24,63.0,0.15,WorthPoint
chelyabinsk-meteorite,.517 Grams Chelyabinsk Meteorite ( LL5 ) Crusted Individual Fell In Russia 2013,7.75,2021-11-23,517.0,0.01,WorthPoint
chelyabinsk-meteorite,.425 Grams Chelyabinsk Meteorite ( LL5 ) Crusted Individual Fell In Russia 2013,6.35,2021-11-23,425.0,0.01,WorthPoint
chelyabinsk-meteorite,Traktor Chelyabinsk Evgeny Kuznetsov KHL PRO Lutch Hockey Jersey Size 56,150.0,2021-11-19,,,WorthPoint
chelyabinsk-meteorite,"CHELYABINSK 3.03g Meteorite, Witnessed Fall, Crusted Individual, IMCA #6236",37.0,2021-11-19,3.03,12.21,WorthPoint
chelyabinsk-meteorite,"Chelyabinsk Melt 13g, Full Polished Slice. 2013 Witnessed Meteorite Fall!",130.0,2021-11-12,13.0,10.0,WorthPoint
chelyabinsk-meteorite,AWESOME Oriented Chelyabinsk Meteorite 100% Crusted Individual (LL5) - 7.91 G,99.0,2021-11-10,7.91,12.52,WorthPoint
chelyabinsk-meteorite,Chad - 2020 Chelyabinsk Meteorites - Stamp Souvenir Sheet - TCH200313b,11.8,2021-11-08,,,WorthPoint
chelyabinsk-meteorite,"Chelyabinsk Meteorite LL5, Recent Fall, Russia, Lot Excellent Individuals 20.8 G",249.99,2021-11-06,20.8,12.02,WorthPoint
chelyabinsk-meteorite,"Chelyabinsk Melt 16.4g, Full Polished Slice. 2013 Witnessed Meteorite Fall!",195.0,2021-11-04,16.4,11.89,WorthPoint
chelyabinsk-meteorite,"Meteorite**Chelyabinsk; LL5**2.429 Gram Oriented Witnessed Fall!! Feb,15 2013",30.31,2021-11-03,2.429,12.48,WorthPoint
chelyabinsk-meteorite,0.554 G Chelyabinsk Lot W/COA - LL5 Chondrite Witnessed Fall! Russian Meteorites,10.0,2021-10-31,0.554,18.05,WorthPoint
chelyabinsk-meteorite,.143 Grams 6mm 100% Crusted Individual Chelyabinsk Meteorite (LL5) Russia 2014,5.9,2021-10-25,143.0,0.04,WorthPoint
chelyabinsk-meteorite,Nice ! IMPACT MELT Chelyabinsk Meteorite 1.62 G Slice (LL5),32.0,2021-10-25,1.62,19.75,WorthPoint
chelyabinsk-meteorite,Nice ! IMPACT MELT Chelyabinsk Meteorite 2.38 G End Cut (LL5),27.0,2021-10-21,2.38,11.34,WorthPoint
chelyabinsk-meteorite,"Chelyabinsk LL5 Chondrite Meteorite Lot Chelyabinskaya, Russia 5.38 Grams",74.75,2021-10-17,5.38,13.89,WorthPoint
chelyabinsk-meteorite,"CHELYABINSK Meteorite Chondrite LL5, Russia 2013, 97g",1122.0,2021-10-12,97.0,11.57,WorthPoint
chelyabinsk-meteorite,.063 Grams 4mm 100% Crusted Individual Chelyabinsk Meteorite (LL5) Russia 2014,5.0,2021-10-11,63.0,0.08,WorthPoint
chelyabinsk-meteorite,.049 Grams 5mm 100% Crusted Individual Chelyabinsk Meteorite (LL5) Russia 2014,5.0,2021-10-11,49.0,0.1,WorthPoint
chelyabinsk-meteorite,"CHELYABINSK 7.14g Meteorite, Witnessed Fall, Crusted Individual With Flow Lines",90.0,2021-10-03,7.14,12.61,WorthPoint
chelyabinsk-meteorite,Oriented Chelyabinsk Meteorite 70% Crusted Individual (LL5) - 2.49 G - FRESH,32.0,2021-10-01,2.49,12.85,WorthPoint
chelyabinsk-meteorite,"Meteorite Chelyabinsk, Russia Fall 2013 Chondrite Ll5, 35g, Provenance",299.99,2021-09-27,35.0,8.57,WorthPoint
chelyabinsk-meteorite,"5g Lot, Chelyabinsk Meteorite Peas, CRUSTED INDIVIDUALS, Fell Feb 15th 2013!",26.93,2021-09-19,5.0,5.39,WorthPoint
chelyabinsk-meteorite,.526 Grams Chelyabinsk Meteorite ( LL5 ) Crusted Individual Fell In Russia 2013,7.89,2021-09-18,526.0,0.01,WorthPoint
chelyabinsk-meteorite,"KHL Traktor Chelyabinsk Alternative Jersey ""Kids Night"" Hockey Jersey.",115.0,2021-09-13,,,WorthPoint
chelyabinsk-meteorite,"Russia 2019, Postcard, Kleiner Planet Chelyabinsk (Asteroid Nr. 21088), VF-XF !",5.75,2021-09-07,,,WorthPoint
chelyabinsk-meteorite,"Meteorite**Chelyabinsk; LL5**0.798 Gram Oriented Witnessed Fall!! Feb,15 2013",5.99,2021-08-30,0.798,7.51,WorthPoint
chelyabinsk-meteorite,"Meteorite**Chelyabinsk; LL5**1.398 Gram, Oriented Witnessed Fall!!! Feb,15 2013",26.0,2021-08-30,1.398,18.6,WorthPoint
chelyabinsk-meteorite,"Meteorite**Chelyabinsk; LL5**0.857 Gram Oriented Witnessed Fall!! Feb,15 2013",8.5,2021-08-30,0.857,9.92,WorthPoint
chelyabinsk-meteorite,Chelyabinsk Meteorite 2013 FALL 15 Feb 8.06 G Whole Fresh 90% Crusted Gem,80.0,2021-08-24,8.06,9.93,WorthPoint
chelyabinsk-meteorite,"Meteorite**Chelyabinsk; LL5**0.658 Gram Oriented Witnessed Fall!! Feb,15 2013",5.99,2021-08-23,0.658,9.1,WorthPoint
chelyabinsk-meteorite,"Meteorite**Chelyabinsk; LL5**0.716 Gram Oriented Witnessed Fall!! Feb,15 2013",6.99,2021-08-23,0.716,9.76,WorthPoint
chelyabinsk-meteorite,Vintage Old Pinback Airplane Antonov An-2 .CHELYABINSK AIRPORT.LOGO AEROFLOT.,6.99,2021-08-22,,,WorthPoint
chelyabinsk-meteorite,1.74 G Chelyabinsk W/COA - LL5 Chondrite Slice Russia Witnessed Fall Meteorite,37.0,2021-08-18,1.74,21.26,WorthPoint
chelyabinsk-meteorite,RUSSIA: 1908 Postcard; Omsk - Chelyabinsk Railroad Station Cancel To England,13.0,2021-08-18,,,WorthPoint
chelyabinsk-meteorite,RUSSIA: 1909 Postcard From Omsk W/Chelyabinsk Railroad Station Cancel To EGYPT,8.27,2021-08-18,,,WorthPoint
chelyabinsk-meteorite,.304 Grams 10mm 100% Crusted Individual Chelyabinsk Meteorite (LL5) Russia 2014,7.5,2021-08-17,304.0,0.02,WorthPoint
chelyabinsk-meteorite,Unique Fragment Of IMPACT MELT Chelyabinsk Meteorite 3.68 G (LL5),39.0,2021-08-14,3.68,10.6,WorthPoint
chelyabinsk-meteorite,"Meteorite**Chelyabinsk; LL5**0.918 Gram Oriented Witnessed Fall!! Feb,15 2013",10.51,2021-08-09,0.918,11.45,WorthPoint
chelyabinsk-meteorite,Chelyabinsk Meteorite Pressure Wave Shattered Glass!! -- Full Color 8.5x11 COA,15.0,2021-08-08,,,WorthPoint
chelyabinsk-meteorite,.243 Grams 7mm 100% Crusted Individual Chelyabinsk Meteorite (LL5) Russia 2014,6.8,2021-08-07,243.0,0.03,WorthPoint
chelyabinsk-meteorite,"Meteorite**Chelyabinsk; LL5**1.444 Gram Oriented Witnessed Fall!! Feb,15 2013",33.0,2021-08-02,1.444,22.85,WorthPoint
chelyabinsk-meteorite,.474 Grams Chelyabinsk Meteorite ( LL5 ) Crusted Individual Fell In Russia 2013,7.0,2021-07-28,474.0,0.01,WorthPoint
chelyabinsk-meteorite,Framed Display Of A Chelyabinsk Meteorite ‚òÑÔ∏èü™êPerfect GIFT ü™ê‚òÑÔ∏è,19.99,2021-07-19,,,WorthPoint
chelyabinsk-meteorite,.537 Grams 8mm Crusted Individual Chelyabinsk Meteorite (LL5) Russia 2014,6.99,2021-07-18,537.0,0.01,WorthPoint
chelyabinsk-meteorite,.439 Grams 7mm 100% Crusted Individual Chelyabinsk Meteorite (LL5) Russia 2014,8.5,2021-07-18,439.0,0.02,WorthPoint
chelyabinsk-meteorite,.288 Grams 8mm 100% Crusted Individual Chelyabinsk Meteorite (LL5) Russia 2014,7.5,2021-07-18,288.0,0.03,WorthPoint
chelyabinsk-meteorite,.481 Grams 9mm 100% Crusted Individual Chelyabinsk Meteorite (LL5) Russia 2014,8.8,2021-07-18,481.0,0.02,WorthPoint
chelyabinsk-meteorite,Chelyabinsk - Partially Crusted Part Slice (LL5) - 2.39 G,26.0,2021-07-15,2.39,10.88,WorthPoint
chelyabinsk-meteorite,2.33 Gram - CHELYABINSK METEORITE (LL5 Chondrite) Fell In 2013 In Russia,29.99,2021-07-15,2.33,12.87,WorthPoint
chelyabinsk-meteorite,"Bolona Collection Chevkinite-(Ce) Vishnevye Mtns, Chelyabinsk, Russia 212",12.15,2021-07-13,,,WorthPoint
chelyabinsk-meteorite,.161 Grams 7mm 100% Crusted Individual Chelyabinsk Meteorite (LL5) Russia 2014,5.9,2021-07-07,161.0,0.04,WorthPoint
chelyabinsk-meteorite,IMPACT MELT Chelyabinsk Meteorite 1.85 G Slice (LL5),22.0,2021-07-05,1.85,11.89,WorthPoint
chelyabinsk-meteorite,Crusted-brecciated Chelyabinsk Meteorite Cut Fragment (LL5) - 0.80 G,18.0,2021-07-05,0.8,22.5,WorthPoint
chelyabinsk-meteorite,Chelyabinsk - Nicely Crusted Small End Cut (LL5) - 0.37 G,12.0,2021-07-05,0.37,32.43,WorthPoint
chelyabinsk-meteorite,IMPACT MELT Chelyabinsk Meteorite 4.72 G End Cut (LL5),49.0,2021-07-05,4.72,10.38,WorthPoint
chelyabinsk-meteorite,"1938 Press Photo Worker Drives Gas Tractor Built In Chelyabinsk, Russia",22.88,2021-07-04,,,WorthPoint
chelyabinsk-meteorite,"Meteorite**Chelyabinsk; IMB**1.587 Gram, Oriented Witnessed Fall!!! Feb,15 2013",10.5,2021-06-28,1.587,6.62,WorthPoint
chelyabinsk-meteorite,"Meteorite**Chelyabinsk; LL5**1.849 Gram, Oriented Witnessed Fall!!! Feb,15 2013",10.5,2021-06-28,1.849,5.68,WorthPoint
chelyabinsk-meteorite,.633 Grams Chelyabinsk Meteorite ( LL5 ) Crusted Individual Fell In Russia 2013,9.5,2021-06-26,633.0,0.02,WorthPoint
chelyabinsk-meteorite,.105 Grams Chelyabinsk Meteorite ( LL5 ) Fully Crusted Individual Russia 2013,6.0,2021-06-24,105.0,0.06,WorthPoint
chelyabinsk-meteorite,.121 Grams Chelyabinsk Meteorite ( LL5 ) Fully Crusted Individual Russia 2013,6.5,2021-06-24,121.0,0.05,WorthPoint
chelyabinsk-meteorite,REALLY Nice Chelyabinsk Meteorite Crusted Individual (LL5) - 9.00 G - FRESH,89.0,2021-06-16,9.0,9.89,WorthPoint
chelyabinsk-meteorite,Chelyabinsk Meteorite Chondrite LL5 Fall 2013 Russia 7.2g Full Specimen,41.0,2021-06-15,7.2,5.69,WorthPoint
chelyabinsk-meteorite,"Meteorite**Chelyabinsk; LL5**6.577 Gram, Oriented Witnessed Fall!!! Feb,15 2013",63.87,2021-06-14,6.577,9.71,WorthPoint
chelyabinsk-meteorite,CHELYABINSK 6.9g Fusion Crusted Stone Fell 2013 In Russia,42.0,2021-06-12,6.9,6.09,WorthPoint
chelyabinsk-meteorite,"Meteorite**Chelyabinsk; LL5**2.897 Gram,W/Blue Crust,Witnessed Fall! Feb,15 2013",39.99,2021-06-11,2.897,13.8,WorthPoint
chelyabinsk-meteorite,1.56 Gram - CHELYABINSK METEORITE (LL5 Chondrite) Fell In 2013 In Russia,19.99,2021-06-10,1.56,12.81,WorthPoint
chelyabinsk-meteorite,"Meteorite Lot Of 6 W/COAs Chelyabinsk, Tamdakht, NWA 6859, 7977, 11263 & Tahoka",89.0,2021-06-09,,,WorthPoint
chelyabinsk-meteorite,.652 Grams Chelyabinsk Meteorite ( LL5 ) Crusted Individual Fell In Russia 2013,9.75,2021-06-09,652.0,0.01,WorthPoint
chelyabinsk-meteorite,2.49 Gram - CHELYABINSK METEORITE (LL5 Chondrite) Fell In 2013 In Russia,29.99,2021-06-08,2.49,12.04,WorthPoint
chelyabinsk-meteorite,Chelyabinsk - Partially Crusted Shocked Slice (LL5) - 1.44 G,21.0,2021-06-05,1.44,14.58,WorthPoint
chelyabinsk-meteorite,Large Chelyabinsk Meteorite,575.0,2021-06-04,,,WorthPoint
chelyabinsk-meteorite,Nicely Crusted Chelyabinsk Meteorite Fragment (LL5) - 0.77 G - FRESH,20.0,2021-06-02,0.77,25.97,WorthPoint
chelyabinsk-meteorite,4.62 Gram - CHELYABINSK METEORITE (LL5 Chondrite) Fell In 2013 In Russia,49.99,2021-06-02,4.62,10.82,WorthPoint
chelyabinsk-meteorite,"Meteorite Lot Of 6 W/COAs -Chelyabinsk, Patagonia, Travis County, NWA 4502, 7977",57.0,2021-06-01,,,WorthPoint
chelyabinsk-meteorite,2.44 Gram - CHELYABINSK METEORITE (LL5 Chondrite) Fell In 2013 In Russia,29.99,2021-05-25,2.44,12.29,WorthPoint
chelyabinsk-meteorite,2.61 Gram - CHELYABINSK METEORITE (LL5 Chondrite) Fell In 2013 In Russia,29.99,2021-05-22,2.61,11.49,WorthPoint
chelyabinsk-meteorite,Chelyabinsk Stone Meteorite - 1.07g Lot - Witnessed Fall From Russia In 2013,14.99,2021-05-22,1.07,14.01,WorthPoint
chelyabinsk-meteorite,Chelyabinsk Stone Meteorite - 1.06g Lot - Witnessed Fall From Russia In 2013,14.99,2021-05-22,1.06,14.14,WorthPoint
chelyabinsk-meteorite,Chelyabinsk Stone Meteorite - 1.03g Lot - Witnessed Fall From Russia In 2013,14.99,2021-05-22,1.03,14.55,WorthPoint
chelyabinsk-meteorite,Chelyabinsk Stone Meteorite - 1.05g Lot - Witnessed Fall From Russia In 2013,14.99,2021-05-22,1.05,14.28,WorthPoint
chelyabinsk-meteorite,Chelyabinsk Stone Meteorite - 1.08g Lot - Witnessed Fall From Russia In 2013,14.99,2021-05-22,1.08,13.88,WorthPoint
chelyabinsk-meteorite,Traktor Chelyabinsk KHL Russian Jersey Hockey Tee T-Shirt Men's Handmade NHL,21.99,2021-05-21,,,WorthPoint
chelyabinsk-meteorite,Traktor Chelyabinsk KHL Russian Jersey Hockey Blue T-Shirt NEW Russia S-4xl,18.99,2021-05-21,,,WorthPoint
chelyabinsk-meteorite,1.97 Gram - CHELYABINSK METEORITE (LL5 Chondrite) Fell In 2013 In Russia,20.0,2021-05-20,1.97,10.15,WorthPoint
chelyabinsk-meteorite,3.279g Chelyabinsk Crusted Meteorite Chondrite LL5 From Russia W/COA,41.0,2021-05-20,3.279,12.5,WorthPoint
chelyabinsk-meteorite,3.35 Gram - CHELYABINSK METEORITE (LL5 Chondrite) Fell In 2013 In Russia,39.99,2021-05-20,3.35,11.94,WorthPoint
chelyabinsk-meteorite,1.77 Gram - CHELYABINSK METEORITE (LL5 Chondrite) Fell In 2013 In Russia,19.0,2021-05-20,1.77,10.73,WorthPoint
chelyabinsk-meteorite,1.90 Gram - CHELYABINSK METEORITE (LL5 Chondrite) Fell In 2013 In Russia,19.99,2021-05-20,1.9,10.52,WorthPoint
chelyabinsk-meteorite,Flight-shaped Chelyabinsk Meteorite 100% Crusted Individual (LL5) - 14.3 G,179.0,2021-05-18,14.3,12.52,WorthPoint
chelyabinsk-meteorite,3.54 Gram - CHELYABINSK METEORITE (LL5 Chondrite) Fell In 2013 In Russia,39.0,2021-05-12,3.54,11.02,WorthPoint
chelyabinsk-meteorite,13.5 Gram - CHELYABINSK METEORITE (LL5 Chondrite) Fell In 2013 In Russia,99.99,2021-05-07,13.5,7.41,WorthPoint
chelyabinsk-meteorite,Panzerstahl Exclusive 1/72 Object 704 Russian Prototype Chelyabinsk 1945 (89008),40.0,2021-05-07,,,WorthPoint
chelyabinsk-meteorite,2.0 Gram - CHELYABINSK METEORITE (LL5 Chondrite) Fell In 2013 In Russia,19.99,2021-05-02,2.0,9.99,WorthPoint
chelyabinsk-meteorite,Superbolide Meteorite Chelyabinsk With Coa,99.0,2021-05-01,,,WorthPoint
chelyabinsk-meteorite,.066 Grams 4mm 100% Crusted Individual Chelyabinsk Meteorite (LL5) Russia 2014,5.0,2021-04-30,66.0,0.08,WorthPoint
chelyabinsk-meteorite,Oriented-marked Chelyabinsk Meteorite 100% Crusted Fragment (LL5) - 10.4 G,109.0,2021-04-28,10.4,10.48,WorthPoint
chelyabinsk-meteorite,Super Nice Oriented Chelyabinsk Meteorite 100% Crusted Individual (LL5)- 5.12 G,75.0,2021-04-28,5.12,14.65,WorthPoint
chelyabinsk-meteorite,Bullet-like Oriented Chelyabinsk Meteorite 100% Crusted Individual LL5 - 6.80 G,99.0,2021-04-28,6.8,14.56,WorthPoint
chelyabinsk-meteorite,Nicely Crusted Chelyabinsk Meteorite Individual (LL5) - 0.33 G - FRESH,12.0,2021-04-27,0.33,36.36,WorthPoint
chelyabinsk-meteorite,Crusted IMB Chelyabinsk Meteorite 1.21 G End Cut (LL5),18.0,2021-04-27,1.21,14.88,WorthPoint
chelyabinsk-meteorite,.103 Grams 5mm 100% Crusted Individual Chelyabinsk Meteorite (LL5) Russia 2014,5.5,2021-04-23,103.0,0.05,WorthPoint
chelyabinsk-meteorite,.490 Grams 8mm Crusted Melt Individual Chelyabinsk Meteorite (LL5) Russia 2014,6.0,2021-04-23,490.0,0.01,WorthPoint
chelyabinsk-meteorite,.083 Grams 5mm 100% Crusted Individual Chelyabinsk Meteorite (LL5) Russia 2014,5.0,2021-04-23,83.0,0.06,WorthPoint
chelyabinsk-meteorite,.286 Grams 7mm 100% Crusted Individual Chelyabinsk Meteorite (LL5) Russia 2014,6.5,2021-04-23,286.0,0.02,WorthPoint
chelyabinsk-meteorite,.069 Grams 4mm Crusted Individual Chelyabinsk Meteorite (LL5) Russia 2014,5.0,2021-04-13,69.0,0.07,WorthPoint
chelyabinsk-meteorite,1.12 Gram 14mm Smokey 100% Crusted Individual Chelyabinsk Meteorite (LL5) Russia,16.0,2021-04-12,1.12,14.29,WorthPoint
chelyabinsk-meteorite,.537 Grams 8mm 100% Crusted Individual Chelyabinsk Meteorite (LL5) Russia 2014,8.7,2021-04-12,537.0,0.02,WorthPoint
chelyabinsk-meteorite,"Traktor Chelyabinsk, KHL Russian Hockey Club 34"" X 50"" Flag/Banner NEW",35.0,2021-04-12,,,WorthPoint
chelyabinsk-meteorite,"Kunashak L6 Fell June 11, 1949 Chelyabinsk, Russia 0.514 Grams",26.0,2021-04-08,0.514,50.58,WorthPoint
chelyabinsk-meteorite,Crusted Chelyabinsk Meteorite Individual (LL5) - 0.39 G FRESH!,12.0,2021-04-03,0.39,30.77,WorthPoint
chelyabinsk-meteorite,Vesicular IMB Chelyabinsk Meteorite 3.26 G Slice (LL5) - Super Nice!!,45.0,2021-04-03,3.26,13.8,WorthPoint
chelyabinsk-meteorite,LOT Of 18 Chelyabinsk Meteorite 100% Crusted Individuals (LL5) - 6.0 G Total,90.0,2021-04-02,6.0,15.0,WorthPoint
chelyabinsk-meteorite,Chelyabinsk - Nicely Shocked/crusted End Cut (LL5) - 1.94 G,25.0,2021-03-25,1.94,12.89,WorthPoint
chelyabinsk-meteorite,Panzerstahl Exclusive 1/72 Russian Object 704 - Chelyabinsk 1945(#89008),40.0,2021-03-23,,,WorthPoint
chelyabinsk-meteorite,.281 Grams Chelyabinsk Meteorite ( LL5 ) Fully Crusted Individual Russia 2013,7.25,2021-03-07,281.0,0.03,WorthPoint
chelyabinsk-meteorite,.414 Grams Chelyabinsk Meteorite ( LL5 ) Crusted Individual Fell In Russia 2013,7.0,2021-03-06,414.0,0.02,WorthPoint
chelyabinsk-meteorite,.078 Grams Chelyabinsk Meteorite ( LL5 ) Fully Crusted Individual Russia 2013,5.5,2021-03-06,78.0,0.07,WorthPoint
chelyabinsk-meteorite,Chelyabinsk Meteorite Part Slice (LL5) - 0.45 G Impact Melt,8.0,2021-03-03,0.45,17.78,WorthPoint
chelyabinsk-meteorite,Chelyabinsk Meteorite Crusted Individual (LL5) - 6.2 G,49.0,2021-03-03,6.2,7.9,WorthPoint
chelyabinsk-meteorite,Traktor Chelyabinsk KHL Russian Jersey Hockey Black T-Shirt NEW Russia S-4xl,18.99,2021-03-02,,,WorthPoint
chelyabinsk-meteorite,.284 Gram 10mm Smokey Crusted Individual Chelyabinsk Meteorite (LL5) Russia,6.0,2021-02-28,284.0,0.02,WorthPoint
chelyabinsk-meteorite,.070 Grams 4mm 100% Crusted Individual Chelyabinsk Meteorite (LL5) Russia 2014,5.5,2021-02-28,70.0,0.08,WorthPoint
chelyabinsk-meteorite,100% Crusted FRESH Chelyabinsk Meteorite Individual (LL5) - 7.4 G,60.0,2021-02-28,7.4,8.11,WorthPoint
chelyabinsk-meteorite,.563 Grams Chelyabinsk Meteorite ( LL5 ) Crusted Individual Fell In Russia 2013,8.3,2021-02-26,563.0,0.01,WorthPoint
chelyabinsk-meteorite,Nicely Crusted Chelyabinsk Meteorite Individual (LL5) - 5.5 G,50.0,2021-02-22,5.5,9.09,WorthPoint
chelyabinsk-meteorite,"Meteorite**Chelyabinsk; LL5**2.306 Gram; Witnessed Fall!!! Feb,15 2013",23.5,2021-02-22,2.306,10.19,WorthPoint
chelyabinsk-meteorite,Russian KYSHTYM DISASTER MEDAL 50 Yrs. MAYAK NUCLEAR Catastrophe Chelyabinsk 65,45.99,2021-02-21,,,WorthPoint
chelyabinsk-meteorite,Vesicular IMB Chelyabinsk Meteorite 4.44 G Slice (LL5) - Super Nice!!,55.0,2021-02-20,4.44,12.39,WorthPoint
chelyabinsk-meteorite,.702 Grams Chelyabinsk Meteorite ( LL5 ) Crusted Individual Fell In Russia 2013,10.5,2021-02-16,702.0,0.01,WorthPoint
chelyabinsk-meteorite,.705 Grams Chelyabinsk Meteorite ( LL5 ) Crusted Individual Fell In Russia 2013,10.5,2021-02-16,705.0,0.01,WorthPoint
chelyabinsk-meteorite,.692 Grams Chelyabinsk Meteorite ( LL5 ) Crusted Individual Fell In Russia 2013,10.0,2021-02-16,692.0,0.01,WorthPoint
chelyabinsk-meteorite,.129 Grams Chelyabinsk Meteorite ( LL5 ) Fully Crusted Individual Russia 2013,5.0,2021-02-15,129.0,0.04,WorthPoint
chelyabinsk-meteorite,Evgeny Kuznetsov Traktor Chelyabinsk KHL Pro Lutch Stitched Jersey Size 56,149.99,2021-02-15,,,WorthPoint
chelyabinsk-meteorite,Crusted-shocked Chelyabinsk Meteorite Slice (LL5) -1.76 G,6.29,2021-02-13,1.76,3.57,WorthPoint
chelyabinsk-meteorite,Super COOL!! IMPACT MELT - 5.7 Gram Chelyabinsk Meteorite End Cut (LL5) W/crust!,45.0,2021-02-10,5.7,7.89,WorthPoint
chelyabinsk-meteorite,"Chelyabinsk Meteorite Sample: Info-Photo 4""x 6"" Glossy Hi-Res (signed COA)",6.0,2021-02-09,,,WorthPoint
chelyabinsk-meteorite,Crusted Chelyabinsk Meteorite 1/2 Individual (LL5) - 7.75 G,55.0,2021-02-09,7.75,7.1,WorthPoint
chelyabinsk-meteorite,"Meteorite**Chelyabinsk; LL5**1.699 Gram, Oriented Witnessed Fall!!! Feb,15 2013",15.99,2021-02-08,1.699,9.41,WorthPoint
chelyabinsk-meteorite,"1949 June 11, Kunashak L6 Meteorite, Chelyabinsk, Russia 2.4 Grams Hammer Stone",40.0,2021-02-07,2.4,16.67,WorthPoint
chelyabinsk-meteorite,Super NICE!! IMPACT MELT - 9.5 Gram Chelyabinsk Meteorite Slice (LL5),95.0,2021-02-07,9.5,10.0,WorthPoint
chelyabinsk-meteorite,.467 Grams Chelyabinsk Meteorite ( LL5 ) Crusted Individual Fell In Russia 2013,7.0,2021-01-25,467.0,0.01,WorthPoint
chelyabinsk-meteorite,"Meteorite**Chelyabinsk; LL5**1.965 Gram Lot; Witnessed Fall!!! Feb,15 2013",31.0,2021-01-25,1.965,15.78,WorthPoint
chelyabinsk-meteorite,"Meteorite**Chelyabinsk; LL5**2.369 Gram Lot; Witnessed Fall!!! Feb,15 2013",18.99,2021-01-25,2.369,8.02,WorthPoint
chelyabinsk-meteorite,Oriented Chelyabinsk - Nicely Crusted Individual (LL5) - 4.6 G,40.0,2021-01-18,4.6,8.7,WorthPoint
chelyabinsk-meteorite,Oriented Crusted Chelyabinsk Meteorite Individual (LL5) - 9.1 G,75.0,2021-01-18,9.1,8.24,WorthPoint
chelyabinsk-meteorite,Huge Fireball! Fantastic Fall! Oriented Stone! Chelyabinsk Meteorite 11.3 Gms,276.5,2021-01-14,11.3,24.47,WorthPoint
chelyabinsk-meteorite,.085 Grams 5mm 100% Crusted Individual Chelyabinsk Meteorite (LL5) Russia 2014,5.0,2021-01-12,85.0,0.06,WorthPoint
chelyabinsk-meteorite,.079 Grams 4mm 100% Crusted Individual Chelyabinsk Meteorite (LL5) Russia 2014,5.0,2021-01-12,79.0,0.06,WorthPoint
chelyabinsk-meteorite,.082 Grams 5mm 100% Crusted Individual Chelyabinsk Meteorite (LL5) Russia 2014,5.5,2021-01-12,82.0,0.07,WorthPoint
chelyabinsk-meteorite,"Meteorite**Chelyabinsk; LL5**1.369 Gram Pea; Witnessed Fall!!! Feb,15 2013",5.5,2021-01-11,1.369,4.02,WorthPoint
chelyabinsk-meteorite,"Meteorite**Chelyabinsk; LL5**2.141 Gram Pea; Witnessed Fall!!! Feb,15 2013",24.99,2021-01-11,2.141,11.67,WorthPoint
chelyabinsk-meteorite,"Meteorite**Chelyabinsk; LL5**2.000 Gram Lot; Witnessed Fall!!! Feb,15 2013",20.5,2021-01-11,2.0,10.25,WorthPoint
chelyabinsk-meteorite,"1919, FEF Siberia, Chelyabinsk Rail Station See Remark (M4922)",399.95,2021-01-10,,,WorthPoint
chelyabinsk-meteorite,.131 Grams 5mm 100% Crusted Individual Chelyabinsk Meteorite (LL5) Russia 2014,6.0,2021-01-10,131.0,0.05,WorthPoint
chelyabinsk-meteorite,.947 Gram 13mm Smokey 100% Crusted Individual Chelyabinsk Meteorite (LL5) Russia,8.99,2021-01-09,947.0,0.01,WorthPoint
chelyabinsk-meteorite,Oriented Chelyabinsk Meteorite 100% Crusted Individual (LL5) - 0.63 G - FRESH,15.0,2021-01-08,0.63,23.81,WorthPoint
chelyabinsk-meteorite,Traktor Chelyabinsk RUSSIAN ICE HOCKEY JERSEY #10 WHITE ADULT SIZE 52 **EUC**,29.99,2021-01-06,,,WorthPoint
chelyabinsk-meteorite,.482 Grams 9x6x4mm 100% Crusted Individual Chelyabinsk Meteorite LL5 Russia 2014,7.5,2021-01-05,482.0,0.02,WorthPoint
chelyabinsk-meteorite,.510 Grams 9mm 100% Crusted Individual Chelyabinsk Meteorite (LL5) Russia 2014,8.5,2021-01-05,510.0,0.02,WorthPoint
chelyabinsk-meteorite,"Meteorite**Chelyabinsk; LL5**3.228 Gram Lot; Witnessed Fall!!! Feb,15 2013",39.99,2020-12-23,3.228,12.39,WorthPoint
chelyabinsk-meteorite,"Meteorite CHELYABINSK, Russia, TWO FRAGMENTS! 3.13g & 1.24 Gram Individual Piece",14.99,2020-12-21,3.13,4.79,WorthPoint
chelyabinsk-meteorite,Meteorite Chelyabinsk (LL5) Famous Russian Fall!,19.5,2020-12-21,,,WorthPoint
chelyabinsk-meteorite,"Chelyabinsk LL5 Russia Fell Feb. 15, 2013 Whole Stone 11.06 Grams",33.0,2020-12-17,11.06,2.98,WorthPoint
chelyabinsk-meteorite,.407 Grams 7mm Smokey 100% Crusted Individual Chelyabinsk Meteorite (LL5) Russia,6.99,2020-12-16,407.0,0.02,WorthPoint
chelyabinsk-meteorite,Meteorite Chelyabinsk Famous Russian Fall 2.48 Grams (LL5),12.99,2020-12-13,2.48,5.24,WorthPoint
chelyabinsk-meteorite,.506 Grams 7x6x5mm 100% Crusted Individual Chelyabinsk Meteorite LL5 Russia 2014,7.5,2020-12-10,506.0,0.01,WorthPoint
chelyabinsk-meteorite,.597 Grams 9x6x6mm 100% Crusted Individual Chelyabinsk Meteorite LL5 Russia 2014,8.0,2020-12-10,597.0,0.01,WorthPoint
chelyabinsk-meteorite,Traktor Chelyabinsk RUSSIAN ICE HOCKEY JERSEY # 18 WHITE ADULT SIZE 52 **EUC**,35.0,2020-12-10,,,WorthPoint
chelyabinsk-meteorite,.152 Grams Chelyabinsk Meteorite ( LL5 ) Crusted Individual Fell In Russia 2013,5.0,2020-12-09,152.0,0.03,WorthPoint
chelyabinsk-meteorite,IMPACT MELT W/Hole Or Cavity - 7.4 Gram Chelyabinsk Meteorite Slice (LL5),74.0,2020-12-07,7.4,10.0,WorthPoint
chelyabinsk-meteorite,.481 Grams Chelyabinsk Meteorite ( LL5 ) Crusted Individual Fell In Russia 2013,7.2,2020-12-03,481.0,0.01,WorthPoint
chelyabinsk-meteorite,1.24 Grams 16x10x5mm 100% Crusted Individual Chelyabinsk Meteorite LL5 Russia,13.0,2020-12-03,1.24,10.48,WorthPoint
chelyabinsk-meteorite,.491 Grams 12mm Crusted Fragment Chelyabinsk Meteorite LL5 Russia 2014,5.76,2020-12-02,491.0,0.01,WorthPoint
chelyabinsk-meteorite,Meteorite Chelyabinsk LL5 Complete Stones 3.25 Grams In Glass Vial Russia,19.99,2020-11-30,3.25,6.15,WorthPoint
chelyabinsk-meteorite,Chelyabinsk Meteorite Slice (LL5) - 0.70 G Impact Melt Breccia,15.0,2020-11-27,0.7,21.43,WorthPoint
chelyabinsk-meteorite,Shocked Crusted FRESH Chelyabinsk Meteorite Individual (LL5) - 8.6 G,86.0,2020-11-27,8.6,10.0,WorthPoint
chelyabinsk-meteorite,Traktor Chelyabinsk Sergei Gonchar Russian Hockey Jersey KHL White 52 XXL 2XL,59.99,2020-11-24,,,WorthPoint
chelyabinsk-meteorite,.435 Grams Chelyabinsk Meteorite ( LL5 ) Crusted Individual Fell In Russia 2013,5.99,2020-11-22,435.0,0.01,WorthPoint
chelyabinsk-meteorite,TRAKTOR Chelyabinsk Hockey Jersey #19 Mens Size 48 Russia,64.95,2020-11-19,,,WorthPoint
chelyabinsk-meteorite,Soviet Russian Chelyabinsk RFNC-VNIITF ICBM Nuclear Warhead Fiber Optic Module,124.95,2020-11-12,,,WorthPoint
chelyabinsk-meteorite,"Chelyabinsk LL5 Russia Fell Feb. 15, 2013 Whole Stone 7.26 Grams Melt",15.0,2020-11-12,7.26,2.07,WorthPoint
chelyabinsk-meteorite,Vesicular IMB Chelyabinsk Meteorite 3.70 G Slice (LL5) - Super Nice!!,56.0,2020-11-11,3.7,15.14,WorthPoint
chelyabinsk-meteorite,100% Crusted FRESH Chelyabinsk Meteorite LOT Of 5 (LL5) - 1.5 G WOW!,29.0,2020-11-11,1.5,19.33,WorthPoint
chelyabinsk-meteorite,Chelyabinsk Meteorite Slice (LL5) - 0.83 G Impact Melt Breccia,17.0,2020-11-11,0.83,20.48,WorthPoint
chelyabinsk-meteorite,Genuine Chelyabinsk Meteorite In Glass Display Box,69.0,2020-11-10,,,WorthPoint
chelyabinsk-meteorite,"Chelyabinsk LL5 Russia Fell Feb. 15, 2013 Whole Stone 8.2 Grams",36.0,2020-11-05,8.2,4.39,WorthPoint
chelyabinsk-meteorite,Vintage Russia Soviet Union Chelyabinsk Traktor Hockey Puck Check My Other Pucks,5.0,2020-11-05,,,WorthPoint
chelyabinsk-meteorite,Thick Crusted IMB Chelyabinsk Individual Meteorite - 2.21 G (LL5),30.0,2020-10-27,2.21,13.57,WorthPoint
chelyabinsk-meteorite,.610 Grams Chelyabinsk Meteorite ( LL5 ) Crusted Individual Fell In Russia 2013,9.15,2020-10-26,610.0,0.02,WorthPoint
chelyabinsk-meteorite,.725 Grams Chelyabinsk Meteorite ( LL5 ) Crusted Individual Fell In Russia 2013,10.85,2020-10-26,725.0,0.01,WorthPoint
chelyabinsk-meteorite,.731 Grams Chelyabinsk Meteorite ( LL5 ) Crusted Individual Fell In Russia 2013,10.95,2020-10-26,731.0,0.01,WorthPoint
chelyabinsk-meteorite,Impact Melt Chelyabinsk Meteorite End Cut (LL5) - 3.4 G W/Diamond Lapping,29.0,2020-10-26,3.4,8.53,WorthPoint
chelyabinsk-meteorite,Chelyabinsk Meteorite 100% Crusted Individual (LL5) - 0.50 G - FRESH,11.0,2020-10-16,0.5,22.0,WorthPoint
chelyabinsk-meteorite,Chelyabinsk Meteor Shockwave Window,1143.75,2020-10-15,,,WorthPoint
chelyabinsk-meteorite,"FRESH 100 Grams Chelyabinsk Meteorite ""Peas"" - FANTASTIC 100% Crusted SPECIMENS",1000.0,2020-10-13,100.0,10.0,WorthPoint
chelyabinsk-meteorite,Crusted-brecciated Chelyabinsk Meteorite Individual (LL5) - 0.96 G - FRESH,15.0,2020-10-10,0.96,15.62,WorthPoint
chelyabinsk-meteorite,"Chelyabinsk LL5 Russia Fell Feb. 15, 2013 Whole Stone 10.2 Grams",11.5,2020-10-08,10.2,1.13,WorthPoint
chelyabinsk-meteorite,Chelyabinsk - VERY Nicely Shocked/crusted End Cut (LL5) - 5.20 G,56.0,2020-10-03,5.2,10.77,WorthPoint
chelyabinsk-meteorite,"Chelyabinsk LL5 Russia Fell Feb. 15, 2013 Whole Stone 5.0 Grams",5.51,2020-10-01,5.0,1.1,WorthPoint
chelyabinsk-meteorite,HC Traktor Chelyabinsk KHL Hockey Knit Cuffed Hat With Pom,25.0,2020-09-28,,,WorthPoint
chelyabinsk-meteorite,"Chelyabinsk LL5 Russia Fell Feb. 15, 2013 Whole Stone 7.3 Grams",35.0,2020-09-24,7.3,4.79,WorthPoint
chelyabinsk-meteorite,.547 Grams Chelyabinsk Meteorite ( LL5 ) Crusted Individual Fell In Russia 2013,8.0,2020-09-22,547.0,0.01,WorthPoint
chelyabinsk-meteorite,Meteorite Chelyabinsk Russian Meteorite 10.51 Grams Witnessed Fall,99.99,2020-09-19,10.51,9.51,WorthPoint
chelyabinsk-meteorite,.263 Grams 9mm 100% Crusted Individual Chelyabinsk Meteorite (LL5) Russia 2014,7.8,2020-09-19,263.0,0.03,WorthPoint
chelyabinsk-meteorite,"Chelyabinsk LL5 Russia Fell Feb. 15, 2013 Whole Stone 8.6 Grams",16.5,2020-09-17,8.6,1.92,WorthPoint
chelyabinsk-meteorite,Fully Crusted Chelyabinsk Meteorite Individual (LL5) - 0.32 G - FRESH,9.0,2020-09-08,0.32,28.12,WorthPoint
chelyabinsk-meteorite,Chelyabinsk Meteorite 100% Crusted Individual (LL5) - 0.60 G - FRESH,13.0,2020-09-08,0.6,21.67,WorthPoint
chelyabinsk-meteorite,Chelyabinsk - Nicely Crusted End Cut (LL5) - 4.4 G,38.0,2020-09-08,4.4,8.64,WorthPoint
chelyabinsk-meteorite,.475 Grams 9mm 100% Crusted Individual Chelyabinsk Meteorite (LL5) Russia 2014,7.99,2020-09-07,475.0,0.02,WorthPoint
chelyabinsk-meteorite,.233 Grams 6mm 100% Crusted Individual Chelyabinsk Meteorite (LL5) Russia 2014,7.9,2020-09-07,233.0,0.03,WorthPoint
chelyabinsk-meteorite,.111 Grams 6mm 100% Crusted Individual Chelyabinsk Meteorite (LL5) Russia 2014,5.0,2020-09-07,111.0,0.05,WorthPoint
chelyabinsk-meteorite,.126 Grams 8mm 98% Crusted Individual Chelyabinsk Meteorite (LL5) Russia 2014,6.5,2020-09-07,126.0,0.05,WorthPoint
chelyabinsk-meteorite,.089 Grams 5mm 100% Crusted Individual Chelyabinsk Meteorite (LL5) Russia 2014,5.0,2020-09-07,89.0,0.06,WorthPoint
chelyabinsk-meteorite,.758 Gram 12mm Nice Smokey Crusted Individual Chelyabinsk Meteorite (LL5) Russia,8.99,2020-09-07,758.0,0.01,WorthPoint
chelyabinsk-meteorite,.503 Grams Chelyabinsk Meteorite ( LL5 ) Crusted Individual Fell In Russia 2013,7.55,2020-09-06,503.0,0.02,WorthPoint
chelyabinsk-meteorite,.188 Grams 7mm 100% Crusted Individual Chelyabinsk Meteorite (LL5) Russia 2014,6.9,2020-09-04,188.0,0.04,WorthPoint
chelyabinsk-meteorite,.422 Grams Chelyabinsk Meteorite ( LL5 ) Crusted Individual Fell In Russia 2013,6.3,2020-09-04,422.0,0.01,WorthPoint
chelyabinsk-meteorite,Chelyabinsk Meteorite 100% Crusted Individual (LL5) - 0.57 G - FRESH,12.0,2020-09-04,0.57,21.05,WorthPoint
chelyabinsk-meteorite,"Chelyabinsk LL5 Russia Fell Feb. 15, 2013 Whole Stone 73.2 Grams",82.0,2020-09-03,73.2,1.12,WorthPoint
chelyabinsk-meteorite,.642 Grams Chelyabinsk Meteorite ( LL5 ) Crusted Individual Fell In Russia 2013,9.6,2020-09-01,642.0,0.01,WorthPoint
chelyabinsk-meteorite,.776 Grams Chelyabinsk Meteorite ( LL5 ) Crusted Individual Fell In Russia 2013,8.99,2020-08-29,776.0,0.01,WorthPoint
chelyabinsk-meteorite,"Meteorite**Chelyabinsk, Russia**14.74 Grams; Fluted W/Regmaglypts!!!",299.99,2020-08-25,14.74,20.35,WorthPoint
chelyabinsk-meteorite,"Fell 2013 Feb. 15, Chelyabinsk LL5 Meteorite 100% FUSION CRUST Russia .78 Grams",20.0,2020-08-22,78.0,0.26,WorthPoint
chelyabinsk-meteorite,Nicely Crusted Chelyabinsk Meteorite Individual (LL5) - 0.83 G - FRESH,15.0,2020-08-21,0.83,18.07,WorthPoint
chelyabinsk-meteorite,.540 Grams Chelyabinsk Meteorite ( LL5 ) Crusted Individual Fell In Russia 2013,8.1,2020-08-18,540.0,0.01,WorthPoint
chelyabinsk-meteorite,.737 Grams Chelyabinsk Meteorite ( LL5 ) Crusted Individual Fell In Russia 2013,11.0,2020-08-18,737.0,0.01,WorthPoint
chelyabinsk-meteorite,.485 Grams Chelyabinsk Meteorite ( LL5 ) Crusted Individual Fell In Russia 2013,7.0,2020-08-16,485.0,0.01,WorthPoint
chelyabinsk-meteorite,.126 Grams 5mm 100% Crusted Individual Chelyabinsk Meteorite (LL5) Russia 2014,5.0,2020-08-14,126.0,0.04,WorthPoint
chelyabinsk-meteorite,Mineral Observer Vol 18 Issue 3 2013 Chelyabinsk Meteorite Issue,34.95,2020-08-10,,,WorthPoint
chelyabinsk-meteorite,.327 Grams Chelyabinsk Meteorite ( LL5 ) Crusted Individual Fell In Russia 2013,5.0,2020-08-05,327.0,0.02,WorthPoint
chelyabinsk-meteorite,Really NICE! Chelyabinsk Meteorite Slice (LL5) - 5.63 G Impact Melt Breccia,75.0,2020-08-01,5.63,13.32,WorthPoint
chelyabinsk-meteorite,Unique Impact Melt Chelyabinsk Meteorite End Cut (LL5) - 1.46 G,22.0,2020-08-01,1.46,15.07,WorthPoint
chelyabinsk-meteorite,Crusted Chelyabinsk Meteorite Individual (LL5) - 6.8 G - FRESH,50.0,2020-08-01,6.8,7.35,WorthPoint
chelyabinsk-meteorite,Chelyabinsk Meteorite Fragment (LL5) - 12.6 G Very Nice !!,85.0,2020-07-31,12.6,6.75,WorthPoint
chelyabinsk-meteorite,.728 Grams 8mm 100% Smokey Crusted Individual Chelyabinsk Meteorite (LL5) Russia,10.0,2020-07-26,728.0,0.01,WorthPoint
chelyabinsk-meteorite,Chelyabinsk - Nicely Crusted Slice (LL5) - 1.36 G,16.0,2020-07-21,1.36,11.76,WorthPoint
chelyabinsk-meteorite,Cook Islands 2013 Silver Proof $5 Chelyabinsk Meteorite - W/ Metal Tin (no Coa),91.0,2020-07-16,,,WorthPoint
chelyabinsk-meteorite,Special Impact Melt Brecciated Chelyabinsk Meteorite End Cut (LL5) - 2.00 G,40.0,2020-07-11,2.0,20.0,WorthPoint
chelyabinsk-meteorite,Crusted FRESH Chelyabinsk Meteorite Individual (LL5) - 3.9 G,33.0,2020-07-09,3.9,8.46,WorthPoint
chelyabinsk-meteorite,Chelyabinsk Meteorite End Cut (LL5) - 3.7 G W/crust,33.0,2020-07-08,3.7,8.92,WorthPoint
chelyabinsk-meteorite,.902 Grams Chelyabinsk Meteorite ( LL5 ) Crusted Individual Fell In Russia 2013,13.5,2020-07-08,902.0,0.01,WorthPoint
chelyabinsk-meteorite,Chelyabinsk Meteorite End Cut (LL5) - 0.85 G W/crust - Shocked & Chondrules,10.0,2020-06-23,0.85,11.76,WorthPoint
chelyabinsk-meteorite,Chelyabinsk - UFO Metal,17.0,2020-06-22,,,WorthPoint
chelyabinsk-meteorite,Super COOL!! IMPACT MELT - 6.4 Gram Chelyabinsk Meteorite Slice (LL5),60.0,2020-06-18,6.4,9.38,WorthPoint
chelyabinsk-meteorite,"1949 June 11, Kunashak L6 Meteorite, Chelyabinsk, Russia 5.4 Grams, Great Gift",48.0,2020-06-18,5.4,8.89,WorthPoint
chelyabinsk-meteorite,Chelyabinsk LL5 Meteorite - 0.56g In Display - Great Gift!,12.95,2020-06-17,0.56,23.12,WorthPoint
chelyabinsk-meteorite,Chelyabinsk Meteorite 72.15g Oriented / Glossy Black Fusion Crust *IMCA #6236*,995.0,2020-06-16,72.15,13.79,WorthPoint
chelyabinsk-meteorite,Chelyabinsk Meteorite 100% Crusted Individual (LL5) - 4.56 G - FRESH,60.0,2020-06-14,4.56,13.16,WorthPoint
chelyabinsk-meteorite,Chelyabinsk - Nicely Crusted Individual (LL5) - 4.4 G,36.0,2020-06-09,4.4,8.18,WorthPoint
chelyabinsk-meteorite,"Meteorite**Chelyabinsk, Russia**1.621 Grams; Perfect Oriented Pea Lot!!",26.0,2020-06-08,1.621,16.04,WorthPoint
chelyabinsk-meteorite,Chelyabinsk Meteorite Individual 5.6 Grams!,62.0,2020-06-05,5.6,11.07,WorthPoint
chelyabinsk-meteorite,Chelyabinsk - Partially Crusted Slice (LL5) - 2.56 G,26.0,2020-06-04,2.56,10.16,WorthPoint
chelyabinsk-meteorite,3.05 Grams 14x12x9mm 98% Crusted Individual Chelyabinsk Meteorite (LL5) Russia,21.59,2020-06-02,3.05,7.08,WorthPoint
chelyabinsk-meteorite,2.02 Grams 15x9x8mm 98% Crusted Individual Chelyabinsk Meteorite (LL5) Russia,14.99,2020-05-31,2.02,7.42,WorthPoint
chelyabinsk-meteorite,Superb Thin Chelyabinsk Meteorite Slice (LL5) - 1.90 VERY FRESH,33.0,2020-05-30,,,WorthPoint
chelyabinsk-meteorite,1.063 Grams Chelyabinsk Meteorite ( LL5 ) Crusted Individual Fell In Russia 2013,17.0,2020-05-25,1.063,15.99,WorthPoint
chelyabinsk-meteorite,"Chelyabinsk LL5 Meteorite 7.2g. Beautiful Impact Melt End Cut ""Witnessed Fall""",29.99,2020-05-24,7.2,4.17,WorthPoint
chelyabinsk-meteorite,Nicely Crusted Oriented Chelyabinsk Meteorite Individual (LL5) - 5.08 G,55.0,2020-05-23,5.08,10.83,WorthPoint
chelyabinsk-meteorite,2013 Cook Islands $5 Chelyabinsk Meteorite 1ozt .999 Silver Coin,99.99,2020-05-20,28.35,3.53,WorthPoint
chelyabinsk-meteorite,1.06 Gram 14mm 100% Smokey Crusted Individual Chelyabinsk Meteorite (LL5) Russia,14.0,2020-05-18,1.06,13.21,WorthPoint
chelyabinsk-meteorite,"Meteorite**Chelyabinsk, Russia**0.550 Grams; Perfect Oriented Pea!!",21.5,2020-05-18,0.55,39.09,WorthPoint
chelyabinsk-meteorite,Quality Chelyabinsk Meteorite Slice (LL5) - 7.0 G W/85% Edge Crust - VERY FRESH!,60.0,2020-05-16,7.0,8.57,WorthPoint
chelyabinsk-meteorite,"Chelyabinsk Meteorite, 3.0g Slice, WITNESSED FALL! 02/15/2013",10.0,2020-05-04,3.0,3.33,WorthPoint
chelyabinsk-meteorite,"0.8 Gram Chelyabinsk Meteorite - Fell Feb 15, 2013 - LL Chondrite (ex-schooler)",18.0,2020-05-03,0.8,22.5,WorthPoint
chelyabinsk-meteorite,"0.7 Gram Chelyabinsk Meteorite - Fell Feb 15, 2013 - LL Chondrite (ex-schooler)",18.75,2020-05-03,0.7,26.79,WorthPoint
chelyabinsk-meteorite,"1.0 Gram Chelyabinsk Meteorite - Fell Feb 15, 2013 - LL Chondrite (ex-schooler)",21.75,2020-05-01,1.0,21.75,WorthPoint
chelyabinsk-meteorite,Sweet!! Crusted Chelyabinsk Meteorite Individual (LL5) - 1.93 G - FRESH,18.0,2020-04-28,1.93,9.33,WorthPoint
chelyabinsk-meteorite,"Meteorite**Chelyabinsk, Russia**82.51 Grams; Fresh Oriented, IMB Melt!!!",207.5,2020-04-27,82.51,2.51,WorthPoint
chelyabinsk-meteorite,1.238 Grams Chelyabinsk Meteorite ( LL5 ) Crusted Individual Fell In Russia 2013,12.0,2020-04-26,1.238,9.69,WorthPoint
chelyabinsk-meteorite,Chelyabinsk Meteorite 100% Crusted Individual (LL5) - 1.27 G - FRESH,18.0,2020-04-24,1.27,14.17,WorthPoint
chelyabinsk-meteorite,Quality Chelyabinsk Meteorite Slice (LL5) - 2.4 G W/75% Edge Crust,20.0,2020-04-20,2.4,8.33,WorthPoint
chelyabinsk-meteorite,Chelyabinsk - Nicely Crusted Slice (LL5) - 1.58 G,16.0,2020-04-20,1.58,10.13,WorthPoint
chelyabinsk-meteorite,Crusted Impact Melt Breccia Chelyabinsk Meteorite End Cut (LL5) - 3.75g,52.0,2020-04-06,3.75,13.87,WorthPoint
chelyabinsk-meteorite,Superbly FRESH Chelyabinsk Meteorite Lap-faced Individual (LL5) - 15.1 G,140.0,2020-04-02,15.1,9.27,WorthPoint
chelyabinsk-meteorite,Traktor Chelyabinsk Lutch Hockey Jersey #55 Mens Size 52 Russia KHL,50.0,2020-04-01,,,WorthPoint
chelyabinsk-meteorite,Chelyabinsk 39.6 Gram Meteorite From The Largest Meteorite Fall Since 1907.,375.0,2020-03-21,39.6,9.47,WorthPoint
chelyabinsk-meteorite,Unique Impact Melt Chelyabinsk Meteorite Slice (LL5) - 1.42g,35.0,2020-03-20,1.42,24.65,WorthPoint
chelyabinsk-meteorite,1.270 Grams Chelyabinsk Meteorite ( LL5 ) Crusted Individual Fell In Russia 2013,19.05,2020-03-18,1.27,15.0,WorthPoint
chelyabinsk-meteorite,.868 Grams Chelyabinsk Meteorite ( LL5 ) Crusted Individual Fell In Russia 2013,13.0,2020-03-18,868.0,0.01,WorthPoint
chelyabinsk-meteorite,Quality Chelyabinsk Meteorite Slice (LL5) - 1.64 G W/Shock Lines And Chondrules,20.0,2020-03-17,1.64,12.2,WorthPoint
chelyabinsk-meteorite,"Meteorite**Chelyabinsk, Russia**0.775 Grams; Perfect Oriented Pea!!!",10.99,2020-03-16,0.775,14.18,WorthPoint
chelyabinsk-meteorite,"7.30 Grams 44x40x2mm ""melt Mixed"" Slice Of Chelyabinsk Meteorite (LL5)",72.0,2020-03-13,7.3,9.86,WorthPoint
chelyabinsk-meteorite,Super COOL!! IMPACT MELT - 4.56 Gram Chelyabinsk Meteorite Slice (LL5),50.0,2020-03-13,4.56,10.96,WorthPoint
chelyabinsk-meteorite,5.13 Grams 20x11x11mm 99% Crusted Individual Chelyabinsk Meteorite (LL5) Russia,34.0,2020-03-12,5.13,6.63,WorthPoint
chelyabinsk-meteorite,5.44 Grams 20x17x12mm Crusted Melt Individual Chelyabinsk Meteorite (LL5),30.0,2020-03-10,5.44,5.51,WorthPoint
chelyabinsk-meteorite,Chelyabinsk - VERY Nicely Shocked/crusted Slice (LL5) - 2.60 G,35.0,2020-03-09,2.6,13.46,WorthPoint
chelyabinsk-meteorite,6.26 Grams 19x17x11mm 99% Crusted Individual Chelyabinsk Meteorite (LL5) Russia,39.0,2020-03-07,6.26,6.23,WorthPoint
chelyabinsk-meteorite,Super COOL!! IMPACT MELT - 8.4 Gram Chelyabinsk Meteorite Slice (LL5),75.0,2020-03-06,8.4,8.93,WorthPoint
chelyabinsk-meteorite,8.88 Grams 18x18x18mm Crusted Individual Chelyabinsk Meteorite (LL5) Russia,99.0,2020-03-03,8.88,11.15,WorthPoint
chelyabinsk-meteorite,2.10 Grams 20mm 100% Crusted Individual Chelyabinsk Meteorite (LL5) Russia 2014,18.0,2020-03-03,2.1,8.57,WorthPoint
chelyabinsk-meteorite,"6.71 Grams 40x37x2mm Part ""melt Mixed"" Slice Of Chelyabinsk Meteorite (LL5)",28.0,2020-03-03,6.71,4.17,WorthPoint
chelyabinsk-meteorite,"Meteorite**Chelyabinsk, Russia**0.540 Grams; Perfect Oriented Pea!!!",10.99,2020-03-02,0.54,20.35,WorthPoint
chelyabinsk-meteorite,Oriented FRESH Chelyabinsk Meteorite Individual (LL5) - 22.4 G,200.0,2020-03-01,22.4,8.93,WorthPoint
chelyabinsk-meteorite,Chelyabinsk Meteorite 100% Crusted Individual (LL5) - 2.58 G - FRESH,40.0,2020-02-27,2.58,15.5,WorthPoint
chelyabinsk-meteorite,Awesome Crusted Chelyabinsk Meteorite Individual (LL5) - 9.0 G,90.0,2020-02-19,9.0,10.0,WorthPoint
chelyabinsk-meteorite,Oriented Chelyabinsk Meteorite Individual (LL5) - 1.36 G W/NICE Crust,22.0,2020-02-18,1.36,16.18,WorthPoint
chelyabinsk-meteorite,Fully Crusted Chelyabinsk Meteorite Individual (LL5) - 0.98 G - FRESH,13.0,2020-02-16,0.98,13.27,WorthPoint
chelyabinsk-meteorite,Meteorite Chelyabinsk LL5 - 2013 Witnessed Fall - CHY-0016 - 6.43g Fusion Crust,63.95,2020-02-15,6.43,9.95,WorthPoint
chelyabinsk-meteorite,Chelyabinsk Meteorite Crusted Slice (LL5) ~ 1.1 Gram ~ UNUSUAL FEATURE,20.0,2020-02-05,1.1,18.18,WorthPoint
chelyabinsk-meteorite,Unique Impact Melt Chelyabinsk Meteorite Slice (LL5) - 0.88 G,20.0,2020-01-30,0.88,22.73,WorthPoint
chelyabinsk-meteorite,1.70 Grams Chelyabinsk Meteorite (LL5) CRUSTED Fragment Fell In Russia 2014,11.0,2020-01-29,1.7,6.47,WorthPoint
chelyabinsk-meteorite,NICE Crusted Chelyabinsk Meteorite Slice (LL5) - 0.36 G W/Shock & Chondrules,10.0,2020-01-22,0.36,27.78,WorthPoint
chelyabinsk-meteorite,"Shocked Crusted FRESH Chelyabinsk Meteorite ""split"" Individual (LL5) - 7.4 G",65.0,2020-01-22,7.4,8.78,WorthPoint
chelyabinsk-meteorite,Nice Chelyabinsk Meteorite End Cut (LL5) - 4.5 G With 80% Crust Rim VERY FRESH,38.0,2020-01-22,4.5,8.44,WorthPoint
chelyabinsk-meteorite,Chelyabinsk Meteorite Crusted End Cut (LL5) - 2.1 G,20.0,2020-01-18,2.1,9.52,WorthPoint
chelyabinsk-meteorite,Superb!! Nicely Shaped 7.9 G Chelyabinsk Meteorite Individual (LL5),66.0,2020-01-17,7.9,8.35,WorthPoint
chelyabinsk-meteorite,2.56 Grams Chelyabinsk Meteorite (LL5) CRUSTED Fragment Fell In Russia 2014,17.0,2020-01-15,2.56,6.64,WorthPoint
chelyabinsk-meteorite,"Meteorite**Chelyabinsk, Russia**61.22 Grams; W/Regmaglypts, IMB Melt!!!",293.0,2020-01-13,61.22,4.79,WorthPoint
chelyabinsk-meteorite,"Meteorite**Chelyabinsk, Russia**7.861 Grams IMB Melt W/ Beautiful Shape!!!",29.99,2020-01-13,7.861,3.82,WorthPoint
chelyabinsk-meteorite,"Highest Quality Chelyabinsk Meteorite ""shiny"" Crusted Individual (LL5) - 10.2 G",85.0,2020-01-10,10.2,8.33,WorthPoint
chelyabinsk-meteorite,"Authentic Russian License Plate NEW! 174 Stands For Chelyabinsk Oblast, Ural",29.95,2020-01-08,,,WorthPoint
chelyabinsk-meteorite,Chelyabinsk Meteorite Crusted Slice (LL5) - 1.1 G W/Unique Chondrules,12.0,2020-01-08,1.1,10.91,WorthPoint
chelyabinsk-meteorite,"Chelyabinsk LL5 Chondrite Meteorite Chelyabinskaya Oblast√¢¬Ä¬ô, Russia .702 Grams",18.75,2020-01-05,702.0,0.03,WorthPoint
chelyabinsk-meteorite,"√ê¬ü¬î¬•2013 CHELYABINSK METEOR AIR BURST, TINY PIECE, MATTED PHOTO WITH COA RUSSIA√∞¬ü¬î¬•",20.0,2020-01-01,,,WorthPoint
chelyabinsk-meteorite,"0.96 Gr. COMPLETE CHELYABINSK LL5 METEORITE, FAMOUS RUSSIAN FALL FEBRUARY, 2013",18.0,2019-12-31,0.96,18.75,WorthPoint
chelyabinsk-meteorite,"1.0 Gr. COMPLETE CHELYABINSK LL5 METEORITE, FAMOUS RUSSIAN FALL FEBRUARY, 2013",25.0,2019-12-31,1.0,25.0,WorthPoint
chelyabinsk-meteorite,++IMPACT Breccia Thin Slice Of Chelyabinsk Meteorite (LL5) - 1.87 G NICE!!++,31.0,2019-12-29,1.87,16.58,WorthPoint
chelyabinsk-meteorite,"Fell 2013 Feb. 15, Chelyabinsk LL5 Meteorite, South Urals, Russia 1.31 Grams",28.0,2019-12-25,1.31,21.37,WorthPoint
chelyabinsk-meteorite,.834 Grams Chelyabinsk Meteorite ( LL5 ) Crusted Individual Fell In Russia 2013,10.0,2019-12-24,834.0,0.01,WorthPoint
chelyabinsk-meteorite,"0.9 Gram Chelyabinsk Meteorite - Fell Feb 15, 2013 - LL Chondrite (ex-schooler)",19.2,2019-12-18,0.9,21.33,WorthPoint
chelyabinsk-meteorite,2g+ Chelyabinsk Meteorite With Sonic Boom Glass (Provenance Pack) IMCA 6236,35.0,2019-12-07,2.0,17.5,WorthPoint
chelyabinsk-meteorite,Chelyabinsk Meteorite Fully Crusted Slice (LL5) - 1.3 G W/Shock & Chondrules,11.0,2019-12-05,1.3,8.46,WorthPoint
chelyabinsk-meteorite,"Meteorite**Chelyabinsk, Russia**10.90 Grams Extremely Fresh Individual! 02/15/13",35.0,2019-12-02,10.9,3.21,WorthPoint
chelyabinsk-meteorite,Chelyabinsk LL5 Meteorite 3.3g Oriented Shield Rollover Lip Sonic Boom Glass,54.99,2019-12-01,3.3,16.66,WorthPoint
chelyabinsk-meteorite,Quality Chelyabinsk Meteorite Slice (LL5) - 4.1g W/70% Edge Crust VERY FRESH,35.0,2019-11-24,4.1,8.54,WorthPoint
chelyabinsk-meteorite,Authentic Russian License Plate NEW! 74 Stands For Chelyabinsk Oblast Chelyabins,29.95,2019-11-22,,,WorthPoint
chelyabinsk-meteorite,Very Nice Chelyabinsk Meteorite End Cut (LL5) - 2.68 G,29.0,2019-11-19,2.68,10.82,WorthPoint
chelyabinsk-meteorite,Chelyabinsk Meteorite Part Slice (LL5) - 0.91 G W/Shock & Chondrules,11.0,2019-11-17,0.91,12.09,WorthPoint
chelyabinsk-meteorite,Chelyabinsk Meteorite End Cut (LL5) - 2.9 G W/crust - Shocked & Chondrules,23.0,2019-11-15,2.9,7.93,WorthPoint
chelyabinsk-meteorite,Chelyabinsk Meteorite End Cut (LL5) - 5.26 G W/NICE Crust,45.0,2019-11-10,5.26,8.56,WorthPoint
chelyabinsk-meteorite,Oriented Crusted Impact Melt Chelyabinsk Meteorite Individual (LL5) - 10.6 G,85.0,2019-11-10,10.6,8.02,WorthPoint
chelyabinsk-meteorite,Quality Chelyabinsk Meteorite Slice (LL5) - 2.0g W/80% Edge Crust VERY FRESH,16.0,2019-11-09,2.0,8.0,WorthPoint
chelyabinsk-meteorite,1.36 Grams Chelyabinsk Meteorite (LL5) CRUSTED Fragment Fell In Russia 2014,11.0,2019-11-09,1.36,8.09,WorthPoint
chelyabinsk-meteorite,"0.6 Gram Chelyabinsk Meteorite - Fell Feb 15, 2013 - LL Chondrite (ex-schooler)",16.0,2019-11-07,0.6,26.67,WorthPoint
chelyabinsk-meteorite,2.50 Grams Chelyabinsk Meteorite (LL5) CRUSTED Fragment Fell In Russia 2014,18.0,2019-11-05,2.5,7.2,WorthPoint
chelyabinsk-meteorite,SHOCK VEINED!! Chelyabinsk Meteorite Crusted End Cut (LL5) - 8.0 G,68.0,2019-11-05,8.0,8.5,WorthPoint
chelyabinsk-meteorite,Very Nice Chelyabinsk Meteorite End Cut (LL5) - 5.8 G,53.0,2019-11-04,5.8,9.14,WorthPoint
chelyabinsk-meteorite,1.353 Grams Chelyabinsk Meteorite ( LL5 ) Crusted Individual Fell In Russia 2013,20.0,2019-11-03,1.353,14.78,WorthPoint
chelyabinsk-meteorite,Chelyabinsk Meteorite Fragment - 2.8 G Impact Melt,20.0,2019-11-03,2.8,7.14,WorthPoint
chelyabinsk-meteorite,Chelyabinsk Meteorite Individual (LL5) - 4.0 G W/crust - FRESH,30.0,2019-11-02,4.0,7.5,WorthPoint
chelyabinsk-meteorite,"1.23 Gram Chelyabinsk Meteorite - Fell Feb 15, 2013 - LL Chondrite (ex-schooler)",29.0,2019-10-28,1.23,23.58,WorthPoint
chelyabinsk-meteorite,Chelyabinsk Meteorite End Cut (LL5) - 1.21 G W/crust - Shocked & Chondrules,10.0,2019-10-26,1.21,8.26,WorthPoint
chelyabinsk-meteorite,"1.3 Gram Chelyabinsk Meteorite - Fell Feb 15, 2013 - LL Chondrite (ex-schooler)",23.2,2019-10-25,1.3,17.85,WorthPoint
chelyabinsk-meteorite,1.131 Grams Chelyabinsk Meteorite ( LL5 ) Crusted Individual Fell In Russia 2013,16.95,2019-10-21,1.131,14.99,WorthPoint
chelyabinsk-meteorite,Chelyabinsk Meteorite Part Slice (LL5) - 2.2 G Impact Melt,15.0,2019-10-19,2.2,6.82,WorthPoint
chelyabinsk-meteorite,2.94 Grams Chelyabinsk Meteorite (LL5) CRUSTED Fragment Fell In Russia 2014,19.0,2019-10-19,2.94,6.46,WorthPoint
chelyabinsk-meteorite,100% Fully Crusted Chelyabinsk Meteorite Individual (LL5) - 0.54 G FRESH!,11.0,2019-10-16,0.54,20.37,WorthPoint
chelyabinsk-meteorite,Chelyabinsk Meteorite Individual (LL5) - 6.7 G HAMMER STONE Fell 2/15/13,20.5,2019-10-14,6.7,3.06,WorthPoint
chelyabinsk-meteorite,"Meteorite**Chelyabinsk, Russia**1.19 Gram Oriented Pea W/Flow Lines!!!",12.99,2019-09-30,1.19,10.92,WorthPoint
chelyabinsk-meteorite,NICE Chelyabinsk Meteorite End Cut (LL5) - 1.55 G W/crust - Shocked & Chondrules,22.0,2019-09-25,1.55,14.19,WorthPoint
chelyabinsk-meteorite,Highest Quality Chelyabinsk Meteorite 100% Crusted Individual (LL5) - 8.9 G,98.0,2019-09-24,8.9,11.01,WorthPoint
chelyabinsk-meteorite,Super COOL!! IMPACT MELT - 10 Gram Chelyabinsk Meteorite Slice (LL5),99.0,2019-09-23,10.0,9.9,WorthPoint
chelyabinsk-meteorite,NICE Chelyabinsk Meteorite End Cut (LL5) - 12.3 G W/crust - Shocked & Chondrules,110.0,2019-09-23,12.3,8.94,WorthPoint
chelyabinsk-meteorite,Chelyabinsk Meteorite Crusted End Cut (LL5) - 8.5 G W/Diamond Lapping,48.0,2019-09-22,8.5,5.65,WorthPoint
chelyabinsk-meteorite,Oriented Chelyabinsk Meteorite 95% Crusted Individual (LL5) - 0.73 G - FRESH,12.0,2019-09-22,0.73,16.44,WorthPoint
chelyabinsk-meteorite,Oriented Quality Chelyabinsk Meteorite 95% Crusted Individual (LL5) - 7.0 G,56.0,2019-09-16,7.0,8.0,WorthPoint
chelyabinsk-meteorite,NICE! Chelyabinsk Meteorite End Cut (LL5) - 2.7 G W/all Crust Backside,22.0,2019-09-15,2.7,8.15,WorthPoint
chelyabinsk-meteorite,Sweet Chelyabinsk Meteorite Individual (LL5) - 1.30 G W/NICE Crust,16.0,2019-09-13,1.3,12.31,WorthPoint
chelyabinsk-meteorite,Chelyabinsk Meteorite End Cut (LL5) - 4.7 G W/crust - FRESH,33.0,2019-09-12,4.7,7.02,WorthPoint
chelyabinsk-meteorite,Shocked!! Chelyabinsk Meteorite Part Slice (LL5) - 2.14 G W/Crust,18.0,2019-09-08,2.14,8.41,WorthPoint
chelyabinsk-meteorite,Nice 20 Gram CHELYABINSK Meteorite Found 2013 Russia,129.99,2019-09-05,20.0,6.5,WorthPoint
chelyabinsk-meteorite,"Meteorite**Chelyabinsk, Russia**0.82 Gram Oriented Pea, IMB Melt!!!",14.99,2019-09-03,0.82,18.28,WorthPoint
chelyabinsk-meteorite,Bullet Oriented Chelyabinsk Meteorite 100% Crusted Individual (LL5) - 5.0 G,42.5,2019-09-02,5.0,8.5,WorthPoint
chelyabinsk-meteorite,Highest Quality Chelyabinsk Meteorite 90% Crusted Individual (LL5) - 15.8 G,130.0,2019-09-02,15.8,8.23,WorthPoint
chelyabinsk-meteorite,Beautiful Chelyabinsk Meteorite Individual (LL5) - 1.06 G W/100% Crust - FRESH,15.0,2019-09-02,1.06,14.15,WorthPoint
chelyabinsk-meteorite,Vintage Chelyabinsk Tractor Plant 1/43 Scale Die Cast And Plastic Bulldozer,20.0,2019-08-20,,,WorthPoint
chelyabinsk-meteorite,Crusted Chelyabinsk Meteorite Part Slice (LL5) - 2.75 G W/Shock & Chondrules,22.0,2019-08-20,2.75,8.0,WorthPoint
chelyabinsk-meteorite,Nice Chelyabinsk Meteorite Individual (LL5) - 9.5 G W/crust - VERY FRESH!,75.0,2019-08-20,9.5,7.89,WorthPoint
chelyabinsk-meteorite,Chelyabinsk Meteorite Fragment Necklace,20.0,2019-08-19,,,WorthPoint
chelyabinsk-meteorite,Chelyabinsk Meteorite Crusted Fragment (LL5) - 3.27 G - FRESH,26.0,2019-08-18,3.27,7.95,WorthPoint
chelyabinsk-meteorite,Chelyabinsk Meteorite Individual (LL5) - 6.2 G W/NICE Crust,42.0,2019-08-15,6.2,6.77,WorthPoint
chelyabinsk-meteorite,SALAMMONIAC Crystals On Matrix * Chelyabinsk Oblast * Russia,10.0,2019-08-15,,,WorthPoint
chelyabinsk-meteorite,Nicely Crusted Chelyabinsk Meteorite Individual (LL5) - 2.80 G,25.0,2019-08-09,2.8,8.93,WorthPoint
chelyabinsk-meteorite,Nose Cone-Oriented CHELYABINSK Meteorite Individual (LL5) - 7.9 G W/crust,69.0,2019-08-07,7.9,8.73,WorthPoint
chelyabinsk-meteorite,Chelyabinsk Meteorite Individual (LL5) - 1.56 G W/100% Crust - FRESH,15.0,2019-08-03,1.56,9.62,WorthPoint
chelyabinsk-meteorite,"3.95 Grams ORIENTED CHELYABINSK LL5 METEORITE - RUSSIAN FALL FEBRUARY, 2013",240.0,2019-08-02,3.95,60.76,WorthPoint
chelyabinsk-meteorite,"2014 Chelyabinsk Meteorite Russian Coin, Contains Meteorite, #78 Of 2,000 Made!",69.0,2019-08-01,,,WorthPoint
chelyabinsk-meteorite,.728 Grams Chelyabinsk Meteorite ( LL5 ) Crusted Individual Fell In Russia 2013,10.99,2019-07-23,728.0,0.02,WorthPoint
chelyabinsk-meteorite,1.074 Grams Chelyabinsk Meteorite ( LL5 ) Crusted Individual Fell In Russia 2013,13.0,2019-07-23,1.074,12.1,WorthPoint
chelyabinsk-meteorite,.422 Grams 8mm 100% Crusted Individual Chelyabinsk Meteorite (LL5) Russia 2014,11.4,2019-07-23,422.0,0.03,WorthPoint
chelyabinsk-meteorite,.372 Grams 10mm 100% Crusted Individual Chelyabinsk Meteorite (LL5) Russia 2014,11.4,2019-07-23,372.0,0.03,WorthPoint
chelyabinsk-meteorite,Chelyabinsk Meteorite Crusted End Cut (LL5) - 2.34g W/crust - Shocked/Chondrules,19.0,2019-07-22,2.34,8.12,WorthPoint
chelyabinsk-meteorite,Oriented Chelyabinsk Meteorite Individual (LL5) - 7.8 G NICE!,78.0,2019-07-22,7.8,10.0,WorthPoint
chelyabinsk-meteorite,Quality Chelyabinsk Meteorite End Cut(LL5) - 4.6 G W/100% Edge Crust VERY FRESH,39.0,2019-07-17,4.6,8.48,WorthPoint
chelyabinsk-meteorite,.841 Grams Chelyabinsk Meteorite ( LL5 ) Crusted Individual Fell In Russia 2013,12.6,2019-07-12,841.0,0.01,WorthPoint
chelyabinsk-meteorite,Oriented Chelyabinsk Meteorite Crusted Fragment (LL5) - 2.8 G - FRESH,22.0,2019-07-12,2.8,7.86,WorthPoint
chelyabinsk-meteorite,Oriented Chelyabinsk Meteorite Crusted Fragment (LL5) - 5.0 G - FRESH,42.0,2019-07-10,5.0,8.4,WorthPoint
chelyabinsk-meteorite,Chelyabinsk Meteorite Individual (LL5) - 3.7 G W/95%+ Crust - FRESH,29.0,2019-07-08,3.7,7.84,WorthPoint
chelyabinsk-meteorite,Chelyabinsk Meteorite Crusted End Cut (LL5) - 3.0 G W/Melt Vein,21.0,2019-07-05,3.0,7.0,WorthPoint
chelyabinsk-meteorite,Oriented Fully Crusted W/spikes Chelyabinsk Meteorite Individual (LL5) - 0.77 G,12.5,2019-07-04,0.77,16.23,WorthPoint
chelyabinsk-meteorite,Chelyabinsk Meteorite Individual (LL5) - 2.12 G W/crust - FRESH,12.0,2019-07-03,2.12,5.66,WorthPoint
chelyabinsk-meteorite,Meteorite Chelyabinsk LL5 - 2013 Witnessed Fall - CHY-0010 - 6.85g Fusion Crust,50.0,2019-07-03,6.85,7.3,WorthPoint
chelyabinsk-meteorite,"Chelyabinsk Meteorite LL5, Recent Fall, Russia, Excellent Individual 41.1 Gr",224.99,2019-07-02,41.1,5.47,WorthPoint
chelyabinsk-meteorite,98% Crusted Chelyabinsk Meteorite Individual (LL5) - 4.7 G - FRESH,38.0,2019-06-29,4.7,8.09,WorthPoint
chelyabinsk-meteorite,Chelyabinsk Meteorite Crusted End Cut (LL5) - 4.8 G NICE!!,35.0,2019-06-28,4.8,7.29,WorthPoint
chelyabinsk-meteorite,Chelyabinsk Meteorite Crusted End Cut (LL5) - 3.47 G SHOCKING !!!,28.0,2019-06-28,3.47,8.07,WorthPoint
chelyabinsk-meteorite,Chelyabinsk Meteorite 38.3g - 65% Fusion Crusted W/Exposed Matrix - IMCA #6236,399.0,2019-06-26,38.3,10.42,WorthPoint
chelyabinsk-meteorite,Awesome Chelyabinsk Meteorite Crusted Individual (LL5) - 2.5 G - FRESH,16.0,2019-06-20,2.5,6.4,WorthPoint
chelyabinsk-meteorite,Chelyabinsk Meteorite Slice (LL5) - 1.66 G W/crust,12.0,2019-06-19,1.66,7.23,WorthPoint
chelyabinsk-meteorite,THIN Cut Chelyabinsk Meteorite Slice (LL5) - 3.0 G W/crust - FRESH,27.0,2019-06-19,3.0,9.0,WorthPoint
chelyabinsk-meteorite,Crusted Bullet-Oriented Chelyabinsk Meteorite Individual (LL5) - 2.17 G NICE!,25.0,2019-06-19,2.17,11.52,WorthPoint
chelyabinsk-meteorite,2.47g Chelyabinsk Meteorite With Sonic Boom Glass (Provenance Pack) IMCA 6236,35.0,2019-06-16,2.47,14.17,WorthPoint
chelyabinsk-meteorite,.299 Grams 8mm 100% Crusted Individual Chelyabinsk Meteorite (LL5) Russia 2014,11.0,2019-06-13,299.0,0.04,WorthPoint
chelyabinsk-meteorite,Russian Uzbek Chinese Tajik Kazakh Kyrgyz ANTI-TERRORISM Badge Chelyabinsk MEDAL,39.99,2019-06-12,,,WorthPoint
chelyabinsk-meteorite,Traktor Chelyabinsk #74 Vitali Kravtsov KHL Replica Jersey Mens Size 52,86.69,2019-06-11,,,WorthPoint
chelyabinsk-meteorite,"VISHNEVITE In NEPHELINE With ANNITE--Kurochkin Log, Chelyabinsk Oblast, Russia!",15.0,2019-06-09,,,WorthPoint
chelyabinsk-meteorite,"Vintage 1980s Caliper (0.05 Mm) 14.5"" Made In USSR (CCCP) 0 - 250 Mm Chelyabinsk",36.0,2019-06-07,,,WorthPoint
chelyabinsk-meteorite,Chelyabinsk Meteorite Slice W/crust (LL5) - 1.65 G W/chondrules And Shock Veins,15.0,2019-06-07,1.65,9.09,WorthPoint
chelyabinsk-meteorite,Nice Chelyabinsk Meteorite Individual (LL5) - 1.41 G W/crust,12.0,2019-06-07,1.41,8.51,WorthPoint
chelyabinsk-meteorite,Fully Crusted Oriented Chelyabinsk Meteorite Individual (LL5) - 7.9 G Very Nice!,89.0,2019-06-03,7.9,11.27,WorthPoint
chelyabinsk-meteorite,"NEW! Chelyabinsk Meteorite LL5, Recent Fall, Russia, Individual 12.2 Grams",91.49,2019-06-02,12.2,7.5,WorthPoint
chelyabinsk-meteorite,Traktor Chelyabinsk #88 KHL Replica Russian Hockey Jersey Mens Size 50,55.99,2019-05-25,,,WorthPoint
chelyabinsk-meteorite,Meteorite Chelyabinsk LL5 - 2013 Witnessed Fall - CHY-0014 - 5.65g Fusion Crust,12.95,2019-05-22,5.65,2.29,WorthPoint
chelyabinsk-meteorite,CHELYABINSK METEORITE RUSSIAN STONY 4.2 G Endcut CHONDRITE PROFESSIONAL SLICE,66.89,2019-05-20,4.2,15.93,WorthPoint
chelyabinsk-meteorite,5.87 Grams Chelyabinsk Crusted Meteorite ( LL5 ) End Cut - Fell In Russia 2013,29.0,2019-05-19,5.87,4.94,WorthPoint
chelyabinsk-meteorite,12.2 Grams Chelyabinsk Sliced Meteorite ( LL5 ) Slice - Fell In Russia 2013,29.99,2019-05-19,12.2,2.46,WorthPoint
chelyabinsk-meteorite,5.45 Grams Chelyabinsk Crusted Meteorite ( LL5 ) Cut Chunk - Fell In Russia 2013,19.99,2019-05-13,5.45,3.67,WorthPoint
chelyabinsk-meteorite,THIN Cut Chelyabinsk Meteorite Slice (LL5) - 2.15 G W/crust - FRESH,29.0,2019-05-12,2.15,13.49,WorthPoint
chelyabinsk-meteorite,"Meteorite**Chelyabinsk, Russia**33.12 Gram Impact Melt!!!",150.0,2019-05-10,33.12,4.53,WorthPoint
chelyabinsk-meteorite,20.2 Grams Chelyabinsk Crusted Meteorite ( LL5 ) End Cut - Fell In Russia 2013,70.0,2019-05-09,20.2,3.47,WorthPoint
chelyabinsk-meteorite,Chelyabinsk Meteorite Individual (LL5) - 11.5 G W/crust - FRESH,89.0,2019-05-08,11.5,7.74,WorthPoint
chelyabinsk-meteorite,Chelyabinsk Meteorite Individual (LL5) - 3.6 G W/crust - FRESH,33.0,2019-05-05,3.6,9.17,WorthPoint
chelyabinsk-meteorite,Chelyabinsk Meteorite Fragment W/crust - 4.0 G Impact Melt NICE!,27.99,2019-05-02,4.0,7.0,WorthPoint
chelyabinsk-meteorite,1.249 Grams Chelyabinsk Meteorite ( LL5 ) Crusted Individual Fell In Russia 2013,14.0,2019-05-01,1.249,11.21,WorthPoint
chelyabinsk-meteorite,Evgeny Kuznetsov Traktor Chelyabinsk Russian Jersey Washington Capitals Sz 48,51.0,2019-04-28,,,WorthPoint
chelyabinsk-meteorite,Chelyabinsk - 2013 Russian 10 Ruble Coin,20.0,2019-04-28,,,WorthPoint
chelyabinsk-meteorite,HC Traktor Chelyabinsk Trucker KHL Cap Hat,30.0,2019-04-25,,,WorthPoint
chelyabinsk-meteorite,.734 Grams Chelyabinsk Meteorite ( LL5 ) Crusted Individual Fell In Russia 2013,11.0,2019-04-19,734.0,0.01,WorthPoint
chelyabinsk-meteorite,Chelyabinsk Meteorite 2013 FALL 15 Feb 4.31 G Whole Fresh 95% Crusted Gem,45.0,2019-04-17,4.31,10.44,WorthPoint
chelyabinsk-meteorite,100% Crusted Individual Chelyabinsk Meteorites (LL5 Chondrite) 1.757g Pea Lot,24.99,2019-04-17,1.757,14.22,WorthPoint
chelyabinsk-meteorite,21.8 Grams Chelyabinsk Crusted Meteorite ( LL5 ) End Cut - Fell In Russia 2013,69.0,2019-04-16,21.8,3.17,WorthPoint
chelyabinsk-meteorite,Chelyabinsk Meteorite Crusted End Cut (LL5) - 2.6 G,21.0,2019-04-15,2.6,8.08,WorthPoint
chelyabinsk-meteorite,Chelyabinsk Meteorite Slice (LL5) - 2.16 G W/crust - Shocked & Chondrules,43.0,2019-04-15,2.16,19.91,WorthPoint
chelyabinsk-meteorite,Chelyabinsk Meteorite Fragment W/crust - 1.78 G Impact Melt NICE!,18.0,2019-04-13,1.78,10.11,WorthPoint
chelyabinsk-meteorite,Chelyabinsk Meteorite Slice (LL5) - 3.74 G W/crust - FRESH,55.99,2019-04-09,3.74,14.97,WorthPoint
chelyabinsk-meteorite,.994 Grams Chelyabinsk Meteorite ( LL5 ) Crusted Individual Fell In Russia 2013,11.5,2019-04-08,994.0,0.01,WorthPoint
chelyabinsk-meteorite,Oriented Chelyabinsk Meteorite Individual (LL5) - 5.1 G W/crust - FRESH,64.0,2019-04-07,5.1,12.55,WorthPoint
chelyabinsk-meteorite,Oriented Chelyabinsk Meteorite Individual (LL5) - 1.36 G W/crust - FRESH,15.0,2019-04-07,1.36,11.03,WorthPoint
chelyabinsk-meteorite,Traktor Chelyabinsk Hockey Jersey KHL Large 50 Evgeny Kuznetsov Russia,50.0,2019-04-06,,,WorthPoint
chelyabinsk-meteorite,Traktor Chelyabinsk (Russia) Sergei GONCHAR- LUTCH Replica Hockey Jersey Size 54,17.0,2019-04-02,,,WorthPoint
chelyabinsk-meteorite,"Meteorite**Chelyabinsk, Russia**37.7 Gram Individual W/Fusion Crust!!",200.0,2019-04-01,37.7,5.31,WorthPoint
chelyabinsk-meteorite,Chelyabinsk Meteorite Fragment (LL5) - 19.0g W/crust - FRESH,219.0,2019-03-31,19.0,11.53,WorthPoint
chelyabinsk-meteorite,Chelyabinsk Meteorite End Cut (LL5) - 1.6 G - Impact Melt,16.42,2019-03-31,1.6,10.26,WorthPoint
chelyabinsk-meteorite,Chelyabinsk Meteorite Slice (LL5) - 2.9g W/crust - FRESH,19.0,2019-03-29,2.9,6.55,WorthPoint
chelyabinsk-meteorite,Chelyabinsk Meteorite Slice (LL5) - 3.2g W/crust - FRESH,51.99,2019-03-29,3.2,16.25,WorthPoint
chelyabinsk-meteorite,1.172 Grams Chelyabinsk Meteorite ( LL5 ) Crusted Individual Fell In Russia 2013,15.0,2019-03-27,1.172,12.8,WorthPoint
chelyabinsk-meteorite,CHELYABINSK 2.26g - Historic Witnessed Meteorite Fall Russia 2013 I LL5 C - TOP,34.0,2019-03-19,2.26,15.04,WorthPoint
chelyabinsk-meteorite,1.112 Grams Chelyabinsk Meteorite ( LL5 ) Crusted Individual Fell In Russia 2013,11.15,2019-03-18,1.112,10.03,WorthPoint
chelyabinsk-meteorite,Chelyabinsk 33 Gram Fresh Crusted Individual,280.0,2019-03-15,33.0,8.48,WorthPoint
chelyabinsk-meteorite,"4.66 Grams ORIENTED CHELYABINSK LL5 METEORITE - RUSSIAN FALL FEBRUARY, 2013",245.0,2019-03-13,4.66,52.58,WorthPoint
chelyabinsk-meteorite,Chelyabinsk Meteorite In Gift Box,19.99,2019-03-13,,,WorthPoint
chelyabinsk-meteorite,.644 Grams Chelyabinsk Meteorite ( LL5 ) Crusted Individual Fell In Russia 2013,12.0,2019-03-11,644.0,0.02,WorthPoint
chelyabinsk-meteorite,1.129 Grams Chelyabinsk Meteorite ( LL5 ) Crusted Individual Fell In Russia 2013,11.3,2019-03-08,1.129,10.01,WorthPoint
chelyabinsk-meteorite,Kuznetsov Traktor Chelyabinsk KHL Russian Hockey Jersey Size 54 Capitals Sweater,41.0,2019-02-28,,,WorthPoint
chelyabinsk-meteorite,"Meteorite**Chelyabinsk, Russia**7.98 Gram Individual W/Fusion Crust!!",60.0,2019-02-28,7.98,7.52,WorthPoint
chelyabinsk-meteorite,51 Gram - Chelyabinsk Meteorite - Part Impact Melt/ Part Chondrite - End Cut,190.0,2019-02-22,51.0,3.73,WorthPoint
chelyabinsk-meteorite,"22.5Fell 2013 Feb. 15,Chelyabinsk LL5 Meteorite, South Urals, Russia 1.14 Grams",20.0,2019-02-18,1.14,17.54,WorthPoint
chelyabinsk-meteorite,"Meteorite**Chelyabinsk, Russia**1.42 Grams Breccia W/Flow Lines!",29.99,2019-02-14,1.42,21.12,WorthPoint
chelyabinsk-meteorite,Chelyabinsk Meteorite 47.5 G. ORIENTED Flowlines FLOW BULLET Regmaglypts Spikes,550.0,2019-02-12,47.5,11.58,WorthPoint
chelyabinsk-meteorite,"1.23 Gr. COMPLETE CHELYABINSK LL5 METEORITE, FAMOUS RUSSIAN FALL FEBRUARY, 2013",28.0,2019-02-10,1.23,22.76,WorthPoint
chelyabinsk-meteorite,Chelyabinsk Meteorite .925 Silver Proof-Cook Islands 2013,191.95,2019-02-05,,,WorthPoint
chelyabinsk-meteorite,E. Kuznetsov Capitals Traktor Chelyabinsk 2012-13 Russian Hockey Jersey DK 46,99.99,2019-01-19,,,WorthPoint
chelyabinsk-meteorite,"Meteorite**Chelyabinsk, Russia**0.58 Grams, Mini‚Äôs W/Fusion Crust!!",10.99,2019-01-16,0.58,18.95,WorthPoint
chelyabinsk-meteorite,Chelyabinsk Meteorite 8g Fragment 2013 Russian Fireball!,40.0,2019-01-03,8.0,5.0,WorthPoint
chelyabinsk-meteorite,ZIRCON Crystal In Matrix * Vishnevye Mts * Chelyabinsk Oblast* Russia,95.0,2018-12-09,,,WorthPoint
chelyabinsk-meteorite,Flames Of War - Soviet: T-34 Obr 1942 (Chelyabinsk Version) SU060,11.69,2018-12-08,,,WorthPoint
chelyabinsk-meteorite,Kuznetsov #84 Traktor Chelyabinsk 13/14 KHL Lutch Replica Russian Hockey Jersey,31.5,2018-12-03,,,WorthPoint
chelyabinsk-meteorite,Beautiful Chelyabinsk Meteorites - Nice Variety Of Geometric Shapes,39.99,2018-11-20,,,WorthPoint
chelyabinsk-meteorite,HC Traktor Chelyabinsk KHL Russian Hockey Cap Hat,29.0,2018-11-19,,,WorthPoint
chelyabinsk-meteorite,"HC Traktor Chelyabinsk KHL Hockey Knit Cuffed Hat With Pom, Red/black",29.0,2018-11-19,,,WorthPoint
chelyabinsk-meteorite,Chelyabinsk (Ordinary Chondrite) Fully Crusted Whole Individual Meteorite - 4.5g,46.99,2018-11-12,4.5,10.44,WorthPoint
chelyabinsk-meteorite,Chelyabinsk Meteorite Split 19 Grams 33mm Long Russia,75.0,2018-11-10,19.0,3.95,WorthPoint
chelyabinsk-meteorite,Chelyabinsk Meteorite 3.0 Grams Endcut 1&1/4 In.,15.37,2018-11-10,3.0,5.12,WorthPoint
chelyabinsk-meteorite,Information Meteorite Display With Real Chelyabinsk Meteorite #3,38.5,2018-11-05,,,WorthPoint
chelyabinsk-meteorite,"Meteorite**Chelyabinsk, Russia**2.71 Grams, Super Fresh Oriented Bullet!!!",29.99,2018-11-04,2.71,11.07,WorthPoint
chelyabinsk-meteorite,Beautiful Chelyabinsk Meteorite With Remaglyphs - 5.63g,56.99,2018-11-02,5.63,10.12,WorthPoint
chelyabinsk-meteorite,"Fell 2013 Feb. 15,Chelyabinsk LL5 Meteorite, South Urals, Russia 3.0 Grams",23.0,2018-11-01,3.0,7.67,WorthPoint
chelyabinsk-meteorite,6.81 Grams Chelyabinsk Meteorite Class (LL5) Crusted Fragment Fell Russia 2013,24.99,2018-10-29,6.81,3.67,WorthPoint
chelyabinsk-meteorite,"Meteorite**Chelyabinsk, Russia**2.24 Grams, Oriented W/Fusion Crust!!",12.99,2018-10-29,2.24,5.8,WorthPoint
chelyabinsk-meteorite,"Meteorite**Chelyabinsk, Russia**4.67 Grams, Oriented Pea Lot!!!",24.99,2018-10-27,4.67,5.35,WorthPoint
chelyabinsk-meteorite,"Meteorite**Chelyabinsk, Russia**5.28 Grams, Super Oriented Shield!!",49.99,2018-10-22,5.28,9.47,WorthPoint
chelyabinsk-meteorite,KHL Scarf Traktor Chelyabinsk 3rd 2011-12,15.0,2018-10-17,,,WorthPoint
chelyabinsk-meteorite,"Meteorite**Chelyabinsk, Russia**3.45 Grams, Oriented Pea Lot!!!",12.84,2018-10-15,3.45,3.72,WorthPoint
chelyabinsk-meteorite,6 Grams Chelyabinsk Meteorite Class (LL5) Crusted Fragment Fell Russia 2014,19.99,2018-10-12,6.0,3.33,WorthPoint
chelyabinsk-meteorite,"NEW! Chelyabinsk Meteorite LL5, Recent Fall, Russia, Lot Of Individuals 7 Grams",59.99,2018-09-25,7.0,8.57,WorthPoint
chelyabinsk-meteorite,CHELYABINSK METEORITE RUSSIAN STONY 3.6 G Endcut CHONDRITE PROFESSIONAL SLICE,68.89,2018-09-03,3.6,19.14,WorthPoint
chelyabinsk-meteorite,"Meteorite**Chelyabinsk, Russia**1.63 Grams, Oriented Pea Lot!!!",10.51,2018-09-03,1.63,6.45,WorthPoint
chelyabinsk-meteorite,Cook Islands $5 Chelyabinsk Meteorite Space Cosmos Silver 2013 Pcgs Pr69dc,139.0,2018-09-01,,,WorthPoint
chelyabinsk-meteorite,"Meteorites Russia, Chelyabinsk Meteorite 5.28 Grams.",31.8,2018-08-29,5.28,6.02,WorthPoint
chelyabinsk-meteorite,"Meteorites Russia, Chelyabinsk Meteorite 3.45 Grams.",22.5,2018-08-29,3.45,6.52,WorthPoint
chelyabinsk-meteorite,"Meteorites Russia, Chelyabinsk Meteorite 3.17 Grams.",11.0,2018-08-29,3.17,3.47,WorthPoint
chelyabinsk-meteorite,"Meteorites Russia, Chelyabinsk Meteorite 5.41 Grams.",19.0,2018-08-29,5.41,3.51,WorthPoint
chelyabinsk-meteorite,"Meteorites Russia, Chelyabinsk Meteorite 12.76 Grams.",43.0,2018-08-29,12.76,3.37,WorthPoint
chelyabinsk-meteorite,"Meteorites Russia, Chelyabinsk Meteorite 6.44 Grams.",16.5,2018-08-29,6.44,2.56,WorthPoint
chelyabinsk-meteorite,"Meteorites Russia, Chelyabinsk Meteorite 5.04 Grams.",18.5,2018-08-29,5.04,3.67,WorthPoint
chelyabinsk-meteorite,"Meteorites Russia, Chelyabinsk Meteorite 11.71 Grams.",29.0,2018-08-29,11.71,2.48,WorthPoint
chelyabinsk-meteorite,"Meteorites Russia, Chelyabinsk Meteorite 7.87 Grams.",16.0,2018-08-29,7.87,2.03,WorthPoint
chelyabinsk-meteorite,"Meteorite**Chelyabinsk, Russia**2.00 Grams, Super Oriented Shield!",17.5,2018-08-26,2.0,8.75,WorthPoint
chelyabinsk-meteorite,"Meteorites Russia, Chelyabinsk Meteorite.oriented 1.37 Grams.",30.0,2018-08-26,1.37,21.9,WorthPoint
chelyabinsk-meteorite,"Meteorites Russia, Chelyabinsk Meteorite.oriented 2.25 Grams.",18.5,2018-08-26,2.25,8.22,WorthPoint
chelyabinsk-meteorite,"Meteorites Russia, Chelyabinsk Meteorite.oriented 6.34 Grams.",46.0,2018-08-26,6.34,7.26,WorthPoint
chelyabinsk-meteorite,"Meteorites Russia, Chelyabinsk Meteorite.oriented 0.73 Grams.",11.53,2018-08-26,0.73,15.79,WorthPoint
chelyabinsk-meteorite,"Meteorites Russia, Chelyabinsk Meteorite.oriented 11.71 Grams.",50.0,2018-08-26,11.71,4.27,WorthPoint
chelyabinsk-meteorite,"Meteorites Russia, Chelyabinsk Meteorite.oriented 1.93 Grams.",22.5,2018-08-26,1.93,11.66,WorthPoint
chelyabinsk-meteorite,"Meteorites Russia, Chelyabinsk Meteorite.oriented 0.36 Grams.",49.0,2018-08-26,0.36,136.11,WorthPoint
chelyabinsk-meteorite,"Meteorites Russia, Chelyabinsk Meteorite.oriented 3.74 Grams.",34.0,2018-08-26,3.74,9.09,WorthPoint
chelyabinsk-meteorite,"Meteorites Of Russia, Chelyabinsk Meteorite.oriented Meteorite. 6.19 Grams.",29.91,2018-08-26,6.19,4.83,WorthPoint
chelyabinsk-meteorite,"Meteorites Russia, Chelyabinsk Meteorite 10.47 Grams.",51.0,2018-08-22,10.47,4.87,WorthPoint
chelyabinsk-meteorite,"Meteorites Russia, Chelyabinsk Meteorite 1.37 Grams.oriented",13.0,2018-08-22,1.37,9.49,WorthPoint
chelyabinsk-meteorite,"Meteorites Russia, Chelyabinsk Meteorite 6.4 Grams.",51.0,2018-08-22,6.4,7.97,WorthPoint
chelyabinsk-meteorite,"Meteorites Russia, Chelyabinsk Meteorite 3.71 Grams.",44.63,2018-08-22,3.71,12.03,WorthPoint
chelyabinsk-meteorite,"Meteorites Russia, Chelyabinsk Meteorite 4.6 Grams.",17.0,2018-08-22,4.6,3.7,WorthPoint
chelyabinsk-meteorite,"Meteorite CHELYABINSK, Russia, A Nice Well Shaped 1.61 Gr Individual",10.0,2018-08-22,1.61,6.21,WorthPoint
chelyabinsk-meteorite,Chelyabinsk Meteorite: 8.0 Gram Lot Of Polished Cuts,11.5,2018-08-21,8.0,1.44,WorthPoint
chelyabinsk-meteorite,"Meteorite CHELYABINSK, Russia, A Nice Well Shaped 8.36 Gr Individual",41.0,2018-08-21,8.36,4.9,WorthPoint
chelyabinsk-meteorite,"Meteorite Chelyabinsk, Chondrite LL5, Complete Stone 1,35 G, Recent Fall, Russia",11.0,2018-08-21,35.0,0.31,WorthPoint
chelyabinsk-meteorite,1.09 Grams Chelyabinsk Meteorite Class (LL5) Crusted Fragment Fell Russia 2014,12.5,2018-08-20,1.09,11.47,WorthPoint
chelyabinsk-meteorite,"Meteorite Transparent Polished Thin Section Chelyabinsk (LL5,S4,W0) Fall, Russia",38.0,2018-08-20,,,WorthPoint
chelyabinsk-meteorite,"Meteorite**Chelyabinsk, Russia**0.63 Grams, Perfectly Oriented Lot!",16.5,2018-08-19,0.63,26.19,WorthPoint
chelyabinsk-meteorite,"Meteorite**Chelyabinsk, Russia**0.61 Grams, Perfectly Oriented Lot!",18.99,2018-08-19,0.61,31.13,WorthPoint
chelyabinsk-meteorite,"Meteorite Chelyabinsk, Chondrite LL5, Complete Stone 5,2 G, Recent Fall, Russia",39.0,2018-08-18,2.0,19.5,WorthPoint
chelyabinsk-meteorite,KHL Official Hockey Puck. Traktor Chelyabinsk,12.99,2018-08-18,,,WorthPoint
chelyabinsk-meteorite,"Meteorite Chelyabinsk, Chondrite LL5, Complete Stone 2,4 G, Recent Fall, Russia",19.0,2018-08-14,4.0,4.75,WorthPoint
chelyabinsk-meteorite,"Meteorite CHELYABINSK, Russia, A Nice Well Shaped 2.91 Gr Individual",15.0,2018-08-12,2.91,5.15,WorthPoint
chelyabinsk-meteorite,Meteorite Chelyabinsk Russian Beautiful Individual 82.61 Gramss,665.0,2018-08-12,82.61,8.05,WorthPoint
chelyabinsk-meteorite,"Meteorite CHELYABINSK, Russia, A Nice Well Shaped 2.87 Gr Individual",10.0,2018-08-11,2.87,3.48,WorthPoint
chelyabinsk-meteorite,KHL Official Hockey Puck With Holder.Traktor Chelyabinsk,16.99,2018-08-08,,,WorthPoint
chelyabinsk-meteorite,"CHELYABINSK LL5 METEORITE,0.788 Gr WITNESSED FALL 2013 RUSSIA, CRUSTED",25.0,2018-08-06,0.788,31.73,WorthPoint
chelyabinsk-meteorite,Chelyabinsk Meteorite 6.9 Gram Individual,154.0,2018-08-06,6.9,22.32,WorthPoint
chelyabinsk-meteorite,Meteorite Chelyabinsk LL5 - 2013 Witnessed Fall - CHY-0003 - 20.61g Fusion Crust,113.61,2018-08-05,20.61,5.51,WorthPoint
chelyabinsk-meteorite,Russia Chelyabinsk Meteorite Coin Embedded Fragment Individually Numbered,69.99,2018-08-03,,,WorthPoint
chelyabinsk-meteorite,"Meteorite CHELYABINSK, Russia, A Nice Well Shaped 15.11 Gr Individual",74.0,2018-08-02,15.11,4.9,WorthPoint
chelyabinsk-meteorite,"Meteorites Russia CHELYABINSK Chebarkul –ú–µ—Ç–µ–æ—Ä–∏—Ç 1,79 –ì—Ä–∞–º–º Oriented",10.2,2018-08-02,,,WorthPoint
chelyabinsk-meteorite,"Meteorite Chelyabinsk Oriented. 2,14 Gram .",13.0,2018-08-02,14.0,0.93,WorthPoint
chelyabinsk-meteorite,"Meteorite Chelyabinsk 4,01 –ì—Ä–∞–º–º, Oriented Meteorite",13.2,2018-08-02,,,WorthPoint
chelyabinsk-meteorite,"Meteorite Chelyabinsk 2,55 –ì—Ä–∞–º–º, Oriented Meteorite",17.77,2018-08-02,,,WorthPoint
chelyabinsk-meteorite,"Meteorite Chelyabinsk Oriented. 1,16 Gram .",13.0,2018-08-02,16.0,0.81,WorthPoint
chelyabinsk-meteorite,"Meteorite Chelyabinsk 2,03 –ì—Ä–∞–º–º, Oriented Meteorite",10.8,2018-08-02,,,WorthPoint
chelyabinsk-meteorite,"Meteorites Of Russia, Chelyabinsk Meteorite 10.81 Grams.",36.0,2018-08-02,10.81,3.33,WorthPoint
chelyabinsk-meteorite,"Meteorite Chelyabinsk . 2,35 Gram .",12.6,2018-08-02,35.0,0.36,WorthPoint
chelyabinsk-meteorite,"Meteorite Chelyabinsk, Chondrite LL5, Complete Stone 6,4 G, Recent Fall, Russia",49.0,2018-08-01,4.0,12.25,WorthPoint
chelyabinsk-meteorite,2000 KHL Russia Traktor Chelyabinsk HC Polar Bears Hockey Jersey 54,100.0,2018-07-31,,,WorthPoint
chelyabinsk-meteorite,Chelyabinsk Meteorite: 9.3 Gram Lot,15.8,2018-07-31,9.3,1.7,WorthPoint
chelyabinsk-meteorite,Meteorite Chelyabinsk LL5 - 2013 Witnessed Fall - CHY-0012 - 6.63g Fusion Crust,66.95,2018-07-31,6.63,10.1,WorthPoint
chelyabinsk-meteorite,"Meteorite CHELYABINSK, Russia, A Nice Well Shaped 7.43 Gr Individual",36.0,2018-07-30,7.43,4.85,WorthPoint
chelyabinsk-meteorite,"Meteorite CHELYABINSK, Russia, A Nice Well Shaped 5.78 Gr Individual",26.0,2018-07-30,5.78,4.5,WorthPoint
chelyabinsk-meteorite,Meteorites Of Russia. Chelyabinsk Meteorite. 50.21 Grams.,179.26,2018-07-30,50.21,3.57,WorthPoint
chelyabinsk-meteorite,Meteorites Of Russia. Chelyabinsk Meteorite. 30.98 Grams.,108.0,2018-07-30,30.98,3.49,WorthPoint
chelyabinsk-meteorite,Meteorites Of Russia. Chelyabinsk Meteorite. 3.05 Grams.,11.5,2018-07-30,3.05,3.77,WorthPoint
chelyabinsk-meteorite,Meteorites Of Russia. Chelyabinsk Meteorite. 5.66 Grams.,27.0,2018-07-30,5.66,4.77,WorthPoint
chelyabinsk-meteorite,Meteorites Of Russia. Chelyabinsk Meteorite. 4.92 Grams.,17.0,2018-07-30,4.92,3.46,WorthPoint
chelyabinsk-meteorite,Meteorites Of Russia. Chelyabinsk Meteorite. 14.52 Grams.,40.0,2018-07-30,14.52,2.75,WorthPoint
chelyabinsk-meteorite,Meteorites Of Russia. Chelyabinsk Meteorite. 8.3 Grams.,24.04,2018-07-30,8.3,2.9,WorthPoint
chelyabinsk-meteorite,"Meteorites Of Russia, Chelyabinsk Meteorite 5.01 Grams.",13.0,2018-07-28,5.01,2.59,WorthPoint
chelyabinsk-meteorite,"Meteorites Of Russia, Chelyabinsk Meteorite 3.94 Grams.",11.0,2018-07-28,3.94,2.79,WorthPoint
chelyabinsk-meteorite,Vintage Postcard Set Russia USSR –ß–µ–ª—è–±–∏–Ω—Å–∫ Chelyabinsk 14 Cards 1974,29.99,2018-07-26,,,WorthPoint
chelyabinsk-meteorite,"Meteorite Chelyabinsk, Chondrite LL5, 100% Complete Stones 5,0 G In Glass Vial",49.0,2018-07-26,,,WorthPoint
chelyabinsk-meteorite,Meteorites Of Russia. Chelyabinsk Meteorite. 3.31 Grams.,12.0,2018-07-26,3.31,3.63,WorthPoint
chelyabinsk-meteorite,Meteorites Of Russia. Chelyabinsk Meteorite. 3.45 Grams.,12.0,2018-07-26,3.45,3.48,WorthPoint
chelyabinsk-meteorite,"Chelyabinsk Meteorite Fall From Feb. 15th, 2013 In Russia - 5.971 Grams",60.0,2018-07-25,5.971,10.05,WorthPoint
chelyabinsk-meteorite,"Meteorites Of Russia, Chelyabinsk Meteorite 3.53 Grams.",12.3,2018-07-24,3.53,3.48,WorthPoint
chelyabinsk-meteorite,"Meteorites Of Russia, Chelyabinsk Meteorite 7 Grams.",24.0,2018-07-24,7.0,3.43,WorthPoint
chelyabinsk-meteorite,"Meteorites Of Russia, Chelyabinsk Meteorite 6.34 Grams.",24.8,2018-07-24,6.34,3.91,WorthPoint
chelyabinsk-meteorite,"Meteorites Of Russia, Chelyabinsk Meteorite 17.32 Grams.",73.0,2018-07-24,17.32,4.21,WorthPoint
chelyabinsk-meteorite,"Meteorites Of Russia, Chelyabinsk Meteorite 4.89 Grams.",17.0,2018-07-24,4.89,3.48,WorthPoint
chelyabinsk-meteorite,Meteorites Of Russia. Chelyabinsk Meteorite.21.81 Grams. Micro Small,109.0,2018-07-24,21.81,5.0,WorthPoint
chelyabinsk-meteorite,Meteorites Of Russia. Chelyabinsk Meteorite.46.35 Grams. Small,162.0,2018-07-24,46.35,3.5,WorthPoint
chelyabinsk-meteorite,"Meteorite Chelyabinsk, Chondrite LL5, Complete Stone 1,65 G, Recent Fall, Russia",14.0,2018-07-22,65.0,0.22,WorthPoint
chelyabinsk-meteorite,Meteorites Of Russia. Chelyabinsk Meteorite 8.01 Grams. Micro Small,80.0,2018-07-21,8.01,9.99,WorthPoint
chelyabinsk-meteorite,"Meteorites Of Russia, Chelyabinsk Meteorite 4.19 Grams.",11.5,2018-07-20,4.19,2.74,WorthPoint
chelyabinsk-meteorite,"Meteorites Of Russia, Chelyabinsk Meteorite 11.13 Grams.",27.0,2018-07-20,11.13,2.43,WorthPoint
chelyabinsk-meteorite,"Meteorites Of Russia, Chelyabinsk Meteorite 5.87 Grams.",20.0,2018-07-20,5.87,3.41,WorthPoint
chelyabinsk-meteorite,"Meteorites Of Russia, Chelyabinsk Meteorite 8 Grams.",22.0,2018-07-20,8.0,2.75,WorthPoint
chelyabinsk-meteorite,"Meteorites Of Russia, Chelyabinsk Meteorite 11.65 Grams.",31.0,2018-07-20,11.65,2.66,WorthPoint
chelyabinsk-meteorite,"Meteorites Of Russia, Chelyabinsk Meteorite 11.77 Grams.",40.0,2018-07-20,11.77,3.4,WorthPoint
chelyabinsk-meteorite,"Meteorite CHELYABINSK, Russia, A Nice Well Shaped 13.54 Gr Individual",79.0,2018-07-20,13.54,5.83,WorthPoint
chelyabinsk-meteorite,Meteorites Of Russia. Chelyabinsk Meteorite. 4.33 Grams.,17.0,2018-07-19,4.33,3.93,WorthPoint
chelyabinsk-meteorite,Meteorites Of Russia. Chelyabinsk Meteorite. 22.6 Grams.,105.8,2018-07-19,22.6,4.68,WorthPoint
chelyabinsk-meteorite,Meteorites Of Russia. Chelyabinsk Meteorite. 11.2 Grams.,36.8,2018-07-19,11.2,3.29,WorthPoint
chelyabinsk-meteorite,Meteorites Of Russia. Chelyabinsk Meteorite. 6.93 Grams.,27.7,2018-07-19,6.93,4.0,WorthPoint
chelyabinsk-meteorite,Meteorites Of Russia. Chelyabinsk Meteorite. 16.36 Grams.,69.0,2018-07-19,16.36,4.22,WorthPoint
chelyabinsk-meteorite,Meteorites Of Russia. Chelyabinsk Meteorite. 3.44 Grams.,13.2,2018-07-19,3.44,3.84,WorthPoint
chelyabinsk-meteorite,Meteorites Of Russia. Chelyabinsk Meteorite.22.37 Grams. Small,146.94,2018-07-19,22.37,6.57,WorthPoint
chelyabinsk-meteorite,Meteorites Of Russia. Chelyabinsk Meteorite.3.64 Grams. Micro Small,32.89,2018-07-19,3.64,9.04,WorthPoint
chelyabinsk-meteorite,Meteorite CHELYABINSK Russia 13.50 Grams (41X22X7 Mm) –ú–µ—Ç–µ–æ—Ä–∏—Ç –ß–µ–ª—è–±–∏–Ω—Å–∫–æ–≥–æ,25.0,2018-07-19,13.5,1.85,WorthPoint
chelyabinsk-meteorite,"Meteorite Chelyabinsk, Chondrite LL5, Excellent Oriented Stone 9,4 G, Russia",99.0,2018-07-19,4.0,24.75,WorthPoint
chelyabinsk-meteorite,Meteorite Chelyabinsk Russian Beautiful Individual Set 15.60 Gramss,80.0,2018-07-19,15.6,5.13,WorthPoint
chelyabinsk-meteorite,"Meteorites Of Russia, Chelyabinsk Meteorite 8.34 Grams.",43.26,2018-07-18,8.34,5.19,WorthPoint
chelyabinsk-meteorite,"Meteorites Of Russia, Chelyabinsk Meteorite 9.57 Grams.",44.1,2018-07-18,9.57,4.61,WorthPoint
chelyabinsk-meteorite,"Meteorites Of Russia, Chelyabinsk Meteorite 9.69 Grams.",41.3,2018-07-18,9.69,4.26,WorthPoint
chelyabinsk-meteorite,"Meteorites Of Russia, Chelyabinsk Meteorite 10.41 Grams.",29.0,2018-07-18,10.41,2.79,WorthPoint
chelyabinsk-meteorite,"Meteorites Of Russia, Chelyabinsk Meteorite 17.37 Grams.",86.85,2018-07-18,17.37,5.0,WorthPoint
chelyabinsk-meteorite,"Meteorites Of Russia, Chelyabinsk Meteorite 4.49 Grams.",19.01,2018-07-18,4.49,4.23,WorthPoint
chelyabinsk-meteorite,"Meteorites Of Russia, Chelyabinsk Meteorite 4.29 Grams.",11.0,2018-07-18,4.29,2.56,WorthPoint
chelyabinsk-meteorite,"Meteorites Of Russia, Chelyabinsk Meteorite 3.87 Grams.",19.0,2018-07-18,3.87,4.91,WorthPoint
chelyabinsk-meteorite,"Meteorites Of Russia, Chelyabinsk Meteorite 20.86 Grams.",83.0,2018-07-15,20.86,3.98,WorthPoint
chelyabinsk-meteorite,"Meteorites Of Russia, Chelyabinsk Meteorite 21.14 Grams.",73.0,2018-07-15,21.14,3.45,WorthPoint
chelyabinsk-meteorite,"Meteorites Of Russia, Chelyabinsk Meteorite 102 Grams.small",350.0,2018-07-15,102.0,3.43,WorthPoint
chelyabinsk-meteorite,"Meteorites Of Russia, Chelyabinsk Meteorite 6.76 Grams.",20.5,2018-07-13,6.76,3.03,WorthPoint
chelyabinsk-meteorite,"Meteorites Of Russia, Chelyabinsk Meteorite 7.48 Grams.",26.0,2018-07-13,7.48,3.48,WorthPoint
chelyabinsk-meteorite,"Meteorites Of Russia, Chelyabinsk Meteorite 5.28 Grams.",15.5,2018-07-13,5.28,2.94,WorthPoint
chelyabinsk-meteorite,"Meteorites Of Russia, Chelyabinsk Meteorite 7.33 Grams.",28.0,2018-07-13,7.33,3.82,WorthPoint
chelyabinsk-meteorite,"Meteorites Of Russia, Chelyabinsk Meteorite Oriented 0,83 Grams.",10.0,2018-07-13,83.0,0.12,WorthPoint
chelyabinsk-meteorite,"Meteorites Of Russia, Chelyabinsk Meteorite 13.6 Grams.",44.0,2018-07-12,13.6,3.24,WorthPoint
chelyabinsk-meteorite,"Meteorites Of Russia, Chelyabinsk Meteorite. 3.49 Grams.",13.0,2018-07-12,3.49,3.72,WorthPoint
chelyabinsk-meteorite,"Meteorites Of Russia, Chelyabinsk Meteorite. 3.62 Grams.",20.5,2018-07-12,3.62,5.66,WorthPoint
chelyabinsk-meteorite,"Meteorites Of Russia, Chelyabinsk Meteorite 6.41 Grams.",23.0,2018-07-12,6.41,3.59,WorthPoint
chelyabinsk-meteorite,"Meteorites Of Russia, Chelyabinsk Meteorite 7.62 Grams.",31.0,2018-07-12,7.62,4.07,WorthPoint
chelyabinsk-meteorite,"Meteorites Of Russia, Chelyabinsk Meteorite 5.55 Grams.",25.0,2018-07-12,5.55,4.5,WorthPoint
chelyabinsk-meteorite,"Meteorite CHELYABINSK, Russia, A Nice Well Shaped 14.68 Gr Individual",70.0,2018-07-12,14.68,4.77,WorthPoint
chelyabinsk-meteorite,"Meteorite Chelyabinsk, Chondrite LL5, Complete Stone 4,3 G, Recent Fall, Russia",39.0,2018-07-11,3.0,13.0,WorthPoint
chelyabinsk-meteorite,"Meteorites Russia CHELYABINSK –ú–µ—Ç–µ–æ—Ä–∏—Ç 1,79 Gm.Weakly Oriented Meteorite",18.0,2018-07-11,79.0,0.23,WorthPoint
chelyabinsk-meteorite,"Meteorites Of Russia, Chelyabinsk Meteorite 9.08 Grams.",36.0,2018-07-08,9.08,3.96,WorthPoint
chelyabinsk-meteorite,"Meteorites Of Russia, Chelyabinsk Meteorite 8.75 Grams.",39.8,2018-07-08,8.75,4.55,WorthPoint
chelyabinsk-meteorite,"Meteorites Of Russia, Chelyabinsk Meteorite 15.02 Grams.",51.0,2018-07-08,15.02,3.4,WorthPoint
chelyabinsk-meteorite,Rare Commemorative Chelyabinsk Meteorite 2013 Souvenir Stele On Stand Exclusive,300.0,2018-07-08,,,WorthPoint
chelyabinsk-meteorite,Meteorites Of Russia. Chelyabinsk Meteorite. 58 Grams. Micro Small,580.0,2018-07-07,58.0,10.0,WorthPoint
chelyabinsk-meteorite,"Meteorites Of Russia, Chelyabinsk Meteorite 8.49 Grams.",29.0,2018-07-05,8.49,3.42,WorthPoint
chelyabinsk-meteorite,"Meteorites Of Russia, Chelyabinsk Meteorite 21.91 Grams.",83.0,2018-07-05,21.91,3.79,WorthPoint
chelyabinsk-meteorite,"Meteorites Of Russia, Chelyabinsk Meteorite 7.98 Grams.",43.0,2018-07-05,7.98,5.39,WorthPoint
chelyabinsk-meteorite,"Meteorites Of Russia, Chelyabinsk Meteorite 5.22 Grams.",17.0,2018-07-05,5.22,3.26,WorthPoint
chelyabinsk-meteorite,"Meteorite Chelyabinsk 2,6 –ì—Ä–∞–º–º, Oriented Meteorite",26.0,2018-07-05,,,WorthPoint
chelyabinsk-meteorite,"Meteorite Chelyabinsk Oriented. 0,86 Gram",10.0,2018-07-05,86.0,0.12,WorthPoint
chelyabinsk-meteorite,Meteorite Chelyabinsk Russian Rare Beautiful Individual 3.63 Gramss,17.0,2018-07-05,3.63,4.68,WorthPoint
chelyabinsk-meteorite,"Meteorite CHELYABINSK, Russia, A Nice Well Shaped 9.49 Gr Set",44.0,2018-07-04,9.49,4.64,WorthPoint
chelyabinsk-meteorite,Meteorite Chelyabinsk Russian Beautiful Rare Oriented Set 3.52 Gramss,22.0,2018-07-04,3.52,6.25,WorthPoint
chelyabinsk-meteorite,"Meteorite CHELYABINSK, Russia, A Nice Well Shaped 15.68 Gr Individual",75.0,2018-07-02,15.68,4.78,WorthPoint
chelyabinsk-meteorite,Chelyabinsk Mechanical Plant Catalog Cranes 2016,21.0,2018-07-02,,,WorthPoint
chelyabinsk-meteorite,"Russia - SIBERIA - Work On The Railway Line, 1105 Versts From Chelyabinsk - Publ",14.99,2018-07-01,,,WorthPoint
chelyabinsk-meteorite,Meteorite Chelyabinsk Russian Beautiful Individual Set 1.28 Gramss,14.0,2018-06-30,1.28,10.94,WorthPoint
chelyabinsk-meteorite,Russian Soviet Ussr Tank Chelyabinsk Clock Cockpit Panel Wind Up Working Ussr,29.95,2018-06-29,,,WorthPoint
chelyabinsk-meteorite,Meteorite Chelyabinsk Russian Rare Shape Micro Oriented Set 1.00 Gramss,15.0,2018-06-29,1.0,15.0,WorthPoint
chelyabinsk-meteorite,WWII Field Post Censor Soviet Propaganda Turgoyak Miass Chelyabinsk 1943,29.99,2018-06-28,,,WorthPoint
chelyabinsk-meteorite,"Meteorite Chelyabinsk, Chondrite LL5, Complete Stone 2,5 G, Recent Fall, Russia",19.0,2018-06-24,5.0,3.8,WorthPoint
chelyabinsk-meteorite,"Meteorite Chelyabinsk, Chondrite LL5, Complete Stone 4,8 G, Recent Fall, Russia",39.0,2018-06-23,8.0,4.88,WorthPoint
chelyabinsk-meteorite,Meteorite Chelyabinsk Oriented.3.75 Gram .,18.0,2018-06-22,3.75,4.8,WorthPoint
chelyabinsk-meteorite,"Meteorites Of Russia, Chelyabinsk Meteorite 8.8 Grams.",27.0,2018-06-22,8.8,3.07,WorthPoint
chelyabinsk-meteorite,"Meteorites Of Russia, Chelyabinsk Meteorite 5.11 Grams.",18.0,2018-06-22,5.11,3.52,WorthPoint
chelyabinsk-meteorite,"Meteorites Of Russia, Chelyabinsk Meteorite 8.38 Grams.",29.0,2018-06-22,8.38,3.46,WorthPoint
chelyabinsk-meteorite,"Newspaper, Coin & Chelyabinsk Meteorite 1.1g LL5 Chondrite From –ß–µ–ª—è–±–∏–Ω—Å–∫",59.0,2018-06-21,1.1,53.64,WorthPoint
chelyabinsk-meteorite,"Meteorites Of Russia, Chelyabinsk Meteorite 14.88 Grams.",67.0,2018-06-19,14.88,4.5,WorthPoint
chelyabinsk-meteorite,"Meteorite Chelyabinsk, Chondrite LL5, Complete Stone 1,5 G, Recent Fall, Russia",12.0,2018-06-16,5.0,2.4,WorthPoint
chelyabinsk-meteorite,Meteorite Chelyabinsk 4.7 Gram .,15.0,2018-06-16,4.7,3.19,WorthPoint
chelyabinsk-meteorite,"Meteorite Chelyabinsk Oriented. 3,69 Gram .",14.0,2018-06-16,69.0,0.2,WorthPoint
chelyabinsk-meteorite,Chelyabinsk Meteorite: 4.2 Gram Lot Of 2 Individuals,11.5,2018-06-16,4.2,2.74,WorthPoint
chelyabinsk-meteorite,Infinity Metorite Pen. Tip Has Encapsulate Fragment Of The Chelyabinsk Meteorite,124.99,2018-06-15,,,WorthPoint
chelyabinsk-meteorite,Meteorite Chelyabinsk Russian Beautiful Individual 7.42 Gramss,53.0,2018-06-14,7.42,7.14,WorthPoint
chelyabinsk-meteorite,"Meteorite Chelyabinsk, Chondrite LL5, Complete Oriented Stone 2,4 G, Russia",29.0,2018-06-13,4.0,7.25,WorthPoint
chelyabinsk-meteorite,"Meteorite CHELYABINSK, Russia, A Nice Well Shaped 9.27 Gr Individual",43.0,2018-06-11,9.27,4.64,WorthPoint
chelyabinsk-meteorite,"Meteorite CHELYABINSK, Russia, A Nice Well Shaped 5.59 Gr Individual",25.0,2018-06-11,5.59,4.47,WorthPoint
chelyabinsk-meteorite,Traktor Chelyabinsk KHL Russian Hockey Jersey,60.0,2018-06-10,,,WorthPoint
chelyabinsk-meteorite,"Meteorite Chelyabinsk 2,8 –ì—Ä–∞–º–º, Oriented Meteorite",28.0,2018-06-08,,,WorthPoint
chelyabinsk-meteorite,"Meteorites Of Russia, Chelyabinsk Meteorite 7.53 Grams.",32.0,2018-06-07,7.53,4.25,WorthPoint
chelyabinsk-meteorite,"Meteorites Of Russia, Chelyabinsk Meteorite 9.04 Grams.",46.0,2018-06-07,9.04,5.09,WorthPoint
chelyabinsk-meteorite,Meteorite Chelyabinsk Oriented. 1.84 Gram .,18.0,2018-06-07,1.84,9.78,WorthPoint
chelyabinsk-meteorite,Meteorites Chelyabinsk Russia Meteorite. 5.28 G.,15.0,2018-06-07,5.28,2.84,WorthPoint
chelyabinsk-meteorite,Meteorites Of Russia. Chelyabinsk Meteorite. 20.5 Grams.,90.0,2018-06-06,20.5,4.39,WorthPoint
chelyabinsk-meteorite,Meteorites Of Russia. Chelyabinsk Meteorite. 51.01 Grams. Micro Small,500.0,2018-06-06,51.01,9.8,WorthPoint
chelyabinsk-meteorite,Meteorite Chelyabinsk Russian Beautiful Individual Set 3.46 Gramss,20.0,2018-06-05,3.46,5.78,WorthPoint
chelyabinsk-meteorite,Meteorite Chelyabinsk Russian Beautiful Individual Set 3.78 Gramss,77.0,2018-06-05,3.78,20.37,WorthPoint
chelyabinsk-meteorite,"Meteorites Of Russia, Chelyabinsk Meteorite Oriented 1,09 Grams.",13.5,2018-06-04,9.0,1.5,WorthPoint
chelyabinsk-meteorite,"Meteorites Of Russia, Chelyabinsk Meteorite Oriented 1,02 Grams.",18.7,2018-06-04,2.0,9.35,WorthPoint
chelyabinsk-meteorite,"Meteorites Of Russia, Chelyabinsk Meteorite Oriented 2.07 Grams.",22.3,2018-06-04,2.07,10.77,WorthPoint
chelyabinsk-meteorite,"Meteorites Russia CHELYABINSK –ú–µ—Ç–µ–æ—Ä–∏—Ç 33,57 –ì—Ä–∞–º–º",119.5,2018-06-04,,,WorthPoint
chelyabinsk-meteorite,Meteorite Chelyabinsk Russian Beautiful Rare Oriented 44.01 Gramss,360.0,2018-06-03,44.01,8.18,WorthPoint
chelyabinsk-meteorite,"Meteorite Chelyabinsk Oriented. 0,57 Gram .",20.0,2018-06-03,57.0,0.35,WorthPoint
chelyabinsk-meteorite,"Meteorites Russia CHELYABINSK Chebarkul –ú–µ—Ç–µ–æ—Ä–∏—Ç 8,17 –ì—Ä–∞–º–º Oriented",81.0,2018-06-03,,,WorthPoint
chelyabinsk-meteorite,Meteorites Of Russia. Chelyabinsk Meteorite. 46.29 Grams. Micro Small,235.5,2018-06-03,46.29,5.09,WorthPoint
chelyabinsk-meteorite,"Meteorite Chelyabinsk . 4,09 Gram .Micro Small Meteorite.",20.0,2018-06-03,9.0,2.22,WorthPoint
chelyabinsk-meteorite,Meteorites Russia CHELYABINSK Chebarkul –ú–µ—Ç–µ–æ—Ä–∏—Ç 8.19 –ì—Ä–∞–º–º,40.0,2018-06-01,,,WorthPoint
chelyabinsk-meteorite,Meteorites Russia CHELYABINSK Chebarkul –ú–µ—Ç–µ–æ—Ä–∏—Ç 40 –ì—Ä–∞–º–º 100% Integrity,140.0,2018-06-01,,,WorthPoint
chelyabinsk-meteorite,Meteorite Chelyabinsk Oriented 1.43 Gram .,14.0,2018-06-01,1.43,9.79,WorthPoint
chelyabinsk-meteorite,"Meteorite CHELYABINSK, Russia, A Nice Well Shaped 4.76 Gr Individual",23.0,2018-06-01,4.76,4.83,WorthPoint
chelyabinsk-meteorite,Meteorite Chelyabinsk LL5 - 2013 Witnessed Fall - CHY-0019 - 6.37g SHOCK - Crust,51.0,2018-05-29,6.37,8.01,WorthPoint
chelyabinsk-meteorite,"Meteorite Chelyabinsk, Chondrite LL5, Complete Stone 6,7 G, Recent Fall, Russia",59.0,2018-05-29,7.0,8.43,WorthPoint
chelyabinsk-meteorite,Meteorite Chelyabinsk LL5 - 2013 Witnessed Fall - CHY-0018 - 5.42g SHOCK - Crust,31.0,2018-05-29,5.42,5.72,WorthPoint
chelyabinsk-meteorite,Meteorite Chelyabinsk LL5 - 2013 Witnessed Fall - CHY-0017 - 5.97g SHOCK - Crust,22.53,2018-05-28,5.97,3.77,WorthPoint
chelyabinsk-meteorite,Meteorite Chelyabinsk 10.73 –ì—Ä–∞–º–º –ú–∏–∫—Ä–æ,53.0,2018-05-28,,,WorthPoint
chelyabinsk-meteorite,"Meteorite Chelyabinsk Oriented 4,28 Gram .",42.0,2018-05-28,28.0,1.5,WorthPoint
chelyabinsk-meteorite,Meteorites Russia CHELYABINSK Chebarkul –ú–µ—Ç–µ–æ—Ä–∏—Ç 11.71 –ì—Ä–∞–º–º,46.0,2018-05-28,,,WorthPoint
chelyabinsk-meteorite,Meteorites Russia CHELYABINSK Chebarkul –ú–µ—Ç–µ–æ—Ä–∏—Ç 34.6 –ì—Ä–∞–º–º 100% Integrity,122.5,2018-05-28,,,WorthPoint
chelyabinsk-meteorite,Meteorite Chelyabinsk LL5 - 2013 Witnessed Fall - CHY-0020 - 3.62g SHOCK - Crust,10.76,2018-05-27,3.62,2.97,WorthPoint
chelyabinsk-meteorite,Meteorite Chelyabinsk LL5 - 2013 Witnessed Fall - CHY-0011 - 7.58g Fusion Crust,75.95,2018-05-27,7.58,10.02,WorthPoint
chelyabinsk-meteorite,Meteorite Chelyabinsk Oriented.2.24 Gram .,10.0,2018-05-27,2.24,4.46,WorthPoint
chelyabinsk-meteorite,"Meteorites Russia CHELYABINSK Chebarkul –ú–µ—Ç–µ–æ—Ä–∏—Ç 0,47 –ì—Ä–∞–º–º Oriented",10.0,2018-05-27,,,WorthPoint
chelyabinsk-meteorite,Meteorite Chelyabinsk Oriented.2.05 Gram .,10.0,2018-05-27,2.05,4.88,WorthPoint
chelyabinsk-meteorite,"Meteorites Russia CHELYABINSK Chebarkul –ú–µ—Ç–µ–æ—Ä–∏—Ç 7,81 –ì—Ä–∞–º–º Oriented",78.0,2018-05-27,,,WorthPoint
chelyabinsk-meteorite,Meteorites Russia CHELYABINSK Chebarkul –ú–µ—Ç–µ–æ—Ä–∏—Ç 4.11 –ì—Ä–∞–º–º,20.0,2018-05-27,,,WorthPoint
chelyabinsk-meteorite,Meteorite Chelyabinsk LL5 - 2013 Witnessed Fall - CHY-0028 - 2.68g SHOCK - Crust,16.0,2018-05-26,2.68,5.97,WorthPoint
chelyabinsk-meteorite,Vintage Soviet Russia Heavy Lock Padlock Key RARE Chelyabinsk Big Size,50.0,2018-05-26,,,WorthPoint
chelyabinsk-meteorite,Meteorite Chelyabinsk LL5 - 2013 Witnessed Fall - CHY-0015 - 4.59g Fusion Crust,45.95,2018-05-26,4.59,10.01,WorthPoint
chelyabinsk-meteorite,Meteorite Chelyabinsk LL5 - 2013 Witnessed Fall - CHY-0027 - 2.56g SHOCK - Crust,20.5,2018-05-25,2.56,8.01,WorthPoint
chelyabinsk-meteorite,Meteorite Chelyabinsk Russian Rare Individual Shape 4.88 Gramss,24.0,2018-05-25,4.88,4.92,WorthPoint
chelyabinsk-meteorite,"Meteorites Russia CHELYABINSK Chebarkul –ú–µ—Ç–µ–æ—Ä–∏—Ç 6,43 –ì—Ä–∞–º–º",20.0,2018-05-25,,,WorthPoint
chelyabinsk-meteorite,"Meteorites Russia CHELYABINSK Chebarkul –ú–µ—Ç–µ–æ—Ä–∏—Ç 5,08 –ì—Ä–∞–º–º",23.5,2018-05-25,,,WorthPoint
chelyabinsk-meteorite,Meteorite Chelyabinsk LL5 - 2013 Witnessed Fall - CHY-0026 - 2.64g SHOCK - Crust,12.2,2018-05-24,2.64,4.62,WorthPoint
chelyabinsk-meteorite,"Meteorites Russia CHELYABINSK Chebarkul –ú–µ—Ç–µ–æ—Ä–∏—Ç 2,15 –ì—Ä–∞–º–º Oriented",22.0,2018-05-24,,,WorthPoint
chelyabinsk-meteorite,Meteorite Chelyabinsk . 20.2 Gram . Meteorites.,70.0,2018-05-24,20.2,3.47,WorthPoint
chelyabinsk-meteorite,Meteorite Chelyabinsk LL5 - 2013 Witnessed Fall - CHY-0024 - 3.26g SHOCK - PSlic,16.27,2018-05-23,3.26,4.99,WorthPoint
chelyabinsk-meteorite,"Meteorite Chelyabinsk . 44,35 Gram . Small Meteorite.",152.0,2018-05-23,35.0,4.34,WorthPoint
chelyabinsk-meteorite,"Meteorite Chelyabinsk . 8,61 Gram .Micro Small Meteorite.",36.0,2018-05-23,61.0,0.59,WorthPoint
chelyabinsk-meteorite,Traktor (Chelyabinsk) Kuznetsov #84 2013-14 KHL Replica Russian Hockey Jersey,84.99,2018-05-23,,,WorthPoint
chelyabinsk-meteorite,"Traktor (Chelyabinsk) Nichushkin ""6"" #43 2013-14 KHL Russian Hockey Jersey",84.99,2018-05-23,,,WorthPoint
chelyabinsk-meteorite,Chelyabinsk Meteorite Full Slice Pristine Very Lightly Altered 18x14mm,11.5,2018-05-23,,,WorthPoint
chelyabinsk-meteorite,Chelyabinsk Meteorite Full Slice Coarse Melt Pebbles 35x22,33.56,2018-05-23,,,WorthPoint
chelyabinsk-meteorite,Chelyabinsk Meteorite Full Slice Coarse Shock Veins Impact Melt 75x40mm,39.0,2018-05-23,,,WorthPoint
chelyabinsk-meteorite,Meteorite Chelyabinsk LL5 - 2013 Witnessed Fall - CHY-0023 - 4.32g SHOCK - Crust,15.53,2018-05-22,4.32,3.59,WorthPoint
chelyabinsk-meteorite,Meteorites Russia CHELYABINSK Chebarkul –ú–µ—Ç–µ–æ—Ä–∏—Ç 26.45 –ì—Ä–∞–º–º,102.5,2018-05-22,,,WorthPoint
chelyabinsk-meteorite,Meteorites Russia CHELYABINSK Chebarkul –ú–µ—Ç–µ–æ—Ä–∏—Ç 10.22 –ì—Ä–∞–º–º,42.0,2018-05-22,,,WorthPoint
chelyabinsk-meteorite,Meteorites Russia CHELYABINSK Chebarkul –ú–µ—Ç–µ–æ—Ä–∏—Ç 1.6 –ì—Ä–∞–º–º Oriented,22.2,2018-05-22,,,WorthPoint
chelyabinsk-meteorite,Meteorite Chelyabinsk . 15.66 Gram .Micro Small Meteorite.,165.0,2018-05-22,15.66,10.54,WorthPoint
chelyabinsk-meteorite,Meteorite Chelyabinsk LL5 - 2013 Witnessed Fall - CHY-0022 - 3.81g SHOCK - Crust,20.5,2018-05-22,3.81,5.38,WorthPoint
chelyabinsk-meteorite,"Meteorites Russia CHELYABINSK Chebarkul –ú–µ—Ç–µ–æ—Ä–∏—Ç 0,6 –ì—Ä–∞–º–º Oriented",10.0,2018-05-21,,,WorthPoint
chelyabinsk-meteorite,"Meteorite Chelyabinsk Russian Beautiful Individua Oriented 211,9 Gramss",1800.0,2018-05-21,9.0,200.0,WorthPoint
chelyabinsk-meteorite,Meteorite Chelyabinsk LL5 - 2013 Witnessed Fall - CHY-0025 - 3.09g SHOCK - Crust,11.5,2018-05-20,3.09,3.72,WorthPoint
chelyabinsk-meteorite,"Meteorite Chelyabinsk, Chondrite LL5, Complete Stone 1,75 G, Recent Fall, Russia",11.0,2018-05-20,75.0,0.15,WorthPoint
chelyabinsk-meteorite,Meteorite Chelyabinsk LL5 - 2013 Witnessed Fall - CHY-0021 - 3.10g SHOCK - PSlic,16.5,2018-05-19,3.1,5.32,WorthPoint
chelyabinsk-meteorite,Meteorite CHELYABINSK Russia 7.00 Grams (36X15X10mm) –ú–µ—Ç–µ–æ—Ä–∏—Ç –ß–µ–ª—è–±–∏–Ω—Å–∫–æ–≥–æ,25.0,2018-05-19,7.0,3.57,WorthPoint
chelyabinsk-meteorite,"Meteorite Chelyabinsk Oriented 1,02 Gram .",20.0,2018-05-18,2.0,10.0,WorthPoint
chelyabinsk-meteorite,"Meteorite CHELYABINSK, Russia, A Nice Well Shaped 4.51 Gr Individual",21.0,2018-05-17,4.51,4.66,WorthPoint
chelyabinsk-meteorite,"Cosmic Balls From Dust Tail Of Bolide - Chelyabinsk Meteorite, RRR!",15.0,2018-05-16,,,WorthPoint
chelyabinsk-meteorite,Meteorite Chelyabinsk Russian Individual 8.17 Gramss,32.0,2018-05-15,8.17,3.92,WorthPoint
chelyabinsk-meteorite,Meteorites Russia CHELYABINSK Chebarkul –ú–µ—Ç–µ–æ—Ä–∏—Ç 13.66 –ì—Ä–∞–º–º,47.0,2018-05-13,,,WorthPoint
chelyabinsk-meteorite,"Meteorites Russia CHELYABINSK Chebarkul –ú–µ—Ç–µ–æ—Ä–∏—Ç 9,56 –ì—Ä–∞–º–º",34.0,2018-05-13,,,WorthPoint
chelyabinsk-meteorite,"Meteorites Russia CHELYABINSK Chebarkul –ú–µ—Ç–µ–æ—Ä–∏—Ç 5,58 –ì—Ä–∞–º–º",19.5,2018-05-13,,,WorthPoint
chelyabinsk-meteorite,"Meteorites Russia CHELYABINSK Chebarkul –ú–µ—Ç–µ–æ—Ä–∏—Ç 10,54 –ì—Ä–∞–º–º",24.5,2018-05-13,,,WorthPoint
chelyabinsk-meteorite,Russia 1905 Russo-Japanese War Postcard Chelyabinsk - Saint Petersburg Used R!R!,11.5,2018-05-13,,,WorthPoint
chelyabinsk-meteorite,"Meteorite Chelyabinsk, Chondrite LL5, Complete Stone 10,4 G, Recent Fall, Russia",85.0,2018-05-13,4.0,21.25,WorthPoint
chelyabinsk-meteorite,"Meteorite Chelyabinsk, Chondrite LL5, Complete Stone 35,7 G, Recent Fall, Russia",299.0,2018-05-13,7.0,42.71,WorthPoint
chelyabinsk-meteorite,Chelyabinsk Meteorite: 4.6 Gram Individual,26.0,2018-05-12,4.6,5.65,WorthPoint
chelyabinsk-meteorite,"Meteorite Chelyabinsk . 4,07 Gram .",20.0,2018-05-11,7.0,2.86,WorthPoint
chelyabinsk-meteorite,"Meteorites Chelyabinsk Russia Meteorite. 19,39 G.",60.0,2018-05-11,39.0,1.54,WorthPoint
chelyabinsk-meteorite,"Meteorite Chelyabinsk Oriented 1,94 Gram .",28.0,2018-05-11,94.0,0.3,WorthPoint
chelyabinsk-meteorite,"Meteorites Russia CHELYABINSK Chebarkul Micro Meteorite 27,58 –ì—Ä–∞–º–º",135.0,2018-05-11,,,WorthPoint
chelyabinsk-meteorite,"Meteorites Russia CHELYABINSK Chebarkul –ú–µ—Ç–µ–æ—Ä–∏—Ç 60,08 –ì—Ä–∞–º–º",210.0,2018-05-11,,,WorthPoint
chelyabinsk-meteorite,Russia 1905 Russo-Japanese War China Postcard F/ Chelyabinsk To Minsk Used,30.0,2018-05-11,,,WorthPoint
chelyabinsk-meteorite,Russia 1905 Russo-Japanese War China Postcard F/ St. Chelyabinsk To Minsk Used,41.0,2018-05-11,,,WorthPoint
chelyabinsk-meteorite,"Meteorite CHELYABINSK, Russia, A Nice Well Shaped 2.82 Gr Individual",15.0,2018-05-10,2.82,5.32,WorthPoint
chelyabinsk-meteorite,"Meteorites Russia CHELYABINSK Chebarkul –ú–µ—Ç–µ–æ—Ä–∏—Ç 4,5 –ì—Ä–∞–º–º",13.63,2018-05-09,,,WorthPoint
chelyabinsk-meteorite,"Meteorites Russia CHELYABINSK Chebarkul –ú–µ—Ç–µ–æ—Ä–∏—Ç 13,65 –ì—Ä–∞–º–º",46.0,2018-05-09,,,WorthPoint
chelyabinsk-meteorite,"Meteorites Russia CHELYABINSK Chebarkul –ú–µ—Ç–µ–æ—Ä–∏—Ç 11,69 –ì—Ä–∞–º–º",30.0,2018-05-09,,,WorthPoint
chelyabinsk-meteorite,Meteorites Russia CHELYABINSK Chebarkul –ú–µ—Ç–µ–æ—Ä–∏—Ç 46.52 –ì—Ä–∞–º–º,202.5,2018-05-09,,,WorthPoint
chelyabinsk-meteorite,Meteorites Russia CHELYABINSK Chebarkul –ú–µ—Ç–µ–æ—Ä–∏—Ç 9.42 –ì—Ä–∞–º–º Oriented,47.0,2018-05-07,,,WorthPoint
chelyabinsk-meteorite,Meteorite Chelyabinsk Oriented 1.01 Gram .,10.0,2018-05-06,1.01,9.9,WorthPoint
chelyabinsk-meteorite,"Meteorite Chelyabinsk, Chondrite LL5, Excellent Complete Stone 9,2 G, Russia",79.0,2018-05-06,2.0,39.5,WorthPoint
chelyabinsk-meteorite,Meteorite Chelyabinsk LL5 - 2013 Witnessed Fall - CHY-0013 - 6.05g Fusion Crust,59.95,2018-05-06,6.05,9.91,WorthPoint
chelyabinsk-meteorite,"Chelyabinsk LL5 Russia Fell Feb. 15, 2013 Whole Stone 15.93 Grams",160.0,2018-05-05,15.93,10.04,WorthPoint
chelyabinsk-meteorite,Meteorites Russia CHELYABINSK Chebarkul –ú–µ—Ç–µ–æ—Ä–∏—Ç 29.72 –ì—Ä–∞–º–º,100.0,2018-05-04,,,WorthPoint
chelyabinsk-meteorite,Meteorite Chelyabinsk Oriented. 1.41 Gram .,16.49,2018-05-04,1.41,11.7,WorthPoint
chelyabinsk-meteorite,Meteorite Chelyabinsk Russian Beautiful Individual 4.63 Gramss,22.0,2018-05-03,4.63,4.75,WorthPoint
chelyabinsk-meteorite,Meteorite Chelyabinsk . 14.35 Gram .,51.0,2018-05-03,14.35,3.55,WorthPoint
chelyabinsk-meteorite,Meteorite Chelyabinsk Oriented.2.66 Gram .,19.3,2018-05-03,2.66,7.26,WorthPoint
chelyabinsk-meteorite,Clocks Tank Aircraft Watches Soviet Military Panel AVR Chelyabinsk,25.0,2018-05-03,,,WorthPoint
chelyabinsk-meteorite,Meteorite Chelyabinsk . 34.7 Gram .,127.5,2018-05-01,34.7,3.67,WorthPoint
chelyabinsk-meteorite,Meteorite Chelyabinsk Russian Beautiful Mini Oriented Set 3.61 Gramss,58.0,2018-04-29,3.61,16.07,WorthPoint
chelyabinsk-meteorite,"Meteorite Chelyabinsk Oriented.0,2 Gram .",10.0,2018-04-27,2.0,5.0,WorthPoint
chelyabinsk-meteorite,"Meteorites Chelyabinsk Russia Meteorite. 20,91 G.",60.0,2018-04-27,91.0,0.66,WorthPoint
chelyabinsk-meteorite,"Meteorite Chelyabinsk Oriented.0,27 Gram .",10.0,2018-04-27,27.0,0.37,WorthPoint
chelyabinsk-meteorite,"Meteorite Chelyabinsk Oriented.0,11 Gram .",10.0,2018-04-27,11.0,0.91,WorthPoint
chelyabinsk-meteorite,"Meteorite Chelyabinsk Oriented.0,29 Gram .",10.0,2018-04-27,29.0,0.34,WorthPoint
chelyabinsk-meteorite,"Meteorite Chelyabinsk Oriented.0,1 Gram .",10.0,2018-04-27,1.0,10.0,WorthPoint
chelyabinsk-meteorite,Flames Of War: Soviet T-34 Obr 1942 Chelyabinsk Version (SU060) NEW,13.45,2018-04-27,,,WorthPoint
chelyabinsk-meteorite,"Meteorite Chelyabinsk . 1,21 Gram .",11.5,2018-04-25,21.0,0.55,WorthPoint
chelyabinsk-meteorite,Meteorite Chelyabinsk . 2.97 Gram .,10.0,2018-04-25,2.97,3.37,WorthPoint
chelyabinsk-meteorite,Meteorite Chelyabinsk . 2.85 Gram .,10.0,2018-04-25,2.85,3.51,WorthPoint
chelyabinsk-meteorite,Meteorite Chelyabinsk Russian Super Micro Oriented Set 1.71 Gramss,30.0,2018-04-25,1.71,17.54,WorthPoint
chelyabinsk-meteorite,"Meteorite Chelyabinsk, Chondrite LL5, Complete Stone 11,1 G, Recent Fall, Russia",89.0,2018-04-24,1.0,89.0,WorthPoint
chelyabinsk-meteorite,"Meteorite CHELYABINSK, Russia, A Nice Well Shaped 4.96 Gr Individual",24.0,2018-04-23,4.96,4.84,WorthPoint
chelyabinsk-meteorite,"Meteorites Chelyabinsk Russia Meteorite. 39,26 G.",139.5,2018-04-23,26.0,5.37,WorthPoint
chelyabinsk-meteorite,"Meteorite CHELYABINSK, Russia, A Nice Well Shaped 23.97 Gr Individual",115.0,2018-04-23,23.97,4.8,WorthPoint
chelyabinsk-meteorite,"Meteorite CHELYABINSK, Russia, A Nice Well Shaped 3.43 Gr Individual",15.0,2018-04-22,3.43,4.37,WorthPoint
chelyabinsk-meteorite,"Meteorite Chelyabinsk Oriented. 2,37 Gram .",15.5,2018-04-22,37.0,0.42,WorthPoint
chelyabinsk-meteorite,"Meteorite Chelyabinsk Oriented. 2,87 Gram .",15.0,2018-04-22,87.0,0.17,WorthPoint
chelyabinsk-meteorite,"Meteorite Chelyabinsk Oriented. 3,02 Gram .",37.9,2018-04-22,2.0,18.95,WorthPoint
chelyabinsk-meteorite,"Meteorite Chelyabinsk Oriented. 0,95 Gram –ú–∏–∫—Ä–æ",10.0,2018-04-22,95.0,0.11,WorthPoint
chelyabinsk-meteorite,"Meteorite Chelyabinsk Oriented. 1,03 Gram –ú–∏–∫—Ä–æ",10.0,2018-04-22,3.0,3.33,WorthPoint
chelyabinsk-meteorite,Meteorite Chelyabinsk Russian Rare Individual Shape 2.15 Gramss,14.0,2018-04-21,2.15,6.51,WorthPoint
chelyabinsk-meteorite,"Meteorites Chelyabinsk Russia Meteorite. 14,07 G.",35.0,2018-04-21,7.0,5.0,WorthPoint
chelyabinsk-meteorite,Meteorite Chelyabinsk Oriented. 2.24 Gram .,12.0,2018-04-21,2.24,5.36,WorthPoint
chelyabinsk-meteorite,2013 $5 Chelyabinsk Meteorite Coin COOK ISLANDS Lot 430B,115.0,2018-04-21,,,WorthPoint
chelyabinsk-meteorite,2013 $5 Chelyabinsk Meteorite Coin COOK ISLANDS,129.8,2018-04-21,,,WorthPoint
chelyabinsk-meteorite,"Meteorites Chelyabinsk Russia Meteorite. 47,46 G.",166.0,2018-04-20,46.0,3.61,WorthPoint
chelyabinsk-meteorite,Meteorite Chelyabinsk 15.08 –ì—Ä–∞–º–º –ú–∏–∫—Ä–æ,75.0,2018-04-18,,,WorthPoint
chelyabinsk-meteorite,"Meteorite Chelyabinsk Oriented. 1,23 Gram .",12.5,2018-04-18,23.0,0.54,WorthPoint
chelyabinsk-meteorite,"Meteorite Chelyabinsk Oriented. 1,95 Gram .",15.02,2018-04-18,95.0,0.16,WorthPoint
chelyabinsk-meteorite,Meteorites Chelyabinsk Russia Meteorite. 3.72 G.,13.3,2018-04-17,3.72,3.58,WorthPoint
chelyabinsk-meteorite,Meteorites Chelyabinsk Russia Meteorite. 4.3 G.,15.5,2018-04-17,4.3,3.6,WorthPoint
chelyabinsk-meteorite,Meteorites Chelyabinsk Russia Meteorite. 5.25 G.,28.0,2018-04-17,5.25,5.33,WorthPoint
chelyabinsk-meteorite,Chelyabinsk Meteorite: 3.3 Gram Polished End Cut,19.5,2018-04-17,3.3,5.91,WorthPoint
chelyabinsk-meteorite,Meteorite Chelyabinsk 0.88 –ì—Ä–∞–º–º Oriented Meteorite,33.0,2018-04-17,,,WorthPoint
chelyabinsk-meteorite,Meteorite Chelyabinsk 0.7 –ì—Ä–∞–º–º Oriented Meteorite,33.0,2018-04-17,,,WorthPoint
chelyabinsk-meteorite,Meteorite Chelyabinsk 0.9 –ì—Ä–∞–º–º Oriented Meteorite,33.0,2018-04-17,,,WorthPoint
chelyabinsk-meteorite,Meteorite Chelyabinsk Russian Beautiful Oriented Set 3.72 Gramss,50.0,2018-04-16,3.72,13.44,WorthPoint
chelyabinsk-meteorite,"Meteorite Chelyabinsk Oriented. 2,11 Gram .",20.5,2018-04-16,11.0,1.86,WorthPoint
chelyabinsk-meteorite,"Meteorite Chelyabinsk Oriented. 2,05 Gram .",17.5,2018-04-16,5.0,3.5,WorthPoint
chelyabinsk-meteorite,"Meteorite Chelyabinsk Oriented. 2,76 Gram .",23.3,2018-04-16,76.0,0.31,WorthPoint
chelyabinsk-meteorite,Meteorite Chelyabinsk 60.05 –ì—Ä–∞–º–º –ú–∞–ª–µ–Ω—å–∫–∏–µ,210.0,2018-04-15,,,WorthPoint
chelyabinsk-meteorite,"Meteorite Chelyabinsk Oriented. 0,29 Gram .",12.0,2018-04-14,29.0,0.41,WorthPoint
chelyabinsk-meteorite,"Meteorite Chelyabinsk Oriented. 0,86 Gram .",19.3,2018-04-14,86.0,0.22,WorthPoint
chelyabinsk-meteorite,"Meteorite Chelyabinsk Oriented. 1,66 Gram .",23.5,2018-04-14,66.0,0.36,WorthPoint
chelyabinsk-meteorite,Meteorite Chelyabinsk Russian Beautiful Individual 5.41 Gramss,23.0,2018-04-14,5.41,4.25,WorthPoint
chelyabinsk-meteorite,Chelyabinsk Meteorite: 2.8 Gram Polished End Cut,26.0,2018-04-14,2.8,9.29,WorthPoint
chelyabinsk-meteorite,"Meteorite CHELYABINSK, Russia, A Nice Well Shaped 3.33 Gr Individual",15.0,2018-04-14,3.33,4.5,WorthPoint
chelyabinsk-meteorite,"Meteorite Chelyabinsk Oriented. 1,3 Grams .",12.5,2018-04-13,3.0,4.17,WorthPoint
chelyabinsk-meteorite,"Meteorite Chelyabinsk Oriented. 2,01 Grams .",14.5,2018-04-13,1.0,14.5,WorthPoint
chelyabinsk-meteorite,"Meteorite Chelyabinsk Oriented. 2,13 Grams .",12.05,2018-04-13,13.0,0.93,WorthPoint
chelyabinsk-meteorite,"Meteorite Chelyabinsk Oriented. 5,42 Grams .",31.0,2018-04-13,42.0,0.74,WorthPoint
chelyabinsk-meteorite,"Meteorite Chelyabinsk Oriented. 0,65 Grams .Very Rare",49.98,2018-04-13,65.0,0.77,WorthPoint
chelyabinsk-meteorite,Meteorite Chelyabinsk Russian Rare Individual 7.54 Gramss,36.0,2018-04-13,7.54,4.77,WorthPoint
chelyabinsk-meteorite,"Meteorite CHELYABINSK, Russia, A Nice Well Shaped 3.55 Gr Individual",15.0,2018-04-13,3.55,4.23,WorthPoint
chelyabinsk-meteorite,Meteorite Chelyabinsk 21.6 –ì—Ä–∞–º–º –ú–∞–ª–µ–Ω—å–∫–∏–µ,100.0,2018-04-12,,,WorthPoint
chelyabinsk-meteorite,"Meteorite Chelyabinsk. 56,1 Grams .",216.5,2018-04-12,1.0,216.5,WorthPoint
chelyabinsk-meteorite,Meteorite Chelyabinsk. 35.5 Grams .,89.0,2018-04-12,35.5,2.51,WorthPoint
chelyabinsk-meteorite,Meteorite Chelyabinsk. Molten Meteorite. 16.3 Grams .,40.01,2018-04-12,16.3,2.45,WorthPoint
chelyabinsk-meteorite,"Meteorite Chelyabinsk Oriented. 0,87 Gram",33.0,2018-04-11,87.0,0.38,WorthPoint
chelyabinsk-meteorite,"Meteorite Chelyabinsk Oriented. 2,62 Gram",40.1,2018-04-11,62.0,0.65,WorthPoint
chelyabinsk-meteorite,"Meteorite Chelyabinsk Oriented. 2,03 Gram",19.29,2018-04-11,3.0,6.43,WorthPoint
chelyabinsk-meteorite,"Meteorite Chelyabinsk Oriented. 0,98 Gram",15.6,2018-04-11,98.0,0.16,WorthPoint
chelyabinsk-meteorite,"Meteorite Chelyabinsk Oriented. 0,78 Gram –ú–∏–∫—Ä–æ",10.0,2018-04-11,78.0,0.13,WorthPoint
chelyabinsk-meteorite,Meteorite Chelyabinsk Russian Beautiful Individual 11.27 Gramss,95.0,2018-04-11,11.27,8.43,WorthPoint
chelyabinsk-meteorite,Aeroflot Tu-134 Tupolev Airliner Soviet Airlines Aircraft Chelyabinsk Pin Badge,14.99,2018-04-10,,,WorthPoint
chelyabinsk-meteorite,"Meteorite Chelyabinsk Oriented. 25,52 Gram",270.0,2018-04-10,52.0,5.19,WorthPoint
chelyabinsk-meteorite,"Meteorite Chelyabinsk 17,45 Gram",54.0,2018-04-10,45.0,1.2,WorthPoint
chelyabinsk-meteorite,"Meteorite Chelyabinsk 46,45 Gram",152.5,2018-04-10,45.0,3.39,WorthPoint
chelyabinsk-meteorite,"Meteorite Chelyabinsk 23,34 Gram Micro",123.5,2018-04-10,34.0,3.63,WorthPoint
chelyabinsk-meteorite,T-64 Chelyabinsk Higher Tank Command School Soviet Ukraine Red Army Pin Badge,20.99,2018-04-10,,,WorthPoint
chelyabinsk-meteorite,Chelyabinsk Meteorite: 3.4 Gram Polished End Cut,22.0,2018-04-10,3.4,6.47,WorthPoint
chelyabinsk-meteorite,New Rare Commemorative Medal Chelyabinsk Meteorite 2013 In Gift Box Exclusive,249.0,2018-04-08,,,WorthPoint
chelyabinsk-meteorite,Chelyabinsk Meteorite: With Certificate Of Authenticity,54.95,2018-04-08,,,WorthPoint
chelyabinsk-meteorite,"Meteorite Chelyabinsk Oriented. 0,44 Gram",12.6,2018-04-07,44.0,0.29,WorthPoint
chelyabinsk-meteorite,"Meteorite Chelyabinsk Oriented. 0,73 Gram",27.88,2018-04-07,73.0,0.38,WorthPoint
chelyabinsk-meteorite,"Meteorite Chelyabinsk Oriented. 0,58 Gram",13.38,2018-04-07,58.0,0.23,WorthPoint
chelyabinsk-meteorite,"Meteorite Chelyabinsk Oriented. 0,38 Gram",27.88,2018-04-07,38.0,0.73,WorthPoint
chelyabinsk-meteorite,"Meteorite Chelyabinsk Oriented. 0,4 Gram",24.3,2018-04-07,4.0,6.08,WorthPoint
chelyabinsk-meteorite,"Meteorite Chelyabinsk Oriented. 0,61 Gram",19.3,2018-04-07,61.0,0.32,WorthPoint
chelyabinsk-meteorite,Meteorite Chelyabinsk Oriented. 0.37 Gram,13.38,2018-04-07,0.37,36.16,WorthPoint
chelyabinsk-meteorite,Meteorite Chelyabinsk Oriented. 0.24 Gram,13.3,2018-04-07,0.24,55.42,WorthPoint
chelyabinsk-meteorite,"Meteorite Chelyabinsk 2,72 –ì—Ä–∞–º–º, Oriented Meteorite",11.05,2018-04-06,,,WorthPoint
chelyabinsk-meteorite,"Meteorite Chelyabinsk 0,55 –ì—Ä–∞–º–º, Oriented Meteorite",41.0,2018-04-06,,,WorthPoint
chelyabinsk-meteorite,"Meteorite Chelyabinsk 2,02 –ì—Ä–∞–º–º, Oriented Meteorite",10.75,2018-04-06,,,WorthPoint
chelyabinsk-meteorite,"Meteorite Chelyabinsk 2,13 –ì—Ä–∞–º–º, Oriented Meteorite",20.35,2018-04-06,,,WorthPoint
chelyabinsk-meteorite,"Meteorite Chelyabinsk 2.03 –ì—Ä–∞–º–º, Oriented Meteorite",10.5,2018-04-06,,,WorthPoint
chelyabinsk-meteorite,"Meteorite Chelyabinsk 2.92 –ì—Ä–∞–º–º, Oriented Meteorite",10.5,2018-04-06,,,WorthPoint
chelyabinsk-meteorite,"Meteorite Chelyabinsk 2,84 –ì—Ä–∞–º–º, Oriented Meteorite",18.5,2018-04-06,,,WorthPoint
chelyabinsk-meteorite,Meteorite Chelyabinsk. 2.76 –ì—Ä–∞–º–º. Oriented Meteorite,12.6,2018-04-06,,,WorthPoint
chelyabinsk-meteorite,"Meteorite CHELYABINSK, Russia, A Nice Well Shaped 3.68 Gr Individual",18.0,2018-04-06,3.68,4.89,WorthPoint
chelyabinsk-meteorite,"Traktor Chelyabinsk Hockey Pennant 8.5"" X 6"" - Russian KHL Officail Black",12.97,2018-04-05,,,WorthPoint
chelyabinsk-meteorite,"Meteorite Chelyabinsk. 0,49 –ì—Ä–∞–º–º. Oriented Meteorite",16.02,2018-04-04,,,WorthPoint
chelyabinsk-meteorite,"Meteorite Chelyabinsk 1.69 –ì—Ä–∞–º–º, Oriented Meteorite",22.6,2018-04-04,,,WorthPoint
chelyabinsk-meteorite,"Meteorite Chelyabinsk 0.97 –ì—Ä–∞–º–º, Oriented Meteorite",30.69,2018-04-04,,,WorthPoint
chelyabinsk-meteorite,"Meteorite Chelyabinsk 1.29 –ì—Ä–∞–º–º, Oriented Meteorite",20.0,2018-04-04,,,WorthPoint
chelyabinsk-meteorite,"Meteorite Chelyabinsk 1.14 –ì—Ä–∞–º–º, Oriented Meteorite",26.0,2018-04-04,,,WorthPoint
chelyabinsk-meteorite,"Meteorite Chelyabinsk 23,2 –ì—Ä–∞–º–º –ú–∏–∫—Ä–æ",230.0,2018-04-04,,,WorthPoint
chelyabinsk-meteorite,"Meteorite Chelyabinsk 63,04 –ì—Ä–∞–º–º, –ú–∞–ª–µ–Ω—å–∫–∏–µ",500.0,2018-04-04,,,WorthPoint
chelyabinsk-meteorite,Meteorite Chelyabinsk 30.11 –ì—Ä–∞–º–º –ú–∏–∫—Ä–æ,179.5,2018-04-03,,,WorthPoint
chelyabinsk-meteorite,Meteorite Chelyabinsk 13.33 –ì—Ä–∞–º–º –ú–∏–∫—Ä–æ,79.0,2018-04-03,,,WorthPoint
chelyabinsk-meteorite,Meteorites Russia CHELYABINSK –ú–µ—Ç–µ–æ—Ä–∏—Ç 16.96 –ì—Ä–∞–º–º,76.76,2018-04-03,,,WorthPoint
chelyabinsk-meteorite,Meteorites Russia CHELYABINSK –ú–µ—Ç–µ–æ—Ä–∏—Ç 14.19 –ì—Ä–∞–º–º,35.0,2018-04-03,,,WorthPoint
chelyabinsk-meteorite,Meteorites Russia CHELYABINSK –ú–µ—Ç–µ–æ—Ä–∏—Ç 1.36 –ì—Ä–∞–º–º. –û—Ä–∏–µ–Ω—Ç–∏—Ä–æ–≤–∞–Ω–Ω—ã–π,15.42,2018-04-02,,,WorthPoint
chelyabinsk-meteorite,Meteorites Russia CHELYABINSK –ú–µ—Ç–µ–æ—Ä–∏—Ç 1.82 –ì—Ä–∞–º–º. –û—Ä–∏–µ–Ω—Ç–∏—Ä–æ–≤–∞–Ω–Ω—ã–π,16.5,2018-04-02,,,WorthPoint
chelyabinsk-meteorite,Meteorites Russia CHELYABINSK –ú–µ—Ç–µ–æ—Ä–∏—Ç 1.67 –ì—Ä–∞–º–º. –û—Ä–∏–µ–Ω—Ç–∏—Ä–æ–≤–∞–Ω–Ω—ã–π,30.98,2018-04-02,,,WorthPoint
chelyabinsk-meteorite,Meteorites Russia CHELYABINSK –ú–µ—Ç–µ–æ—Ä–∏—Ç 2.88 –ì—Ä–∞–º–º. –û—Ä–∏–µ–Ω—Ç–∏—Ä–æ–≤–∞–Ω–Ω—ã–π,11.0,2018-04-02,,,WorthPoint
chelyabinsk-meteorite,Meteorites Russia CHELYABINSK Chebarkul –ú–µ—Ç–µ–æ—Ä–∏—Ç 3.51 –ì—Ä–∞–º–º,17.5,2018-04-02,,,WorthPoint
chelyabinsk-meteorite,"Stromatolite Kussiella Kussiensis, Paleoproterozoic,Chelyabinsk Reg,Russia 418gr",69.99,2018-04-02,418.0,0.17,WorthPoint
chelyabinsk-meteorite,Meteorite Chelyabinsk 0.64 –ì—Ä–∞–º–º Oriented Meteorite,24.74,2018-04-01,,,WorthPoint
chelyabinsk-meteorite,Meteorite Chelyabinsk 0.29 –ì—Ä–∞–º–º Oriented Meteorite,34.0,2018-04-01,,,WorthPoint
chelyabinsk-meteorite,Meteorite Chelyabinsk 7.57 –ì—Ä–∞–º–º. Oriented Meteorite,102.5,2018-04-01,,,WorthPoint
chelyabinsk-meteorite,Meteorite Chelyabinsk 61.4 –ì—Ä–∞–º–º –ú–∞–ª–µ–Ω—å–∫–∏–µ,296.33,2018-04-01,,,WorthPoint
chelyabinsk-meteorite,Meteorite Chelyabinsk 27.98 –ì—Ä–∞–º–º –ú–∏–∫—Ä–æ,163.83,2018-04-01,,,WorthPoint
chelyabinsk-meteorite,Chelyabinsk Meteorite 5.5g,20.0,2018-03-31,5.5,3.64,WorthPoint
chelyabinsk-meteorite,Meteorite Chelyabinsk 1.51 –ì—Ä–∞–º–º. Oriented Meteorite,22.5,2018-03-31,,,WorthPoint
chelyabinsk-meteorite,Meteorite Chelyabinsk 0.67 –ì—Ä–∞–º–º Oriented Meteorite,23.0,2018-03-31,,,WorthPoint
chelyabinsk-meteorite,Meteorite Chelyabinsk 0.3 –ì—Ä–∞–º–º. Oriented Meteorite,17.5,2018-03-31,,,WorthPoint
chelyabinsk-meteorite,Meteorites Russia CHELYABINSK –ú–µ—Ç–µ–æ—Ä–∏—Ç 3.15 –ì—Ä–∞–º–º –û—Ä–∏–µ–Ω—Ç–∏—Ä–æ–≤–∞–Ω–Ω—ã–π,14.55,2018-03-30,,,WorthPoint
chelyabinsk-meteorite,Meteorites Russia CHELYABINSK –ú–µ—Ç–µ–æ—Ä–∏—Ç 2.86 –ì—Ä–∞–º–º –û—Ä–∏–µ–Ω—Ç–∏—Ä–æ–≤–∞–Ω–Ω—ã–π,23.9,2018-03-30,,,WorthPoint
chelyabinsk-meteorite,Meteorites Russia CHELYABINSK –ú–µ—Ç–µ–æ—Ä–∏—Ç 1.85 –ì—Ä–∞–º–º,11.05,2018-03-30,,,WorthPoint
chelyabinsk-meteorite,Meteorites Russia CHELYABINSK –ú–µ—Ç–µ–æ—Ä–∏—Ç 2.8 –ì—Ä–∞–º–º,36.1,2018-03-30,,,WorthPoint
chelyabinsk-meteorite,Meteorites Russia CHELYABINSK –ú–µ—Ç–µ–æ—Ä–∏—Ç 3.14 –ì—Ä–∞–º–º,14.65,2018-03-30,,,WorthPoint
chelyabinsk-meteorite,Meteorites Russia CHELYABINSK –ú–µ—Ç–µ–æ—Ä–∏—Ç 3 –ì—Ä–∞–º–º. –û—Ä–∏–µ–Ω—Ç–∏—Ä–æ–≤–∞–Ω–Ω—ã–π,14.55,2018-03-30,,,WorthPoint
chelyabinsk-meteorite,Meteorite Chelyabinsk 2.55 –ì—Ä–∞–º–º Oriented Meteorite,76.75,2018-03-30,,,WorthPoint
chelyabinsk-meteorite,Meteorites Russia CHELYABINSK –ú–µ—Ç–µ–æ—Ä–∏—Ç 3.25 –ì—Ä–∞–º–º,11.0,2018-03-30,,,WorthPoint
chelyabinsk-meteorite,Meteorites Russia CHELYABINSK –ú–µ—Ç–µ–æ—Ä–∏—Ç 3.24 –ì—Ä–∞–º–º. –û—Ä–∏–µ–Ω—Ç–∏—Ä–æ–≤–∞–Ω–Ω—ã–π,11.0,2018-03-30,,,WorthPoint
chelyabinsk-meteorite,Meteorites Russia CHELYABINSK –ú–µ—Ç–µ–æ—Ä–∏—Ç 2.6 –ì—Ä–∞–º–º,15.05,2018-03-30,,,WorthPoint
chelyabinsk-meteorite,"Chelyabinsk Meteorite, Set Of 14 Cards. 2nd English Version ‚úß GemVoyage",14.9,2018-03-29,,,WorthPoint
chelyabinsk-meteorite,Meteorite Chelyabinsk Russian 97 Grams,10.5,2018-03-29,97.0,0.11,WorthPoint
chelyabinsk-meteorite,Meteorites Russia CHELYABINSK –ú–µ—Ç–µ–æ—Ä–∏—Ç 42.2 –ì—Ä–∞–º–º,150.5,2018-03-29,,,WorthPoint
chelyabinsk-meteorite,Soviet Space Cover 1959. Tsiolkovsky. Pioneer Of Rocketry. Chelyabinsk,24.99,2018-03-29,,,WorthPoint
chelyabinsk-meteorite,Meteorite Chelyabinsk Russian Beautiful Individual 6.83 Gramss,40.0,2018-03-29,6.83,5.86,WorthPoint
chelyabinsk-meteorite,Meteorite Chelyabinsk 0.71 –ì—Ä–∞–º–º Oriented Meteorite,31.0,2018-03-28,,,WorthPoint
chelyabinsk-meteorite,Meteorite Chelyabinsk 0.72 –ì—Ä–∞–º–º Oriented Meteorite,31.0,2018-03-28,,,WorthPoint
chelyabinsk-meteorite,Meteorite Chelyabinsk 0.73 –ì—Ä–∞–º–º Oriented Meteorite,31.0,2018-03-28,,,WorthPoint
chelyabinsk-meteorite,Meteorite Chelyabinsk Russian 100 Grams,13.5,2018-03-28,100.0,0.14,WorthPoint
chelyabinsk-meteorite,Meteorite Chelyabinsk 1.29 –ì—Ä–∞–º–º Oriented Meteorite,23.6,2018-03-27,,,WorthPoint
chelyabinsk-meteorite,Meteorite Chelyabinsk 0.76 –ì—Ä–∞–º–º Oriented Meteorite,12.17,2018-03-27,,,WorthPoint
chelyabinsk-meteorite,Meteorite Chelyabinsk 1.22 –ì—Ä–∞–º–º Oriented Meteorite,76.75,2018-03-27,,,WorthPoint
chelyabinsk-meteorite,Meteorite Chelyabinsk 0.55 –ì—Ä–∞–º–º Oriented Meteorite,34.0,2018-03-27,,,WorthPoint
chelyabinsk-meteorite,Meteorite Chelyabinsk 0.56 –ì—Ä–∞–º–º Oriented Meteorite,13.56,2018-03-27,,,WorthPoint
chelyabinsk-meteorite,Meteorite Chelyabinsk 0.37 –ì—Ä–∞–º–º Oriented Meteorite,10.5,2018-03-27,,,WorthPoint
chelyabinsk-meteorite,Chelyabinsk Meteorite: 7.1 Gram Lot,15.5,2018-03-27,7.1,2.18,WorthPoint
chelyabinsk-meteorite,"Meteorite Chelyabinsk, Chondrite LL5, Complete Stone 7,5 G, Recent Fall, Russia",55.0,2018-03-27,5.0,11.0,WorthPoint
chelyabinsk-meteorite,Meteorite Chelyabinsk 21.21 –ì—Ä–∞–º–º Little,88.0,2018-03-26,,,WorthPoint
chelyabinsk-meteorite,Meteorite Chelyabinsk 8.49 –ì—Ä–∞–º–º –ú–∏–∫—Ä–æ,56.55,2018-03-26,,,WorthPoint
chelyabinsk-meteorite,Meteorite Chelyabinsk 3.04 –ì—Ä–∞–º–º Oriented Meteorite,18.06,2018-03-26,,,WorthPoint
chelyabinsk-meteorite,Meteorite Chelyabinsk 2.97 –ì—Ä–∞–º–º Oriented Meteorite,16.0,2018-03-26,,,WorthPoint
chelyabinsk-meteorite,Meteorites Russia CHELYABINSK –ú–µ—Ç–µ–æ—Ä–∏—Ç 2.54 –ì—Ä–∞–º–º,23.17,2018-03-26,,,WorthPoint
chelyabinsk-meteorite,Meteorites Russia CHELYABINSK –ú–µ—Ç–µ–æ—Ä–∏—Ç 4.85 –ì—Ä–∞–º–º,24.5,2018-03-26,,,WorthPoint
chelyabinsk-meteorite,Meteorites Russia CHELYABINSK –ú–µ—Ç–µ–æ—Ä–∏—Ç 5.69 –ì—Ä–∞–º–º,33.0,2018-03-26,,,WorthPoint
chelyabinsk-meteorite,Meteorite Chelyabinsk Russian 31 Grams,20.5,2018-03-26,31.0,0.66,WorthPoint
chelyabinsk-meteorite,Meteorite Chelyabinsk Russian 51 Grams,20.6,2018-03-26,51.0,0.4,WorthPoint
chelyabinsk-meteorite,Meteorite Chelyabinsk Russian 18Grams,20.5,2018-03-26,18.0,1.14,WorthPoint
chelyabinsk-meteorite,Meteorite Chelyabinsk Russian Set Supper Oriented 2.67 Gramss,43.0,2018-03-26,2.67,16.1,WorthPoint
chelyabinsk-meteorite,Meteorite Chelyabinsk Russian Set Supper Oriented 1.63 Gramss,15.0,2018-03-25,1.63,9.2,WorthPoint
chelyabinsk-meteorite,Meteorite Chelyabinsk Russian Beautiful Oriented 6.09 Gramss,35.0,2018-03-25,6.09,5.75,WorthPoint
chelyabinsk-meteorite,Meteorite Chelyabinsk 53.45 –ì—Ä–∞–º–º Little,243.5,2018-03-25,,,WorthPoint
chelyabinsk-meteorite,Meteorite Chelyabinsk 19.54 –ì—Ä–∞–º–º –ú–∏–∫—Ä–æ,140.27,2018-03-25,,,WorthPoint
chelyabinsk-meteorite,Meteorite Chelyabinsk 8.20 –ì—Ä–∞–º–º Oriented Meteorite,167.5,2018-03-25,,,WorthPoint
chelyabinsk-meteorite,Meteorite Chelyabinsk 9.43 –ì—Ä–∞–º–º Oriented Meteorite,96.91,2018-03-25,,,WorthPoint
chelyabinsk-meteorite,Meteorite Chelyabinsk 1.41 –ì—Ä–∞–º–º Oriented Meteorite,18.5,2018-03-25,,,WorthPoint
chelyabinsk-meteorite,Meteorite Chelyabinsk 0.65 –ì—Ä–∞–º–º Oriented Meteorite,45.44,2018-03-25,,,WorthPoint
chelyabinsk-meteorite,Meteorite Chelyabinsk 0.78 –ì—Ä–∞–º–º Oriented Meteorite,23.11,2018-03-25,,,WorthPoint
chelyabinsk-meteorite,Meteorites Russia CHELYABINSK –ú–µ—Ç–µ–æ—Ä–∏—Ç 23.49 –ì—Ä–∞–º–º,59.0,2018-03-23,,,WorthPoint
chelyabinsk-meteorite,"Meteorites Russia CHELYABINSK –ú–µ—Ç–µ–æ—Ä–∏—Ç 20,8 –ì—Ä–∞–º–º",42.0,2018-03-23,,,WorthPoint
chelyabinsk-meteorite,Meteorites Russia CHELYABINSK –ú–µ—Ç–µ–æ—Ä–∏—Ç 52.2 –ì—Ä–∞–º–º,182.0,2018-03-23,,,WorthPoint
chelyabinsk-meteorite,"Meteorite CHELYABINSK, Russia, A Nice Well Shaped 4.00 Gr Individual",22.0,2018-03-23,4.0,5.5,WorthPoint
chelyabinsk-meteorite,Meteorite Chelyabinsk Russian Beautiful Oriented 4.41 Gramss,40.98,2018-03-22,4.41,9.29,WorthPoint
chelyabinsk-meteorite,Meteorite Chelyabinsk Russian Rare Micro Oriented 0.76 Gramss,11.0,2018-03-21,0.76,14.47,WorthPoint
chelyabinsk-meteorite,Meteorites Russia CHELYABINSK Micro Meteorite 10.05 –ì—Ä–∞–º–º,100.0,2018-03-20,,,WorthPoint
chelyabinsk-meteorite,Meteorite Chelyabinsk 1.9 –ì—Ä–∞–º–º Oriented Meteorite,23.25,2018-03-20,,,WorthPoint
chelyabinsk-meteorite,Meteorite Chelyabinsk 0.46 –ì—Ä–∞–º–º Oriented Meteorite,13.62,2018-03-20,,,WorthPoint
chelyabinsk-meteorite,Meteorite Chelyabinsk 0.49 –ì—Ä–∞–º–º Oriented Meteorite,168.5,2018-03-20,,,WorthPoint
chelyabinsk-meteorite,Meteorite Chelyabinsk 0.52 –ì—Ä–∞–º–º Oriented Meteorite,21.71,2018-03-20,,,WorthPoint
chelyabinsk-meteorite,Chelyabinsk Meteorite: 8.4 Gram Lot,13.83,2018-03-20,8.4,1.65,WorthPoint
chelyabinsk-meteorite,Meteorite Chelyabinsk Russian Rare Beautiful Individual 2.53 Gramss,23.0,2018-03-20,2.53,9.09,WorthPoint
chelyabinsk-meteorite,Meteorite Chelyabinsk Russian Rare Individual Shape 1.53 Gramss,10.0,2018-03-20,1.53,6.54,WorthPoint
chelyabinsk-meteorite,Meteorite Chelyabinsk Russian Beautiful Rare Oriented Set 2.35 Gramss,34.0,2018-03-20,2.35,14.47,WorthPoint
chelyabinsk-meteorite,Meteorites Russia CHELYABINSK Chebarkul –ú–µ—Ç–µ–æ—Ä–∏—Ç 9.62 –ì—Ä–∞–º–º,48.47,2018-03-19,,,WorthPoint
chelyabinsk-meteorite,Meteorite Chelyabinsk 3.57 –ì—Ä–∞–º–º –ú–∏–∫—Ä–æ,24.05,2018-03-19,,,WorthPoint
chelyabinsk-meteorite,Meteorites Russia CHELYABINSK –ú–µ—Ç–µ–æ—Ä–∏—Ç 1.19 –ì—Ä–∞–º–º Oriented Meteorite.,51.0,2018-03-19,,,WorthPoint
chelyabinsk-meteorite,Meteorite Chelyabinsk 14.61 –ì—Ä–∞–º–º,46.0,2018-03-17,,,WorthPoint
chelyabinsk-meteorite,Meteorites Russia CHELYABINSK Chebarkul –ú–µ—Ç–µ–æ—Ä–∏—Ç 13.3 –ì—Ä–∞–º–º,100.0,2018-03-17,,,WorthPoint
chelyabinsk-meteorite,Meteorite Chelyabinsk 1.71 –ì—Ä–∞–º–º Oriented Meteorite,139.5,2018-03-16,,,WorthPoint
chelyabinsk-meteorite,Meteorite Chelyabinsk 0.91 –ì—Ä–∞–º–º Oriented Meteorite,56.55,2018-03-16,,,WorthPoint
chelyabinsk-meteorite,Meteorite Chelyabinsk 3.24 –ì—Ä–∞–º–º,21.5,2018-03-16,,,WorthPoint
chelyabinsk-meteorite,Meteorite Chelyabinsk 3.59 –ì—Ä–∞–º–º,17.05,2018-03-16,,,WorthPoint
chelyabinsk-meteorite,Meteorite Chelyabinsk 8.71 –ì—Ä–∞–º–º,41.0,2018-03-16,,,WorthPoint
chelyabinsk-meteorite,Meteorite Chelyabinsk 4 –ì—Ä–∞–º–º –ú–∏–∫—Ä–æ,17.5,2018-03-16,,,WorthPoint
chelyabinsk-meteorite,Meteorite Chelyabinsk 4.89 –ì—Ä–∞–º–º,24.05,2018-03-16,,,WorthPoint
chelyabinsk-meteorite,"CHELYABINSK LL5 METEORITE,1.223 Gr COMPLETE STONE, WITNESSED FALL 2013 RUSSIA",29.0,2018-03-16,1.223,23.71,WorthPoint
chelyabinsk-meteorite,Meteorites Russia CHELYABINSK –ú–∏–∫—Ä–æ –ú–µ—Ç–µ–æ—Ä–∏—Ç 1.53 –ì—Ä–∞–º–º Oriented Meteorite.,100.0,2018-03-14,,,WorthPoint
chelyabinsk-meteorite,Meteorites Russia CHELYABINSK Chebarkul –ú–µ—Ç–µ–æ—Ä–∏—Ç 2.97 –ì—Ä–∞–º–º,10.0,2018-03-14,,,WorthPoint
chelyabinsk-meteorite,Meteorites Russia CHELYABINSK Chebarkul –ú–µ—Ç–µ–æ—Ä–∏—Ç 3.12 –ì—Ä–∞–º–º,10.0,2018-03-14,,,WorthPoint
chelyabinsk-meteorite,Meteorite Chelyabinsk Russian Beautiful Individual 12.78 Gramss,85.0,2018-03-13,12.78,6.65,WorthPoint
chelyabinsk-meteorite,Meteorite Chelyabinsk 56 –ì—Ä–∞–º–º 100% –ö–æ—Ä–∞,209.5,2018-03-13,,,WorthPoint
chelyabinsk-meteorite,"Meteorites Russia CHELYABINSK –ú–µ—Ç–µ–æ—Ä–∏—Ç 1,12 –ì—Ä–∞–º–º Oriented Meteorite.",38.77,2018-03-12,,,WorthPoint
chelyabinsk-meteorite,"Meteorites Russia CHELYABINSK –ú–µ—Ç–µ–æ—Ä–∏—Ç 0,87 –ì—Ä–∞–º–º Oriented Meteorite.",89.0,2018-03-12,,,WorthPoint
chelyabinsk-meteorite,Meteorite Chelyabinsk 0.13 –ì—Ä–∞–º–º –ú–∏–∫—Ä–æ Oriented Meteorite,38.77,2018-03-12,,,WorthPoint
chelyabinsk-meteorite,Meteorite Chelyabinsk 0.14 –ì—Ä–∞–º–º –ú–∏–∫—Ä–æ Oriented Meteorite,33.0,2018-03-12,,,WorthPoint
chelyabinsk-meteorite,"Meteorites Russia CHELYABINSK –ú–µ—Ç–µ–æ—Ä–∏—Ç 0,44 –ì—Ä–∞–º–º –ú–∏–∫—Ä–æ Oriented Meteorite.",78.0,2018-03-12,,,WorthPoint
chelyabinsk-meteorite,"Meteorite Chelyabinsk 5,29 –ì—Ä–∞–º–º –ú–∏–∫—Ä–æ",78.0,2018-03-12,,,WorthPoint
chelyabinsk-meteorite,Meteorite Chelyabinsk 2.38 –ì—Ä–∞–º–º,10.0,2018-03-12,,,WorthPoint
chelyabinsk-meteorite,Meteorites Russia CHELYABINSK Chebarkul –ú–µ—Ç–µ–æ—Ä–∏—Ç 3.11 –ì—Ä–∞–º–º,15.0,2018-03-12,,,WorthPoint
chelyabinsk-meteorite,Meteorites Russia CHELYABINSK Chebarkul –ú–µ—Ç–µ–æ—Ä–∏—Ç 3 –ì—Ä–∞–º–º,15.0,2018-03-12,,,WorthPoint
chelyabinsk-meteorite,Soviet Russian Nuclear Warhead Inspection Tools From Chelyabinsk-70 / VNIITF,2499.95,2018-03-12,,,WorthPoint
chelyabinsk-meteorite,"Russia 1906 RAILWAY TPO Chelyabinsk-124-Samara Postcard To Kislovodsk, Caucasus",14.5,2018-03-11,,,WorthPoint
chelyabinsk-meteorite,Meteorite Chelyabinsk Russian Individual 6.78 Gramss,38.0,2018-03-11,6.78,5.6,WorthPoint
chelyabinsk-meteorite,Meteorite Chelyabinsk 21.84 –ì—Ä–∞–º–º Shock Melt.,44.0,2018-03-10,,,WorthPoint
chelyabinsk-meteorite,Meteorite Chelyabinsk 36.52 –ì—Ä–∞–º–º,202.5,2018-03-10,,,WorthPoint
chelyabinsk-meteorite,Meteorite Chelyabinsk 17.34 –ì—Ä–∞–º–º,122.5,2018-03-10,,,WorthPoint
chelyabinsk-meteorite,Chelyabinsk Meteorite: 3.2 Gram Polished End Cut,37.0,2018-03-10,3.2,11.56,WorthPoint
chelyabinsk-meteorite,0045 Russia TPO#124 Chelyabinsk-Samara RAILWAY Postmark To Belgium Postcard,25.0,2018-03-09,,,WorthPoint
chelyabinsk-meteorite,Meteorite Chelyabinsk 8.43 –ì—Ä–∞–º–º,26.0,2018-03-08,,,WorthPoint
chelyabinsk-meteorite,Meteorites Russia CHELYABINSK Chebarkul –ú–µ—Ç–µ–æ—Ä–∏—Ç 3.31 –ì—Ä–∞–º–º Oriented Meteorite.,20.5,2018-03-08,,,WorthPoint
chelyabinsk-meteorite,Meteorites Russia CHELYABINSK Chebarkul –ú–µ—Ç–µ–æ—Ä–∏—Ç 2.5 –ì—Ä–∞–º–º Oriented Meteorite.,10.5,2018-03-08,,,WorthPoint
chelyabinsk-meteorite,Meteorites Russia CHELYABINSK Chebarkul –ú–µ—Ç–µ–æ—Ä–∏—Ç 1.52 –ì—Ä–∞–º–º Oriented Meteorite.,46.0,2018-03-08,,,WorthPoint
chelyabinsk-meteorite,Traktor Chelyabinsk Hockey Puck - Russian Hockey KHL Officail,11.97,2018-03-06,,,WorthPoint
chelyabinsk-meteorite,Meteorite Chelyabinsk 11.84 –ì—Ä–∞–º–º,31.0,2018-03-06,,,WorthPoint
chelyabinsk-meteorite,Meteorite Chelyabinsk 12.96 –ì—Ä–∞–º–º 100% –ö–æ—Ä–∞,38.0,2018-03-06,,,WorthPoint
chelyabinsk-meteorite,Meteorite Chelyabinsk 4.73 –ì—Ä–∞–º–º,14.0,2018-03-06,,,WorthPoint
chelyabinsk-meteorite,Meteorite Chelyabinsk 0.53 –ì—Ä–∞–º–º –ú–∏–∫—Ä–æ Oriented Meteorite,15.26,2018-03-05,,,WorthPoint
chelyabinsk-meteorite,Meteorite Chelyabinsk 0.24 –ì—Ä–∞–º–º –ú–∏–∫—Ä–æ Oriented Meteorite,51.0,2018-03-05,,,WorthPoint
chelyabinsk-meteorite,Meteorite Chelyabinsk 4.04 –ì—Ä–∞–º–º –ú–∏–∫—Ä–æ,31.0,2018-03-05,,,WorthPoint
chelyabinsk-meteorite,Meteorites Russia CHELYABINSK Chebarkul –ú–µ—Ç–µ–æ—Ä–∏—Ç 3.4 –ì—Ä–∞–º–º –û—Ä–∏–µ–Ω—Ç–∏—Ä–æ–≤–∞–Ω–Ω—ã–π,10.0,2018-03-04,,,WorthPoint
chelyabinsk-meteorite,Meteorites Russia CHELYABINSK Chebarkul –ú–µ—Ç–µ–æ—Ä–∏—Ç 2.22 –ì—Ä–∞–º–º Oriented Meteorite.,23.11,2018-03-03,,,WorthPoint
chelyabinsk-meteorite,Meteorites Russia CHELYABINSK Chebarkul –ú–µ—Ç–µ–æ—Ä–∏—Ç 3.15 –ì—Ä–∞–º–º Oriented Meteorite.,22.5,2018-03-03,,,WorthPoint
chelyabinsk-meteorite,Meteorites Russia CHELYABINSK Chebarkul –ú–µ—Ç–µ–æ—Ä–∏—Ç 3.02 –ì—Ä–∞–º–º Oriented Meteorite.,18.5,2018-03-03,,,WorthPoint
chelyabinsk-meteorite,"Meteorite CHELYABINSK, Russia, A Nice Well Shaped 31.31 Gr Individual",149.0,2018-03-03,31.31,4.76,WorthPoint
chelyabinsk-meteorite,Meteorite Chelyabinsk Russian Beautiful Individual 8.89 Gramss,55.0,2018-03-03,8.89,6.19,WorthPoint
chelyabinsk-meteorite,"Traktor Chelyabinsk Fan Scarf ""League"", KHL, Knitted 54""x 7.6""",25.0,2018-03-02,,,WorthPoint
chelyabinsk-meteorite,Meteorite Chelyabinsk 4.86 –ì—Ä–∞–º–º 100% –ö–æ—Ä–∞,15.0,2018-03-01,,,WorthPoint
chelyabinsk-meteorite,Meteorites Russia CHELYABINSK –ú–µ—Ç–µ–æ—Ä–∏—Ç 4.19 –ì—Ä–∞–º–º Meteorite.,13.0,2018-03-01,,,WorthPoint
chelyabinsk-meteorite,Meteorites Russia CHELYABINSK –ú–µ—Ç–µ–æ—Ä–∏—Ç 2.09 –ì—Ä–∞–º–º Oriented Meteorite.,24.11,2018-03-01,,,WorthPoint
chelyabinsk-meteorite,"Meteorites Russia CHELYABINSK Chebarkul –ú–µ—Ç–µ–æ—Ä–∏—Ç 1,83 –ì—Ä–∞–º–º Oriented Meteorite.",33.61,2018-03-01,,,WorthPoint
chelyabinsk-meteorite,Meteorite Chelyabinsk 3.95 –ì—Ä–∞–º–º,20.0,2018-03-01,,,WorthPoint
chelyabinsk-meteorite,Meteorite Chelyabinsk 3.11 –ì—Ä–∞–º–º,18.0,2018-03-01,,,WorthPoint
chelyabinsk-meteorite,Meteorite Chelyabinsk 7.36 –ì—Ä–∞–º–º,22.0,2018-03-01,,,WorthPoint
chelyabinsk-meteorite,Meteorite Chelyabinsk 5.05 –ì—Ä–∞–º–º –ú–∏–∫—Ä–æ,89.0,2018-02-28,,,WorthPoint
chelyabinsk-meteorite,"Meteorite Chelyabinsk 27,97 –ì—Ä–∞–º–º",164.5,2018-02-28,,,WorthPoint
chelyabinsk-meteorite,"Meteorite**Chelyabinsk, Russia LL5**10.7 Grams!! Fresh Crust W/Regmaglypts!",34.0,2018-02-28,10.7,3.18,WorthPoint
chelyabinsk-meteorite,"Meteorite**Chelyabinsk, Russia LL5**5.96 Grams!! W/Fusion Crust!",20.0,2018-02-28,5.96,3.36,WorthPoint
chelyabinsk-meteorite,Meteorite Chelyabinsk 18.19 –ì—Ä–∞–º–º,102.5,2018-02-28,,,WorthPoint
chelyabinsk-meteorite,Meteorite Chelyabinsk 19.72 –ì—Ä–∞–º–º,78.0,2018-02-28,,,WorthPoint
chelyabinsk-meteorite,Chelyabinsk Meteorite: 3.8 Gram Polished End Cut,33.0,2018-02-27,3.8,8.68,WorthPoint
chelyabinsk-meteorite,CHELYABINSK CCCP RUSSIAN MINING Or METEORITE SLICE NATURAL STONE GREEN STRIPPED,69.99,2018-02-26,,,WorthPoint
chelyabinsk-meteorite,Meteorite Chelyabinsk 11.79 –ì—Ä–∞–º–º,56.0,2018-02-26,,,WorthPoint
chelyabinsk-meteorite,"Estonia My Stamp Estland Marke 15.02.2013 RARE! ""Chelyabinsk Meteorite"" LAST ONE",25.0,2018-02-25,,,WorthPoint
chelyabinsk-meteorite,"Meteorite**Chelyabinsk, Russia LL5**7.23 Grams!! Oriented W/Foamy Crust!",22.5,2018-02-24,7.23,3.11,WorthPoint
chelyabinsk-meteorite,"Meteorite CHELYABINSK, Russia, A Nice Well Shaped 5.04 Gr Individual",27.0,2018-02-24,5.04,5.36,WorthPoint
chelyabinsk-meteorite,Meteorites Russia CHELYABINSK Chebarkul –ú–µ—Ç–µ–æ—Ä–∏—Ç 2.89 –ì—Ä–∞–º–º Oriented Meteorite.,12.5,2018-02-24,,,WorthPoint
chelyabinsk-meteorite,Meteorites Russia CHELYABINSK Chebarkul –ú–µ—Ç–µ–æ—Ä–∏—Ç 3.43 –ì—Ä–∞–º–º Oriented Meteorite.,14.5,2018-02-24,,,WorthPoint
chelyabinsk-meteorite,Meteorite Chelyabinsk Beautiful Individual 16.69 Gramms,110.0,2018-02-24,16.69,6.59,WorthPoint
chelyabinsk-meteorite,Chelyabinsk Meteorite: 3.6 Gram Polished End Cut,11.61,2018-02-24,3.6,3.22,WorthPoint
chelyabinsk-meteorite,Meteorite Chelyabinsk 2.39 –ì—Ä–∞–º–º,12.0,2018-02-23,,,WorthPoint
chelyabinsk-meteorite,Meteorite Chelyabinsk 1.92 –ì—Ä–∞–º–º,10.0,2018-02-23,,,WorthPoint
chelyabinsk-meteorite,Meteorites Russia CHELYABINSK Chebarkul –ú–µ—Ç–µ–æ—Ä–∏—Ç 118.5 –ì—Ä–∞–º–º,330.0,2018-02-23,,,WorthPoint
chelyabinsk-meteorite,Meteorites Russia CHELYABINSK Chebarkul –ú–µ—Ç–µ–æ—Ä–∏—Ç 3.17 –ì—Ä–∞–º–º Meteorite.,10.0,2018-02-23,,,WorthPoint
chelyabinsk-meteorite,"3x Meteorites Chelyabinsk 2.87g, NWA 869 8.8g Chondrite & Shasta Ca. 190g Iron",35.0,2018-02-21,2.87,12.2,WorthPoint
chelyabinsk-meteorite,Meteorite Chelyabinsk 11.47 –ì—Ä–∞–º–º,28.0,2018-02-20,,,WorthPoint
chelyabinsk-meteorite,Meteorites Russia CHELYABINSK Chebarkul –ú–µ—Ç–µ–æ—Ä–∏—Ç 3.7 –ì—Ä–∞–º–º Oriented Meteorite.,37.0,2018-02-20,,,WorthPoint
chelyabinsk-meteorite,Meteorite Chelyabinsk 61 –ì—Ä–∞–º–º,250.0,2018-02-20,,,WorthPoint
chelyabinsk-meteorite,Meteorite Chelyabinsk 4.23 –ì—Ä–∞–º–º,16.5,2018-02-20,,,WorthPoint
chelyabinsk-meteorite,Meteorite Chelyabinsk 3.04 –ì—Ä–∞–º–º,21.5,2018-02-20,,,WorthPoint
chelyabinsk-meteorite,Meteorite Chelyabinsk 3.26 –ì—Ä–∞–º–º,10.0,2018-02-18,,,WorthPoint
chelyabinsk-meteorite,Meteorite Chelyabinsk 3.97 –ì—Ä–∞–º–º,12.0,2018-02-18,,,WorthPoint
chelyabinsk-meteorite,Meteorite Chelyabinsk 3.02 –ì—Ä–∞–º–º,10.5,2018-02-17,,,WorthPoint
chelyabinsk-meteorite,Meteorite Chelyabinsk 2 –ì—Ä–∞–º–º,10.5,2018-02-17,,,WorthPoint
chelyabinsk-meteorite,Meteorite Chelyabinsk 4.26 –ì—Ä–∞–º–º,20.5,2018-02-17,,,WorthPoint
chelyabinsk-meteorite,Meteorites Russia CHELYABINSK Chebarkul –ú–µ—Ç–µ–æ—Ä–∏—Ç 3.16 –ì—Ä–∞–º–º Meteorite.,10.0,2018-02-17,,,WorthPoint
chelyabinsk-meteorite,Meteorites Russia CHELYABINSK Chebarkul –ú–µ—Ç–µ–æ—Ä–∏—Ç 3.87 –ì—Ä–∞–º–º Oriented Meteorite.,26.0,2018-02-17,,,WorthPoint
chelyabinsk-meteorite,Meteorites Russia CHELYABINSK Chebarkul –ú–µ—Ç–µ–æ—Ä–∏—Ç 3.78 –ì—Ä–∞–º–º Meteorite.,15.5,2018-02-17,,,WorthPoint
chelyabinsk-meteorite,Meteorite Chelyabinsk 16.5 –ì—Ä–∞–º–º,44.0,2018-02-17,,,WorthPoint
chelyabinsk-meteorite,"UFO Coin Medal Dedicated To The Chelyabinsk Meteorite From –ß–µ–ª—è–±–∏–Ω—Å–∫, Russia",87.0,2018-02-17,,,WorthPoint
chelyabinsk-meteorite,Meteorite Chelyabinsk 13.55 –ì—Ä–∞–º–º 40 –®—Ç—É–∫,70.0,2018-02-17,,,WorthPoint
chelyabinsk-meteorite,"Meteorite CHELYABINSK, Russia, A Nice Well Shaped 29.42 Gr Individual",199.0,2018-02-16,29.42,6.76,WorthPoint
chelyabinsk-meteorite,Meteorite Chelyabinsk 7.11 –ì—Ä–∞–º–º,21.0,2018-02-15,,,WorthPoint
chelyabinsk-meteorite,"Meteorite CHELYABINSK, Russia, A Nice Well Shaped 5.31 Gr Set",20.0,2018-02-15,5.31,3.77,WorthPoint
chelyabinsk-meteorite,Meteorites Russia CHELYABINSK Chebarkul –ú–µ—Ç–µ–æ—Ä–∏—Ç 6.43 –ì—Ä–∞–º–º Very Small,30.0,2018-02-15,,,WorthPoint
chelyabinsk-meteorite,Meteorite Chelyabinsk 14.3 –ì—Ä–∞–º–º,44.0,2018-02-15,,,WorthPoint
chelyabinsk-meteorite,Meteorite Chelyabinsk 26.62 –ì—Ä–∞–º–º 100% –ö–æ—Ä–∞,80.0,2018-02-15,,,WorthPoint
chelyabinsk-meteorite,"Meteorite CHELYABINSK, Russia, A Nice Well Shaped 18.98 Gr Individual",131.0,2018-02-15,18.98,6.9,WorthPoint
chelyabinsk-meteorite,Meteorites Russia CHELYABINSK Chebarkul –ú–µ—Ç–µ–æ—Ä–∏—Ç 1.53 –ì—Ä–∞–º–º Oriented Meteorite.,17.0,2018-02-14,,,WorthPoint
chelyabinsk-meteorite,Meteorites Russia CHELYABINSK Chebarkul –ú–µ—Ç–µ–æ—Ä–∏—Ç 0.84 –ì—Ä–∞–º–º Oriented Meteorite.,10.11,2018-02-14,,,WorthPoint
chelyabinsk-meteorite,"Meteorite CHELYABINSK, Russia, A Nice Well Shaped 7.10 Gr Individual",39.0,2018-02-13,7.1,5.49,WorthPoint
chelyabinsk-meteorite,Chelyabinsk Meteorite 2013 FALL 15 Feb 11.30 G Whole Fresh 100%crusted Gem,113.0,2018-02-13,11.3,10.0,WorthPoint
chelyabinsk-meteorite,Chelyabinsk Meteorite 2013 FALL 15 Feb 12.66 G Whole Fresh 99% Crusted Gem,126.0,2018-02-13,12.66,9.95,WorthPoint
chelyabinsk-meteorite,Chelyabinsk Meteorite: 7.3 Gram Lot,14.5,2018-02-13,7.3,1.99,WorthPoint
chelyabinsk-meteorite,Olympic Commemorative Medal With Chelyabinsk Meteorite. Extremely Rare!,4750.0,2018-02-12,,,WorthPoint
chelyabinsk-meteorite,CHELYABINSK METEORITE RUSSIAN STONY .9 G LONG THIN CHONDRITE PROFESSIONAL SLICE,17.92,2018-02-11,9.0,1.99,WorthPoint
chelyabinsk-meteorite,"HC Traktor Chelyabinsk ""Retro Logo"" Russian Hockey Club T-Shirt, Dark Gray",32.0,2018-02-10,,,WorthPoint
chelyabinsk-meteorite,Meteorite Chelyabinsk 6.76 –ì—Ä–∞–º–º,27.0,2018-02-10,,,WorthPoint
chelyabinsk-meteorite,Meteorites Russia CHELYABINSK Chebarkul –ú–µ—Ç–µ–æ—Ä–∏—Ç 10.05 –ì—Ä–∞–º–º Very Small,100.0,2018-02-10,,,WorthPoint
chelyabinsk-meteorite,"Meteorite Chelyabinsk, Chondrite LL5, Almost Complete Stone 43,8 G, Russia",349.0,2018-02-09,8.0,43.62,WorthPoint
chelyabinsk-meteorite,"Meteorite Chelyabinsk, Chondrite LL5, Oriented Stone 0,89 G, Recent Fall, Russia",10.0,2018-02-09,89.0,0.11,WorthPoint
chelyabinsk-meteorite,Meteorites Russia CHELYABINSK Chebarkul –ú–µ—Ç–µ–æ—Ä–∏—Ç 1.77 –ì—Ä–∞–º–º Oriented Meteorite.,39.89,2018-02-09,,,WorthPoint
chelyabinsk-meteorite,Meteorites Russia CHELYABINSK Chebarkul –ú–µ—Ç–µ–æ—Ä–∏—Ç 3.46 –ì—Ä–∞–º–º,30.0,2018-02-09,,,WorthPoint
chelyabinsk-meteorite,Meteorites Russia CHELYABINSK Chebarkul –ú–µ—Ç–µ–æ—Ä–∏—Ç 1.07 –ì—Ä–∞–º–º –û—Ä–∏–µ–Ω—Ç–∏—Ä–æ–≤–∞–Ω–Ω—ã–π,10.0,2018-02-09,,,WorthPoint
chelyabinsk-meteorite,Meteorites Russia CHELYABINSK Chebarkul –ú–µ—Ç–µ–æ—Ä–∏—Ç 2 –ì—Ä–∞–º–º Oriented Meteorite.,18.11,2018-02-09,,,WorthPoint
chelyabinsk-meteorite,Meteorites Russia CHELYABINSK Chebarkul –ú–µ—Ç–µ–æ—Ä–∏—Ç 6.24–≥—Ä–∞–º–º Oriented Meteorite.,56.0,2018-02-09,,,WorthPoint
chelyabinsk-meteorite,Meteorite Chelyabinsk 10.63 –ì—Ä–∞–º–º,29.0,2018-02-09,,,WorthPoint
chelyabinsk-meteorite,Meteorite Chelyabinsk 16.16 –ì—Ä–∞–º–º Small,48.0,2018-02-07,,,WorthPoint
chelyabinsk-meteorite,Meteorites Russia CHELYABINSK Chebarkul –ú–µ—Ç–µ–æ—Ä–∏—Ç 0.51 –ì—Ä–∞–º–º Oriented Meteorite.,13.5,2018-02-06,,,WorthPoint
chelyabinsk-meteorite,Meteorites Russia CHELYABINSK Chebarkul –ú–µ—Ç–µ–æ—Ä–∏—Ç 2.35 –ì—Ä–∞–º–º Oriented Meteorite.,12.5,2018-02-06,,,WorthPoint
chelyabinsk-meteorite,Meteorites Russia CHELYABINSK Chebarkul –ú–µ—Ç–µ–æ—Ä–∏—Ç 6.76 –ì—Ä–∞–º–º Oriented Meteorite.,78.77,2018-02-06,,,WorthPoint
chelyabinsk-meteorite,"Meteorite**Chelyabinsk, Russia LL5**17.32 Grams!! Crazy Oriented!",77.0,2018-02-06,17.32,4.45,WorthPoint
chelyabinsk-meteorite,Meteorites Russia CHELYABINSK Chebarkul –ú–µ—Ç–µ–æ—Ä–∏—Ç 8.84 –ì—Ä–∞–º–º,52.0,2018-02-06,,,WorthPoint
chelyabinsk-meteorite,Meteorite Chelyabinsk 4.62 –ì—Ä–∞–º–º,19.5,2018-02-06,,,WorthPoint
chelyabinsk-meteorite,Meteorite Chelyabinsk 53.27 –ì—Ä–∞–º–º,160.0,2018-02-05,,,WorthPoint
chelyabinsk-meteorite,Meteorite Chelyabinsk 10.02 –ì—Ä–∞–º–º,28.0,2018-02-05,,,WorthPoint
chelyabinsk-meteorite,Meteorite Chelyabinsk 5.44 –ì—Ä–∞–º–º,13.0,2018-02-05,,,WorthPoint
chelyabinsk-meteorite,1.51 Gram Chelyabinsk Russian Meteorite. Beautiful - Awesome!!! CH03,15.1,2018-02-05,1.51,10.0,WorthPoint
chelyabinsk-meteorite,Meteorites Russia CHELYABINSK Chebarkul –ú–µ—Ç–µ–æ—Ä–∏—Ç 11.86 –ì—Ä–∞–º–º,72.0,2018-02-04,,,WorthPoint
chelyabinsk-meteorite,Meteorites Russia CHELYABINSK Chebarkul –ú–µ—Ç–µ–æ—Ä–∏—Ç 0.77 –ì—Ä–∞–º–º –û—Ä–∏–µ–Ω—Ç–∏—Ä–æ–≤–∞–Ω–Ω—ã–π,12.11,2018-02-03,,,WorthPoint
chelyabinsk-meteorite,Meteorites Russia CHELYABINSK Chebarkul –ú–µ—Ç–µ–æ—Ä–∏—Ç 2.81 –ì—Ä–∞–º–º,12.5,2018-02-03,,,WorthPoint
chelyabinsk-meteorite,Meteorites Russia CHELYABINSK Chebarkul –ú–µ—Ç–µ–æ—Ä–∏—Ç 1.3 –ì—Ä–∞–º–º –û—Ä–∏–µ–Ω—Ç–∏—Ä–æ–≤–∞–Ω–Ω—ã–π,43.0,2018-02-03,,,WorthPoint
chelyabinsk-meteorite,Meteorites Russia CHELYABINSK Chebarkul –ú–µ—Ç–µ–æ—Ä–∏—Ç 5.37 –ì—Ä–∞–º–º,39.0,2018-02-03,,,WorthPoint
chelyabinsk-meteorite,Meteorites Russia CHELYABINSK Chebarkul –ú–µ—Ç–µ–æ—Ä–∏—Ç 3.05 –ì—Ä–∞–º–º –û—Ä–∏–µ–Ω—Ç–∏—Ä–æ–≤–∞–Ω–Ω—ã–π,18.5,2018-02-03,,,WorthPoint
chelyabinsk-meteorite,Meteorites Russia CHELYABINSK Chebarkul –ú–µ—Ç–µ–æ—Ä–∏—Ç 4.82 –ì—Ä–∞–º–º,13.0,2018-02-03,,,WorthPoint
chelyabinsk-meteorite,CHELYABINSK METEORITE RUSSIAN STONY 3.2 G Endcut CHONDRITE PROFESSIONAL SLICE,32.43,2018-02-03,3.2,10.13,WorthPoint
chelyabinsk-meteorite,Flames Of War SU060: T-34 Obr 1942 ChKz (Chelyabinsk) Version,12.99,2018-02-03,,,WorthPoint
chelyabinsk-meteorite,Meteorites Russia CHELYABINSK Chebarkul –ú–µ—Ç–µ–æ—Ä–∏—Ç 4.06 –ì—Ä–∞–º–º –û—Ä–∏–µ–Ω—Ç–∏—Ä–æ–≤–∞–Ω–Ω—ã–π,22.05,2018-02-02,,,WorthPoint
chelyabinsk-meteorite,"Meteorite CHELYABINSK, Russia, A Nice Well Shaped 4.56 Gr Individual",24.0,2018-02-02,4.56,5.26,WorthPoint
chelyabinsk-meteorite,Meteorite Chelyabinsk 3.14 –ì—Ä–∞–º–º,10.0,2018-02-02,,,WorthPoint
chelyabinsk-meteorite,"Meteorite**Chelyabinsk, Russia LL5**1.77 Grams Super Oriented Pea Lot! Last Ones",15.0,2018-02-01,1.77,8.47,WorthPoint
chelyabinsk-meteorite,"Meteorite CHELYABINSK, Russia, A Nice Well Shaped 25.03 Gr Individual",149.0,2018-01-31,25.03,5.95,WorthPoint
chelyabinsk-meteorite,Authentic Sergei Gonchar Traktor Chelyabinsk Lutch Jersey Size 52,65.0,2018-01-31,,,WorthPoint
chelyabinsk-meteorite,"Meteorite CHELYABINSK, Russia, A Nice Well Shaped 13.35 Gr Individual",61.0,2018-01-31,13.35,4.57,WorthPoint
chelyabinsk-meteorite,Traktor Chelyabinsk #74 KHL Russian Hockey Jersey Mens Size Unknown,35.88,2018-01-28,,,WorthPoint
chelyabinsk-meteorite,"Meteorite Chelyabinsk, Chondrite LL5, 100% Complete Small Stones 5,05 G, Russia",44.0,2018-01-28,5.0,8.8,WorthPoint
chelyabinsk-meteorite,Meteorites Russia CHELYABINSK Chebarkul –ú–µ—Ç–µ–æ—Ä–∏—Ç 10.3 –ì—Ä–∞–º–º Meteorite.,39.0,2018-01-27,,,WorthPoint
chelyabinsk-meteorite,"Meteorites Russia CHELYABINSK Chebarkul –ú–µ—Ç–µ–æ—Ä–∏—Ç 1,16 –ì—Ä–∞–º–º Oriented Meteorite.",78.0,2018-01-27,,,WorthPoint
chelyabinsk-meteorite,Meteorites Russia CHELYABINSK Chebarkul –ú–µ—Ç–µ–æ—Ä–∏—Ç 116.6 –ì—Ä–∞–º–º,295.0,2018-01-27,,,WorthPoint
chelyabinsk-meteorite,Chelyabinsk Meteorite: 2.5 Gram Polished End Cut,20.5,2018-01-27,2.5,8.2,WorthPoint
chelyabinsk-meteorite,"Meteorite**Chelyabinsk, Russia LL5**5.51 Grams Super Oriented Pea Lot!",16.5,2018-01-25,5.51,2.99,WorthPoint
chelyabinsk-meteorite,Meteorites Russia CHELYABINSK Chebarkul –ú–µ—Ç–µ–æ—Ä–∏—Ç 9.22 –ì—Ä–∞–º–º,55.0,2018-01-24,,,WorthPoint
chelyabinsk-meteorite,"Meteorite**Chelyabinsk, Russia LL5**7.04 Grams Super Oriented Pea Lot!",26.01,2018-01-24,7.04,3.69,WorthPoint
chelyabinsk-meteorite,Meteorites Russia CHELYABINSK Chebarkul –ú–µ—Ç–µ–æ—Ä–∏—Ç 3.65 –ì—Ä–∞–º–º,14.5,2018-01-24,,,WorthPoint
chelyabinsk-meteorite,Meteorites Russia CHELYABINSK Chebarkul –ú–µ—Ç–µ–æ—Ä–∏—Ç 3.13 –ì—Ä–∞–º–º,12.28,2018-01-24,,,WorthPoint
chelyabinsk-meteorite,Meteorites Russia CHELYABINSK Chebarkul –ú–µ—Ç–µ–æ—Ä–∏—Ç 4.33 –ì—Ä–∞–º–º –û—Ä–∏–µ–Ω—Ç–∏—Ä–æ–≤–∞–Ω–Ω—ã–π,42.0,2018-01-24,,,WorthPoint
chelyabinsk-meteorite,Meteorites Russia CHELYABINSK Chebarkul –ú–µ—Ç–µ–æ—Ä–∏—Ç 6.36 –ì—Ä–∞–º–º –û—Ä–∏–µ–Ω—Ç–∏—Ä–æ–≤–∞–Ω–Ω—ã–π,86.0,2018-01-24,,,WorthPoint
chelyabinsk-meteorite,Meteorites Russia CHELYABINSK Chebarkul –ú–µ—Ç–µ–æ—Ä–∏—Ç 10.15 –ì—Ä–∞–º–º,27.0,2018-01-24,,,WorthPoint
chelyabinsk-meteorite,Meteorites Russia CHELYABINSK Chebarkul –ú–µ—Ç–µ–æ—Ä–∏—Ç 13.83 –ì—Ä–∞–º–º,44.87,2018-01-23,,,WorthPoint
chelyabinsk-meteorite,Meteorites Russia CHELYABINSK Chebarkul –ú–µ—Ç–µ–æ—Ä–∏—Ç 14.6 –ì—Ä–∞–º–º,52.89,2018-01-23,,,WorthPoint
chelyabinsk-meteorite,"Chelyabinsk Meteorite, 12 Boxes. Half Fusion Crusted",120.0,2018-01-20,,,WorthPoint
chelyabinsk-meteorite,"Meteorite CHELYABINSK, Russia, A Nice Well Shaped 9.74 Gr Individual",42.0,2018-01-20,9.74,4.31,WorthPoint
chelyabinsk-meteorite,Chelyabinsk Meteorite: 2.9 Gram Polished End Cut,16.5,2018-01-20,2.9,5.69,WorthPoint
chelyabinsk-meteorite,Meteorites Russia CHELYABINSK Chebarkul –ú–µ—Ç–µ–æ—Ä–∏—Ç 4.83 –ì—Ä–∞–º–º,15.5,2018-01-19,,,WorthPoint
chelyabinsk-meteorite,"Meteorite CHELYABINSK, Russia, A Nice Well Shaped 3.57 Gr Individual",18.0,2018-01-18,3.57,5.04,WorthPoint
chelyabinsk-meteorite,Meteorites Russia CHELYABINSK Chebarkul –ú–µ—Ç–µ–æ—Ä–∏—Ç 3.55 –ì—Ä–∞–º–º –û—Ä–∏–µ–Ω—Ç–∏—Ä–æ–≤–∞–Ω–Ω—ã–π,14.5,2018-01-18,,,WorthPoint
chelyabinsk-meteorite,Meteorites Russia CHELYABINSK Chebarkul –ú–µ—Ç–µ–æ—Ä–∏—Ç 5.74 –ì—Ä–∞–º–º Meteorite.,19.5,2018-01-18,,,WorthPoint
chelyabinsk-meteorite,Meteorites Russia CHELYABINSK Chebarkul –ú–µ—Ç–µ–æ—Ä–∏—Ç 4.8 –ì—Ä–∞–º–º Meteorite.,14.0,2018-01-18,,,WorthPoint
chelyabinsk-meteorite,Meteorites Russia CHELYABINSK Chebarkul –ú–µ—Ç–µ–æ—Ä–∏—Ç 5.03 –ì—Ä–∞–º–º Meteorite.,15.5,2018-01-18,,,WorthPoint
chelyabinsk-meteorite,Meteorites Russia CHELYABINSK Chebarkul –ú–µ—Ç–µ–æ—Ä–∏—Ç 7.23 –ì—Ä–∞–º–º Meteorite.,38.0,2018-01-18,,,WorthPoint
chelyabinsk-meteorite,Meteorites Russia CHELYABINSK Chebarkul –ú–µ—Ç–µ–æ—Ä–∏—Ç 4.6 –ì—Ä–∞–º–º Meteorite.,27.0,2018-01-18,,,WorthPoint
chelyabinsk-meteorite,Meteorites Russia CHELYABINSK Chebarkul –ú–µ—Ç–µ–æ—Ä–∏—Ç 3.36 –ì—Ä–∞–º–º Meteorite.,10.0,2018-01-18,,,WorthPoint
chelyabinsk-meteorite,Meteorites Russia CHELYABINSK Chebarkul –ú–µ—Ç–µ–æ—Ä–∏—Ç 5.8 –ì—Ä–∞–º–º Oriented Meteorite.,26.0,2018-01-18,,,WorthPoint
chelyabinsk-meteorite,"Meteorites Russia CHELYABINSK Chebarkul –ú–µ—Ç–µ–æ—Ä–∏—Ç 1,17 –ì—Ä–∞–º–º Oriented Meteorite.",11.5,2018-01-18,,,WorthPoint
chelyabinsk-meteorite,"Meteorites Russia CHELYABINSK Chebarkul –ú–µ—Ç–µ–æ—Ä–∏—Ç 3,3 –ì—Ä–∞–º–º Oriented Meteorite.",60.0,2018-01-18,,,WorthPoint
chelyabinsk-meteorite,Meteorites Russia CHELYABINSK Chebarkul –ú–µ—Ç–µ–æ—Ä–∏—Ç 5.2 –ì—Ä–∞–º–º Oriented Meteorite.,21.0,2018-01-16,,,WorthPoint
chelyabinsk-meteorite,Meteorites Russia CHELYABINSK Chebarkul –ú–µ—Ç–µ–æ—Ä–∏—Ç 7.51 –ì—Ä–∞–º–º Oriented Meteorite.,21.0,2018-01-16,,,WorthPoint
chelyabinsk-meteorite,Meteorites Russia CHELYABINSK Chebarkul –ú–µ—Ç–µ–æ—Ä–∏—Ç 6.02 –ì—Ä–∞–º–º Meteorite.,21.5,2018-01-16,,,WorthPoint
chelyabinsk-meteorite,"Meteorites Russia CHELYABINSK Chebarkul –ú–µ—Ç–µ–æ—Ä–∏—Ç 3,47 –ì—Ä–∞–º–º Oriented Meteorite.",18.5,2018-01-14,,,WorthPoint
chelyabinsk-meteorite,"Meteorite CHELYABINSK, Russia, A Nice Well Shaped 51.81 Gr Individual",357.0,2018-01-14,51.81,6.89,WorthPoint
chelyabinsk-meteorite,Meteorites Russia CHELYABINSK Chebarkul –ú–µ—Ç–µ–æ—Ä–∏—Ç 4.07 –ì—Ä–∞–º–º,12.0,2018-01-14,,,WorthPoint
chelyabinsk-meteorite,Meteorites Russia CHELYABINSK Chebarkul –ú–µ—Ç–µ–æ—Ä–∏—Ç 4.31 –ì—Ä–∞–º–º,19.5,2018-01-14,,,WorthPoint
chelyabinsk-meteorite,Meteorites Russia CHELYABINSK Chebarkul –ú–µ—Ç–µ–æ—Ä–∏—Ç 7.42 –ì—Ä–∞–º–º,18.0,2018-01-13,,,WorthPoint
chelyabinsk-meteorite,"Meteorite CHELYABINSK, Russia, A Nice Well Shaped 15.19 Gr Set",135.0,2018-01-13,15.19,8.89,WorthPoint
chelyabinsk-meteorite,"Meteorites Russia CHELYABINSK Chebarkul –ú–µ—Ç–µ–æ—Ä–∏—Ç 2,62 –ì—Ä–∞–º–º –û—Ä–∏–µ–Ω—Ç–∏—Ä–æ–≤–∞–Ω–Ω—ã–π",14.5,2018-01-09,,,WorthPoint
chelyabinsk-meteorite,"Meteorites Russia CHELYABINSK Chebarkul –ú–µ—Ç–µ–æ—Ä–∏—Ç 2,9 –ì—Ä–∞–º–º –û—Ä–∏–µ–Ω—Ç–∏—Ä–æ–≤–∞–Ω–Ω—ã–π",12.55,2018-01-09,,,WorthPoint
chelyabinsk-meteorite,Meteorites Russia CHELYABINSK Chebarkul –ú–µ—Ç–µ–æ—Ä–∏—Ç 67 –ì—Ä–∞–º–º,200.0,2018-01-09,,,WorthPoint
chelyabinsk-meteorite,"Meteorites Russia CHELYABINSK Chebarkul –ú–µ—Ç–µ–æ—Ä–∏—Ç 0,82 –ì—Ä–∞–º–º –û—Ä–∏–µ–Ω—Ç–∏—Ä–æ–≤–∞–Ω–Ω—ã–π",10.0,2018-01-09,,,WorthPoint
chelyabinsk-meteorite,"Meteorite CHELYABINSK, Russia, A Nice Well Shaped 4.41 Gr Individual",22.0,2018-01-08,4.41,4.99,WorthPoint
chelyabinsk-meteorite,"Meteorite CHELYABINSK, Russia, A Nice Well Shaped 13.78 Gr Individual",67.0,2018-01-07,13.78,4.86,WorthPoint
chelyabinsk-meteorite,"Chelyabinsk Meteorite 8.66 G Russia 2013, LL5 Very Nice!",65.0,2018-01-07,8.66,7.51,WorthPoint
chelyabinsk-meteorite,Meteorites Russia CHELYABINSK Chebarkul –ú–µ—Ç–µ–æ—Ä–∏—Ç 4.45 –ì—Ä–∞–º–º,14.5,2018-01-06,,,WorthPoint
chelyabinsk-meteorite,Meteorites Russia CHELYABINSK Chebarkul –ú–µ—Ç–µ–æ—Ä–∏—Ç 4 –ì—Ä–∞–º–º,13.5,2018-01-06,,,WorthPoint
chelyabinsk-meteorite,Meteorites Russia CHELYABINSK Chebarkul –ú–µ—Ç–µ–æ—Ä–∏—Ç 4.6 –ì—Ä–∞–º–º,19.0,2018-01-06,,,WorthPoint
chelyabinsk-meteorite,Meteorite CHELYABINSK Russia 31 Grams,90.0,2018-01-06,31.0,2.9,WorthPoint
chelyabinsk-meteorite,Meteorites Russia CHELYABINSK Chebarkul –ú–µ—Ç–µ–æ—Ä–∏—Ç 8.06 –ì—Ä–∞–º–º,24.0,2018-01-06,,,WorthPoint
chelyabinsk-meteorite,Meteorites Russia CHELYABINSK Chebarkul –ú–µ—Ç–µ–æ—Ä–∏—Ç 8.83 –ì—Ä–∞–º–º,29.0,2018-01-06,,,WorthPoint
chelyabinsk-meteorite,Meteorites Russia CHELYABINSK Chebarkul –ú–µ—Ç–µ–æ—Ä–∏—Ç 7.08 –ì—Ä–∞–º–º,23.5,2018-01-06,,,WorthPoint
chelyabinsk-meteorite,"Meteorite CHELYABINSK, Russia, A Nice Well Shaped 23.76 Gr Individual",184.0,2018-01-06,23.76,7.74,WorthPoint
chelyabinsk-meteorite,"Meteorite CHELYABINSK, Russia, A Nice Well Shaped 0.85 G Individual, Skirt, Rare",67.0,2018-01-06,0.85,78.82,WorthPoint
chelyabinsk-meteorite,"Meteorite CHELYABINSK, Russia, A Nice Well Shaped 3.14 Gr Individual",25.0,2018-01-06,3.14,7.96,WorthPoint
chelyabinsk-meteorite,"Meteorite CHELYABINSK, Russia, A Nice Well Shaped 7.07 Gr Individual",45.0,2018-01-06,7.07,6.36,WorthPoint
chelyabinsk-meteorite,Chelyabinsk Meteorite: 5.0 Gram Polished End Cut,21.05,2018-01-06,5.0,4.21,WorthPoint
chelyabinsk-meteorite,Meteorite Chelyabinsk LL5 - 2013 Witnessed Fall - CHY-0002 - 21.89g Fusion Crust,199.95,2018-01-06,21.89,9.13,WorthPoint
chelyabinsk-meteorite,Meteorites Russia CHELYABINSK Chebarkul –ú–µ—Ç–µ–æ—Ä–∏—Ç 5.84 –ì—Ä–∞–º–º,15.0,2018-01-05,,,WorthPoint
chelyabinsk-meteorite,Meteorites Russia CHELYABINSK Chebarkul –ú–µ—Ç–µ–æ—Ä–∏—Ç 4.39 –ì—Ä–∞–º–º,15.0,2018-01-05,,,WorthPoint
chelyabinsk-meteorite,Meteorites Russia CHELYABINSK Chebarkul –ú–µ—Ç–µ–æ—Ä–∏—Ç 6.9 –ì—Ä–∞–º–º,22.5,2018-01-05,,,WorthPoint
chelyabinsk-meteorite,Meteorites Russia CHELYABINSK Chebarkul –ú–µ—Ç–µ–æ—Ä–∏—Ç 5.94 –ì—Ä–∞–º–º –û—Ä–∏–µ–Ω—Ç–∏—Ä–æ–≤–∞–Ω–Ω—ã–π,26.0,2018-01-05,,,WorthPoint
chelyabinsk-meteorite,Meteorites Russia CHELYABINSK Chebarkul –ú–µ—Ç–µ–æ—Ä–∏—Ç 12.66 –ì—Ä–∞–º–º 100% –ö–æ—Ä–∞,45.89,2018-01-04,,,WorthPoint
chelyabinsk-meteorite,Meteorites Russia CHELYABINSK Chebarkul –ú–µ—Ç–µ–æ—Ä–∏—Ç 14.26 –ì—Ä–∞–º–º,35.0,2018-01-04,,,WorthPoint
chelyabinsk-meteorite,Meteorites Russia CHELYABINSK Chebarkul –ú–µ—Ç–µ–æ—Ä–∏—Ç 13.2 –ì—Ä–∞–º–º,42.0,2018-01-04,,,WorthPoint
chelyabinsk-meteorite,"Meteorites Russia CHELYABINSK Chebarkul –ú–µ—Ç–µ–æ—Ä–∏—Ç 8,62 –ì—Ä–∞–º–º",26.0,2018-01-04,,,WorthPoint
chelyabinsk-meteorite,"Meteorites Russia CHELYABINSK Chebarkul –ú–µ—Ç–µ–æ—Ä–∏—Ç 10,44 –ì—Ä–∞–º–º",45.0,2018-01-04,,,WorthPoint
chelyabinsk-meteorite,"Meteorite CHELYABINSK, Russia, A Nice Well Shaped 3.90 Gr Individual",24.0,2018-01-04,3.9,6.15,WorthPoint
chelyabinsk-meteorite,Traktor Chelyabinsk Kuznetsov #92 2017-18 KHL Pro Sub Russian Hockey Jersey,109.99,2018-01-02,,,WorthPoint
chelyabinsk-meteorite,"Meteorite CHELYABINSK, Russia, A Nice Well Shaped 13.56 Gr Individual",69.0,2018-01-02,13.56,5.09,WorthPoint
chelyabinsk-meteorite,"Meteorites Russia CHELYABINSK Chebarkul –ú–µ—Ç–µ–æ—Ä–∏—Ç 0,4 –ì—Ä–∞–º–º –û—Ä–∏–µ–Ω—Ç–∏—Ä–æ–≤–∞–Ω–Ω—ã–π",10.5,2017-12-31,,,WorthPoint
chelyabinsk-meteorite,Meteorites Russia CHELYABINSK Chebarkul –ú–µ—Ç–µ–æ—Ä–∏—Ç 2 –ì—Ä–∞–º–º –û—Ä–∏–µ–Ω—Ç–∏—Ä–æ–≤–∞–Ω–Ω—ã–π,20.51,2017-12-31,,,WorthPoint
chelyabinsk-meteorite,Meteorites Russia CHELYABINSK Chebarkul –ú–µ—Ç–µ–æ—Ä–∏—Ç 27.6 –ì—Ä–∞–º–º 100% –ö–æ—Ä–∞,82.0,2017-12-31,,,WorthPoint
chelyabinsk-meteorite,Meteorites Russia CHELYABINSK Chebarkul –ú–µ—Ç–µ–æ—Ä–∏—Ç 10 –ì—Ä–∞–º–º,48.0,2017-12-31,,,WorthPoint
chelyabinsk-meteorite,Meteorites Russia CHELYABINSK Chebarkul –ú–µ—Ç–µ–æ—Ä–∏—Ç 12.5 –ì—Ä–∞–º–º,66.0,2017-12-31,,,WorthPoint
chelyabinsk-meteorite,Meteorites Russia CHELYABINSK Chebarkul –ú–µ—Ç–µ–æ—Ä–∏—Ç 6 –ì—Ä–∞–º–º,15.0,2017-12-30,,,WorthPoint
chelyabinsk-meteorite,Chelyabinsk Meteorites - Witnessed Fall Feb 15 2013 - 3.49 Gram Oriented Pea Lot,15.56,2017-12-30,3.49,4.46,WorthPoint
chelyabinsk-meteorite,"Meteorite CHELYABINSK, Russia, A Nice Well Shaped 28.82 Gr Individual",165.0,2017-12-28,28.82,5.73,WorthPoint
chelyabinsk-meteorite,2013 CHELYABINSK METEORITE IMPACT $5 Cook Islands 999 1oz SILVER COIN,127.0,2017-12-27,28.35,4.48,WorthPoint
chelyabinsk-meteorite,Chelyabinsk Meteorite Collection 7 Pieces,18.0,2017-12-26,,,WorthPoint
chelyabinsk-meteorite,"Meteorites Russia CHELYABINSK Chebarkul –ú–µ—Ç–µ–æ—Ä–∏—Ç 6,32 –ì—Ä–∞–º–º –û—Ä–∏–µ–Ω—Ç–∏—Ä–æ–≤–∞–Ω–Ω—ã–π",30.51,2017-12-26,,,WorthPoint
chelyabinsk-meteorite,"Meteorites Russia CHELYABINSK Chebarkul –ú–µ—Ç–µ–æ—Ä–∏—Ç 7,38 –ì—Ä–∞–º–º –û—Ä–∏–µ–Ω—Ç–∏—Ä–æ–≤–∞–Ω–Ω—ã–π",43.51,2017-12-26,,,WorthPoint
chelyabinsk-meteorite,"Meteorites Russia CHELYABINSK Chebarkul –ú–µ—Ç–µ–æ—Ä–∏—Ç 9,38 –ì—Ä–∞–º–º",41.51,2017-12-26,,,WorthPoint
chelyabinsk-meteorite,Chelyabinsk Meteorite~31 Grams~glass Display-titanium Scale Cube Included,91.0,2017-12-26,31.0,2.94,WorthPoint
chelyabinsk-meteorite,"Meteorites Russia CHELYABINSK Chebarkul –ú–µ—Ç–µ–æ—Ä–∏—Ç 16,5 –ì—Ä–∞–º–º",50.0,2017-12-26,,,WorthPoint
chelyabinsk-meteorite,–ú–µ—Ç–µ–æ—Ä–∏—Ç Meteorite Nicely ORIENTED Brown & Smoked CHELYABINSK RUSSIA 1.41 FRESH,12.0,2017-12-26,,,WorthPoint
chelyabinsk-meteorite,Meteorites Russia CHELYABINSK Chebarkul –ú–µ—Ç–µ–æ—Ä–∏—Ç 11.24 –ì—Ä–∞–º–º,50.0,2017-12-25,,,WorthPoint
chelyabinsk-meteorite,"Meteorite**Chelyabinsk, Russia LL5**4.05 Grams Oriented Pea Lot, Happy Holidays!",41.0,2017-12-25,4.05,10.12,WorthPoint
chelyabinsk-meteorite,"Meteorite Chelyabinsk, Chondrite LL5, Complete Stone 53,7 G, Recent Fall, Russia",399.0,2017-12-23,7.0,57.0,WorthPoint
chelyabinsk-meteorite,50's Vintage Soviet Tank Aircraft Mechanical Clock CHELYABINSK –ß–ï–õ–Ø–ë–ò–ù–°–ö,59.99,2017-12-22,,,WorthPoint
chelyabinsk-meteorite,Meteorite CHELYABINSK Russia 4.51 Grams Oriented,31.51,2017-12-22,4.51,6.99,WorthPoint
chelyabinsk-meteorite,Meteorites Russia CHELYABINSK –ú–µ—Ç–µ–æ—Ä–∏—Ç 3.3 –ì—Ä–∞–º–º –û—Ä–∏–µ–Ω—Ç–∏—Ä–æ–≤–∞–Ω–Ω—ã–π 100% –ö–æ—Ä–∞,34.1,2017-12-22,,,WorthPoint
chelyabinsk-meteorite,"Meteorites Russia CHELYABINSK Chebarkul –ú–µ—Ç–µ–æ—Ä–∏—Ç 158,9 –ì—Ä–∞–º–º",330.0,2017-12-21,,,WorthPoint
chelyabinsk-meteorite,"Meteorite**Chelyabinsk, Russia LL5**1.57 Grams!! Oriented Pea Lot!!!",26.0,2017-12-21,1.57,16.56,WorthPoint
chelyabinsk-meteorite,"Meteorite Chelyabinsk, Chondrite LL5, Complete Stone 1,58 G, Recent Fall, Russia",13.0,2017-12-18,58.0,0.22,WorthPoint
chelyabinsk-meteorite,"Meteorite**Chelyabinsk, Russia LL5**2.01 Grams!! Crazy Oriented!!!",122.5,2017-12-18,2.01,60.95,WorthPoint
chelyabinsk-meteorite,"Meteorite CHELYABINSK Russia 19.8 Grams, Fresh, Regmaglypts, Witnessed Fall",36.0,2017-12-17,19.8,1.82,WorthPoint
chelyabinsk-meteorite,"Meteorite CHELYABINSK, Russia, Individual, Oriented, 4,6 Gr (–ê257)",20.5,2017-12-17,6.0,3.42,WorthPoint
chelyabinsk-meteorite,Meteorites Russia CHELYABINSK Chebarkul –ú–µ—Ç–µ–æ—Ä–∏—Ç 3 –ì—Ä–∞–º–º –û—Ä–∏–µ–Ω—Ç–∏—Ä–æ–≤–∞–Ω–Ω—ã–π,15.0,2017-12-16,,,WorthPoint
chelyabinsk-meteorite,Meteorites Russia CHELYABINSK Chebarkul –ú–µ—Ç–µ–æ—Ä–∏—Ç 3.5 –ì—Ä–∞–º–º –û—Ä–∏–µ–Ω—Ç–∏—Ä–æ–≤–∞–Ω–Ω—ã–π,35.0,2017-12-16,,,WorthPoint
chelyabinsk-meteorite,Chelyabinsk Meteorite 1.9 Gram Individual,45.0,2017-12-16,1.9,23.68,WorthPoint
chelyabinsk-meteorite,Huge Chelyabinsk LL5 Meteorite 161g. Dark Crust. Witnessed Fall 2-15-2013,575.0,2017-12-15,161.0,3.57,WorthPoint
chelyabinsk-meteorite,"Meteorites CHELYABINSK Russia 5 Grams Meteorite, Èô®Áü≥ Les M√©t√©orites,Meteoriten",23.5,2017-12-14,5.0,4.7,WorthPoint
chelyabinsk-meteorite,Meteorite CHELYABINSK Russia Oriented 5.8 Grams,17.0,2017-12-14,5.8,2.93,WorthPoint
chelyabinsk-meteorite,Meteorite CHELYABINSK Russia 5.21 Grams,15.0,2017-12-14,5.21,2.88,WorthPoint
chelyabinsk-meteorite,Meteorite CHELYABINSK Russia 3.3 Grams,37.61,2017-12-14,3.3,11.4,WorthPoint
chelyabinsk-meteorite,Meteorite CHELYABINSK Russia 6.53 Grams,18.0,2017-12-14,6.53,2.76,WorthPoint
chelyabinsk-meteorite,Meteorite CHELYABINSK Russia Oriented 4.7 Grams,30.61,2017-12-13,4.7,6.51,WorthPoint
chelyabinsk-meteorite,"Meteorite CHELYABINSK, Russia, A Nice Well Shaped 4.74 Gr Individual",19.0,2017-12-13,4.74,4.01,WorthPoint
chelyabinsk-meteorite,Meteorite CHELYABINSK Russia 2.19 Grams Oriented,32.25,2017-12-13,2.19,14.73,WorthPoint
chelyabinsk-meteorite,"Meteorites Russia CHELYABINSK Chebarkul –ú–µ—Ç–µ–æ—Ä–∏—Ç 6,35 –ì—Ä–∞–º–º –û—Ä–∏–µ–Ω—Ç–∏—Ä–æ–≤–∞–Ω–Ω—ã–π",45.0,2017-12-13,,,WorthPoint
chelyabinsk-meteorite,Meteorite CHELYABINSK Russia 5 Grams –û—Ä–∏–µ–Ω—Ç–∏—Ä–æ–≤–∞–Ω–Ω—ã–π,16.5,2017-12-13,5.0,3.3,WorthPoint
chelyabinsk-meteorite,"Meteorites Russia CHELYABINSK Chebarkul –ú–µ—Ç–µ–æ—Ä–∏—Ç 0,75 –ì—Ä–∞–º–º –û—Ä–∏–µ–Ω—Ç–∏—Ä–æ–≤–∞–Ω–Ω—ã–π",10.0,2017-12-13,,,WorthPoint
chelyabinsk-meteorite,"Meteorite Chelyabinsk, Chondrite LL5, Complete Stone 8,2 G, Recent Fall, Russia",65.0,2017-12-13,2.0,32.5,WorthPoint
chelyabinsk-meteorite,Meteorites Russia CHELYABINSK Chebarkul –ú–µ—Ç–µ–æ—Ä–∏—Ç 40 –ì—Ä–∞–º–º,120.0,2017-12-12,,,WorthPoint
chelyabinsk-meteorite,Meteorites Russia CHELYABINSK Chebarkul –ú–µ—Ç–µ–æ—Ä–∏—Ç 17 –ì—Ä–∞–º–º,67.0,2017-12-12,,,WorthPoint
chelyabinsk-meteorite,"RARE Meteorite Label ""Chelyabinsk"" 63 Grams Amazing Opportunity,Unique Piece",14.6,2017-12-12,63.0,0.23,WorthPoint
chelyabinsk-meteorite,"Meteorites Russia CHELYABINSK Chebarkul –ú–µ—Ç–µ–æ—Ä–∏—Ç 3,66 –ì—Ä–∞–º–º",15.5,2017-12-11,,,WorthPoint
chelyabinsk-meteorite,Meteorites Russia CHELYABINSK Chebarkul –ú–µ—Ç–µ–æ—Ä–∏—Ç 2.37 –ì—Ä–∞–º–º –û—Ä–∏–µ–Ω—Ç–∏—Ä–æ–≤–∞–Ω–Ω—ã–π,15.5,2017-12-11,,,WorthPoint
chelyabinsk-meteorite,"Meteorite CHELYABINSK, Russia, A Nice Well Shaped 11.05 Gr Individual",55.0,2017-12-11,11.05,4.98,WorthPoint
chelyabinsk-meteorite,Chelyabinsk Chebarkul Meteorite Chondrite LL5 10.76 Grams Crusted Fragment 2013,30.51,2017-12-11,10.76,2.84,WorthPoint
chelyabinsk-meteorite,"Chelyabinsk Meteorite, Rare, Witnessed Fall, LARGE Stone!",200.0,2017-12-10,,,WorthPoint
chelyabinsk-meteorite,"Meteorite CHELYABINSK Russia 27.6 Grams, Fresh, Witnessed Fall",66.0,2017-12-09,27.6,2.39,WorthPoint
chelyabinsk-meteorite,"Meteorite CHELYABINSK Russia 24 Grams, Fresh, Witnessed Fall",38.0,2017-12-09,24.0,1.58,WorthPoint
chelyabinsk-meteorite,"Wwii 1941-1945 Ussr-russia Chelyabinsk-tankograd -tank City 15 Pins Lot T-34,kv1",19.99,2017-12-08,,,WorthPoint
chelyabinsk-meteorite,Meteorites Russia CHELYABINSK Chebarkul –ú–µ—Ç–µ–æ—Ä–∏—Ç 34.6 –ì—Ä–∞–º–º,170.0,2017-12-08,,,WorthPoint
chelyabinsk-meteorite,Meteorite CHELYABINSK Russia 7.3 Grams,14.0,2017-12-07,7.3,1.92,WorthPoint
chelyabinsk-meteorite,Meteorites Russia CHELYABINSK Chebarkul –ú–µ—Ç–µ–æ—Ä–∏—Ç 22.4 –ì—Ä–∞–º–º,112.5,2017-12-07,,,WorthPoint
chelyabinsk-meteorite,Meteorites Russia CHELYABINSK Chebarkul –ú–µ—Ç–µ–æ—Ä–∏—Ç 242 –ì—Ä–∞–º–º,1460.0,2017-12-06,,,WorthPoint
chelyabinsk-meteorite,Chelyabinsk Meteorite: 8.7 Gram Lot,27.8,2017-12-05,8.7,3.2,WorthPoint
chelyabinsk-meteorite,"Meteorites Russia CHELYABINSK Chebarkul –ú–µ—Ç–µ–æ—Ä–∏—Ç 0,81 –ì—Ä–∞–º–º –û—Ä–∏–µ–Ω—Ç–∏—Ä–æ–≤–∞–Ω–Ω—ã–π",11.5,2017-12-04,,,WorthPoint
chelyabinsk-meteorite,"Meteorites Russia CHELYABINSK Chebarkul –ú–µ—Ç–µ–æ—Ä–∏—Ç 0,5 –ì—Ä–∞–º–º –û—Ä–∏–µ–Ω—Ç–∏—Ä–æ–≤–∞–Ω–Ω—ã–π",15.5,2017-12-04,,,WorthPoint
chelyabinsk-meteorite,"Meteorite CHELYABINSK, Russia, Individual, 7,2 Gr (–ê217)",25.0,2017-12-04,2.0,12.5,WorthPoint
chelyabinsk-meteorite,"Meteorite CHELYABINSK, Russia, Individual, 8,2gr (–ê271)",33.0,2017-12-04,2.0,16.5,WorthPoint
chelyabinsk-meteorite,Chelyabinsk Polar Bears Russian Youth Hockey Jersey #91 Youth Medium,22.99,2017-11-29,,,WorthPoint
chelyabinsk-meteorite,Chelyabinsk Meteorite: 7.9 Gram Lot,10.5,2017-11-28,7.9,1.33,WorthPoint
chelyabinsk-meteorite,"Chelyabinsk LL5 Meteorite 24.8g. Fully Crusted, Fall 2-15-2013",110.0,2017-11-26,24.8,4.44,WorthPoint
chelyabinsk-meteorite,Chelyabinsk Meteorite: 5.8 Gram Lot Lotof Polished End Cuts,13.16,2017-11-25,5.8,2.27,WorthPoint
chelyabinsk-meteorite,"Large Chelyabinsk Meteorite 88.1g, LL5, MATCHING SIDES!! Witnessed Fall",265.0,2017-11-24,88.1,3.01,WorthPoint
chelyabinsk-meteorite,Chelyabinsk Meteorite: 5.3 Gram Lot,10.5,2017-11-21,5.3,1.98,WorthPoint
chelyabinsk-meteorite,"Meteorite CHELYABINSK Russia 19.8 Grams, Fresh, Witnessed Fall",95.0,2017-11-18,19.8,4.8,WorthPoint
chelyabinsk-meteorite,Authentic Kuznetsov #92 Traktor Chelyabinsk Retro Russian Hockey Jersey,144.99,2017-11-15,,,WorthPoint
chelyabinsk-meteorite,Chelyabinsk Meteorite: 3.6 Gram Individual,14.5,2017-11-11,3.6,4.03,WorthPoint
chelyabinsk-meteorite,Khl All Star 2005 Hockey Jersey Traktor Chelyabinsk Konstantin Panov Lutch 56,30.0,2017-11-09,,,WorthPoint
chelyabinsk-meteorite,Chelyabinsk Meteorite: 10.4 Gram Lot,30.99,2017-11-07,10.4,2.98,WorthPoint
chelyabinsk-meteorite,"Meteorite**Chelyabinsk, Russia LL5**13.93 Grams!! Oriented W/lip",27.0,2017-10-30,13.93,1.94,WorthPoint
chelyabinsk-meteorite,Chelyabinsk Meteorite: 5.4 Gram Individual,13.0,2017-10-14,5.4,2.41,WorthPoint
chelyabinsk-meteorite,Chelyabinsk Meteorite: 3.5 Gram Polished End Cut,20.7,2017-10-10,3.5,5.91,WorthPoint
chelyabinsk-meteorite,Chelyabinsk Meteorite: 6.5 Gram Polished End Cut,17.51,2017-10-07,6.5,2.69,WorthPoint
chelyabinsk-meteorite,1909 Russia Pc. Cancelled Chelyabinsk To Samara *123* Chelyabinsk 4322,10.0,2017-10-05,,,WorthPoint
chelyabinsk-meteorite,Chelyabinsk LL5 Meteorite 7.5g. Fully Crusted Oriented Shield Fall 2-15-2013,59.0,2017-10-05,7.5,7.87,WorthPoint
chelyabinsk-meteorite,Chelyabinsk Meteorite Fountain Pen,120.0,2017-10-03,,,WorthPoint
chelyabinsk-meteorite,Chelyabinsk Meteorite: 6.9 Gram Polished End Cut,16.0,2017-09-23,6.9,2.32,WorthPoint
chelyabinsk-meteorite,Chelyabinsk Meteorite: 4.3 Gram Individual,22.5,2017-09-19,4.3,5.23,WorthPoint
chelyabinsk-meteorite,Traktor Chelyabinsk Kuznetsov #84 2013-14 KHL Replica Russian Hockey Jersey,79.99,2017-09-17,,,WorthPoint
chelyabinsk-meteorite,Chelyabinsk Meteorite: 4.0 Gram Individual,34.84,2017-09-16,4.0,8.71,WorthPoint
chelyabinsk-meteorite,Chelyabinsk Meteorite: 8.6 Gram Lot Of Individuals / Fragments,24.9,2017-09-12,8.6,2.9,WorthPoint
chelyabinsk-meteorite,Chelyabinsk Meteorite: 5.9 Gram Polished End Cut,33.0,2017-09-09,5.9,5.59,WorthPoint
chelyabinsk-meteorite,4.90 Grams Chelyabinsk Meteorite Class (LL5) CRUSTED Fragment Fell Russia 2014,24.0,2017-09-09,4.9,4.9,WorthPoint
chelyabinsk-meteorite,APATITE Crystals In Mica * Snezhinsk * Chelyabinsk Oblast * Urals * Russia,16.5,2017-09-08,,,WorthPoint
chelyabinsk-meteorite,2013 Cook Islands $5 Chelyabinsk Meteorite Russia Silver With Coa 2500 Pcs Only!,130.0,2017-09-05,,,WorthPoint
chelyabinsk-meteorite,Chelyabinsk Meteorite: 3.1 Gram Individual,11.3,2017-09-05,3.1,3.65,WorthPoint
chelyabinsk-meteorite,Chelyabinsk Meteorite: 8.0 Gram Lot Of Individuals / Fragments,20.5,2017-08-29,8.0,2.56,WorthPoint
chelyabinsk-meteorite,Chelyabinsk Meteorite: 7.0 Gram Individual,16.5,2017-08-26,7.0,2.36,WorthPoint
chelyabinsk-meteorite,Heavy Cast Iron Bear Sculpture KASLI IRON WORKS Russia Chelyabinsk Urals,65.0,2017-08-24,,,WorthPoint
chelyabinsk-meteorite,Chelyabinsk Meteorite: 5.6 Gram Individual,19.99,2017-08-19,5.6,3.57,WorthPoint
chelyabinsk-meteorite,4.69 Grams Chelyabinsk Meteorite Class (LL5) CRUSTED Fragment Fell Russia 2014,15.0,2017-08-13,4.69,3.2,WorthPoint
chelyabinsk-meteorite,Chelyabinsk Meteorite: 4.0 Gram Polished End Cut,44.05,2017-08-12,4.0,11.01,WorthPoint
chelyabinsk-meteorite,Chelyabinsk - Witnessed Fall | 3.2g Fusion Crusted Meteorite | LL5 Chondrite,32.0,2017-08-10,3.2,10.0,WorthPoint
chelyabinsk-meteorite,Chelyabinsk Meteorite: 4.8 Gram Polished End Cut,13.12,2017-08-08,4.8,2.73,WorthPoint
chelyabinsk-meteorite,Chelyabinsk - Witnessed Fall | 1.2g Fusion Crusted Meteorite | LL5 Chondrite,12.0,2017-08-02,1.2,10.0,WorthPoint
chelyabinsk-meteorite,"Meteorite CHELYABINSK, Russia, Individual, Amazingly Oriented, 112 Grams , LL5",399.0,2017-08-01,112.0,3.56,WorthPoint
chelyabinsk-meteorite,"Meteorite**Chelyabinsk, Russia**5.17 Grams Cherry Piece Lot!!",24.99,2017-08-01,5.17,4.83,WorthPoint
chelyabinsk-meteorite,2013 Cook Island Silver CHELYABINSK Meteorite Coin,76.0,2017-07-31,,,WorthPoint
chelyabinsk-meteorite,Chelyabinsk Meteorite: 5.4 Gram Polished End Cut,16.5,2017-07-29,5.4,3.06,WorthPoint
chelyabinsk-meteorite,Chelyabinsk - Witnessed Fall | 2.8g Fusion Crusted Meteorite | LL5 Chondrite,28.0,2017-07-28,2.8,10.0,WorthPoint
chelyabinsk-meteorite,"Meteorite**Chelyabinsk, Russia**8.48 Grams Cherry Piece Lot!!",24.5,2017-07-24,8.48,2.89,WorthPoint
chelyabinsk-meteorite,Chelyabinsk Meteorite: 5.8 Gram Polished End Cut,19.0,2017-07-22,5.8,3.28,WorthPoint
chelyabinsk-meteorite,4.50 Grams Chelyabinsk Meteorite Class (LL5) CRUSTED Fragment Fell Russia 2014,17.5,2017-07-20,4.5,3.89,WorthPoint
chelyabinsk-meteorite,Chelyabinsk Meteorite: 4.1 Gram Polished End Cut,18.5,2017-07-18,4.1,4.51,WorthPoint
chelyabinsk-meteorite,"Meteorite**Chelyabinsk, Russia**3.19 Grams Oriented Lot!!",13.0,2017-07-17,3.19,4.08,WorthPoint
chelyabinsk-meteorite,Chelyabinsk Meteorite: 6.8 Gram Polished End Cut,17.78,2017-07-15,6.8,2.61,WorthPoint
chelyabinsk-meteorite,"Meteorite**Chelyabinsk, Russia**2.43 Grams Oriented Lot!!",27.35,2017-07-13,2.43,11.26,WorthPoint
chelyabinsk-meteorite,"Meteorite**Chelyabinsk, Russia**1.33 Grams Endcuts!!",33.95,2017-07-13,1.33,25.53,WorthPoint
chelyabinsk-meteorite,Chelyabinsk Meteorite: 7.2 Gram Lot,29.61,2017-07-11,7.2,4.11,WorthPoint
chelyabinsk-meteorite,Chelyabinsk Meteorite: 7.1 Gram Polished End Cut,66.99,2017-07-08,7.1,9.44,WorthPoint
chelyabinsk-meteorite,"Chelyabinsk, Russia 0.6g LL5 Whole Stone In Display Box By Meteorite Men Steve",34.99,2017-07-05,0.6,58.32,WorthPoint
chelyabinsk-meteorite,Chelyabinsk Meteorite: 2.9 Gram Individual,15.48,2017-07-04,2.9,5.34,WorthPoint
chelyabinsk-meteorite,2005 Traktor Chelyabinsk KHL Russia Hockey Jersey Mens 56,15.0,2017-07-02,,,WorthPoint
chelyabinsk-meteorite,Chelyabinsk Meteorite: 9.5 Gram Polished End Cut,62.99,2017-07-01,9.5,6.63,WorthPoint
chelyabinsk-meteorite,Chelyabinsk Meteorite With Shattered Glass From Shockwave,100.0,2017-07-01,,,WorthPoint
chelyabinsk-meteorite,Chelyabinsk Meteorite: 6.4 Gram Lot,17.5,2017-06-27,6.4,2.73,WorthPoint
chelyabinsk-meteorite,"Chelyabinsk, Russia 0.4g LL5 Whole Stone In Display Box By Meteorite Men Steve",24.99,2017-06-24,0.4,62.47,WorthPoint
chelyabinsk-meteorite,Chelyabinsk Meteorite: 4.9 Gram Polished End Cut,12.87,2017-06-17,4.9,2.63,WorthPoint
chelyabinsk-meteorite,"Diopside, Clinochlore Achmatovsk Chelyabinsk, Urals, Russia Ex Pisani WOW!",450.0,2017-06-14,,,WorthPoint
chelyabinsk-meteorite,Chelyabinsk Meteorite: 5.4 Gram Lot,25.0,2017-06-13,5.4,4.63,WorthPoint
chelyabinsk-meteorite,Chelyabinsk 5.6 Gm 1 Inch X 3/4 X 1/4 Meteorite Russian Professionally Sliced,51.36,2017-06-11,5.6,9.17,WorthPoint
chelyabinsk-meteorite,Chelyabinsk Rare Cut Meteorite Russian Stony Chondrite Professionally Sliced,34.27,2017-06-11,,,WorthPoint
chelyabinsk-meteorite,Chelyabinsk Slice Meteorite Russian Stony Chondrite Rare Professionally Sliced,11.81,2017-06-11,,,WorthPoint
chelyabinsk-meteorite,Chelyabinsk Meteorite 2013 NEW FALL 15 Feb 15.93 G Whole Fresh 100%crusted Gem,160.0,2017-06-11,15.93,10.04,WorthPoint
chelyabinsk-meteorite,2013 Cook Islands Chelyabinsk Meteorite Silver Proof Coin,69.25,2017-06-07,,,WorthPoint
chelyabinsk-meteorite,Chelyabinsk Meteorite: 5.9 Gram Lot,12.05,2017-06-06,5.9,2.04,WorthPoint
chelyabinsk-meteorite,Chelyabinsk Meteorite: 7.5 Gram Individual,50.0,2017-06-03,7.5,6.67,WorthPoint
chelyabinsk-meteorite,Chelyabinsk - Witnessed Fall | 2.1g Fusion Crusted Meteorite | LL5 Chondrite,21.0,2017-06-01,2.1,10.0,WorthPoint
chelyabinsk-meteorite,Chelyabinsk Meteorite: 13.3 Gram Lot,31.0,2017-05-30,13.3,2.33,WorthPoint
chelyabinsk-meteorite,1.11 Grams Chelyabinsk Meteorite Class (LL5) Fragment Fell Russia 2014,10.0,2017-05-29,1.11,9.01,WorthPoint
chelyabinsk-meteorite,–ú–µ—Ç–µ–æ—Ä–∏—Ç Meteorite ORIENTED RADIAL FLOWLINES CHELYABINSK 1.69 100% Complete,50.0,2017-05-27,,,WorthPoint
chelyabinsk-meteorite,Chelyabinsk Meteorite: 2.8 Gram Individual,16.5,2017-05-27,2.8,5.89,WorthPoint
chelyabinsk-meteorite,Chelyabinsk - Witnessed Fall | 3.3g Fusion Crusted Meteorite | LL5 Chondrite,33.0,2017-05-26,3.3,10.0,WorthPoint
chelyabinsk-meteorite,1.52 Gram Chelyabinsk Russian Meteorite. Beautiful - Awesome!!! CH06,15.0,2017-05-24,1.52,9.87,WorthPoint
chelyabinsk-meteorite,Chelyabinsk Meteorite: 3.9 Gram Individual,11.12,2017-05-23,3.9,2.85,WorthPoint
chelyabinsk-meteorite,Chelyabinsk Meteorite: 9.2 Gram Lot,24.5,2017-05-20,9.2,2.66,WorthPoint
chelyabinsk-meteorite,Cook Islands 2013 Chelyabinsk Meteorite Russia Silver Proof $5 Coin - NO RESERVE,112.5,2017-05-16,,,WorthPoint
chelyabinsk-meteorite,Chelyabinsk - Witnessed Fall | 8.8g Fusion Crusted Meteorite | LL5 Chondrite,70.0,2017-05-16,8.8,7.95,WorthPoint
chelyabinsk-meteorite,"Sapphire A9617 Miass, Chelyabinsk Obilst, Southern Ural Mts., Russia Display",81.0,2017-05-16,,,WorthPoint
chelyabinsk-meteorite,Chelyabinsk Meteorite: 5.5 Gram Individual,23.3,2017-05-13,5.5,4.24,WorthPoint
chelyabinsk-meteorite,Chelyabinsk Meteorite: 7.5 Gram Lot,33.55,2017-05-09,7.5,4.47,WorthPoint
chelyabinsk-meteorite,Traktor Chelyabinsk Khl Jersey Sewn Crest Logo Vintage 1995 Mens Xl,29.99,2017-05-07,,,WorthPoint
chelyabinsk-meteorite,Meteorite Chelyabinsk 142 Gram Thumbprint,850.0,2017-05-07,142.0,5.99,WorthPoint
chelyabinsk-meteorite,Chelyabinsk Meteorite: 8.9 Gram Lot,21.55,2017-04-29,8.9,2.42,WorthPoint
chelyabinsk-meteorite,RUSSIAN FEDERATION LICENSE PLATE RUSSIA Foreign #P169CM174 Chelyabinsk Oblast,26.99,2017-04-29,,,WorthPoint
chelyabinsk-meteorite,Chelyabinsk Meteorite: The Famous Russian Fireball Of 2013,12.0,2017-04-28,,,WorthPoint
chelyabinsk-meteorite,Chelyabinsk - Witnessed Fall | 7g Fusion Crusted Meteorite | LL5 Chondrite,69.99,2017-04-24,7.0,10.0,WorthPoint
chelyabinsk-meteorite,Chelyabinsk Meteorite: 5.8 Gram Individual,15.51,2017-04-22,5.8,2.67,WorthPoint
chelyabinsk-meteorite,ILMENITE Crystals In Matrix * Vishnevye Mts * Chelyabinsk Oblast * Russia,35.0,2017-04-21,,,WorthPoint
chelyabinsk-meteorite,"Chelyabinsk Meteorite LL5, Recent Fall, Russia, Individual, 24.2 Grams",52.0,2017-04-20,24.2,2.15,WorthPoint
chelyabinsk-meteorite,Chelyabinsk Meteorite: 2.2 Gram Lot Of 2 Individuals,10.0,2017-04-18,2.2,4.55,WorthPoint
chelyabinsk-meteorite,Traktor Chelyabinsk Russia Hockey Jersey,12.5,2017-04-16,,,WorthPoint
chelyabinsk-meteorite,1938 Vintage Photo Worker Loads Diesel Tractors At Plant In Chelyabinsk Russia,17.0,2017-04-15,,,WorthPoint
chelyabinsk-meteorite,Chelyabinsk - Witnessed Fall | 0.9g Fusion Crusted Meteorite | LL5 Chondrite,10.0,2017-04-15,0.9,11.11,WorthPoint
chelyabinsk-meteorite,CHELYABINSK RARE METEORITE RUSSIAN 1.1 Grams 1 INCH CHONDRITE PROFESSIONAL SLICE,13.69,2017-04-11,1.1,12.45,WorthPoint
chelyabinsk-meteorite,Chelyabinsk Meteorite: 2.3 Gram Individual,11.39,2017-04-11,2.3,4.95,WorthPoint
chelyabinsk-meteorite,Chelyabinsk Meteorite Slice - 11.0 G Full Slice- Multi-Colored Impact Melt(LL5),75.0,2017-04-03,11.0,6.82,WorthPoint
chelyabinsk-meteorite,Chelyabinsk Meteorite: 3.8 Gram Individual,10.61,2017-04-01,3.8,2.79,WorthPoint
chelyabinsk-meteorite,"Chelyabinsk Meteorite LL5, Recent Fall, Russia, Lot Of 2 Pieces, 17.3 Grams",29.0,2017-03-30,17.3,1.68,WorthPoint
chelyabinsk-meteorite,Chelyabinsk Meteorite: 3.5 Gram Individual,11.28,2017-03-28,3.5,3.22,WorthPoint
chelyabinsk-meteorite,Men's Traktor Chelyabinsk KHL Replica Russian Hockey Jersey #2 Size: Large,29.99,2017-03-28,,,WorthPoint
chelyabinsk-meteorite,Chelyabinsk Meteorite: 9.3 Gram Lot Of Individuals,51.99,2017-03-25,9.3,5.59,WorthPoint
chelyabinsk-meteorite,"Chelyabinsk Meteorite LL5, Recent Fall, Russia, Lot Of 5 Pieces, 16.3 Grams",32.3,2017-03-23,16.3,1.98,WorthPoint
chelyabinsk-meteorite,Chelyabinsk Meteorite: 3.7 Gram Polished End Cut,13.3,2017-03-21,3.7,3.59,WorthPoint
chelyabinsk-meteorite,"Chelyabinsk Meteorite LL5, Recent Fall, Russia, Broken Individual, 11.7 Grams",29.7,2017-03-16,11.7,2.54,WorthPoint
chelyabinsk-meteorite,Chelyabinsk - Witnessed Fall | 3.6g Fusion Crusted Meteorite | LL5 Chondrite,36.0,2017-03-15,3.6,10.0,WorthPoint
chelyabinsk-meteorite,Chelyabinsk - Witnessed Fall | 4.45g Fusion Crusted Meteorite | LL5 Chondrite,45.0,2017-03-13,4.45,10.11,WorthPoint
chelyabinsk-meteorite,1.63 Grams Chelyabinsk Meteorite Class (LL5) Fragment Fell Russia 2014,10.0,2017-03-09,1.63,6.13,WorthPoint
chelyabinsk-meteorite,GARNET Crystals In Matrix * Chelyabinsk * Ural * Russia,16.31,2017-03-09,,,WorthPoint
chelyabinsk-meteorite,Chelyabinsk Meteorite: 7.2 Gram Individual,20.57,2017-03-07,7.2,2.86,WorthPoint
chelyabinsk-meteorite,Chelyabinsk Meteorite: 6.2 Gram Individual,15.6,2017-03-04,6.2,2.52,WorthPoint
chelyabinsk-meteorite,"HC Traktor Chelyabinsk ""2nd Spin"" KHL Russian Hockey Cap Hat",30.0,2017-03-03,,,WorthPoint
chelyabinsk-meteorite,Chelyabinsk Meteorite: 4.7 Gram Individual,12.62,2017-02-28,4.7,2.69,WorthPoint
chelyabinsk-meteorite,1.51 Grams Chelyabinsk Meteorite Class (LL5) CRUSTED Fragment Fell Russia 2014,12.0,2017-02-27,1.51,7.95,WorthPoint
chelyabinsk-meteorite,–ú–µ—Ç–µ–æ—Ä–∏—Ç Meteorite Endcut CHELYABINSK RUSSIA 1.42,15.0,2017-02-26,,,WorthPoint
chelyabinsk-meteorite,"Rare Chelyabinsk Russia Meteorite Challenge Coin Fell February 15, 2013",16.25,2017-02-19,,,WorthPoint
chelyabinsk-meteorite,"Meteorite Chelyabinsk, Russia, An Excellent Set Example With A Weight 1.36 Grams",15.0,2017-02-17,1.36,11.03,WorthPoint
chelyabinsk-meteorite,"Meteorite CHELYABINSK, Russia, Individual, Beautiful Shape Set To 4,93 Gr",30.0,2017-02-17,93.0,0.32,WorthPoint
chelyabinsk-meteorite,Meteorites Russia CHELYABINSK Chebarkul –ú–µ—Ç–µ–æ—Ä–∏—Ç 16.8 Grams,59.0,2017-02-16,16.8,3.51,WorthPoint
chelyabinsk-meteorite,Meteorites Russia CHELYABINSK Chebarkul –ú–µ—Ç–µ–æ—Ä–∏—Ç 10.37 Grams,27.0,2017-02-16,10.37,2.6,WorthPoint
chelyabinsk-meteorite,Meteorites Russia CHELYABINSK Chebarkul –ú–µ—Ç–µ–æ—Ä–∏—Ç 10.8 Grams,26.0,2017-02-16,10.8,2.41,WorthPoint
chelyabinsk-meteorite,Meteorites Russia CHELYABINSK Chebarkul –ú–µ—Ç–µ–æ—Ä–∏—Ç 9.5 Grams,22.5,2017-02-16,9.5,2.37,WorthPoint
chelyabinsk-meteorite,Meteorites Russia CHELYABINSK Chebarkul –ú–µ—Ç–µ–æ—Ä–∏—Ç 11.2 Grams,36.0,2017-02-16,11.2,3.21,WorthPoint
chelyabinsk-meteorite,Meteorites Russia CHELYABINSK Chebarkul –ú–µ—Ç–µ–æ—Ä–∏—Ç 12.3 Grams,21.0,2017-02-16,12.3,1.71,WorthPoint
chelyabinsk-meteorite,"Meteorite CHELYABINSK, Russia, Individual, Oriented Shape Set To 2,60 Gr",21.5,2017-02-14,60.0,0.36,WorthPoint
chelyabinsk-meteorite,"Azurite. Polished. Russia Chelyabinsk Region Mine 1 Pcs 13,3g",20.0,2017-02-13,3.0,6.67,WorthPoint
chelyabinsk-meteorite,"Azurite. Polished. Russia Chelyabinsk Region Mine 1 Pcs 16,5g",20.0,2017-02-13,5.0,4.0,WorthPoint
chelyabinsk-meteorite,"Meteorite CHELYABINSK, Russia, A Rare, Beautiful Individual Shape 2,38 Gr",12.0,2017-02-13,38.0,0.32,WorthPoint
chelyabinsk-meteorite,Meteorites Russia CHELYABINSK Chebarkul –ú–µ—Ç–µ–æ—Ä–∏—Ç 12.1 Grams,33.0,2017-02-12,12.1,2.73,WorthPoint
chelyabinsk-meteorite,Meteorites Russia CHELYABINSK Chebarkul –ú–µ—Ç–µ–æ—Ä–∏—Ç 10.7 Grams,34.0,2017-02-12,10.7,3.18,WorthPoint
chelyabinsk-meteorite,Meteorites Russia CHELYABINSK Chebarkul –ú–µ—Ç–µ–æ—Ä–∏—Ç 8.4 Grams,28.66,2017-02-12,8.4,3.41,WorthPoint
chelyabinsk-meteorite,Meteorites Russia CHELYABINSK Chebarkul –ú–µ—Ç–µ–æ—Ä–∏—Ç 12.7 Grams,20.5,2017-02-12,12.7,1.61,WorthPoint
chelyabinsk-meteorite,Meteorites Russia CHELYABINSK Chebarkul –ú–µ—Ç–µ–æ—Ä–∏—Ç 5.15 Grams,19.61,2017-02-12,5.15,3.81,WorthPoint
chelyabinsk-meteorite,"Meteorite Chelyabinsk, Russia, An Excellent Example With A Weight 2.52 Grams",12.0,2017-02-12,2.52,4.76,WorthPoint
chelyabinsk-meteorite,Meteorites Russia CHELYABINSK Chebarkul –ú–µ—Ç–µ–æ—Ä–∏—Ç 12 Grams,47.0,2017-02-11,12.0,3.92,WorthPoint
chelyabinsk-meteorite,Meteorites Russia CHELYABINSK Chebarkul –ú–µ—Ç–µ–æ—Ä–∏—Ç 6.53 Grams,26.66,2017-02-11,6.53,4.08,WorthPoint
chelyabinsk-meteorite,Meteorites Russia CHELYABINSK Chebarkul –ú–µ—Ç–µ–æ—Ä–∏—Ç 11.28 Grams,26.0,2017-02-11,11.28,2.3,WorthPoint
chelyabinsk-meteorite,NICE ! 100% Crusted Chelyabinsk Meteorite Individual - VERY FRESH 2.3 G - LL5,29.0,2017-02-11,2.3,12.61,WorthPoint
chelyabinsk-meteorite,Chelyabinsk Meteorite: 6.4 Gram Individual,13.3,2017-02-11,6.4,2.08,WorthPoint
chelyabinsk-meteorite,"Meteorite CHELYABINSK, Russia, A Rare, Beautiful Oriented Shape 3,24 Gr",50.0,2017-02-11,24.0,2.08,WorthPoint
chelyabinsk-meteorite,Meteorites Russia CHELYABINSK Chebarkul –ú–µ—Ç–µ–æ—Ä–∏—Ç 7.7 Grams –†–µ–¥–∫–∏–π,80.0,2017-02-10,7.7,10.39,WorthPoint
chelyabinsk-meteorite,Meteorites Russia CHELYABINSK Chebarkul –ú–µ—Ç–µ–æ—Ä–∏—Ç 5.2 Grams,58.0,2017-02-10,5.2,11.15,WorthPoint
chelyabinsk-meteorite,"Meteorite CHELYABINSK, Russia, A Rare Bronze Medal With A Meteorite.",55.0,2017-02-10,,,WorthPoint
chelyabinsk-meteorite,Meteorite CHELYABINSK - LL5 Chondrite Fall Russia - Crusted Individual 1.129g,12.5,2017-02-07,1.129,11.07,WorthPoint
chelyabinsk-meteorite,Chelyabinsk Meteorite: 3.5 Gram Polished End Cut Impact Melt Specimen,13.83,2017-02-07,3.5,3.95,WorthPoint
chelyabinsk-meteorite,3089 Russia URAL Railway Postmark Cancel Card TPO#123 SAMARA-CHELYABINSK To OMSK,21.0,2017-02-07,,,WorthPoint
chelyabinsk-meteorite,Meteorites Russia CHELYABINSK Chebarkul –ú–µ—Ç–µ–æ—Ä–∏—Ç Grams –†–µ–¥–∫–∏–π –û—Ä–µ–Ω—Ç–∏—Ä–æ–≤–∞–Ω–Ω—ã–π,33.0,2017-02-06,,,WorthPoint
chelyabinsk-meteorite,"Meteorite CHELYABINSK, Russia, A Rare, Beautiful Oriented Set 3,34 Gr",14.5,2017-02-03,34.0,0.43,WorthPoint
chelyabinsk-meteorite,"Meteorite Chelyabinsk, Chondrite LL5, Fresh Stone 21,9 G, Recent Fall, Russia",149.0,2017-02-03,9.0,16.56,WorthPoint
chelyabinsk-meteorite,Meteorites Russia CHELYABINSK Chebarkul –ú–µ—Ç–µ–æ—Ä–∏—Ç 9.6 Grams,28.0,2017-02-02,9.6,2.92,WorthPoint
chelyabinsk-meteorite,Meteorites Russia CHELYABINSK Chebarkul –ú–µ—Ç–µ–æ—Ä–∏—Ç 9.2 Grams,36.0,2017-02-02,9.2,3.91,WorthPoint
chelyabinsk-meteorite,Meteorites Russia CHELYABINSK Chebarkul –ú–µ—Ç–µ–æ—Ä–∏—Ç 10.3 Grams,37.0,2017-02-02,10.3,3.59,WorthPoint
chelyabinsk-meteorite,Meteorite CHELYABINSK - LL5 Chondrite Fall Russia - Best Crusted Individual 2.2g,12.12,2017-02-01,2.2,5.51,WorthPoint
chelyabinsk-meteorite,Special Medal Of The Winter Games In Sochi 2014 With The Chelyabinsk Meteorite,496.0,2017-02-01,,,WorthPoint
chelyabinsk-meteorite,Meteorites Russia CHELYABINSK Chebarkul –ú–µ—Ç–µ–æ—Ä–∏—Ç 7 Grams,31.0,2017-02-01,7.0,4.43,WorthPoint
chelyabinsk-meteorite,Meteorites Russia CHELYABINSK Chebarkul –ú–µ—Ç–µ–æ—Ä–∏—Ç 52 Grams,105.0,2017-02-01,52.0,2.02,WorthPoint
chelyabinsk-meteorite,Meteorites Russia CHELYABINSK Chebarkul –ú–µ—Ç–µ–æ—Ä–∏—Ç 10.42 Grams,46.0,2017-02-01,10.42,4.41,WorthPoint
chelyabinsk-meteorite,Meteorites Russia CHELYABINSK Chebarkul –ú–µ—Ç–µ–æ—Ä–∏—Ç 7.5 Grams,16.5,2017-01-31,7.5,2.2,WorthPoint
chelyabinsk-meteorite,"Meteorite Chelyabinsk Chebarkul Russia Chondrite LL5 4,88 Gram Individual",23.0,2017-01-31,88.0,0.26,WorthPoint
chelyabinsk-meteorite,Meteorites Russia CHELYABINSK Chebarkul –ú–µ—Ç–µ–æ—Ä–∏—Ç 29.3 Grams,200.0,2017-01-30,29.3,6.83,WorthPoint
chelyabinsk-meteorite,Meteorites Russia CHELYABINSK Chebarkul –ú–µ—Ç–µ–æ—Ä–∏—Ç 27.3 Grams,71.0,2017-01-29,27.3,2.6,WorthPoint
chelyabinsk-meteorite,Chelyabinsk Meteorite: 3.6 Gram Polished End Cut Impact Melt Specimen,12.49,2017-01-28,3.6,3.47,WorthPoint
chelyabinsk-meteorite,Meteorites Russia CHELYABINSK Chebarkul –ú–µ—Ç–µ–æ—Ä–∏—Ç 15.2 Grams,120.0,2017-01-28,15.2,7.89,WorthPoint
chelyabinsk-meteorite,"Meteorite CHELYABINSK, Russia, A Rare, Beautiful Shape 8,17 Gr",39.0,2017-01-28,17.0,2.29,WorthPoint
chelyabinsk-meteorite,KHL HC Traktor Chelyabinsk Cap Hat. Russian Hockey Licensed - White,25.0,2017-01-27,,,WorthPoint
chelyabinsk-meteorite,"Meteorite Chelyabinsk, Chondrite LL5, Complete Stone 4,6 G, Recent Fall, Russia",19.0,2017-01-27,6.0,3.17,WorthPoint
chelyabinsk-meteorite,Meteorites Russia CHELYABINSK Chebarkul –ú–µ—Ç–µ–æ—Ä–∏—Ç 11 Grams,34.0,2017-01-27,11.0,3.09,WorthPoint
chelyabinsk-meteorite,Meteorites Russia CHELYABINSK Chebarkul –ú–µ—Ç–µ–æ—Ä–∏—Ç 7.7 Grams,21.5,2017-01-27,7.7,2.79,WorthPoint
chelyabinsk-meteorite,Meteorites Russia CHELYABINSK Chebarkul –ú–µ—Ç–µ–æ—Ä–∏—Ç 18 Grams,64.0,2017-01-27,18.0,3.56,WorthPoint
chelyabinsk-meteorite,Meteorites Russia CHELYABINSK Chebarkul –ú–µ—Ç–µ–æ—Ä–∏—Ç 31.8 Grams,91.0,2017-01-27,31.8,2.86,WorthPoint
chelyabinsk-meteorite,Meteorite Chelyabinsk Russia A Set Of 17 Cards Russian Version,10.0,2017-01-25,,,WorthPoint
chelyabinsk-meteorite,"Meteorite CHELYABINSK, Russia, A Nice Well Shaped 13.83 Gr Individual",63.0,2017-01-25,13.83,4.56,WorthPoint
chelyabinsk-meteorite,"Meteorite CHELYABINSK, Russia, A Rare Silver Medal With A Meteorite.",80.0,2017-01-24,,,WorthPoint
chelyabinsk-meteorite,Chelyabinsk Meteorite: 5.9 Gram Polished End Cut Impact Melt Specimen,11.59,2017-01-21,5.9,1.96,WorthPoint
chelyabinsk-meteorite,Chelyabinsk Meteorite: 5.1 Gram Individual,17.5,2017-01-17,5.1,3.43,WorthPoint
chelyabinsk-meteorite,Chelyabinsk Meteorite: 5.5 Gram Polished End Cut Impact Melt Specimen,22.49,2017-01-14,5.5,4.09,WorthPoint
chelyabinsk-meteorite,Traktor Chelyabinsk Kuznetsov #92 2015-16 KHL Replica Russian Hockey Jersey,69.99,2017-01-13,,,WorthPoint
chelyabinsk-meteorite,Chelyabinsk Meteorite: 4.9 Gram Polished End Cut Impact Melt Specimen,12.5,2017-01-07,4.9,2.55,WorthPoint
chelyabinsk-meteorite,Chelyabinsk Meteorite 1.7 Gram Individual!!!,25.0,2017-01-07,1.7,14.71,WorthPoint
chelyabinsk-meteorite,Chelyabinsk Meteorite: 2.5 Gram Individual,15.0,2016-12-31,2.5,6.0,WorthPoint
chelyabinsk-meteorite,Chelyabinski Meteorite $5 Coin Cook Islands,77.99,2016-12-29,,,WorthPoint
chelyabinsk-meteorite,CHELYABINSK RARE METEORITE RUSSIAN STONY 3.2 GramS CHONDRITE PROFESSIONAL SLICE,51.98,2016-12-28,3.2,16.24,WorthPoint
chelyabinsk-meteorite,1.71 Grams Chelyabinsk Meteorite Class (LL5) Crusted Fragment Fell Russia 2014,11.0,2016-12-25,1.71,6.43,WorthPoint
chelyabinsk-meteorite,"6th Meteorite Collection Chelyabinsk, NWA 5000, NWA ,pallasite +",18.99,2016-12-21,,,WorthPoint
chelyabinsk-meteorite,"Meteorite Collection Chelyabinsk , NWA Meteorite+",20.99,2016-12-21,,,WorthPoint
chelyabinsk-meteorite,"Meteorite Collection Chelyabinsk, , , NWA + More",18.99,2016-12-20,,,WorthPoint
chelyabinsk-meteorite,15mm WWII Soviet T-34 Obr 1942 Tank Platoon X5 - Pro Painted (Chelyabinsk),35.0,2016-12-18,,,WorthPoint
chelyabinsk-meteorite,"Meteorite Collection Chelyabinsk, NWA ,Vaca Muerta Plus More",18.99,2016-12-18,,,WorthPoint
chelyabinsk-meteorite,"5th Meteorite Collection Chelyabinsk, Nantan, Pallesite, NWA +",19.99,2016-12-18,,,WorthPoint
chelyabinsk-meteorite,10 Grams Of The February 2013 Witnessed Chelyabinsk Meteorite Fall In Russia,100.0,2016-12-15,10.0,10.0,WorthPoint
chelyabinsk-meteorite,Chelyabinsk Slice Meteorite Russian 5.2 Gramchondrite Rare Professionally Sliced,65.0,2016-12-14,5.2,12.5,WorthPoint
chelyabinsk-meteorite,"Meteorite Collection Chelyabinsk, Dhofar, Pallesite, NWA +",24.99,2016-12-13,,,WorthPoint
chelyabinsk-meteorite,"Meteorite Collection Chelyabinsk, Dhofar, Nantan , NWA +",23.99,2016-12-13,,,WorthPoint
chelyabinsk-meteorite,"Meteorite Collection Chelyabinsk, Dhofar, , NWA Russia",22.99,2016-12-13,,,WorthPoint
chelyabinsk-meteorite,Chelyabinsk Meteorite: 4.2 Gram Polished End Cut,20.49,2016-12-13,4.2,4.88,WorthPoint
chelyabinsk-meteorite,WWII Russian KV-1 Tanks Under Construction In Chelyabinsk Tractor Plant Photo,15.5,2016-12-13,,,WorthPoint
chelyabinsk-meteorite,Chelyabinsk Meteorite: 2.2 Gram Polished End Cut,12.83,2016-12-10,2.2,5.83,WorthPoint
chelyabinsk-meteorite,2013 CHELYABINSK METEORITE METEOR Silver Coin 5$ Cook Islands RARE,119.0,2016-12-09,,,WorthPoint
chelyabinsk-meteorite,1.53 Gram Chelyabinsk Russian Meteorite. Beautiful - Awesome!!! CH04,15.0,2016-12-04,1.53,9.8,WorthPoint
chelyabinsk-meteorite,2013 Stardust Of The Universe Chelyabinsk Meteorite,95.0,2016-12-04,,,WorthPoint
chelyabinsk-meteorite,1.19 Gram Chelyabinsk Russian Meteorite. Beautiful - Awesome!!! CH05,10.0,2016-12-01,1.19,8.4,WorthPoint
chelyabinsk-meteorite,1.16 Grams Crusted Fragment Chelyabinsk Meteorite Class (LL5) Fell Russia 2014,10.0,2016-11-30,1.16,8.62,WorthPoint
chelyabinsk-meteorite,"Meteorite Collection , Al Haggounia, Chelyabinsk And Us Slices, Vaca Muerta",22.99,2016-11-30,,,WorthPoint
chelyabinsk-meteorite,"Set Of 3 Chelyabinsk (2013, Russia) Chondrite LL5 Meteorites - 4.2 Grams",49.99,2016-11-29,4.2,11.9,WorthPoint
chelyabinsk-meteorite,Chelyabinsk Meteorite: 7.0 Gram Polished End Cut,22.49,2016-11-26,7.0,3.21,WorthPoint
chelyabinsk-meteorite,Russia 2012 European Judo Championship Chelyabinsk Proof Silver Coin And Lapels,349.0,2016-11-21,,,WorthPoint
chelyabinsk-meteorite,Chelyabinsk Meteorite: 9.1 Gram Polished End Cut,29.0,2016-11-19,9.1,3.19,WorthPoint
chelyabinsk-meteorite,TRA–öTOR CHELYABINSK - Professional KHL Russian Hockey Jersey #13 Nikolishin 2XL,44.95,2016-11-19,,,WorthPoint
chelyabinsk-meteorite,1.67 Grams Chelyabinsk Meteorite Class (LL5) Fragment Fell Russia 2014,15.0,2016-11-17,1.67,8.98,WorthPoint
chelyabinsk-meteorite,2.86 Grams Chelyabinsk Meteorite Class (LL5) Crusted Fragment Fell Russia 2014,15.0,2016-11-17,2.86,5.24,WorthPoint
chelyabinsk-meteorite,"Traktor Chelyabinsk Fan Scarf ""Classic"". KHL. Knitted 54""x 6""",18.0,2016-11-17,,,WorthPoint
chelyabinsk-meteorite,Chelyabinsk Meteorite: 4.5 Gram Individual,21.0,2016-11-12,4.5,4.67,WorthPoint
chelyabinsk-meteorite,Chelyabinsk Meteorite: 2.0 Gram Polished End Cut,10.01,2016-11-08,2.0,5.0,WorthPoint
chelyabinsk-meteorite,2.12 Grams Chelyabinsk Meteorite Class (LL5) Fragment Fell Russia 2014,12.0,2016-11-07,2.12,5.66,WorthPoint
chelyabinsk-meteorite,2.73 Grams Chelyabinsk Meteorite Class (LL5) Crusted Fragment Fell Russia 2014,16.0,2016-11-06,2.73,5.86,WorthPoint
chelyabinsk-meteorite,1.90 Grams Chelyabinsk Meteorite Class (LL5) Crusted Fragment Fell Russia 2014,13.0,2016-11-06,1.9,6.84,WorthPoint
chelyabinsk-meteorite,"Traktor Chelyabinsk 97' Team Signed, J Jenson #26 Lot 176",10.0,2016-11-05,,,WorthPoint
chelyabinsk-meteorite,6.02 Grams Chelyabinsk Meteorite Class (LL5) Crusted Fragment Fell Russia 2014,39.99,2016-10-30,6.02,6.64,WorthPoint
chelyabinsk-meteorite,Chelyabinsk Meteorite: 4.8 Gram Lot,13.5,2016-10-29,4.8,2.81,WorthPoint
chelyabinsk-meteorite,4.37 Grams Chelyabinsk Meteorite Class (LL5) Crusted Fragment Fell Russia 2014,19.99,2016-10-27,4.37,4.57,WorthPoint
chelyabinsk-meteorite,Chelyabinsk Meteorite: 3.2 Gram Oriented Individual,12.6,2016-10-25,3.2,3.94,WorthPoint
chelyabinsk-meteorite,"NEW! Chelyabinsk Meteorite LL5, Recent Fall, Russia, Endcut 45.16 Grams",449.99,2016-10-25,45.16,9.96,WorthPoint
chelyabinsk-meteorite,Chelyabinsk Meteorite: 4.6 Gram Polished End Cut - Impact Melt,16.6,2016-10-22,4.6,3.61,WorthPoint
chelyabinsk-meteorite,"Traktor Chelyabinsk Fan Scarf ""Tankograd"", KHL, Knitted 54""x 7""",20.0,2016-10-20,,,WorthPoint
chelyabinsk-meteorite,Huge Fireball! Newest Fall! Impact Melt Fragment! Chelyabinsk Meteorite 32.1 Gm,799.0,2016-10-19,32.1,24.89,WorthPoint
chelyabinsk-meteorite,"Meteorite Collection , Al Haggounia, Chelyabinsk And NWA Slice",20.0,2016-10-17,,,WorthPoint
chelyabinsk-meteorite,Chelyabinsk Russian Meteorite Coin Limited Edition Contains Authentic Fragment,34.95,2016-10-17,,,WorthPoint
chelyabinsk-meteorite,Chelyabinsk Meteorite: 7.9 Gram Polished End Cut - Impact Melt,31.0,2016-10-15,7.9,3.92,WorthPoint
chelyabinsk-meteorite,TRA–öTOR CHELYABINSK - Professional Russian Hockey Jersey #10 2XL,49.95,2016-10-14,,,WorthPoint
chelyabinsk-meteorite,New Yorker Magazine 1997 January 27 Art Spiegelman Lorrie Moore Chelyabinsk-70,12.99,2016-10-11,,,WorthPoint
chelyabinsk-meteorite,Chelyabinsk Meteorite Individual Crusted 0.85 GRAMS LL5 S4 W0 Russia,17.0,2016-10-11,0.85,20.0,WorthPoint
chelyabinsk-meteorite,Chelyabinsk 54AÃÇ¬∞49aÃÇ‚Ç¨TMN,31.79,2016-10-05,,,WorthPoint
chelyabinsk-meteorite,"EVGENY Kuznetsov #92 KHL Traktor Chelyabinsk Hockey Jersey,new",59.99,2016-10-04,,,WorthPoint
chelyabinsk-meteorite,"Meteorite Collection , Al Haggounia, Chelyabinsk And NWA 869 ,Vaca Muerta",27.66,2016-10-04,,,WorthPoint
chelyabinsk-meteorite,Dmitri Kalinin #7 HC Traktor Chelyabinsk KHL Pro Russian Hockey League Jersey,79.99,2016-10-04,,,WorthPoint
chelyabinsk-meteorite,"Meteorite Collection , Al Haggounia, Chelyabinsk And NWA 791 Slice",29.0,2016-10-02,,,WorthPoint
chelyabinsk-meteorite,Chelyabinsk Meteorite: 2.4 Gram Polished End Cut,12.51,2016-09-27,2.4,5.21,WorthPoint
chelyabinsk-meteorite,Cook Islands 2013 Russia Chelyabinsk Meteorite Insert Silver Proof $5 Coin COA,184.95,2016-09-24,,,WorthPoint
chelyabinsk-meteorite,Chelyabinsk Meteorite: 5.9 Gram Individual,26.99,2016-09-17,5.9,4.57,WorthPoint
chelyabinsk-meteorite,Chelyabinsk Meteorite 1.5 Gram Individual!!!,25.0,2016-09-15,1.5,16.67,WorthPoint
chelyabinsk-meteorite,Chelyabinsk Meteorite: 2.3 Gram Polished End Cut,10.5,2016-09-13,2.3,4.57,WorthPoint
chelyabinsk-meteorite,Chelyabinsk Meteorite: 8.9 Gram Individual,36.0,2016-09-10,8.9,4.04,WorthPoint
chelyabinsk-meteorite,"Chelyabinsk, Russia 0.3g LL5 Whole Stone In Display Box By Meteorite Men Steve",19.99,2016-09-09,0.3,66.63,WorthPoint
chelyabinsk-meteorite,Kuznetsov Traktor Chelyabinsk Jersey Size Large,49.0,2016-09-08,,,WorthPoint
chelyabinsk-meteorite,Chelyabinsk Meteorite: 7.8 Gram Individual,29.0,2016-09-03,7.8,3.72,WorthPoint
chelyabinsk-meteorite,"HC Traktor Chelyabinsk ""Vintage Style"" KHL Russian Hockey Cap Hat, FlexFit",35.0,2016-08-31,,,WorthPoint
chelyabinsk-meteorite,1.99 Grams Chelyabinsk Meteorite Class (LL5) Crusted Fragment Fell Russia 2014,13.0,2016-08-25,1.99,6.53,WorthPoint
chelyabinsk-meteorite,"HC Traktor Chelyabinsk ""Draft Center Ice"" KHL Russian Hockey Cap Hat, FlexFit",30.0,2016-08-24,,,WorthPoint
chelyabinsk-meteorite,Chelyabinsk Meteorite: 9.0 Gram Polished End Cut,28.01,2016-08-20,9.0,3.11,WorthPoint
chelyabinsk-meteorite,"Soviet Union. Chelyabinsk 240th Anniversary Medal, 1976",10.0,2016-08-14,,,WorthPoint
chelyabinsk-meteorite,Traktor Chelyabinsk Hockey Jersey,20.5,2016-08-09,,,WorthPoint
chelyabinsk-meteorite,"CHELYABINSK Meteorite, Fresh 6.02g Individual, Famous Russian Fall, Feb 15, 2013",35.0,2016-08-07,6.02,5.81,WorthPoint
chelyabinsk-meteorite,Vintage Russian Vasily Laptev 1918-1995 Landscape Painting Chelyabinsk Listed,200.0,2016-08-04,,,WorthPoint
chelyabinsk-meteorite,Chelyabinsk Meteorite: 4.4 Gram Polished End Cut,15.5,2016-08-02,4.4,3.52,WorthPoint
chelyabinsk-meteorite,Chelyabinsk Meteorite: 6.3 Gram Individual,19.5,2016-07-30,6.3,3.1,WorthPoint
chelyabinsk-meteorite,Traktor Chelyabinsk Flanigan #40 KHL Replica Russian Hockey Jersey,74.99,2016-07-28,,,WorthPoint
chelyabinsk-meteorite,Chelyabinsk Meteorite: 1.9 Gram Polished End Cut,15.5,2016-07-26,1.9,8.16,WorthPoint
chelyabinsk-meteorite,Chelyabinsk Meteorite: 6.9 Gram Individual,19.38,2016-07-16,6.9,2.81,WorthPoint
chelyabinsk-meteorite,Chelyabinsk Meteorite: 7.1 Gram Individual,26.0,2016-07-12,7.1,3.66,WorthPoint
chelyabinsk-meteorite,1.77 Grams Chelyabinsk Meteorite Class (LL5) Crusted Fragment Fell Russia 2014,13.0,2016-07-06,1.77,7.34,WorthPoint
chelyabinsk-meteorite,Chelyabinsk Meteorite: 3.1 Gram Polished End Cut,15.5,2016-07-05,3.1,5.0,WorthPoint
chelyabinsk-meteorite,Chelyabinsk Meteorite: 5.0 Gram Individual,10.75,2016-06-28,5.0,2.15,WorthPoint
chelyabinsk-meteorite,Chelyabinsk Meteorite: 8.6 Gram Individual,24.5,2016-06-18,8.6,2.85,WorthPoint
chelyabinsk-meteorite,Chelyabinsk Meteorite: 8.0 Gram Individual,16.71,2016-06-11,8.0,2.09,WorthPoint
chelyabinsk-meteorite,Chelyabinsk Meteorite: 3.0 Gram Individual,11.08,2016-05-31,3.0,3.69,WorthPoint
chelyabinsk-meteorite,–ú–µ—Ç–µ–æ—Ä–∏—Ç Meteorite DEEP HAIRY RADIAL FLOWLINES ORIENTED CHELYABINSK RUSSIA 7.51,300.0,2016-05-29,,,WorthPoint
chelyabinsk-meteorite,1.92 Gram Chelyabinsk Meteorite. Beautiful - Awesome!!! CH01,19.99,2016-05-29,1.92,10.41,WorthPoint
chelyabinsk-meteorite,Chelyabinsk Meteorite Silver Coin Cook Islands 2013,149.99,2016-05-22,,,WorthPoint
chelyabinsk-meteorite,Chelyabinsk Meteorite: 9.1 Gram Individual,31.99,2016-05-21,9.1,3.52,WorthPoint
chelyabinsk-meteorite,"RUSSIA, 1909. Picture Post Card 75, TPO 124, Chelyabinsk - Riga",12.5,2016-05-18,,,WorthPoint
chelyabinsk-meteorite,Chelyabinsk Meteorite: 4.3 Gram Polished End Cut,13.39,2016-05-14,4.3,3.11,WorthPoint
chelyabinsk-meteorite,Chelyabinsk Meteorite: 3.4 Gram Individual,11.61,2016-05-03,3.4,3.41,WorthPoint
chelyabinsk-meteorite,Chelyabinsk Meteorite: 7.9 Gram Individual,25.0,2016-04-30,7.9,3.16,WorthPoint
chelyabinsk-meteorite,Chelyabinsk Meteorite: 7.3 Gram Polished End Cut,32.33,2016-04-23,7.3,4.43,WorthPoint
chelyabinsk-meteorite,Traktor Chelyabinsk Kuznetsov #84 2013-14 KHL Prof. Sub. Russian Hockey Jersey,109.99,2016-04-16,,,WorthPoint
chelyabinsk-meteorite,Chelyabinsk Meteorite: 12.6 Gram Individual,41.01,2016-04-16,12.6,3.25,WorthPoint
chelyabinsk-meteorite,"Chelyabinsk, Russia 0.7g LL5 Whole Stone In Display Box By Meteorite Men Steve",39.99,2016-04-09,0.7,57.13,WorthPoint
chelyabinsk-meteorite,Chelyabinsk Meteorite: 2.4 Gram Oriented Individual,13.08,2016-04-02,2.4,5.45,WorthPoint
chelyabinsk-meteorite,"NEW! Chelyabinsk Meteorite LL5, Recent Fall, Russia, One Individual 21.7 Gram",36.01,2016-03-31,21.7,1.66,WorthPoint
chelyabinsk-meteorite,Traktor Chelyabinsk Kuznetsov #92 2009-2010 KHL Replica Russian Hockey Jersey,79.99,2016-03-29,,,WorthPoint
chelyabinsk-meteorite,Chelyabinsk Meteorite: 9.5 Gram Individual,29.0,2016-03-26,9.5,3.05,WorthPoint
chelyabinsk-meteorite,Meteorite Chelyabinsk LL5 - 2013 Witnessed Fall - CHY-0004 - 20.98g Fusion Crust,209.8,2016-03-24,20.98,10.0,WorthPoint
chelyabinsk-meteorite,Chelyabinsk LL5 Meteorite 16.30g Russian Fall Stone W/ Fresh Fusion Crust,102.5,2016-03-19,16.3,6.29,WorthPoint
chelyabinsk-meteorite,Chelyabinsk Meteorite: 4.8 Gram Individual,21.5,2016-03-12,4.8,4.48,WorthPoint
chelyabinsk-meteorite,"Chondrite Meteorite, Chelyabinsk, Russia",12.99,2016-03-02,,,WorthPoint
chelyabinsk-meteorite,"Chelyabinsk, Russia 0.9g LL5 Whole Stone In Display Box By Meteorite Men Steve",49.99,2016-02-26,0.9,55.54,WorthPoint
chelyabinsk-meteorite,"Chelyabinsk, Russia LL5 Chondrite Part Slice In Slab By Meteorite Men Steve",14.99,2016-02-24,,,WorthPoint
chelyabinsk-meteorite,Meteorite Chelyabinsk LL5 - 2013 Witnessed Fall - CHY-0001 - 12.29g Fusion Crust,122.9,2016-02-22,12.29,10.0,WorthPoint
chelyabinsk-meteorite,Flames Of War TWO Soviet SU060 T-34 Obr 1942 Tanks (Chelyabinsk) ML War 15mm,13.83,2016-02-21,,,WorthPoint
chelyabinsk-meteorite,Chelyabinsk Meteorite: 3.3 Gram Lot,20.5,2016-02-20,3.3,6.21,WorthPoint
chelyabinsk-meteorite,Chelyabinsk Meteorite: 8.2 Gram Polished End Cut,28.33,2016-02-13,8.2,3.45,WorthPoint
chelyabinsk-meteorite,Chelyabinsk Meteorite*** Orientation With Spikes!***15.4grams-Last Chance!,140.0,2016-02-11,15.4,9.09,WorthPoint
chelyabinsk-meteorite,Chelyabinsk Meteorite: 8.3 Gram Individual,25.01,2016-02-06,8.3,3.01,WorthPoint
chelyabinsk-meteorite,"Vintage Russian Ussr Military Conversion Desk, Mantle, Table Clock Chelyabinsk",17.2,2016-02-02,,,WorthPoint
chelyabinsk-meteorite,Chelyabinsk Meteorite: 2.0 Gram Individual,10.04,2016-02-02,2.0,5.02,WorthPoint
chelyabinsk-meteorite,Chelyabinsk Meteorite: 6.6 Gram Individual,28.0,2016-01-30,6.6,4.24,WorthPoint
chelyabinsk-meteorite,84.73 Grams!! Chelyabinsk LL5 Chondrite Meteorite- Individual Of Historic Fall,249.99,2016-01-25,84.73,2.95,WorthPoint
chelyabinsk-meteorite,Chelyabinsk Meteorite: 15.8 Gram Individual,68.99,2016-01-16,15.8,4.37,WorthPoint
chelyabinsk-meteorite,Vintage Authentic Russia Traktor Chelyabinsk #55 Khl Jersey Sz 54,19.99,2016-01-12,,,WorthPoint
chelyabinsk-meteorite,Chelyabinsk Meteorite: 3.3 Gram Individual,22.5,2015-12-19,3.3,6.82,WorthPoint
chelyabinsk-meteorite,Chelyabinsk Meteorite: 14.2 Gram Individual,65.0,2015-12-12,14.2,4.58,WorthPoint
chelyabinsk-meteorite,FRESH 4.43 Gram Chelyabinsk Meteorite - FANTASTIC - 100% Crusted SPECIMEN,120.0,2015-11-22,4.43,27.09,WorthPoint
chelyabinsk-meteorite,Chelyabinsk Meteorite: 11.4 Gram Individual,56.99,2015-11-14,11.4,5.0,WorthPoint
chelyabinsk-meteorite,Traktor Chelyabinsk Kuznetsov #92 2009-10 KHL Replica Russian Hockey Jersey,74.99,2015-11-10,,,WorthPoint
chelyabinsk-meteorite,Chelyabinsk LL5 Meteorite 16.42g Fresh Oriented Russian Fall Stone,119.5,2015-11-07,16.42,7.28,WorthPoint
chelyabinsk-meteorite,2013 Proof Cook Islands Sterling Silver $5 Chelyabinsk Meteorite Coin,102.51,2015-10-09,,,WorthPoint
chelyabinsk-meteorite,"Russian Chess Book Signed Grandmaster A. Panchenko. ""Chess In Chelyabinsk"". 1985",51.0,2015-09-26,,,WorthPoint
chelyabinsk-meteorite,Chelyabinsk Meteorite Silver Coin - Cook Islands 2013,129.99,2015-09-24,,,WorthPoint
chelyabinsk-meteorite,"RUSSIA, 1915. Post Card 75, TPO 167, Chelyabinsk-Omsk",43.25,2015-08-13,,,WorthPoint
chelyabinsk-meteorite,Trumpeter 1:35 Chelyabinsk ChTZ S-65 Soviet Military Tractor 5538,30.93,2015-08-09,,,WorthPoint
chelyabinsk-meteorite,Cook Islands 2013 5$ Chelyabinsk Meteorite Proof Silver Coin,99.0,2015-08-01,,,WorthPoint
chelyabinsk-meteorite,2013 Cook Islands $5 Chelyabinsk Meteorite 20g. Silver Proof Coin In Tin W/ COA,129.99,2015-07-26,20.0,6.5,WorthPoint
chelyabinsk-meteorite,RUSSIA. 1915. WW1. DOUBLE CENSORED POW 3k POSTCARD. CHELYABINSK TO GERMANY.,21.79,2015-07-22,,,WorthPoint
chelyabinsk-meteorite,Russia USSR 1942 A Cover From Frunze To Chelyabinsk Franked W/ 2x Navoi 30 Kop.,39.0,2015-07-04,,,WorthPoint
chelyabinsk-meteorite,Spitsbergen Token 2013 Chelyabinsk Meteorite UNC,15.0,2015-06-23,,,WorthPoint
chelyabinsk-meteorite,Chelyabinsk Russia Meteorite Coin Medallic Limited Edition 2000 Numbered,32.98,2015-06-14,,,WorthPoint
chelyabinsk-meteorite,Soviet Watch For Military Photo-video-camera-gun –ß–ß–ó Chelyabinsk Watch Factory,53.41,2015-05-30,,,WorthPoint
chelyabinsk-meteorite,Spitsbergen Arktikugol 2013 Token Coin Chelyabinsk Meteorite Explosion Scarce,75.0,2015-04-26,,,WorthPoint
chelyabinsk-meteorite,1907 Postcard With 3k 'Arms' Stamp And SAMARA 123 CHELYABINSK Oval TPO Marks,10.0,2015-04-16,,,WorthPoint
chelyabinsk-meteorite,"Rare 2013 Cook Is.Large Color Silver $5 Chelyabinsk Meteorite ,gift Box",129.95,2015-03-05,,,WorthPoint
chelyabinsk-meteorite,Spitzbergen Spitsbergen Svalbard 10 Roubles 2003 Chelyabinsk Meteorite,40.0,2015-02-01,,,WorthPoint
chelyabinsk-meteorite,SOVIET USSR RUSSIAN MILITARY TANK T-34 CLOCK Cockpit Panel 1950 S Chelyabinsk,19.99,2014-11-27,,,WorthPoint
chelyabinsk-meteorite,"CHELYABINSK METEORITE RUSSIA 3,6g",23.5,2014-11-27,6.0,3.92,WorthPoint
chelyabinsk-meteorite,"Meteorite CHELYABINSK, Russia, A Nice Well Shaped 4.26 Gr Individual",43.0,2014-11-27,4.26,10.09,WorthPoint
chelyabinsk-meteorite,"Meteorite CHELYABINSK, Russia, A Nice Well Shaped 1.35 Gr Individual",15.0,2014-11-27,1.35,11.11,WorthPoint
chelyabinsk-meteorite,CHELYABINSK METEORITE RUSSIA 0.384 G,12.0,2014-11-27,0.384,31.25,WorthPoint
chelyabinsk-meteorite,"Meteorite CHELYABINSK, Russia, A Nice Well Shaped 22.83 Gr Individual Oriented!",441.0,2014-11-27,22.83,19.32,WorthPoint
chelyabinsk-meteorite,"Meteorite Chelyabinsk Chebarkul Chondrite LL5 0,76 Gram With Gift Wrap Packagin",43.0,2014-11-27,76.0,0.57,WorthPoint
chelyabinsk-meteorite,"Meteorite CHELYABINSK, Russia, A Nice Well Shaped 3.73 Gr Individual",11.0,2014-11-26,3.73,2.95,WorthPoint
chelyabinsk-meteorite,"Meteorite CHELYABINSK, Russia, A Nice Well Shaped 1.02 Gr Individual Oriented!",10.0,2014-11-26,1.02,9.8,WorthPoint
chelyabinsk-meteorite,"Meteorite CHELYABINSK, Russia, A Nice Well Shaped 5.68 Gr Individual",160.8,2014-11-26,5.68,28.31,WorthPoint
chelyabinsk-meteorite,"Meteorite CHELYABINSK, Russia, A Nice Well Shaped 8.70 Gr Individual",22.5,2014-11-26,8.7,2.59,WorthPoint
chelyabinsk-meteorite,"Meteorite CHELYABINSK RUSSIA 3,9g",18.0,2014-11-26,9.0,2.0,WorthPoint
chelyabinsk-meteorite,"METEORITE CHELYABINSK 19,2gr",130.0,2014-11-26,2.0,65.0,WorthPoint
chelyabinsk-meteorite,"CHELYABINSK METEORITE 2,3gr Individual",12.87,2014-11-26,3.0,4.29,WorthPoint
chelyabinsk-meteorite,"Meteorite CHELYABINSK, Russia, A Nice Well Shaped 5.75 Gr Individual",49.0,2014-11-26,5.75,8.52,WorthPoint
chelyabinsk-meteorite,"Meteorite CHELYABINSK, Russia, A Nice Well Shaped 2.90 Gr Individual Oriented",59.0,2014-11-25,2.9,20.34,WorthPoint
chelyabinsk-meteorite,*** Meteorite Chelyabinsk (LL5) - 4.34 G ***,29.5,2014-11-25,4.34,6.8,WorthPoint
chelyabinsk-meteorite,"CHELYABINSK METEORITE RUSSIA 40,0g Oriented Individual",370.0,2014-11-25,,,WorthPoint
chelyabinsk-meteorite,*** Meteorite Chelyabinsk (LL5) - 9.37 G ***,47.96,2014-11-25,9.37,5.12,WorthPoint
chelyabinsk-meteorite,"Meteorite CHELYABINSK, Russia, A Nice Well Shaped 9.36 Gr Individual",75.0,2014-11-25,9.36,8.01,WorthPoint
chelyabinsk-meteorite,Chelyabinsk RUSSIA 2013 Meteor Event- Nice Looking METEORITE Fragment,12.0,2014-11-25,,,WorthPoint
chelyabinsk-meteorite,"Meteorite CHELYABINSK, Russia, A Nice Well Shaped 2.65 Gr Individual",21.0,2014-11-25,2.65,7.92,WorthPoint
chelyabinsk-meteorite,"Meteorite CHELYABINSK, Russia, A Nice Well Shaped 2.57 Gr Individual Oriented",21.0,2014-11-24,2.57,8.17,WorthPoint
chelyabinsk-meteorite,Chelyabinsk Meteorite Display - Historic Russian Fireball And Shockwave,21.0,2014-11-24,,,WorthPoint
chelyabinsk-meteorite,"METEORITE CHELYABINSK 10,8gr",47.0,2014-11-24,8.0,5.88,WorthPoint
chelyabinsk-meteorite,"CHELYABINSK METEORITE RUSSIA 2,3g Individual Set",45.0,2014-11-24,3.0,15.0,WorthPoint
chelyabinsk-meteorite,"Meteorite CHELYABINSK RUSSIA 2,4g",10.0,2014-11-24,4.0,2.5,WorthPoint
chelyabinsk-meteorite,"CHELYABINSK METEORITE 8,1gr TOP",53.5,2014-11-24,1.0,53.5,WorthPoint
chelyabinsk-meteorite,"Meteorite Chelyabinsk, Chondrite LL5, Complete Stone 3,5 G, Recent Fall, Russia",21.0,2014-11-23,5.0,4.2,WorthPoint
chelyabinsk-meteorite,"Meteorite Chelyabinsk Individual, Oriented, Very Interesting 19,5 G.",163.16,2014-11-23,5.0,32.63,WorthPoint
chelyabinsk-meteorite,"Meteorite Chelyabinsk Individual, Oriented 6,3 G",82.11,2014-11-23,3.0,27.37,WorthPoint
chelyabinsk-meteorite,"Meteorite CHELYABINSK, Russia, A Nice Well Shaped 36.80 Gr Individual",29.0,2014-11-23,36.8,0.79,WorthPoint
chelyabinsk-meteorite,Chelyabinsk Meteorite 2013. Weight 7.12 Grams. Size 27 Mm,11.0,2014-11-22,7.12,1.54,WorthPoint
chelyabinsk-meteorite,"CHELYABINSK METEORITE RUSSIA 4,7g Individual",53.0,2014-11-21,7.0,7.57,WorthPoint
chelyabinsk-meteorite,"Meteorite Chelyabinsk, 4.6g Complete Specimen With Nice Crust",20.56,2014-11-19,4.6,4.47,WorthPoint
chelyabinsk-meteorite,"Meteorite Chelyabinsk, 4.54g Slice With Great Crust And Matrix",24.5,2014-11-19,4.54,5.4,WorthPoint
chelyabinsk-meteorite,"Meteorite Chelyabinsk, 5.29g Endcut With Great Crust And Matrix",36.0,2014-11-19,5.29,6.81,WorthPoint
chelyabinsk-meteorite,"CHELYABINSK METEORITE RUSSIA 2,0g Individual",16.5,2014-11-19,,,WorthPoint
chelyabinsk-meteorite,"Meteorite CHELYABINSK, Russia, A Nice Well Shaped 7.53 Gr Individual",51.0,2014-11-18,7.53,6.77,WorthPoint
chelyabinsk-meteorite,"Meteorite CHELYABINSK, Russia, A Nice Well Shaped 19.35 Gr Individual",99.0,2014-11-18,19.35,5.12,WorthPoint
chelyabinsk-meteorite,"CHELYABINSK METEORITE RUSSIA 1,3g Oriented",30.0,2014-11-18,3.0,10.0,WorthPoint
chelyabinsk-meteorite,"CHELYABINSK METEORITE RUSSIA 4,4g Individual Set",48.0,2014-11-18,4.0,12.0,WorthPoint
chelyabinsk-meteorite,Chelyabinsk Meteorite***super Foamy Fusion Crust- 7.38 Grams,48.01,2014-11-17,7.38,6.51,WorthPoint
chelyabinsk-meteorite,Chelyabinsk Meteorite- 23.22 Grams Fully Crusted Individual,61.0,2014-11-17,23.22,2.63,WorthPoint
chelyabinsk-meteorite,"Meteorite CHELYABINSK, Russia, A Nice Well Shaped 1.74 Gr Individual",18.0,2014-11-17,1.74,10.34,WorthPoint
chelyabinsk-meteorite,"Meteorite CHELYABINSK, Russia, A Nice Well Shaped 16.18 Gr Individual",109.0,2014-11-17,16.18,6.74,WorthPoint
chelyabinsk-meteorite,"Meteorite CHELYABINSK, Russia, A Nice Well Shaped 4.84g Individual",18.1,2014-11-17,4.84,3.74,WorthPoint
chelyabinsk-meteorite,"Meteorite CHELYABINSK, Russia, A Nice Well Shaped 11.68 Gr Individual",123.5,2014-11-17,11.68,10.57,WorthPoint
chelyabinsk-meteorite,"Meteorite CHELYABINSK, Russia, A Nice Well Shaped 2.15 Gr Individual",21.0,2014-11-17,2.15,9.77,WorthPoint
chelyabinsk-meteorite,"Meteorite CHELYABINSK, Russia, A Nice Well Shaped 2.42 Gr Individual",17.05,2014-11-16,2.42,7.05,WorthPoint
chelyabinsk-meteorite,Chelyabinsk LL5 Meteorite 2.7 Gram Fresh Crusted Individual Fall 2-15-2013,19.99,2014-11-16,2.7,7.4,WorthPoint
chelyabinsk-meteorite,"CHELYABINSK METEORITE RUSSIA 2,9g Individual",19.0,2014-11-16,9.0,2.11,WorthPoint
chelyabinsk-meteorite,"Meteorite Chelyabinsk, Chondrite LL5, 3 Fresh Fragments 2,15 G, Russia",15.77,2014-11-16,15.0,1.05,WorthPoint
chelyabinsk-meteorite,"Meteorite Chelyabinsk, Chondrite LL5, Fresh Fragment 3,08 G, Recent Fall, Russia",16.27,2014-11-16,8.0,2.03,WorthPoint
chelyabinsk-meteorite,"Meteorite Chelyabinsk Individual 200,0 G",930.0,2014-11-16,,,WorthPoint
chelyabinsk-meteorite,"CHELYABINSK METEORITE RUSSIA 6,5g Individual Set",37.0,2014-11-16,5.0,7.4,WorthPoint
chelyabinsk-meteorite,"CHELYABINSK METEORITE RUSSIA 4,3g Individual",30.0,2014-11-16,3.0,10.0,WorthPoint
chelyabinsk-meteorite,"CHELYABINSK METEORITE RUSSIA 1,1g Oriented",10.5,2014-11-16,1.0,10.5,WorthPoint
chelyabinsk-meteorite,"CHELYABINSK METEORITE RUSSIA 7,2g",64.5,2014-11-15,2.0,32.25,WorthPoint
chelyabinsk-meteorite,"CHELYABINSK METEORITE RUSSIA 1,8g Individual",10.5,2014-11-15,8.0,1.31,WorthPoint
chelyabinsk-meteorite,"CHELYABINSK METEORITE RUSSIA 23,1g Individual",217.5,2014-11-15,1.0,217.5,WorthPoint
chelyabinsk-meteorite,"CHELYABINSK METEORITE 13,2gr TOP",70.0,2014-11-15,2.0,35.0,WorthPoint
chelyabinsk-meteorite,"CHELYABINSK METEORITE RUSSIA 19,2g Individual",163.0,2014-11-15,2.0,81.5,WorthPoint
chelyabinsk-meteorite,"CHELYABINSK METEORITE RUSSIA 15,0g Individual",140.0,2014-11-15,,,WorthPoint
chelyabinsk-meteorite,NEW 1/35 Tamiya 35149 T34/76 Chelyabinsk Tractor 1943,30.06,2014-11-13,,,WorthPoint
chelyabinsk-meteorite,"Meteorite CHELYABINSK, Russia, A Nice Well Shaped 5.97 Gr Individual",24.0,2014-11-12,5.97,4.02,WorthPoint
chelyabinsk-meteorite,"Meteorite CHELYABINSK, Russia, A Nice Well Shaped 5.86 Gr Individual",29.0,2014-11-12,5.86,4.95,WorthPoint
chelyabinsk-meteorite,"Meteorite CHELYABINSK, Russia, A Nice Well Shaped 2.77 Gr Individual",27.0,2014-11-12,2.77,9.75,WorthPoint
chelyabinsk-meteorite,"CHELYABINSK METEORITE RUSSIA 4,7g Oriented Set",52.0,2014-11-12,7.0,7.43,WorthPoint
chelyabinsk-meteorite,Chelyabinsk Meteorite 1.2 Gram Individual!!,39.0,2014-11-12,1.2,32.5,WorthPoint
chelyabinsk-meteorite,Chelyabinsk Meteorite Full Slice Amazing Breccia 57x35mm,132.5,2014-11-12,,,WorthPoint
chelyabinsk-meteorite,Chelyabinsk Meteorite Full Slice Half Melt Half LL5 59x50mm Great Shock Veins,122.5,2014-11-12,,,WorthPoint
chelyabinsk-meteorite,HUGE Chelyabinsk Meteorite Full Slice 61x41mm Look At Those Shock Veins!,140.5,2014-11-12,,,WorthPoint
chelyabinsk-meteorite,HUGE Chelyabinsk Meteorite Impact Melt Full Slice 77 By 46mm,109.0,2014-11-12,,,WorthPoint
chelyabinsk-meteorite,Chelyabinsk Meteorite Full Slice Pebbles Of LL5 In A River Of Melt 24x19mm,64.25,2014-11-12,,,WorthPoint
chelyabinsk-meteorite,HUGE Chelyabinsk Meteorite Full Slice Amazing Shock Veins 88x63mm,237.59,2014-11-12,,,WorthPoint
kpg-boundary,"KT Boundary Sample From Canada...the \\\""Dinosaur Destruction\\\"" Evidence?",22.0,2026-01-08,,,WorthPoint
kpg-boundary,Cretaceous-Tertiary (K/T) Boundary From France - Cretaceous/Paleogene Extinction,12.5,2025-12-21,,,WorthPoint
kpg-boundary,Geology Paleontology Utah Colorado Cretaceous Tertiary Strata Book Cliffs Region,10.0,2025-12-05,,,WorthPoint
kpg-boundary,Cretaceous KT KP Boundary Hell Creek Charcoal & 5 Microtektites Spheroid Display,19.82,2025-11-30,,,WorthPoint
kpg-boundary,Geology Paleontology 1917 Cretaceous Tertiary Boundary Colorado Fossil Plants,21.99,2025-11-16,,,WorthPoint
kpg-boundary,Geology Northern New Mexico Raton Basin 1924 Cretaceous Tertiary Boundary Strata,13.74,2025-11-04,,,WorthPoint
kpg-boundary,Cretaceous KT KP Boundary Hell Creek BURN LAYER CHARCOAL 5 Pieces In Display X1,26.21,2025-11-02,,,WorthPoint
kpg-boundary,Cretaceous KT Boundary KP Clay Collection 6 Sites Iridium Burn End Of Dinosaurs,65.53,2025-11-01,,,WorthPoint
kpg-boundary,Rare Cretaceous Fish Skull (Pachyrhizodus Minimus),2000.0,2025-10-07,,,WorthPoint
kpg-boundary,Polished Baculite Fossil ‚Äì 396g Cretaceous Ammonite W/ Suture Detail,192.5,2025-09-01,396.0,0.49,WorthPoint
kpg-boundary,Geology Stratigraphy Tectonics Montana Gallitan County Livingston Area K-t Rocks,12.5,2025-08-26,,,WorthPoint
kpg-boundary,Geology Paleontology 1924 New Mexico San Juan Basin Cretaceous Paleocene Strata,15.0,2025-08-21,,,WorthPoint
kpg-boundary,Geology Paleontology South Dakota 1916 K-t Boundary Fort Union Formation Coal,12.5,2025-08-15,,,WorthPoint
kpg-boundary,Geology Paleontology New Mexico San Juan Basin Cretaceous Tertiary Boundary Rock,12.5,2025-08-15,,,WorthPoint
kpg-boundary,Geology Paleontology Puerto Rico Cretaceous Tertiary Strata Sections Outcrops,10.0,2025-05-18,,,WorthPoint
kpg-boundary,Geology Paleontology Eastern New Mexico Field Guide Triassic - Cretaceous Strata,17.5,2025-03-27,,,WorthPoint
kpg-boundary,Geology Northwestern New Mexico San Juan Basin Cretaceous Tertiary Boundary,8.0,2025-03-27,,,WorthPoint
kpg-boundary,Geology Paleontology Nw New Mexico Cretaceous Tertiary Boundary Stratigraphy,8.0,2025-03-24,,,WorthPoint
kpg-boundary,Authentic Vial Of Rare KT Boundary Material From Dinosaur Extinction Layer #3451,25.0,2025-02-21,,,WorthPoint
kpg-boundary,Geology Paleontology Montana Livingston Area Cretaceous Tertiary Boundary Strata,7.5,2025-01-21,,,WorthPoint
kpg-boundary,"Authentic KT Boundary Sample From Dinosaur Extinction Layer, Acrylic Case #4036",15.0,2024-11-29,,,WorthPoint
kpg-boundary,Geology Northeastern New Mexico Raton Basin 1924 Cretaceous Tertiary Strata,12.5,2024-11-06,,,WorthPoint
kpg-boundary,Geology Paleontology Northern California Jurassic Cretaceous Strata Buchia Zones,10.0,2024-11-01,,,WorthPoint
kpg-boundary,Geology Paleontology 1921 Usgs Volume K-t Boundary Cannonball Member Dakotas,7.5,2024-09-21,,,WorthPoint
kpg-boundary,Geology South Dakota Black Hills Region Burdock Quadrangle (2) Maps Cretaceous,11.99,2024-05-11,,,WorthPoint
kpg-boundary,"61x K-T, Cretaceous-Tertiary BOUNDARY MASS DINOSAUR EXTINCTION, CHICXULUB CRATER",29.85,2024-02-29,,,WorthPoint
kpg-boundary,Cretaceous Tertiary Boundary Samples-- (K-T Boundary),17.99,2024-02-19,,,WorthPoint
kpg-boundary,Geology Paleontology South Dakota Cretaceous Dakota Formation Stratigraphy,12.99,2024-01-08,,,WorthPoint
kpg-boundary,Geology Paleontology Colorado Wyoming Cretaceous Dakota Group Front Range Region,16.0,2024-01-01,,,WorthPoint
kpg-boundary,"Tyrannosaurus Rex, T-Rex, Dinosaurs Coffee Mug Cup Big Bend Cretaceous Period",11.95,2023-12-12,,,WorthPoint
kpg-boundary,KP BOUNDARY DINOSAUR SOIL SAMPLE EXTINCTION LAYER| 65MILLION YEARS OLD Ôøº2 1/2 Oz,19.99,2023-11-26,56.7,0.35,WorthPoint
kpg-boundary,Geology North Central Texas Permo-triassic Cretaceous Boundary Stratigraphy Rpt,16.0,2023-10-28,,,WorthPoint
kpg-boundary,William Emory / Report On The United States And Mexican Boundary Survey 3 Vols,1200.0,2023-09-24,,,WorthPoint
kpg-boundary,GEOLOGY PALEONTOLOGY COLORADO NEW MEXICO CRETACEOUS GUIDEBOOK RATON BASIN Scarce,19.99,2023-09-18,,,WorthPoint
kpg-boundary,Geology Paleontology North-central Texas Cretaceous Boundary Stratigraphy,12.99,2023-08-23,,,WorthPoint
kpg-boundary,GEOLOGY PALEONTOLOGY TEXAS CRETACEOUS - PRECRETACEOUS BOUNDARY AND CONTACT Nice,16.0,2023-07-19,,,WorthPoint
kpg-boundary,"Emory, William H. Report On United States & Mexican Boundary Survey. Vol I Only",375.0,2023-06-29,,,WorthPoint
kpg-boundary,KP BOUNDARY SOIL SAMPLE 2 1/2 Inch 0.7 OZ,19.99,2023-04-12,19.845,1.01,WorthPoint
kpg-boundary,Geology 1922 Colorado Fossil Flora Denver Basin Cretaceous Tertiary Boundary,19.99,2023-03-22,,,WorthPoint
kpg-boundary,KP BOUNDARY SOIL SAMPLE 2 1/2 Inch 0.7 OZ HOLIDAY SPECIAL,19.99,2023-03-19,19.845,1.01,WorthPoint
kpg-boundary,Geology Paleontology Wyoming Wind River Basin Cretaceous Tertiary Boundary Usgs,15.0,2023-02-28,,,WorthPoint
kpg-boundary,"KP BOUNDARY SOIL SAMPLE 2 1/2 Inch 0.7 OZ ""CHRISTMAS SPECIAL""",19.99,2023-02-15,19.845,1.01,WorthPoint
kpg-boundary,KT Boundary Sample South Dakota T Rex Dinosaur Cretaceous Meteor Impact,14.99,2022-12-04,,,WorthPoint
kpg-boundary,Geology New Mexico Bureau Mines Cretaceous Niobrara Formation Fossils Raton Basi,15.0,2022-11-18,,,WorthPoint
kpg-boundary,Mass Extinction Permian Triassic Jurassic Cretaceous Rivers In Time Clue Search,30.49,2022-09-17,,,WorthPoint
kpg-boundary,Dinosaur Extinction 3 Layers KT KPg Boundary Vial 66 MYA North Dakota ND 5086,14.89,2022-09-07,,,WorthPoint
kpg-boundary,Dinosaur Extinction Layer KP Boundary Soil Sample Slope Co ND USA 65 Million Yrs,24.79,2022-07-25,,,WorthPoint
kpg-boundary,K-T Boundary Extinction Rock - Wyoming - 58 Grams,265.0,2022-05-17,58.0,4.57,WorthPoint
kpg-boundary,Rare Insect Fossil Jehol Biota | Jurassic Cretaceous Dinosaur China Not Amber,19.99,2022-04-20,,,WorthPoint
kpg-boundary,Lycoptera Fish Fossil From Liaoning China | Jurassic Cretaceous Dinosaur Age,29.99,2022-01-11,,,WorthPoint
kpg-boundary,"Fossil Shark Tooth In Matrix, Late Cretaceous, K-Pg Boundary, Free Shipping!!",45.0,2021-12-11,,,WorthPoint
kpg-boundary,1925 CRETACEOUS FLORAS Of EASTERN GULF REGION Fossils Plants Illus. W/ Plates,19.95,2021-09-10,,,WorthPoint
kpg-boundary,"Enchodus Fish Tooth And Shark Teeth In Matrix, Late Cretaceous, K-Pg Boundary",75.0,2021-08-30,,,WorthPoint
kpg-boundary,DELAWARE LEWES - REHOBOTH BEACH And K-T BOUNDARY At DRAWYERS CREEK Two Items,12.0,2021-06-06,,,WorthPoint
kpg-boundary,"Enchodus Fish Tooth In Matrix, Late Cretaceous, K-Pg Boundary, Free Shipping!!",40.0,2021-05-20,,,WorthPoint
kpg-boundary,KT Boundary Specimen End Of Dinosaurs South Dakota USA Dino Extinction Layer KPg,14.99,2021-04-19,,,WorthPoint
kpg-boundary,Mesozoic Fossil Cretaceous Period Guide Reptile Mollusk,29.99,2020-05-01,,,WorthPoint
kpg-boundary,Geology Paleontology 1924 K-t Boundary Rocks Arizona New Mexico San Juan Basin,12.5,2020-02-21,,,WorthPoint
kpg-boundary,"42-gr.(1.5-oz) K-T (K-Pg) Boundary Clay Marks Dinosaur End, Geulhem, Netherlands",11.95,2020-02-16,42.0,0.28,WorthPoint
kpg-boundary,Rivers In Time Search Clues Mass Extinction Permian Triassic Jurassic Cretaceous,25.99,2019-12-02,,,WorthPoint
kpg-boundary,K-Pg (K-T) Boundary Section Where The Dinosaurs Died,122.5,2019-05-20,,,WorthPoint
kpg-boundary,Cretaceous KT Boundary Matrix Specimen Colorado K-T Strata,24.99,2019-05-13,,,WorthPoint
kpg-boundary,"K/T Boundary Layer, Stevens Klint 0.91g - From Meteorite Impact, From Denmark",10.0,2018-09-29,0.91,10.99,WorthPoint
kpg-boundary,"K/T Boundary Layer, Agost 4.76g - From Meteorite Impact, From Spain",17.3,2018-09-29,4.76,3.63,WorthPoint
kpg-boundary,"K/T Boundary Layer Bidart 14.19g - From Meteorite Impact, From France",37.0,2018-09-01,14.19,2.61,WorthPoint
kpg-boundary,"K/T Boundary Layer, Stevens Klint 1.63g - From Meteorite Impact, From Denmark",13.0,2018-09-01,1.63,7.98,WorthPoint
kpg-boundary,"K/T Boundary Layer, Agost 9.89g - From Meteorite Impact, From Spain",26.0,2018-09-01,9.89,2.63,WorthPoint
kpg-boundary,Cretaceous KT Boundary KP Clay Collection 7 Sites Iridium Burn End Of Dinosaurs,60.0,2018-06-18,,,WorthPoint
kpg-boundary,"Cretaceous-Tertiary (K-T) Boundary - 0.50 Gram Specimen - Beloc, Haiti",24.95,2018-06-07,0.5,49.9,WorthPoint
kpg-boundary,K/T Boundary Layer Material 196g - From Meteorite Impact,129.0,2018-06-02,196.0,0.66,WorthPoint
kpg-boundary,"Cretaceous‚ÄìTertiary (K‚ÄìT) Kt Boundary - Dinosaurs' Meteorite Layer, 13 G",22.0,2018-05-28,13.0,1.69,WorthPoint
kpg-boundary,KT Boundary Material - 65 Million Year Old Cretaceous Pertafied Wood #1023-366gm,20.0,2018-05-21,366.0,0.05,WorthPoint
kpg-boundary,"K/T Boundary Layer Material, Stevens Klint 85g - From Meteorite Impact",65.0,2018-05-20,85.0,0.76,WorthPoint
kpg-boundary,K/T Boundary Layer Material 198g - From Meteorite Impact,112.5,2018-05-05,198.0,0.57,WorthPoint
kpg-boundary,Cretaceous‚ÄìTertiary (K‚ÄìT) Kt Boundary. Big Jar With 19 Grams. #1,30.0,2018-05-01,19.0,1.58,WorthPoint
kpg-boundary,"[Americana - Illustrated - Color] 1857 United States And Mexico Boundary Survey, Volume One, Parts 1 & 2, With Color Lithographs By Sarony",84.0,2018-04-19,,,WorthPoint
kpg-boundary,Cretaceous KT Boundary Matrix Specimen Gubbio Umbria Italy K-T End Of Dinosaurs,15.0,2018-03-21,,,WorthPoint
kpg-boundary,Cretaceous‚ÄìTertiary (K‚ÄìT) Kt Boundary. Big Jar With 22 Grams. #6,30.0,2018-03-10,22.0,1.36,WorthPoint
kpg-boundary,Cretaceous KT Boundary Rare Profile Slice Stevensklint K-T Dinosaur Extinction,50.0,2018-02-17,,,WorthPoint
kpg-boundary,Cretaceous KT Boundary Matrix Specimen Trochu Canada K-T Layer End Of Dinosaurs,10.0,2018-02-15,,,WorthPoint
kpg-boundary,GEOLOGY PALEONTOLOGY PALEOBOTANY LARAMIE FLORA 1886 By L. W. Ward K-T Boundary,15.0,2017-12-22,,,WorthPoint
kpg-boundary,Cretaceous‚ÄìTertiary (K‚ÄìT) Kt Boundary. Jar With 8-10 Grams. #2,20.0,2017-12-21,10.0,2.0,WorthPoint
kpg-boundary,Microtektites From 66-mya K-T Mass Extinction,14.25,2017-12-16,,,WorthPoint
kpg-boundary,"66-mya Beloc, Haiti K-T Boundary Material Confirmeing Mass Extinctions",20.5,2017-11-29,,,WorthPoint
kpg-boundary,KT Boundary Material - 65 Million Year Old Scientific Sample # 1037 Wt. Apx 3gm,10.5,2017-07-03,3.0,3.5,WorthPoint
kpg-boundary,USGS K-T BOUNDARY In NJ MD DE RARE REPORT - EXTINCTION! Vintage 1969 Report,14.0,2017-07-01,,,WorthPoint
kpg-boundary,Paleontology Geology Cretaceous Tertiary Boundary Fossils Montana Bug Creek,15.0,2017-06-12,,,WorthPoint
kpg-boundary,KT Boundary Material - Cretaceous Age Petrified Wood #1026 Net Wt 348gm,20.0,2017-05-06,348.0,0.06,WorthPoint
kpg-boundary,"Rarely Offered MICROTEKTITES From K-T Boundary, Beloc, Haiti (Loose In A Slide)",16.05,2017-05-04,,,WorthPoint
kpg-boundary,"KT Boundary Sample, Hell Creek, Cretaceous, Dinosaurs Extinction",27.0,2016-01-23,,,WorthPoint
kpg-boundary,RARE Libyan Desert Glass Carving Meteorite Impactite Cabochon Tektite Pendant,36.0,2016-01-20,,,WorthPoint
kpg-boundary,Libyan Desert Glass NATURAL HOLE Meteorite Impact Impactite Tektite Egypt Sahara,175.0,2016-01-13,,,WorthPoint
kpg-boundary,PREMIUM A++ GEM Libyan Desert Glass Meteorite 2 OZ Impact Tektite Sahara Desert,260.0,2015-12-31,56.7,4.59,WorthPoint
kpg-boundary,GEOLOGY PALEONTOLOGY 1886 MONTANA K-T BOUNDARY FOSSIL PLANTS INVERTEBRATES 2 Vol,15.0,2015-10-27,,,WorthPoint
kpg-boundary,Libyan Desert Impact Glass Meteorite Tektite Impactite Sahara Egypt Crystal Gem,20.51,2015-10-08,,,WorthPoint
kpg-boundary,Selection Of Unusual K-t Boundary Material,7.8,2015-07-20,,,WorthPoint
kpg-boundary,Geology Gold Mining Deposits Jackson Hole Wyoming Region K-t Boundary Gravels,14.0,2015-05-11,,,WorthPoint
kpg-boundary,Geology Paleontology 1922 Denver Colorado Region Cretaceous Tertiary Boundary,14.0,2015-04-20,,,WorthPoint
kpg-boundary,Cretaceous KT Boundary Hell Creek Black Tektite Glass Burn Evidence Dinosaur Bed,15.0,2014-10-18,,,WorthPoint
kpg-boundary,"K/T Boundary Layer Material 99.36g - From Meteorite - Stevens Klint, Denmark",65.0,2014-06-21,99.36,0.65,WorthPoint
kpg-boundary,"11.8 Gram KT Boundary Clay - Agost, Spain - Dinosaur Killer",25.0,2014-06-01,11.8,2.12,WorthPoint
kpg-boundary,"K/T Boundary Layer - From Meteorite Impact - Agost, Spain",20.0,2014-03-30,,,WorthPoint
kpg-boundary,KT Boundary Material Assortment - 65 Million Year Old Scientific Sample # 1021,10.0,2013-12-21,,,WorthPoint
kpg-boundary,Cretaceous KT Boundary Hell Creek Sample Black Glass Burn Evidence Dinosaur Beds,15.0,2013-12-20,,,WorthPoint
kpg-boundary,"Unidentified Inclusion, Possible Wasp/Bee Stinger In Cretaceous UK Amber",32.54,2013-12-14,,,WorthPoint
kpg-boundary,Unusual K-t Boundary Material,15.32,2013-09-29,,,WorthPoint
kpg-boundary,DOZENS Of 65-mya Micro-Tektites In Microscope Well-Slide,62.0,2013-09-10,,,WorthPoint
kpg-boundary,K-T Boundary Material - 65 Million Year Old Scientific Sample #1005,10.0,2013-06-17,,,WorthPoint
kpg-boundary,MICRO-TEKTITES From 65-mya MASS EXTINCTIONS,21.71,2013-04-06,,,WorthPoint
kpg-boundary,1888 KENNGOTT/ROLLE CHROMOLITHOGRAPH Cretaceous - Geologic Era,29.95,2013-04-01,,,WorthPoint
kpg-boundary,"K/T Boundary Layer, Stevens Klint 1.05g - From Meteorite Impact, From Denmark",20.0,2013-03-30,1.05,19.05,WorthPoint
kpg-boundary,"K/T Boundary Layer, Stevens Klint 2.34g - From Meteorite Impact, From Denmark",20.0,2013-03-24,2.34,8.55,WorthPoint
kpg-boundary,4 Pieces Of Super Rare KT Boundary Material - From The Day The Dinos Died!,7.72,2013-02-20,,,WorthPoint
kpg-boundary,"KT Boundary Sample, Cretaceous/Tertiary Dinosaur Extinction Event, Rock, Fossil",7.68,2013-02-18,,,WorthPoint
kpg-boundary,"K/T Boundary Layer, Stevens Klint - From Meteorite Impact, From Denmark",15.5,2012-12-08,,,WorthPoint
kpg-boundary,"K/T Boundary Layer, Agost - From Meteorite Impact, From Spain",16.26,2012-12-08,,,WorthPoint
kpg-boundary,"Report On The United States And Mexican Boundary Survey, W.H. Emory, Vol I, 1857",290.0,2012-06-03,,,WorthPoint
kpg-boundary,United States And Mexican Boundary Survey (1848-1855) 4to,85.0,2012-02-13,,,WorthPoint
kpg-boundary,Ultra Rare K-t Boundary Material -killed The Dinosaurs!,7.7,2012-01-19,,,WorthPoint
kpg-boundary,K/T Boundary Layer Material - From Meteorite,26.0,2011-07-23,,,WorthPoint
kpg-boundary,K/t Boundary Material Agost/spain/ Impactite/ Meteorite,28.0,2011-07-14,,,WorthPoint
kpg-boundary,Emory RAILROAD SURVEYS 1857 U S MEXICO BOUNDARY Color,350.0,2011-03-23,,,WorthPoint
kpg-boundary,K/T Boundary Layer Material - From Meteorite Impact,35.0,2010-11-20,,,WorthPoint
kpg-boundary,65-MY Old MICRO-TEKTITES In A Microscope Well Slide,20.45,2010-07-06,,,WorthPoint
kpg-boundary,K/t Boundary Material Granulates Stevens Klint/denmark,12.0,2010-06-29,,,WorthPoint
kpg-boundary,DINOSAUR EXTINCTION MICRO-TEKTITES 65-million Year Old,13.01,2009-10-31,,,WorthPoint
kpg-boundary,CRETACEOUS PLANTS From SW COLORADO Geology Fossil Illus,12.0,2009-07-11,,,WorthPoint
kpg-boundary,65-million Year Old DINOSAUR EXTINCTION MICRO-TEKTITES,24.95,2008-12-25,,,WorthPoint
kpg-boundary,DINOSAUR EXTINCTION Micro-Tektites 65-million Years Old,20.5,2008-07-11,,,WorthPoint
kpg-boundary,Many 65-MY Old MICRO-TEKTITES In Microscope Well Slide,17.57,2007-10-25,,,WorthPoint
kpg-boundary,65-MY Old MICRO-TEKTITES In Microscope Slide,22.49,2007-10-18,,,WorthPoint
kpg-boundary,DOZENS Of 65-MYA MICRO-TEKTITES In Microscope Slide,24.5,2007-09-13,,,WorthPoint
kpg-boundary,"65-mya MICRO-TEKTITES, DOZENS In Microscope Well Slide",20.5,2007-06-26,,,WorthPoint
kpg-boundary,"MICRO-TEKTITES , DOZENS, 65-mya, Microscope Well Slide",20.7,2007-04-20,,,WorthPoint
kpg-boundary,DOZENS Of 65-mya MICRO-TEKTITES In A MICROSCOPE SLIDE,22.5,2007-04-12,,,WorthPoint
kpg-boundary,"65-mya MICRO-TEKTITES, DOZENS In A MICROSCOPE SLIDE",32.0,2007-04-05,,,WorthPoint
kpg-boundary,K-T BOUNDARY MICRO-TEKTITES: DOZENS In Microscope Slide,26.12,2007-03-23,,,WorthPoint
kpg-boundary,Dozens Of K-T BOUNDARY MICRO-TEKTITES In A SLIDE,36.99,2007-02-21,,,WorthPoint
kpg-boundary,Dozens Of Remarkable K-T BOUNDARY MICRO-TEKTITES,52.98,2007-02-07,,,WorthPoint
kpg-boundary,"Fossil Rib Bone & Tooth On Matrix, Cretaceous, S Dakota",23.0,2006-12-10,,,WorthPoint
kpg-boundary,"ALAMO, NEVADA, USA IMPACTITE, Impact Melt With Spherules, 288-grams, 10.2-oz.",34.95,2026-01-03,288.0,0.12,WorthPoint
kpg-boundary,"TWENTY DIFFERENT IMPACTITES From ALL OVER Weigh 866-grams, (One-lb., 14.5-oz.)",95.0,2025-12-03,866.0,0.11,WorthPoint
kpg-boundary,"Twenty-one IMPACTITES From ALL OVER The WORLD, Weigh 467-grams (one-pound) Set 2",95.0,2025-11-24,467.0,0.2,WorthPoint
kpg-boundary,"Twenty-Eight IMPACTITE ROCKS From ALL OVER The WORLD, Weight Over One-Kilo ( 2#)",127.5,2025-11-09,,,WorthPoint
kpg-boundary,"Twenty-Eight, Two Kilos IMPACT ROCKS Best Ever Offered From ALL OVER The WORLD",200.0,2025-10-17,,,WorthPoint
kpg-boundary,Cosmogenic Silicide Spherules (Set Of 3),37500.0,2024-11-20,,,WorthPoint
kpg-boundary,Asteroid Impact Libyan Desert Glass Ring Vintage Art Deco Period Sterling S 5.75,119.95,2024-09-06,,,WorthPoint
kpg-boundary,"Chicxulub ""Extinction Rock"" Asteroid Impact Beloc, Haiti Microslide",135.0,2024-05-08,,,WorthPoint
kpg-boundary,0.679g MONTURAQUI IMPACTITE W/COA - CRATER FORMING EVENT - Atacama Desert Chile,15.0,2024-02-14,0.679,22.09,WorthPoint
kpg-boundary,1.095g MONTURAQUI IMPACTITE W/COA - CRATER FORMING EVENT - Atacama Desert Chile,20.0,2024-01-28,1.095,18.26,WorthPoint
kpg-boundary,0.480g MONTURAQUI IMPACTITE W/COA - CRATER FORMING EVENT - Atacama Desert Chile,13.0,2024-01-07,0.48,27.08,WorthPoint
kpg-boundary,Cosmogenic Silicide Spherules (Set Of 4),42500.0,2023-11-10,,,WorthPoint
kpg-boundary,Cosmogenic Silicide Spherule,6875.0,2023-11-10,,,WorthPoint
kpg-boundary,"22 Different Asteroid And Comet IMPACTITES, 1.16-kilos, 2 1/2-lbs. Of Fine Rocks",48.89,2023-09-30,,,WorthPoint
kpg-boundary,"Chicxulub ""Extinction Rock"" Asteroid Impact - Beloc, Haiti Microslide",125.0,2023-08-22,,,WorthPoint
kpg-boundary,0.710g MONTURAQUI IMPACTITE W/COA - CRATER FORMING EVENT - Atacama Desert Chile,27.0,2022-11-18,0.71,38.03,WorthPoint
kpg-boundary,"SLICE Rubielos De La C√©rida, Spain IMPACT BRECCIA Impactite 56-gram (2.0-oz.)",19.95,2022-08-11,56.0,0.36,WorthPoint
kpg-boundary,0.739g MONTURAQUI IMPACTITE W/COA - CRATER FORMING EVENT - Atacama Desert Chile,39.0,2022-04-15,0.739,52.77,WorthPoint
kpg-boundary,"Rubielos De La C√©rida, Spain IMPACT MELT BRECCIA Impactite 72-gram (2.6-oz.)",26.0,2022-04-01,72.0,0.36,WorthPoint
kpg-boundary,"ALAMO, NEVADA IMPACTITE 454-gr. (1#) Impact Melt Slice With Sphericlal Lapllii",66.95,2022-02-06,454.0,0.15,WorthPoint
kpg-boundary,"Libyan Desert Glass, Pendant, Tektite, Signed **free Shipping**",100.0,2020-01-21,,,WorthPoint
kpg-boundary,K-Pg Boundary With Microtektites Beloc Haiti Microslide,89.46,2019-08-18,,,WorthPoint
kpg-boundary,Meteorite Impact Sand From Canyon Diablo Barringer Meteor Crater Unsifted 100g,15.5,2019-08-02,100.0,0.15,WorthPoint
kpg-boundary,Canyon Diablo Spherules From Meteor Crater Impactor!,10.0,2015-12-19,,,WorthPoint
kpg-boundary,Czech Moldavite Green Meteorite Tektite Pendant -- MT932,41.95,2014-03-05,,,WorthPoint
kpg-boundary,Czech Moldavite Green Meteorite Tektite Pendant -- MT928,37.95,2014-03-03,,,WorthPoint
kpg-boundary,Czech Moldavite Green Meteorite Tektite Pendant -- MT930,41.95,2014-02-07,,,WorthPoint
kpg-boundary,Czech Moldavite Green Meteorite Tektite Pendant -- MT933,41.95,2014-02-06,,,WorthPoint
kpg-boundary,Czech Moldavite Green Meteorite Tektite Pendant -- MT929,39.95,2013-12-19,,,WorthPoint
kpg-boundary,Czech Moldavite Green Meteorite Tektite Pendant -- MT934,43.95,2013-12-01,,,WorthPoint
kpg-boundary,Czech Moldavite Green Meteorite Tektite Pendant -- MT906,37.95,2013-08-28,,,WorthPoint
kpg-boundary,Czech Moldavite Green Meteorite Tektite Pendant -- MT865,36.95,2013-08-22,,,WorthPoint
kpg-boundary,Czech Moldavite Green Meteorite Tektite Pendant -- MT892,35.95,2013-07-14,,,WorthPoint
kpg-boundary,Czech Moldavite Green Meteorite Tektite Pendant -- MT873,32.95,2013-07-07,,,WorthPoint
kpg-boundary,Czech Moldavite Green Meteorite Tektite Pendant -- MT837,35.95,2013-07-04,,,WorthPoint
kpg-boundary,Meteorite Related - Bristol Impact Layer From The United Kingdom,34.02,2013-06-30,,,WorthPoint
kpg-boundary,Czech Moldavite Green Meteorite Tektite Pendant -- MT839,39.95,2013-06-19,,,WorthPoint
kpg-boundary,Czech Moldavite Green Meteorite Tektite Pendant -- MT875,35.95,2013-06-18,,,WorthPoint
kpg-boundary,Czech Moldavite Green Meteorite Tektite Pendant -- MT858,36.95,2013-05-19,,,WorthPoint
kpg-boundary,Czech Moldavite Green Meteorite Tektite Pendant -- MT867,35.95,2013-05-05,,,WorthPoint
kpg-boundary,Czech Moldavite Green Meteorite Tektite Pendant -- MT862,35.95,2013-04-25,,,WorthPoint
kpg-boundary,Czech Moldavite Green Meteorite Tektite Pendant -- MT804,36.95,2013-04-22,,,WorthPoint
kpg-boundary,Czech Moldavite Green Meteorite Tektite Pendant -- MT878,32.95,2013-04-19,,,WorthPoint
kpg-boundary,Czech Moldavite Green Meteorite Tektite Pendant -- MT869,33.95,2013-04-17,,,WorthPoint
kpg-boundary,Czech Moldavite Green Meteorite Tektite Pendant -- MT830,35.95,2013-04-11,,,WorthPoint
kpg-boundary,Czech Moldavite Green Meteorite Tektite Pendant -- MT868,36.95,2013-04-11,,,WorthPoint
kpg-boundary,Czech Moldavite Green Meteorite Tektite Pendant -- MT908,37.95,2013-04-11,,,WorthPoint
kpg-boundary,Czech Moldavite Green Meteorite Tektite Pendant -- MT909,37.95,2013-04-11,,,WorthPoint
kpg-boundary,Czech Moldavite Green Meteorite Tektite Pendant -- MT888,36.95,2013-04-11,,,WorthPoint
kpg-boundary,Czech Moldavite Green Meteorite Tektite Pendant -- MT898,36.95,2013-04-09,,,WorthPoint
kpg-boundary,Impact Melt Rock From Azuara / Rubielos De La Cerida Multiple Impact Structure,29.99,2013-04-04,,,WorthPoint
kpg-boundary,Czech Moldavite Green Meteorite Tektite Pendant -- MT835,19.95,2013-03-24,,,WorthPoint
kpg-boundary,Czech Moldavite Green Meteorite Tektite Pendant -- MT848,36.95,2013-03-23,,,WorthPoint
kpg-boundary,Czech Moldavite Green Meteorite Tektite Pendant -- MT877,35.95,2013-03-01,,,WorthPoint
kpg-boundary,Czech Moldavite Green Meteorite Tektite Pendant -- MT870,35.95,2013-02-21,,,WorthPoint
kpg-boundary,Czech Moldavite Green Meteorite Tektite Pendant -- MT863,35.95,2013-02-19,,,WorthPoint
kpg-boundary,"LARGE METEORITE IMPACTS III, Kenkmann, H√∂rz, And Deutsch, Editors",14.0,2013-02-04,,,WorthPoint
kpg-boundary,Czech Moldavite Green Meteorite Tektite Pendant -- MT872,35.95,2013-02-04,,,WorthPoint
kpg-boundary,Czech Moldavite Green Meteorite Tektite Pendant -- MT806,33.95,2013-02-02,,,WorthPoint
kpg-boundary,Czech Moldavite Green Meteorite Tektite Pendant -- MT887,36.95,2013-01-29,,,WorthPoint
kpg-boundary,Czech Moldavite Green Meteorite Tektite Pendant -- MT803,36.95,2013-01-25,,,WorthPoint
kpg-boundary,Czech Moldavite Green Meteorite Tektite Pendant -- MT891,36.95,2013-01-24,,,WorthPoint
kpg-boundary,Czech Moldavite Green Meteorite Tektite Pendant -- MT903,37.95,2013-01-24,,,WorthPoint
kpg-boundary,Czech Moldavite Green Meteorite Tektite Pendant -- MT828,35.95,2013-01-23,,,WorthPoint
kpg-boundary,Czech Moldavite Green Meteorite Tektite Pendant -- MT833,35.95,2013-01-23,,,WorthPoint
kpg-boundary,Czech Moldavite Green Meteorite Tektite Pendant -- MT829,35.95,2013-01-23,,,WorthPoint
kpg-boundary,Czech Moldavite Green Meteorite Tektite Pendant -- MT831,35.95,2013-01-23,,,WorthPoint
kpg-boundary,Czech Moldavite Green Meteorite Tektite Pendant -- MT886,36.95,2013-01-23,,,WorthPoint
kpg-boundary,Czech Moldavite Green Meteorite Tektite Pendant -- MT844,34.95,2013-01-21,,,WorthPoint
kpg-boundary,Czech Moldavite Green Meteorite Tektite Pendant -- MT826,35.95,2013-01-21,,,WorthPoint
kpg-boundary,Czech Moldavite Green Meteorite Tektite Pendant -- MT854,34.95,2013-01-18,,,WorthPoint
kpg-boundary,Czech Moldavite Green Meteorite Tektite Pendant -- MT846,31.95,2012-12-26,,,WorthPoint
kpg-boundary,Czech Moldavite Green Meteorite Tektite Pendant -- MT832,35.95,2012-12-24,,,WorthPoint
kpg-boundary,Czech Moldavite Green Meteorite Tektite Pendant -- MT840,29.95,2012-12-21,,,WorthPoint
kpg-boundary,Czech Moldavite Green Meteorite Tektite Pendant -- MT820,36.95,2012-12-19,,,WorthPoint
kpg-boundary,Czech Moldavite Green Meteorite Tektite Pendant -- MT841,31.95,2012-12-17,,,WorthPoint
kpg-boundary,Czech Moldavite Green Meteorite Tektite Pendant -- MT789,32.95,2012-12-15,,,WorthPoint
kpg-boundary,Czech Moldavite Green Meteorite Tektite Pendant -- MT859,35.95,2012-12-13,,,WorthPoint
kpg-boundary,Czech Moldavite Green Meteorite Tektite Pendant -- MT823,36.95,2012-12-10,,,WorthPoint
kpg-boundary,Czech Moldavite Green Meteorite Tektite Pendant -- MT864,35.95,2012-12-06,,,WorthPoint
kpg-boundary,Czech Moldavite Green Meteorite Tektite Pendant -- MT825,35.95,2012-11-26,,,WorthPoint
kpg-boundary,Czech Moldavite Green Meteorite Tektite Pendant -- MT827,35.95,2012-11-26,,,WorthPoint
kpg-boundary,Czech Moldavite Green Meteorite Tektite Pendant -- MT851,37.95,2012-11-26,,,WorthPoint
kpg-boundary,Czech Moldavite Green Meteorite Tektite Pendant -- MT821,35.95,2012-11-23,,,WorthPoint
kpg-boundary,Czech Moldavite Green Meteorite Tektite Pendant -- MT807,34.95,2012-11-13,,,WorthPoint
kpg-boundary,Czech Moldavite Green Meteorite Tektite Pendant -- MT876,37.95,2012-08-31,,,WorthPoint
kpg-boundary,Czech Moldavite Green Meteorite Tektite Pendant - MT759,37.95,2012-06-24,,,WorthPoint
kpg-boundary,Irghizite 4 - Rare Impact Glass Zhamanshin Crater,23.63,2012-05-21,,,WorthPoint
kpg-boundary,New Copy Large Meteorite Impacts III,22.63,2012-04-08,,,WorthPoint
kpg-boundary,Czech Moldavite Green Meteorite Tektite Pendant - MT756,45.95,2012-01-04,,,WorthPoint
kpg-boundary,Czech Moldavite Green Meteorite Tektite Pendant - MT755,59.0,2012-01-04,,,WorthPoint
kpg-boundary,Czech Moldavite Green Meteorite Tektite Pendant - MT781,37.95,2012-01-03,,,WorthPoint
kpg-boundary,Czech Moldavite Green Meteorite Tektite Pendant - MT773,38.95,2012-01-03,,,WorthPoint
kpg-boundary,Czech Moldavite Green Meteorite Tektite Pendant - MT769,38.95,2011-12-19,,,WorthPoint
kpg-boundary,Czech Moldavite Green Meteorite Tektite Pendant - MT779,45.95,2011-12-14,,,WorthPoint
kpg-boundary,"METEORITE- Lunar Impact Melt - NEA 001, Lunar, Sudan- 52 Milligram",60.0,2011-12-09,,,WorthPoint
kpg-boundary,Czech Moldavite Green Meteorite Tektite Pendant - MT772,35.95,2011-12-06,,,WorthPoint
kpg-boundary,Bristol Spherule Layer 29g - Manicouagan Impact Microtektites,38.45,2011-11-06,29.0,1.33,WorthPoint
kpg-boundary,Czech Moldavite Green Meteorite Tektite Pendant - MT733,32.95,2011-08-01,,,WorthPoint
kpg-boundary,Czech Moldavite Green Meteorite Tektite Pendant - MT741,31.95,2011-07-11,,,WorthPoint
kpg-boundary,Czech Moldavite Green Meteorite Tektite Pendant - MT742,29.95,2011-06-19,,,WorthPoint
kpg-boundary,Czech Moldavite Green Meteorite Tektite Pendant - MT732,31.95,2011-06-19,,,WorthPoint
kpg-boundary,Czech Moldavite Green Meteorite Tektite Pendant - MT735,31.95,2011-06-19,,,WorthPoint
kpg-boundary,Czech Moldavite Green Meteorite Tektite Pendant - MT743,31.95,2011-06-19,,,WorthPoint
kpg-boundary,Czech Moldavite Green Meteorite Tektite Pendant - MT736,31.95,2011-06-19,,,WorthPoint
kpg-boundary,Czech Moldavite Green Meteorite Tektite Pendant - MT740,31.95,2011-06-19,,,WorthPoint
kpg-boundary,Czech Moldavite Green Meteorite Tektite Pendant - MT737,31.95,2011-06-19,,,WorthPoint
kpg-boundary,Czech Moldavite Green Meteorite Tektite Pendant - MT744,31.95,2011-06-19,,,WorthPoint
kpg-boundary,Czech Moldavite Green Meteorite Tektite Pendant - MT739,31.95,2011-06-19,,,WorthPoint
kpg-boundary,Czech Moldavite Green Meteorite Tektite Pendant - MT738,31.95,2011-06-14,,,WorthPoint
kpg-boundary,Czech Moldavite Green Meteorite Tektite Pendant - MT734,31.95,2011-05-11,,,WorthPoint
kpg-boundary,Czech Moldavite Green Meteorite Tektite Pendant - MT730,31.95,2011-05-08,,,WorthPoint
kpg-boundary,Czech Moldavite Green Meteorite Tektite Pendant - MT729,31.95,2011-04-24,,,WorthPoint
kpg-boundary,Czech Moldavite Green Meteorite Tektite Pendant - MT728,31.95,2011-04-19,,,WorthPoint
kpg-boundary,Impact Melt Rock Rubielos De La Cerida Meteorite Crater,33.0,2011-03-31,,,WorthPoint
kpg-boundary,"Monturaqui Impactite, Atacama Meteorite Crater, 17.8g",29.99,2011-02-23,17.8,1.68,WorthPoint
kpg-boundary,Czech Moldavite Green Meteorite Tektite Pendant - MT720,29.95,2010-11-04,,,WorthPoint
kpg-boundary,Czech Moldavite Green Meteorite Tektite Pendant - MT719,27.95,2010-10-28,,,WorthPoint
kpg-boundary,Czech Moldavite Green Meteorite Tektite Pendant - MT710,30.95,2010-08-10,,,WorthPoint
kpg-boundary,Czech Moldavite Green Meteorite Tektite Pendant - MT711,30.95,2010-05-07,,,WorthPoint
kpg-boundary,A+++BIG 4+Inch RARE OUTER SPACE TEKTITE METEORITE China,34.95,2008-07-27,,,WorthPoint
kpg-boundary,"METEORITE Lunar Impact Melt, NEA 001, 6mg Specimen",55.0,2008-01-01,,,WorthPoint
kpg-boundary,Rare KT Boundary Material - Montana - KT-0363 - 7.80g - Rare Buchite - End Cut,11.95,2026-01-16,7.8,1.53,WorthPoint
kpg-boundary,Redl Factory Vienna Bronze Mouse On Of Gold Thread Thimble Holder 14 Kt . Gold,39.99,2025-12-22,,,WorthPoint
kpg-boundary,Rare KT Boundary Material - Montana - KT-0344 - 7.73g - Rare Buchite - Slice,11.95,2025-12-14,7.73,1.55,WorthPoint
kpg-boundary,Rare KT Boundary Material - Montana - KT-0359 - 8.16g - Rare Buchite - Slice,12.95,2025-12-01,8.16,1.59,WorthPoint
kpg-boundary,Rare KT Boundary Material - Glendive Montana Area - New Glass Vial - Fragments,9.95,2025-11-24,,,WorthPoint
kpg-boundary,Rare KT Boundary Material - Montana Area - KT-0299 - 5.18g - Rare Buchite/Slice,7.95,2025-11-20,5.18,1.53,WorthPoint
kpg-boundary,Rare KT Boundary Material - Glendive Montana Area - M-4827 - Vial - Fragments,9.95,2025-11-05,,,WorthPoint
kpg-boundary,"""nevada Landing Casino Jean Nv $40 """"riverboat"""" .999 Silver/24 Kt Hge Gaming Token""",69.99,2025-11-04,,,WorthPoint
kpg-boundary,Rare KT Boundary Material - Montana - KT-0361 - 7.95g - Rare Buchite - Slice,11.95,2025-11-03,7.95,1.5,WorthPoint
kpg-boundary,Rare KT Boundary Material - Montana - KT-0368 - 9.72g - Rare Buchite - Slice,14.95,2025-11-03,9.72,1.54,WorthPoint
kpg-boundary,Rare KT Boundary Material - Glendive Montana Area - M-4826 - Vial - Fragments,9.95,2025-11-03,,,WorthPoint
kpg-boundary,Rare KT Boundary Material - Montana - KT-0301 - 4.01g - Rare Buchite - Slice,5.95,2025-10-30,4.01,1.48,WorthPoint
kpg-boundary,Rare KT Boundary Material - Glendive Montana Area - Vial Full Bubble - Fragments,9.95,2025-10-16,,,WorthPoint
kpg-boundary,Rare KT Boundary Material - Montana - KT-0351 - 102.0g - Rare Siltstone-End Cut,99.95,2025-10-13,102.0,0.98,WorthPoint
kpg-boundary,Rare KT Boundary Material - Montana - KT-0119 - 21.3g - Rare Buchite - Slice,31.95,2025-10-13,21.3,1.5,WorthPoint
kpg-boundary,Rare KT Boundary Material - Montana - KT-0142 - 13.72g - Rare Buchite - Slice,20.95,2025-10-11,13.72,1.53,WorthPoint
kpg-boundary,Rare KT Boundary Material - Montana - KT-0159 - 8.56g - Rare Siltstone / End Cut,12.95,2025-10-11,8.56,1.51,WorthPoint
kpg-boundary,Rare KT Boundary Material - Montana - KT-0113 - 7.78g - Rare Siltstone / Slice,11.95,2025-10-01,7.78,1.54,WorthPoint
kpg-boundary,Rare KT Boundary Material - Montana - KT-0156 - 5.87g - Rare Siltstone / Slice,8.95,2025-10-01,5.87,1.52,WorthPoint
kpg-boundary,Rare KT Boundary Material - Montana - KT-0346 - 9.82g - Rare Buchite - Slice,14.95,2025-10-01,9.82,1.52,WorthPoint
kpg-boundary,Rare KT Boundary Material - Montana - KT-0137 - 6.63g - Clay And Siltstone Mix,9.95,2025-10-01,6.63,1.5,WorthPoint
kpg-boundary,Rare KT Boundary Material - Montana - KT-0217/0220 - 31.77g - Positive/Negative,47.95,2025-10-01,31.77,1.51,WorthPoint
kpg-boundary,Rare KT Boundary Material - Montana - KT-0139 - 5.85g - Rare Siltstone / Slice,8.95,2025-10-01,5.85,1.53,WorthPoint
kpg-boundary,Rare KT Boundary Material - Montana - KT-0140 - 4.98g - Rare Siltstone / Slice,7.95,2025-10-01,4.98,1.6,WorthPoint
kpg-boundary,Rare KT Boundary Material - Montana - KT-0138 - 19.18g - Rare Buchite - Slice,28.95,2025-10-01,19.18,1.51,WorthPoint
kpg-boundary,Rare KT Boundary Material - Montana - KT-0111 - 5.94g - Rare Siltstone / Slice,8.95,2025-10-01,5.94,1.51,WorthPoint
kpg-boundary,Rare KT Boundary Material - Montana - KT-0141 - 7.08g - Rare Siltstone / Slice,10.95,2025-09-30,7.08,1.55,WorthPoint
kpg-boundary,Rare KT Boundary Material - Montana - KT-0155 - 5.11g - Rare Siltstone / Slice,7.95,2025-09-30,5.11,1.56,WorthPoint
kpg-boundary,Rare KT Boundary Material - Montana - KT-0160 - 20.50g - Rare Siltstone/End Cut,30.95,2025-09-30,20.5,1.51,WorthPoint
kpg-boundary,Rare KT Boundary Material - Montana - KT-0158 - 8.91g - Rare Siltstone / Slice,13.95,2025-08-14,8.91,1.57,WorthPoint
kpg-boundary,Rare KT Boundary Material - Montana - KT-0116 - 14.0g - Rare Buchite - Slice,20.95,2025-08-13,14.0,1.5,WorthPoint
kpg-boundary,Rare KT Boundary Material - Montana Area - KT-0297 - 4.20g - Rare Buchite/Slice,6.95,2025-08-09,4.2,1.65,WorthPoint
kpg-boundary,Rare KT Boundary Material - Glendive Montana Area - M-4828 - Vial - Fragments,9.95,2025-08-09,,,WorthPoint
kpg-boundary,Rare KT Boundary Material - Montana Area - KT-0298 - 6.09g - Rare Buchite/Slice,8.95,2025-07-06,6.09,1.47,WorthPoint
kpg-boundary,Rare KT Boundary Material - Montana - KT-0314 - 7.98g - Rare Buchite - Slice,11.95,2025-07-01,7.98,1.5,WorthPoint
kpg-boundary,"Micro-Tektites ~ Meteorite Impact ~ KT Boundary, Hell Creek Formation, Montana",35.0,2025-06-12,,,WorthPoint
kpg-boundary,Rare KT Boundary Material - Montana Area - KT-0300 - 7.47g - Rare Buchite/Slice,10.95,2025-06-05,7.47,1.47,WorthPoint
kpg-boundary,Rare KT Boundary Material - Montana - KT-0115 - 6.83g - Rare Siltstone / Slice,9.95,2025-05-10,6.83,1.46,WorthPoint
kpg-boundary,Rare KT Boundary Material - Montana - KT-0153 - 4.03g - Rare Buchite - End Cut,5.95,2025-05-10,4.03,1.48,WorthPoint
kpg-boundary,Rare KT Boundary Material - Glendive Montana Area - KT-0117 - 16.9g - Full Slice,24.95,2025-05-03,16.9,1.48,WorthPoint
kpg-boundary,1933 Saint-gaudens $20 Gold Copy 24 Kt Clad Proof Coin,9.99,2025-05-02,20.0,0.5,WorthPoint
kpg-boundary,Rare KT Boundary Slice - Lance Creek Wyoming,90.0,2025-03-28,,,WorthPoint
kpg-boundary,Rare KT Boundary Material - Glendive Montana Area - KT-0015 - 6.81g - Full Slice,9.95,2025-01-21,6.81,1.46,WorthPoint
kpg-boundary,Rare KT Boundary Material - Glendive Montana Area - KT-0007 - 5.20g - End Cut,5.5,2025-01-21,5.2,1.06,WorthPoint
kpg-boundary,Rare KT Boundary Material - Glendive Montana Area - M-4870 - 67.01g - Natural,16.0,2025-01-11,67.01,0.24,WorthPoint
kpg-boundary,Rare KT Boundary Material - Glendive Montana Area - M-4868 - 71.71g - Natural,16.0,2025-01-05,71.71,0.22,WorthPoint
kpg-boundary,Rare KT Boundary Material - Glendive Montana Area - M-4867 - 50.04g - Complete,6.0,2024-12-02,50.04,0.12,WorthPoint
kpg-boundary,Rare KT Boundary Material - Glendive Montana Area - M-4840 - 82.95g - End Cut,16.5,2024-11-22,82.95,0.2,WorthPoint
kpg-boundary,Rare KT Boundary Material - Glendive Montana Area - M-4838 - 34.75g - End Cut,8.01,2024-11-22,34.75,0.23,WorthPoint
kpg-boundary,Rare KT Boundary Material - Glendive Montana Area - M-4835 - 23.23g - Complete,6.5,2024-11-22,23.23,0.28,WorthPoint
kpg-boundary,Rare KT Boundary Material - Glendive Montana Area - M-4820 - 39.33g - Complete,11.05,2024-11-18,39.33,0.28,WorthPoint
kpg-boundary,Rare KT Boundary Material - Glendive Montana Area - M-4770 - 7.70g - Fragment,6.1,2024-10-29,7.7,0.79,WorthPoint
kpg-boundary,Rare KT Boundary Material - Glendive Montana Area - M-4778 - 3.97g - End Cut,9.5,2024-10-24,3.97,2.39,WorthPoint
kpg-boundary,"KT Boundary Meteorite Impact Micro-Tektites ~ Hell Creek Formation, Montana",85.0,2024-10-23,,,WorthPoint
kpg-boundary,Rare KT Boundary Material - Glendive Montana Area - M-4759 - 10.01g - Full Slice,12.5,2024-10-16,10.01,1.25,WorthPoint
kpg-boundary,Rare KT Boundary Material - Glendive Montana Area - M-4758 - 9.57g - Full Slice,9.5,2024-10-14,9.57,0.99,WorthPoint
kpg-boundary,Rare KT Boundary Material - Glendive Montana Area - M-4757 - 9.59g - Full Slice,10.0,2024-10-14,9.59,1.04,WorthPoint
kpg-boundary,Rare KT Boundary Material - Glendive Montana Area - M-4755 - 6.75g - Full Slice,7.5,2024-10-10,6.75,1.11,WorthPoint
kpg-boundary,Rare KT Boundary Material - Glendive Montana Area - M-4754 - 5.23g - End Cut,9.5,2024-10-10,5.23,1.82,WorthPoint
kpg-boundary,Rare KT Boundary Material - Glendive Montana Area - M-4753 - 5.90g - Full Slice,5.5,2024-10-10,5.9,0.93,WorthPoint
kpg-boundary,Rare KT Boundary Material - Glendive Montana Area - M-4752 - 4.89g - Full Slice,10.25,2024-10-10,4.89,2.1,WorthPoint
kpg-boundary,Rare KT Boundary Material - Glendive Montana Area - M-4751 - 0.40g - End Cut,12.5,2024-10-10,0.4,31.25,WorthPoint
kpg-boundary,Dinosaur Extinction Layer - 2 Sample Tubes KT Boundary Soil,25.0,2024-08-08,,,WorthPoint
kpg-boundary,Dinosaur Fossil Bone Extinction Layer Soil Sample KT Boundary North Dakota Riker,62.99,2023-05-20,,,WorthPoint
kpg-boundary,Dinosaur Extinction Layer - KT Boundary Soil - Educational Display,15.0,2022-06-05,,,WorthPoint
kpg-boundary,Rare Large Slice Of The K-t Dinosaur Extinction Layer - KT Boundary Layer,300.0,2022-03-05,,,WorthPoint
kpg-boundary,Kt Boundary Display Discovered North Dakota In Case,100.0,2021-10-29,,,WorthPoint
kpg-boundary,F.B Rogers Silver Co. Individual Crystal Salt & Pepper (6) (KT018),26.99,2016-12-18,,,WorthPoint
kpg-boundary,Vintage Mid Century Modern Round Chrome Ice Bucket (KT.239),58.99,2016-12-10,,,WorthPoint
kpg-boundary,"BALLPOINT PEN, EXOTIC COCOBOLO WOOD FROM HONDURAS With 14 KT Gold PLATED TRIM",11.0,2016-12-06,,,WorthPoint
kpg-boundary,Handmade 30 Cal Twist Style Bullet Pen In Stabilized Cocobolo Wood & 22 Kt Gold,15.25,2016-08-17,,,WorthPoint
kpg-boundary,"Custom Hand Made Exotic Cocobolo Cigar Pen,trimmed In 22 Kt Gold, Free Shipping",18.95,2016-07-23,,,WorthPoint
kpg-boundary,Carlos Santana Supernatural: 24kt Gold Plated Record Limited Edition #507/2500,300.0,2016-03-15,,,WorthPoint
kpg-boundary,Vintage Red Enameled Wood Handle Coiled Wire Whisk (KT.225),12.99,2016-01-31,,,WorthPoint
kpg-boundary,Vintage Copper Candy Pan Brass Handle And Knob (KT.266),19.99,2016-01-31,,,WorthPoint
kpg-boundary,Vintage Prudential Stainless Steel Wheat Large Long Handle Serving Spoon (KT.251,12.99,2016-01-20,,,WorthPoint
kpg-boundary,Adjustable Thickness Metal Hamburger 3/4 Lb-1/4 Lb. Patty Press (KT.269),19.99,2016-01-20,,,WorthPoint
kpg-boundary,Vintage Wide Mouth Tin Aluminum Ribbed Canning Funnel (KT.279),12.99,2016-01-20,,,WorthPoint
kpg-boundary,Vintage 'Nutbrown' Sandwich Toaster Made In England (KT.242),16.99,2015-12-13,,,WorthPoint
kpg-boundary,20 Pc Design Concepts Classic Elegance Fine China 24 Kt Gold Bands NIB,45.99,2015-12-01,,,WorthPoint
kpg-boundary,Vintage Clock Face Demitasse Cups & Saucer Set Of 4 (KT.050),29.99,2015-11-10,,,WorthPoint
kpg-boundary,Vintage Ohata China Occupied Japan Gooseberry Cup And Saucer Set (KT.102),25.99,2015-10-31,,,WorthPoint
kpg-boundary,Blue & White Porcelain Handle Wooden Salad Fork & Spoon (KT-010),18.99,2014-11-21,,,WorthPoint
kpg-boundary,Microtektites Beloc Haiti - K-Pg Boundary,95.0,2014-10-16,,,WorthPoint
kpg-boundary,"KT Boundary Layer 81 Grams, From The Mark Bostick Collection",20.0,2014-10-13,81.0,0.25,WorthPoint
kpg-boundary,Vintage Frosted Grape Juice Glasses Set Of 4 (KT-004),19.99,2014-08-30,,,WorthPoint
kpg-boundary,Vintage Cast Metal Masters Burger Hamburger Press (KT-020),19.5,2014-06-30,,,WorthPoint
kpg-boundary,"KT Boundary Sample - Hell Creek, 65 Million Years, Dinosaur Extinction KP Event",11.05,2013-09-18,,,WorthPoint
kpg-boundary,Handmade Cocobolo Rosewood 30 Caliber 24kt Gold Bullet Twist Pen,27.99,2013-07-07,,,WorthPoint
kpg-boundary,"GEORGE HAMILTON-GORDON, 4th EARL ABERDEEN KG KT FRS [1784-1860] Prime Minister.",36.1,2012-03-05,,,WorthPoint
kpg-boundary,"18 Kt Charles Krypell Diamond & Sapphire Ring NO RESERVE Value Well Over $4,500",1925.0,2012-02-12,,,WorthPoint
kpg-boundary,Kyosho DBX 1/10th 4WD Nitro Ready Set Buggy/KT6 Radio,239.99,2010-10-26,,,WorthPoint
fulgurite,Lot Of SIX! Big! 100% Natural FULGURITE S Or Petrified Lighting 44.3gr,49.99,2026-01-19,44.3,1.13,WorthPoint
fulgurite,FULGURITE Lightning Glass Mineral Specimen SAHARA DESERT Fused Sand AFRICA,19.99,2026-01-19,,,WorthPoint
fulgurite,FULGURITE Lot From Lightning Striking Sand Found By Sahara Nomads (#F7954),10.05,2026-01-17,,,WorthPoint
fulgurite,Long! HOLLOW Tubular FULGURITE Or Petrified Lightning 100% Natural 1.69gr,14.99,2026-01-16,1.69,8.87,WorthPoint
fulgurite,Lot Of EIGHT! Long 100% Natural FULGURITE S Or Petrified Lighting 12.2gr,29.99,2026-01-12,12.2,2.46,WorthPoint
fulgurite,Beautiful Fulgurite Lightning Fused Sand Sahara Bilma Erg-Niger,150.0,2026-01-11,,,WorthPoint
fulgurite,Lightning Glass Fulgurite,95.0,2026-01-06,,,WorthPoint
fulgurite,"Florida Fulgurite Lightning Strike 2-1/2\\\"" Sand Fused Tubular Glass Specimen",19.75,2026-01-05,,,WorthPoint
fulgurite,FULGURITE From Lightning Striking Sand Found By Sahara Nomads WITH HOLE (#F7939),10.04,2026-01-04,,,WorthPoint
fulgurite,"""2.5"""" Fulgurite Petrified Lightning Strike Glass Sahara Desert Algeria""",18.89,2025-12-30,,,WorthPoint
fulgurite,Lot Of SIX LONG! FULGURITE S Or Petrified Lighting 100% Natural Algeria 24.6gr,34.99,2025-12-30,24.6,1.42,WorthPoint
fulgurite,Alabama Beaches Fulgurite 5.5 Inch Lightning Glass 417 Grams Large,300.0,2025-12-30,417.0,0.72,WorthPoint
fulgurite,Fulgurite Copper Layer Citadel Paint Warhammer 40K,6.1,2025-12-30,,,WorthPoint
fulgurite,"""4"""" Fossil Fulgurite Petrified Lightning Stike""",29.99,2025-12-24,,,WorthPoint
fulgurite,FULGURITE LIGHTNING GLASS FUSED SAND Desert Specimen SAHARA DESERT W/ ID Card,5.99,2025-12-22,,,WorthPoint
fulgurite,Fulgurite High Quality,20.0,2025-12-21,,,WorthPoint
fulgurite,BIG Lot Of Nice! 100% Natural FULGURITE S Or Petrified Lighting 25.2gr,24.99,2025-12-21,25.2,0.99,WorthPoint
fulgurite,"""r365-10) 1-1/2"""" Fulgurite Lightning Strike Beach Sand Glass Georgia Fulgurites""",15.99,2025-12-20,,,WorthPoint
fulgurite,HUGE Lot Of LARGER 100% Natural FULGURITE S Or Petrified Lighting 105gr,39.99,2025-12-19,105.0,0.38,WorthPoint
fulgurite,Big Lot Of Eight LONG HOLLOW Tubular FULGURITE S Or Petrified Lighting 16.3gr,49.99,2025-12-18,16.3,3.07,WorthPoint
fulgurite,Fulgurite-Natural Specimen Lightning Fused/California. Beautiful Specimens 20.2g,28.0,2025-12-17,20.2,1.39,WorthPoint
fulgurite,Lot Of Four Larger! HOLLOW FULGURITE S Or Petrified Lighting Algeria 9.9gr,22.99,2025-12-14,9.9,2.32,WorthPoint
fulgurite,"""RARE Natural Fulgurite Crystals, 2-3"""" Choose How Many (Petrified Lightning)""",6.99,2025-12-14,,,WorthPoint
fulgurite,Adeptus Mechanicus 10x Fulgurite Electro-Priests - Painted #4818,79.0,2025-12-11,,,WorthPoint
fulgurite,Rare Large 43 Grams Fulgurite Lightning Stone Florida 43g Rough Raw Mineral,75.0,2025-12-09,43.0,1.74,WorthPoint
fulgurite,"Fulgurite, Fossilized Lightening",12.0,2025-12-09,,,WorthPoint
fulgurite,Long! 100% Natural Fulgurite Necklace Or Pendant! Petrified Lighting 6.27,18.99,2025-12-08,,,WorthPoint
fulgurite,18‚Äù Fulgurite Fossilized Lightning Strike Tube Natural Silica Glass Specimen,499.0,2025-12-07,,,WorthPoint
fulgurite,Fulgurite Lightning. Petrified Lightning. 5 Inches Genuine Stone From Africa,48.0,2025-12-05,,,WorthPoint
fulgurite,Fulgurite Electro-Priests Electroleech Stave Bits - Warhammer 40k Skitarii,7.99,2025-12-04,,,WorthPoint
fulgurite,"""terrific Rare, 2 11/16 """" Fulgurite, Fused Cast Of Lightning In Sand,polk Co, Fl""",22.0,2025-12-03,,,WorthPoint
fulgurite,LONG HOLLOW Tubular FULGURITE Or Petrified Lightning 100% Natural Algeria 6.4gr,34.99,2025-12-02,6.4,5.47,WorthPoint
fulgurite,Warhammer 40k Adeptus Mechanicus Admech Fulgurite Electro-Priests - A147,31.5,2025-12-02,,,WorthPoint
fulgurite,LONG! FULGURITE Or Petrified Lightning 100% Natural Algeria 9.4gr,34.99,2025-12-02,9.4,3.72,WorthPoint
fulgurite,Lot Of Five LONG! TUBULAR HOLLOW Fulgurite S Or Petrified Lighting 9.2gr,39.99,2025-12-02,9.2,4.35,WorthPoint
fulgurite,LIGHTNING GLASS FULGURITE Black Shiny FUSED SAND Pacific Northwest 3.5 In,8.0,2025-12-01,,,WorthPoint
fulgurite,"""2.7"""" Fulgurite Petrified Lightning Strike Glass Sahara Desert Algeria""",21.59,2025-11-30,,,WorthPoint
fulgurite,"""1.7"""" Fulgurite Petrified Lightning Strike Glass Sahara Desert Algeria""",16.19,2025-11-30,,,WorthPoint
fulgurite,"""2.1"""" Fulgurite Petrified Lightning Strike Glass Sahara Desert Algeria""",17.99,2025-11-30,,,WorthPoint
fulgurite,"""(r365-56) 1-3/4"""" Fulgurite Lightning Strike Beach Sand Glass Georgia Fulgurites""",16.49,2025-11-29,,,WorthPoint
fulgurite,"""(r353-35d) 2-3/4"""" Fulgurite Lightning Strike Beach Dune Sand Glass West Texas""",38.99,2025-11-29,,,WorthPoint
fulgurite,Fulgurites - Pair Of Natural Glass Tubes Formed By Lightning Strikes On Sand,18.15,2025-11-28,,,WorthPoint
fulgurite,Alabama Beaches Fulgurite 3.5 Inch Lightning Glass 72 Grams,50.0,2025-11-27,72.0,0.69,WorthPoint
fulgurite,BIG! HOLLOW FULGURITE Or Petrified Lightning 100% Natural Algeria 22.9gr,39.99,2025-11-23,22.9,1.75,WorthPoint
fulgurite,"""Mineral Specimens: Fulgurite, Lightning-Fused Sand Tubes, 5 Tubes/Lot, 1"""" - 1.5""""""",5.99,2025-11-20,,,WorthPoint
fulgurite,"RARE Fulgurite Crystals, Natural Lightning Formed Fulgurite Wholesale Bulk Lots",8.95,2025-11-20,,,WorthPoint
fulgurite,BIG Lot Of EIGHT! Big! 100% Natural FULGURITE S Or Petrified Lighting 75.6gr,39.99,2025-11-19,75.6,0.53,WorthPoint
fulgurite,Lot Of EIGHT! Big! 100% Natural FULGURITE S Or Petrified Lighting 37.8gr,59.99,2025-11-17,37.8,1.59,WorthPoint
fulgurite,Fulgurite Necklace Or Pendant Petrified Lighting! 100% Natural 7.54,13.99,2025-11-17,,,WorthPoint
fulgurite,HUGE FULGURITE Lot From Lightning Striking Sand Found By Sahara Nomads (#Z476),58.59,2025-11-17,,,WorthPoint
fulgurite,Fulgurite Stone Made From Lightning,39.67,2025-11-14,,,WorthPoint
fulgurite,(R310-34) 3 Fulgurites Lightning Strike Beach Sand Glass Sahara Desert Algeria,13.99,2025-11-10,,,WorthPoint
fulgurite,"""superb Rare, 2 1/4"""" Fulgurite, Fused Cast Of Lightning In Sand,polk Co, Fl""",24.0,2025-11-09,,,WorthPoint
fulgurite,Alabama Beaches Fulgurite 2.5 Inch Lightning Glass 59 Grams,35.0,2025-11-07,59.0,0.59,WorthPoint
fulgurite,Fulgurite Florida Beach Sand Lightning Glass - Excellent Natural Lechatelierite,35.0,2025-11-04,,,WorthPoint
fulgurite,"""Florida Fulgurite Lightning Strike 2-5/8"""" Sand Fused Tubular Glass Specimen""",19.75,2025-11-03,,,WorthPoint
fulgurite,"Florida Fulgurite Lightning Strike 2-5/8\\\"" Sand Fused Tubular Glass Specimen",16.79,2025-11-02,,,WorthPoint
fulgurite,Big Lot Of TEN! LARGER! Natural HOLLOW FULGURITE S Or Petrified Lighting 49.9gr,59.99,2025-11-01,49.9,1.2,WorthPoint
fulgurite,Warhammer 40k 3x Fulgurite Electro-Priests Adeptus Mechanicus.notes. S1,15.0,2025-11-01,,,WorthPoint
fulgurite,Fulgurite Electro-priests Mechanicus Warhammer 40k,40.0,2025-10-29,,,WorthPoint
fulgurite,HUGE Lot! Of Natural HOLLOW FULGURITE S Or Petrified Lighting Algeria 53.5gr,39.99,2025-10-28,53.5,0.75,WorthPoint
fulgurite,5 1/4 Inches Fulgurite Lightning Glass Stone Mohave Desert B,8.0,2025-10-26,,,WorthPoint
fulgurite,"""(r365-55) 1-3/4"""" Fulgurite Lightning Strike Beach Sand Glass Georgia Fulgurites""",16.49,2025-10-26,,,WorthPoint
fulgurite,Fulgurites - Set Of Natural Glass Tubes Formed By Lightning Strikes On Sand,13.75,2025-10-25,,,WorthPoint
fulgurite,6 Inches Fulgurite Lightning Glass Stone Mohave Desert A,8.0,2025-10-24,,,WorthPoint
fulgurite,"""2 Pieces Of FULGURITE Morocco 2.5"""" Long - 2pcs Only $15 - FOSSILIZED LIGHTNING!""",15.0,2025-10-24,,,WorthPoint
fulgurite,Black Fulgurite PA Fossil Lighting Hollow Fused Sand Glass,24.99,2025-10-23,,,WorthPoint
fulgurite,Warhammer 40k Admech Adeptus Mechanicus Fulgurite Electro Priests T10,60.0,2025-10-23,,,WorthPoint
fulgurite,7 3/8 Inches Fulgurite Lightning Glass Stone Mohave Desert,17.0,2025-10-23,,,WorthPoint
fulgurite,5 7/8 Inches Fulgurite Lightning Glass Stone Mohave Desert B,8.0,2025-10-23,,,WorthPoint
fulgurite,6 Inches Fulgurite Lightning Glass Stone Mohave Desert C,8.0,2025-10-23,,,WorthPoint
fulgurite,7.51 Inches Fulgurite Lightning Glass Stone Mohave Desert,20.0,2025-10-23,,,WorthPoint
fulgurite,6 15/16 Inches Fulgurite Lightning Glass Stone Mohave Desert,10.0,2025-10-23,,,WorthPoint
fulgurite,"Small‚Ä¢ FULGURITE -Petrified Lightning From High Sierra, NV Museum Quality",20.99,2025-10-23,,,WorthPoint
fulgurite,"Healing Fulgurite Stone, Petrified Lightning, Chakras, Reiki, Well Being",15.99,2025-10-21,,,WorthPoint
fulgurite,6 Inches Fulgurite Lightning Glass Stone Mohave Desert B,8.0,2025-10-20,,,WorthPoint
fulgurite,FloridaÔøº Fulgurite Fossil Lightning Strike Fossils Gem Gift History Treasure,15.0,2025-10-19,,,WorthPoint
fulgurite,5 15/16 Inches Fulgurite Lightning Glass Stone Mohave Desert,8.0,2025-10-19,,,WorthPoint
fulgurite,9.74 Ounce Natural Fulgurite Specimen Found In Oregon Ôøº,60.0,2025-10-18,,,WorthPoint
fulgurite,"Fossil & Mineral Gift Box - Ammonite, Trilobite, Shark Tooth, Fulgurite & More!",34.95,2025-10-16,,,WorthPoint
fulgurite,LONG! HOLLOW FULGURITE Or Petrified Lightning 100% Natural Algeria 5.7gr,19.99,2025-10-14,5.7,3.51,WorthPoint
fulgurite,Lot Of FIVE BIG! 100% Natural HOLLOW FULGURITE S Or Petrified Lighting 32.9gr,49.99,2025-10-14,32.9,1.52,WorthPoint
fulgurite,Warhammer 40k - Adeptus Mechanicus Fulgurite Electro Priests,36.0,2025-10-14,,,WorthPoint
fulgurite,FULGURITE LIGHTNING GLASS Black Shiny FUSED SAND Pacific Northwest 2.5 In,15.0,2025-10-13,,,WorthPoint
fulgurite,BIG Lot! Of Natural HOLLOW FULGURITE S Or Petrified Lighting Algeria 21.4gr,29.99,2025-10-13,21.4,1.4,WorthPoint
fulgurite,Lightning In A Bottle- Fulgurite- Fossilized Lightning-(1),18.0,2025-10-13,,,WorthPoint
fulgurite,HOLLOW LONG Tubular FULGURITE Or Petrified Lightning 100% Natural Algeria 2.33gr,19.99,2025-10-13,2.33,8.58,WorthPoint
fulgurite,"""fabulous Intricate Fulgurite (3 11/16 """") ,coachella Valley,palm Springs, Calif""",30.0,2025-10-13,,,WorthPoint
fulgurite,North Carolina Fulgurite From The Outer Banks,12.0,2025-10-12,,,WorthPoint
fulgurite,LONG! TUBULAR FULGURITE Or Petrified Lightning 100% Natural Algeria 18.3gr,39.99,2025-10-11,18.3,2.19,WorthPoint
fulgurite,FULGURITE ELECTRO-PRIESTS KITBASH BUILT Adeptus Mechanicus Ad Mech Warhammer 40K,12.99,2025-10-11,,,WorthPoint
fulgurite,RARE Fulgurite Crystals Collection Box - Natural Lightning Formed Raw Fulgurite,14.95,2025-10-10,,,WorthPoint
fulgurite,Warhammer 40k Adeptus Mechanicus Corpuscarii Or Fulgurite Electro-Priests NiB,51.0,2025-10-10,,,WorthPoint
fulgurite,"Fulgurite / Green Quartz Handcrafted Sculpture 6""",33.6,2025-10-09,,,WorthPoint
fulgurite,"""awesome Fulgurite (3 1/4"""") ,coachella Valley,palm Springs, Ca Also Fluorescent""",60.0,2025-10-07,,,WorthPoint
fulgurite,8.49 Inches Fulgurite Lightning Glass Stone Mohave Desert A,26.0,2025-10-06,,,WorthPoint
fulgurite,Long! Over FIVE Inch! HOLLOW FULGURITE Or Petrified Lightning Algeria 9.1gr,34.99,2025-10-04,9.1,3.85,WorthPoint
fulgurite,"""Fulgurite Lot Of 7 Pc. 1.5"""" To 5"""" Long Graham Co. Arizona Fused Sand Lightning""",40.0,2025-10-02,,,WorthPoint
fulgurite,HOLLOW LONG! Tubular FULGURITE Or Petrified Lightning 100% Natural Algeria 4.00g,19.99,2025-10-02,4.0,5.0,WorthPoint
fulgurite,7 1/4 Inches Fulgurite Lightning Glass Stone Mohave Desert,17.0,2025-09-30,,,WorthPoint
fulgurite,"""(R399-17-1) 4"""" Fossil Fulgurite Petrified Lightning Strike Beach Sand Glass GA""",26.99,2025-09-30,,,WorthPoint
fulgurite,"""sweet Lot :5 Fulgurites (1 3/8 - 3 7/8 """") , Coachella Valley,palm Springs, Calif""",70.0,2025-09-30,,,WorthPoint
fulgurite,"""Fulgurite Lightning Fused Sand Blond Fulgurite 1/8 Pound 7 Plus Pieces 1-2.25""""""",9.99,2025-09-21,,,WorthPoint
fulgurite,Black Dirt Lightning Glass Fulgurite,10.5,2025-09-20,,,WorthPoint
fulgurite,7 5/8 Inches Fulgurite Lightning Glass Stone Mohave Desert,17.0,2025-09-20,,,WorthPoint
fulgurite,9 Fulgurites Lightning Glass Stone Mohave Desert Rock Mineral B,22.0,2025-09-20,,,WorthPoint
fulgurite,"""awesome Fulgurite (2 5/8"""") ,coachella Valley,palm Springs, Ca Also Fluorescent""",30.0,2025-09-19,,,WorthPoint
fulgurite,Fulgurite From North Carolina Beaches,15.0,2025-09-18,,,WorthPoint
fulgurite,Big Lot Of TEN Larger! 100% Natural FULGURITE S Or Petrified Lighting 29.0gr,24.99,2025-09-18,29.0,0.86,WorthPoint
fulgurite,Fulgurite Electro-Priests (x5) 2 - #145931 - Adeptus Mechanicus,37.12,2025-09-17,,,WorthPoint
fulgurite,"""r352-90i) 2-1/4"""" Fulgurite Lightning Strike Beach Sand Glass West Texas Specimen""",26.99,2025-09-17,,,WorthPoint
fulgurite,Fulgurite Grey From Eastern Colorado,10.0,2025-09-16,,,WorthPoint
fulgurite,"""Fulgurite 5"""" Long 2.5"""" Diameter And About A 1/2"""" Opening. 100% Natural Fulgurite""",20.0,2025-09-16,,,WorthPoint
fulgurite,Corpuscarii / Fulgurite Electro-Priests - Adeptus Mechanicus - Warhammer 40k NEW,45.0,2025-09-15,,,WorthPoint
fulgurite,LARGER! FULGURITE Or Petrified LIGHTNING 100% Natural Algeria 9.8gr,14.99,2025-09-15,9.8,1.53,WorthPoint
fulgurite,Warhammer 40k 5x Fulgurite Electro-Priests Adeptus Mechanicus. S1,38.0,2025-09-13,,,WorthPoint
fulgurite,Fulgurite Electro-Priests [x5] Adeptus Mechanicus [Warhammer 40K] Assembled,37.99,2025-09-07,,,WorthPoint
fulgurite,Fulgurite Necklace / Pendant Petrified Lighting! 100% Natural 1.09,13.99,2025-09-06,,,WorthPoint
fulgurite,Lot Of FOUR! Long 100% Natural HOLLOW FULGURITE S Or Petrified Lighting 34.8gr,25.99,2025-09-04,34.8,0.75,WorthPoint
fulgurite,HUGE Lot! Of Small 100% Natural FULGURITE S Or Petrified LIGHTING Algeria 40.1gr,19.99,2025-09-04,40.1,0.5,WorthPoint
fulgurite,7 1/8 Inches Fulgurite Lightning Glass Stone Mohave Desert,17.0,2025-09-03,,,WorthPoint
fulgurite,"""r365-13) 1-1/2"""" Fulgurite Lightning Strike Beach Sand Glass Georgia Fulgurites""",15.99,2025-08-31,,,WorthPoint
fulgurite,"""r365-11) 1-1/2"""" Fulgurite Lightning Strike Beach Sand Glass Georgia Fulgurites""",15.99,2025-08-31,,,WorthPoint
fulgurite,HUGE Lot Of THIRTY! Larger 100% Natural FULGURITE S Or Petrified Lighting 70.3gr,34.99,2025-08-30,70.3,0.5,WorthPoint
fulgurite,Fulgurite,3750.0,2025-08-29,,,WorthPoint
fulgurite,Adeptus Mechanicus Fulgurite Electro-Priests 40K Warhammer,51.0,2025-08-28,,,WorthPoint
fulgurite,Warhammer 40K Adeptus Mechanicus Fulgurite Electro-Priests Sprue Bits,14.99,2025-08-25,,,WorthPoint
fulgurite,Lighting Glass - FULGURITE W Moldavite And Fire Obsidian Traits 395.5 Ct. Black,59.0,2025-08-22,79.1,0.75,WorthPoint
fulgurite,Rare Large 109 Grams Fulgurite Lightning Stone Florida 109g Rough Raw Mineral,100.0,2025-08-21,109.0,0.92,WorthPoint
fulgurite,7 3/4 Inches Fulgurite Lightning Glass Stone Mohave Desert,17.0,2025-08-20,,,WorthPoint
fulgurite,"""2.9"""" Fulgurite Petrified Lighting Strike Glass Sahara Desert Algeria""",21.99,2025-08-20,,,WorthPoint
fulgurite,10 Fulgurites Lightning Glass Stone Mohave Desert,22.0,2025-08-18,,,WorthPoint
fulgurite,Layer: Fulgurite Copper (12ml),5.19,2025-08-17,,,WorthPoint
fulgurite,Rare Large 75 Grams Fulgurite Lightning Stone Florida 75g Rough Raw Mineral,150.0,2025-08-12,75.0,2.0,WorthPoint
fulgurite,Fulgurite Lightning Fused Sand Singing Type Sahara 3 Pieces In 1 Box Per Lot,9.98,2025-08-12,,,WorthPoint
fulgurite,8.51 Inches Fulgurite Lightning Glass Stone Mohave Desert,12.0,2025-08-11,,,WorthPoint
fulgurite,5.7 Inches Fulgurite Lightning Glass Stone Mohave Desert,8.0,2025-08-10,,,WorthPoint
fulgurite,5.8 Inches Fulgurite Lightning Glass Stone Mohave Desert,8.0,2025-08-10,,,WorthPoint
fulgurite,5.0 Inches Fulgurite Lightning Glass Stone Mohave Desert,8.0,2025-08-10,,,WorthPoint
fulgurite,Fulgurite Lightning Fused Sand Blond Fulgurite 1/4 Pound 15 + Pieces 1-2.28 Inch,12.83,2025-08-10,,,WorthPoint
fulgurite,5 1/2 Inches Fulgurite Lightning Glass Stone Mohave Desert,8.0,2025-08-08,,,WorthPoint
fulgurite,8 3/8 Inches Fulgurite Lightning Glass Stone Mohave Desert A,8.0,2025-08-06,,,WorthPoint
fulgurite,Big! HOLLOW FULGURITE Or Petrified Lightning 100% Natural From Algeria 13.2gr,29.99,2025-08-04,13.2,2.27,WorthPoint
fulgurite,"""sweet Lot Of 7 Fulgurites (7/8 - 2 """"), Coachella Valley, Palm Springs, Ca""",9.95,2025-08-04,,,WorthPoint
fulgurite,"""(r364-118) 1-1/8"""" Fulgurite Lightning Strike Beach Sand Glass Georgia Fulgurites""",14.99,2025-08-03,,,WorthPoint
fulgurite,Big! 100% Natural Fulgurite Necklace Or Pendant! Petrified Lighting 5.52,18.99,2025-08-02,,,WorthPoint
fulgurite,Big Lot Of 100% Natural FULGURITE S Or Petrified Lighting Algeria 20.0.gr,14.99,2025-08-01,,,WorthPoint
fulgurite,6 Fulgurites Lightning Glass Stone Mohave Desert Rock Mineral,10.0,2025-08-01,,,WorthPoint
fulgurite,7.25 Inches Fulgurite Lightning Glass Stone Mohave Desert,12.0,2025-08-01,,,WorthPoint
fulgurite,Fulgurite Lightning Struck Sand Rock Geology Mineral Specimens,9.99,2025-07-31,,,WorthPoint
fulgurite,3 3/4Inches Fulgurite Lightning Glass Stone Mohave Desert,6.0,2025-07-30,,,WorthPoint
fulgurite,"Adeptus Mechanicus Fulgurite Electro-Priests, Assembled, SKU 6",47.0,2025-07-29,,,WorthPoint
fulgurite,Cool Rock. Possibly Fulgurite. Very Dense. 611 Grams,22.0,2025-07-28,611.0,0.04,WorthPoint
fulgurite,"""r365-1) 1-1/2"""" Fulgurite Lightning Strike Beach Sand Glass Georgia Fulgurites""",15.99,2025-07-27,,,WorthPoint
fulgurite,BIG Lot Of UNIQUE FULGURITE S Or Petrified Lighting 100% Natural 52.9gr,49.99,2025-07-27,52.9,0.94,WorthPoint
fulgurite,Games Workshop Warhammer - Citadel Colour Paint LAYER Fulgurite Copper 12ml,10.99,2025-07-26,,,WorthPoint
fulgurite,"""(r365-34) 1-3/4"""" Fulgurite Lightning Strike Beach Sand Glass Georgia Fulgurites""",16.49,2025-07-24,,,WorthPoint
fulgurite,"""5"""" Fulgurite Petrified Lighting Strike Glass Sahara Desert Morocco""",35.0,2025-07-23,,,WorthPoint
fulgurite,Rare Unusual Prayer Pipe Lightning Strike Saraha Desert Fulgurite Crystal #651,33.33,2025-07-21,,,WorthPoint
fulgurite,Fulgurite Lightning Fused Sand Sahara Desert RARE 1/2 Ounce Lot 6+ Pieces,15.99,2025-07-20,,,WorthPoint
fulgurite,Fulgurite Lightning Fused Sand Singing Variety Sahara 1/2 Ounce 8+ Pieces,12.94,2025-07-20,,,WorthPoint
fulgurite,Rare Large 3 Lbs Fulgurite Lightning Stone Florida 3 Pounds XL Rough Raw Mineral,250.0,2025-07-17,1360.8,0.18,WorthPoint
fulgurite,Creedite Goethite Fulgurite 3 Specimen Lot Combined Listing,49.99,2025-07-17,,,WorthPoint
fulgurite,5 7/8 Inches Fulgurite Lightning Glass Stone Mohave Desert,8.0,2025-07-15,,,WorthPoint
fulgurite,"""(r365-41) 1-3/4"""" Fulgurite Lightning Strike Beach Sand Glass Georgia Fulgurites""",16.49,2025-07-15,,,WorthPoint
fulgurite,"""(r365-53) 1-3/4"""" Fulgurite Lightning Strike Beach Sand Glass Georgia Fulgurites""",16.49,2025-07-14,,,WorthPoint
fulgurite,"""FULGURITE 7.5"""" Long 2.5"""" Diameter 3/4"""" Opening 100% Natural GA FULGURITE""",30.0,2025-07-12,,,WorthPoint
fulgurite,Fulgurite Lightning Glass Fused Sand 301,10.0,2025-07-12,,,WorthPoint
fulgurite,Lot Of FOUR Larger! FULGURITE S Or Petrified Lighting Algeria 34.1gr,20.99,2025-07-11,34.1,0.62,WorthPoint
fulgurite,BIG Lot Of SIX! Big! 100% Natural FULGURITE S Or Petrified Lighting 42.8gr,39.99,2025-07-09,42.8,0.93,WorthPoint
fulgurite,"Rare : Fulgurite On A Rock!!!, Coachella Valley, Palm Springs, Ca",9.95,2025-07-07,,,WorthPoint
fulgurite,"""FULGURITE 5"""" Long 3"""" Diameter 1"""" Opening 100% Natural GA FULGURITE""",60.0,2025-07-06,,,WorthPoint
fulgurite,Fulgurite Collection Lightning Sand Glass Mohave Desert Mineral Rock 002,15.0,2025-07-04,,,WorthPoint
fulgurite,Fl 4 Nice Specimens Fulgurite Lightning Fused Sand All Hollow Tubes,44.0,2025-07-04,,,WorthPoint
fulgurite,Lot Of Four! Long TUBULAR HOLLOW FULGURITE S Or Petrified Lighting 15.2gr,39.99,2025-07-01,15.2,2.63,WorthPoint
fulgurite,Dr. Cool Lightning Dig Kit Hands-on Excavation Fulgurite BN,14.99,2025-06-27,,,WorthPoint
fulgurite,"""(r365-42) 1-3/4"""" Fulgurite Lightning Strike Beach Sand Glass Georgia Fulgurites""",16.49,2025-06-27,,,WorthPoint
fulgurite,Big! Fulgurite Necklace / PENDANT Petrified Lighting! 100% Natural 5.41,18.99,2025-06-25,,,WorthPoint
fulgurite,"""r365-3) 1-1/2"""" Fulgurite Lightning Strike Beach Sand Glass Georgia Fulgurites""",15.99,2025-06-25,,,WorthPoint
fulgurite,"""(r365-54) 1-3/4"""" Fulgurite Lightning Strike Beach Sand Glass Georgia Fulgurites""",16.49,2025-06-24,,,WorthPoint
fulgurite,"""3 Specimens FULGURITE Morocco 2.25"""" Long - 3pcs For $18 - FOSSILIZED LIGHTNING!""",18.0,2025-06-23,,,WorthPoint
fulgurite,3 Large Fulgurites Lightning Glass Stone Mohave Desert Rock Mineral 091,15.5,2025-06-20,,,WorthPoint
fulgurite,"""5 & 7/8"""" Inches Fulgurite Lightning Glass Stone Mohave Desert""",7.0,2025-06-20,,,WorthPoint
fulgurite,Big! Very UNIQUE FULGURITE Or Petrified LIGHTNING 100% Natural Algeria 13.1gr,39.99,2025-06-19,13.1,3.05,WorthPoint
fulgurite,Beyond Beautiful Porous Basalt Stone Mixed W/ Fulgurite! Amazing Display Piece!,25.0,2025-06-10,,,WorthPoint
fulgurite,Fulgurite Lightning Fused Sand Sahara 2 Pieces In 1 Box Per Lot,9.9,2025-06-05,,,WorthPoint
fulgurite,9 Inches Fulgurite Lightning Glass Stone Mohave Desert,15.0,2025-06-04,,,WorthPoint
fulgurite,Big Lot Of 100% Natural HOLLOW FULGURITE S Or Petrified Lighting 15.7gr,17.99,2025-06-03,15.7,1.15,WorthPoint
fulgurite,"""(r365-36) 1-3/4"""" Fulgurite Lightning Strike Beach Sand Glass Georgia Fulgurites""",16.49,2025-06-03,,,WorthPoint
fulgurite,"""awesome Fulgurite (5 1/4"""") ,coachella Valley,palm Springs, Ca Also Fluorescent""",60.0,2025-05-31,,,WorthPoint
fulgurite,GW Warhammer 40k Cult Mechanicus Fulgurite Electro-Priests (5),25.0,2025-05-28,,,WorthPoint
fulgurite,(R310-35) 3 Fulgurites Lightning Strike Beach Sand Glass Sahara Desert Algeria,13.99,2025-05-28,,,WorthPoint
fulgurite,Warhammer 40k - Adeptus Mechanicus Fulgurite Electro-Priests,55.0,2025-05-26,,,WorthPoint
fulgurite,6 Inches Fulgurite Lightning Glass Stone Mohave Desert,8.0,2025-05-26,,,WorthPoint
fulgurite,"""(r366-22) 2-1/8"""" Fulgurite Lightning Strike Beach Sand Glass Georgia Fulgurites""",18.99,2025-05-25,,,WorthPoint
fulgurite,"""(r365-48) 1-3/4"""" Fulgurite Lightning Strike Beach Sand Glass Georgia Fulgurites""",16.49,2025-05-25,,,WorthPoint
fulgurite,"""(r365-35) 1-3/4"""" Fulgurite Lightning Strike Beach Sand Glass Georgia Fulgurites""",16.49,2025-05-25,,,WorthPoint
fulgurite,"""(r365-50) 1-3/4"""" Fulgurite Lightning Strike Beach Sand Glass Georgia Fulgurites""",16.49,2025-05-25,,,WorthPoint
fulgurite,Big Lot Of HOLLOW 100% Natural FULGURITE S Or Petrified Lighting Algeria 14.20gr,16.99,2025-05-20,14.2,1.2,WorthPoint
fulgurite,"""(r364-117) 1-1/8"""" Fulgurite Lightning Strike Beach Sand Glass Georgia Fulgurites""",14.99,2025-05-19,,,WorthPoint
fulgurite,"""9"""" Inches Fulgurite Lightning Glass Stone Mohave Desert Rock Mineral""",10.0,2025-05-19,,,WorthPoint
fulgurite,Fulgurite Electro-Priests X5 - Adeptus Mechanicus - Warhammer 40k,33.0,2025-05-16,,,WorthPoint
fulgurite,40K Adeptus Mechanicus _Electro-Priest Fulgurite W/ Electroleech Stave Blind Buy,12.6,2025-05-15,,,WorthPoint
fulgurite,(R310-4) 3 Fulgurites Lightning Strike Beach Sand Glass Sahara Desert Algeria,13.99,2025-05-15,,,WorthPoint
fulgurite,"""sweet Lot Of 5 Fulgurites (11/16- 1 3/8 """") ,coachella Valley,palm Springs, Ca""",9.95,2025-05-12,,,WorthPoint
fulgurite,Rare Form Andara W/inclusions~impact Glass Or Exogenic Fulgurite Lightning Glass,14.99,2025-05-12,,,WorthPoint
fulgurite,Rare Form Andara~double 'branch' Formation~impact Glass Or Exogenic Fulgurite,14.99,2025-05-12,,,WorthPoint
fulgurite,Fulgurite From Colorado Exceptional A+ Specimen Lightening Glass,75.0,2025-05-08,,,WorthPoint
fulgurite,FULGURITE (Petrified Lightning)Fulgurite LIGHTNING GLASS California Sanger 65g,150.0,2025-05-08,65.0,2.31,WorthPoint
fulgurite,Big Lot Of 100% Natural FULGURITE S Or Petrified Lighting 21.5gr,16.99,2025-05-08,21.5,0.79,WorthPoint
fulgurite,"""superb Rare, 2 1/8 """" Fulgurite, Fused Cast Of Lightning In Sand ,polk Co, Fl""",29.0,2025-05-08,,,WorthPoint
fulgurite,"""Fulgurite Lightning Fused Sand 2 Ounce RARE Singing 0.75-2"""" 20+ Pieces""",36.99,2025-05-07,,,WorthPoint
fulgurite,Fulgurite-Natural Specimen Lightning On Matrix Beautiful Specimens 1lb 14.3oz,60.0,2025-05-07,405.405,0.15,WorthPoint
fulgurite,"""r365-6) 1-1/2"""" Fulgurite Lightning Strike Beach Sand Glass Georgia Fulgurites""",15.99,2025-05-06,,,WorthPoint
fulgurite,"""(r364-113) 1-1/8"""" Fulgurite Lightning Strike Beach Sand Glass Georgia Fulgurites""",14.99,2025-05-05,,,WorthPoint
fulgurite,FULGURITE LIGHTNING GLASS Fused To Host Rock Unique Specimen Fresno County,65.0,2025-05-05,,,WorthPoint
fulgurite,Fulgurite Lightning Fused Sand Singing Fulgurite Sahara 1/2 Ounce 9 Plus Piece,12.94,2025-05-04,,,WorthPoint
fulgurite,Adeptus Mechanicus Fulgurite / Corpuscarii Electro-Priests,49.3,2025-05-03,,,WorthPoint
fulgurite,"""awesome Fulgurite (4 3/4"""") ,coachella Valley,palm Springs, Ca Also Fluorescent""",40.0,2025-05-02,,,WorthPoint
fulgurite,Long! Almost FOUR INCH Hollow FULGURITE Or Petrified Lightning Algeria 13.9gr,29.99,2025-04-28,13.9,2.16,WorthPoint
fulgurite,"""6.5"""" Inches Fulgurite Lightning Glass Stone Mohave Desert Rock Mineral""",8.0,2025-04-28,,,WorthPoint
fulgurite,"""5"""" Inches Fulgurite Lightning Glass Stone Mohave Desert Rock Mineral""",8.0,2025-04-23,,,WorthPoint
fulgurite,"""7"""" Inches Fulgurite Lightning Glass Stone Mohave Desert""",20.0,2025-04-19,,,WorthPoint
fulgurite,Big Lot Of Larger! 100% Natural FULGURITE S Or Petrified Lighting 27.0gr,15.99,2025-04-18,27.0,0.59,WorthPoint
fulgurite,Rare Form Andara~dark Green W/nice Flow Lines~impact Glass Or Exogenic Fulgurite,14.99,2025-04-17,,,WorthPoint
fulgurite,"Fulgurite Lightning Glass, Fulgurite Stone, Lightning Strikes Sand, 4 1/4 Inch",19.95,2025-04-11,,,WorthPoint
fulgurite,Fulgurite Lightning Fused Sand Singing Type Sahara 4 Pieces In 2 Boxes Per Lot,10.35,2025-04-11,,,WorthPoint
fulgurite,"""(r365-45) 1-3/4"""" Fulgurite Lightning Strike Beach Sand Glass Georgia Fulgurites""",16.49,2025-04-09,,,WorthPoint
fulgurite,Larger 100% Natural HOLLOW FULGURITE Or Petrified Lightning Algeria 8.2gr,15.99,2025-04-08,8.2,1.95,WorthPoint
fulgurite,Rare Large 107 Grams Fulgurite Lightning Stone Florida 107g Rough Raw Mineral,45.0,2025-04-07,107.0,0.42,WorthPoint
fulgurite,HOLLOW FULGURITE Or Petrified Lightning 100% Natural Algeria 5.8gr,14.99,2025-04-04,5.8,2.58,WorthPoint
fulgurite,Layer Fulgurite Copper Games Workshop Citadel Colour,6.1,2025-04-02,,,WorthPoint
fulgurite,1 Fulgurite Petrified Lightning,7.0,2025-04-02,,,WorthPoint
fulgurite,Big Lot Of Larger! FULGURITE S Or Petrified Lighting 100% Natural 24.8gr,15.99,2025-04-01,24.8,0.64,WorthPoint
fulgurite,Larger! Hollow FULGURITE Or Petrified Lightning 100% Natural Algeria 6.1gr,20.99,2025-03-31,6.1,3.44,WorthPoint
fulgurite,Long! SIX INCH Hollow FULGURITE Or Petrified Lightning Algeria 21.4gr,59.99,2025-03-27,21.4,2.8,WorthPoint
fulgurite,"""(R399-17-4) 4"""" Fossil Fulgurite Petrified Lightning Strike Beach Sand Glass GA""",26.99,2025-03-24,,,WorthPoint
fulgurite,10 Pieces Of Fulgurite Lightning Sand Glass Mohave Desert Rock 6 Oz,15.0,2025-03-24,170.1,0.09,WorthPoint
fulgurite,Over 150 Count Lot 100% Natural Lightning California Fulgurites Garnet Hill P12,105.99,2025-03-20,,,WorthPoint
fulgurite,"""Black Fulgurite PA Fossil Lighting """"y"""" Shaped Fused Sand Glass""",24.99,2025-03-20,,,WorthPoint
fulgurite,GW Warhammer 40k Cult Mechanicus Fulgurite Electro-Priests #8 NM,60.0,2025-03-19,,,WorthPoint
fulgurite,Big Lot Of Smaller TUBULAR 100% Natural FULGURITE S Or Petrified Lighting 9.3gr,19.99,2025-03-19,9.3,2.15,WorthPoint
fulgurite,GIANT Lot! Of 100% Natural FULGURITE S Or Petrified Lighting Algeria 75.4gr,34.99,2025-03-18,75.4,0.46,WorthPoint
fulgurite,"""Fulgurite Rock 3"""" X 3"""" X 1-1/4"""" H""",5.0,2025-03-17,,,WorthPoint
fulgurite,BIG! FULGURITE Or Petrified Lightning 100% Natural Algeria 35.6gr,39.99,2025-03-16,35.6,1.12,WorthPoint
fulgurite,LOT Of 3 Black Fulgurites PA Fossil Lighting Fused Sand Glass,34.99,2025-03-06,,,WorthPoint
fulgurite,"""(r365-44) 1-3/4"""" Fulgurite Lightning Strike Beach Sand Glass Georgia Fulgurites""",16.49,2025-03-04,,,WorthPoint
fulgurite,"""(r365-37) 1-3/4"""" Fulgurite Lightning Strike Beach Sand Glass Georgia Fulgurites""",16.49,2025-03-03,,,WorthPoint
fulgurite,Big Lot Of Small TUBULAR 100% Natural FULGURITE S Or Petrified Lighting 7.56gr,19.99,2025-03-01,7.56,2.64,WorthPoint
fulgurite,FULGURITE Aka Petrified Lightening (Sand),17.0,2025-02-27,,,WorthPoint
fulgurite,Lot Of 4 BLACK Fulgurites RARE PA Fulgurite Wholesale Closeout!,94.99,2025-02-26,,,WorthPoint
fulgurite,Long! 100% Natural HOLLOW FULGURITE Or Petrified Lightning Algeria 2.1gr,13.99,2025-02-21,2.1,6.66,WorthPoint
fulgurite,"""r365-32-6) 1-1/2"""" Fulgurite Lightning Strike Beach Sand Glass Georgia Fulgurites""",15.99,2025-02-21,,,WorthPoint
fulgurite,Alabama Fulgurite/Lightning Glass 5.28 Gram,28.0,2025-02-20,5.28,5.3,WorthPoint
fulgurite,FULGURITE Lightning Strike Glass Mineral Specimen MOJAVE DESERT Fused Sand RARE,21.59,2025-02-17,,,WorthPoint
fulgurite,Warhammer 40K Fulgurite Electro-Priests Adeptus Mechanicus Army Lot Painted,46.4,2025-02-15,,,WorthPoint
fulgurite,Games Workshop Adeptus Mechanicus: Fulgurite Electro-Priests X10 Assembled,34.99,2025-02-12,,,WorthPoint
fulgurite,"""(r362-50) 4 Piece Set 1/2-1-1/8"""" Fulgurites Lightning Strike Beach Sand Glass GA""",22.99,2025-02-08,,,WorthPoint
fulgurite,Fulgurite Fossil Lightning Minerals Crystals Gems,7.99,2025-02-01,,,WorthPoint
fulgurite,"""1.6"""" Fulgurite Petrified Lighting Strike Sahara Desert Morocco""",15.99,2025-01-30,,,WorthPoint
fulgurite,Lot Of FOUR! FULGURITE S Or Petrified Lighting 100% Natural 7.8gr,17.99,2025-01-26,7.8,2.31,WorthPoint
fulgurite,"""7 & 3/4"""" Fulgurite Lightning Sand Glass Mohave Desert Mineral Rock""",25.0,2025-01-22,,,WorthPoint
fulgurite,"""(r364-132) 1-1/8"""" Fulgurite Lightning Strike Beach Sand Glass Georgia Fulgurites""",14.99,2025-01-22,,,WorthPoint
fulgurite,"""r365-4) 1-1/2"""" Fulgurite Lightning Strike Beach Sand Glass Georgia Fulgurites""",15.99,2025-01-22,,,WorthPoint
fulgurite,"""r365-8) 1-1/2"""" Fulgurite Lightning Strike Beach Sand Glass Georgia Fulgurites""",15.99,2025-01-22,,,WorthPoint
fulgurite,Big Lot Of 100% Natural FULGURITE S Or Petrified Lighting 19.8gr,19.99,2025-01-21,19.8,1.01,WorthPoint
fulgurite,Large Bag Of Fulgurite Specimens - Your Bid Will Buy The Whole Bag!,20.0,2025-01-20,,,WorthPoint
fulgurite,"Warhammer 40k 40,000 Adeptus Mechanicus Corpuscarii / Fulgurite Electro-priests",49.3,2025-01-19,,,WorthPoint
fulgurite,"GENUINE FULGURITE -- Rebersburg, Centre County, Pennsylvania PA",45.0,2025-01-17,,,WorthPoint
fulgurite,R353-35A) 2-3/4 Fulgurite Lightning Strike Beach Dune Sand Hill Glass West Texas,38.99,2025-01-16,,,WorthPoint
fulgurite,R353-35i) 2-3/4 Fulgurite Lightning Strike Beach Dune Sand Hill Glass West Texas,38.99,2025-01-16,,,WorthPoint
fulgurite,"Fossils & Rocks: Trinitite, Fulgurites, Petrified Wood & Meteorite Oxide",155.25,2025-01-16,,,WorthPoint
fulgurite,"FULGURITE , Lighting Glass , Petrified Lighting , Fulgurites",145.0,2025-01-13,,,WorthPoint
fulgurite,"""r365-2) 1-1/2"""" Fulgurite Lightning Strike Beach Sand Glass Georgia Fulgurites""",15.99,2025-01-11,,,WorthPoint
fulgurite,Warhammer 40k Adeptus Mechanicus - Fulgurite Electro-Priests (unpainted),39.85,2025-01-06,,,WorthPoint
fulgurite,13 Fluorescent Fulgurites From California 100% Natural Lightening Created,62.99,2025-01-05,,,WorthPoint
fulgurite,4‚Äù Fulgurite Lightning Strike Beach Sand Glass Lake Michigan,52.99,2025-01-03,,,WorthPoint
fulgurite,(r352-49) Fulgurite Lightning Strike Beach Sand Glass West Texas Specimen Piece,14.99,2025-01-02,,,WorthPoint
fulgurite,21 Pieces Of Fulgurite Lightning Sand Glass Mohave Desert Rock 31 Oz,15.0,2025-01-02,878.85,0.02,WorthPoint
fulgurite,Big Lot Of UNIQUE! 100% Natural FULGURITE S Or Petrified Lighting 27.4gr,29.99,2025-01-02,27.4,1.09,WorthPoint
fulgurite,3 Piece Set Of Lightning Fused Fulgurite,12.0,2024-12-31,,,WorthPoint
fulgurite,Rare 27 Gram Fulgurite Lightning Stone Florida 27g Rough Raw Mineral,49.95,2024-12-31,27.0,1.85,WorthPoint
fulgurite,Rare Large 131 Grams Fulgurite Lightning Stone Florida 131g Rough Raw Mineral,100.0,2024-12-31,131.0,0.76,WorthPoint
fulgurite,"""(R309-3) 2"""" Fulgurite Lightning Strike Beach Fused Sand Sahara Desert Morocco""",14.99,2024-12-30,,,WorthPoint
fulgurite,FULGURITE Lightning Glass CRATER LAKE VOLCANIC ASH Mineral Specimen MONTANA,29.99,2024-12-29,,,WorthPoint
fulgurite,UNCOMMON FULGURITE - 3.6 Cm - Old Collection - MICHIGAN 28315,9.0,2024-12-29,,,WorthPoint
fulgurite,10.01 Inch Fulgurite Lightning Sand Glass Mohave Desert Rock Crystal,5.5,2024-12-28,,,WorthPoint
fulgurite,Prayer Pipe Lightning Strike Saraha Desert Fulgurite Crystal 264,44.0,2024-12-27,,,WorthPoint
fulgurite,Fulgurite Necklace Or Pendant! Petrified Lighting! 100% Natural 8.85,13.99,2024-12-25,,,WorthPoint
fulgurite,Lot Of Larger TUBULAR 100% Natural FULGURITE S Or Petrified Lighting 15.1gr,29.99,2024-12-25,15.1,1.99,WorthPoint
fulgurite,HUGE Lot! Of 100% Natural FULGURITE S Or Petrified Lighting Algeria 30.1gr,17.99,2024-12-25,30.1,0.6,WorthPoint
fulgurite,Big Lot Of 100% Natural FULGURITE S Or Petrified Lighting 20.8gr,19.99,2024-12-20,20.8,0.96,WorthPoint
fulgurite,Ahoy: Fulgurite (2 Lot) 40-42 Mm/each #1008,13.0,2024-12-20,,,WorthPoint
fulgurite,7.25 Inch Fulgurite Lightning Sand Glass Mohave Desert Rock Crystal 1 Lbs 6 Oz,25.0,2024-12-20,170.1,0.15,WorthPoint
fulgurite,"""(r364-138) 1-1/8"""" Fulgurite Lightning Strike Beach Sand Glass Georgia Fulgurites""",14.99,2024-12-19,,,WorthPoint
fulgurite,Warhammer 40k Adeptus Mechanicus Fulgurite Electro-Priests,60.0,2024-12-14,,,WorthPoint
fulgurite,"""1 Fossilized Lightning Fulgurite 1-9/16"""" - 2-1/4""""""",8.5,2024-12-13,,,WorthPoint
fulgurite,"""R309-2) 1-3/8"""" Fulgurite Lightning Strike Beach Fused Sand Sahara Desert Morocco""",14.99,2024-12-12,,,WorthPoint
fulgurite,"""r365-32-4) 1-1/2"""" Fulgurite Lightning Strike Beach Sand Glass Georgia Fulgurites""",15.99,2024-12-12,,,WorthPoint
fulgurite,Lot Of FOUR! Larger FULGURITE S Or Petrified Lighting 100% Natural 21.9gr,25.99,2024-12-10,21.9,1.19,WorthPoint
fulgurite,Fulgurite - Fossilized Lightning / 10pc Lot / 0.6 To 1.2 Inches - Nice Quality!,17.75,2024-12-08,,,WorthPoint
fulgurite,Adeptus Mechanicus Fulgurite Electro-Priests Warhammer 40K,15.5,2024-12-05,,,WorthPoint
fulgurite,"""Fulgurite -lightening Fused Silica - Petrified Lightening- Morocco- 6.5""""""",20.0,2024-12-03,,,WorthPoint
fulgurite,Big Lot Of Larger! HOLLOW 100% Natural FULGURITE S Or Petrified Lighting 18.1gr,27.99,2024-11-29,18.1,1.55,WorthPoint
fulgurite,Fl Fulgurite Lightning Glass Four Specimens,19.0,2024-11-27,,,WorthPoint
fulgurite,7.5 Inch Fulgurite Lightning Sand Glass Mohave Desert Rock Crystal 1 Lbs 10 Oz,25.0,2024-11-26,283.5,0.09,WorthPoint
fulgurite,"""XXL 6.4"""" Fulgurite Petrified Lighting Strike Glass Sahara Desert Algeria""",134.99,2024-11-26,,,WorthPoint
fulgurite,"""4 NATURAL ROUGH 1.2""""-2"""" FULGURITE LIGHTNING FUSED SAND PILLARS MOROCCO 47.5g *3""",25.79,2024-11-24,47.5,0.54,WorthPoint
fulgurite,Big Lot Of 100% Natural TUBULAR FULGURITE S Or Petrified Lighting 9.5gr,29.99,2024-11-22,9.5,3.16,WorthPoint
fulgurite,11 Inch Fulgurite Lightning Sand Glass Mohave Desert Rock Crystal 4 Lbs 13 Oz,23.5,2024-11-21,368.55,0.06,WorthPoint
fulgurite,"""r352-100) 2-1/4"""" Fulgurite Lightning Strike Beach Sand Glass West Texas Specimen""",26.99,2024-11-20,,,WorthPoint
fulgurite,"""terrific, Rare, 2 1/2 """" Fulgurite, Fused Cast Of Lightning In Sand, Augusta, Ga""",23.0,2024-11-18,,,WorthPoint
fulgurite,Fulgurite Stone Petrified Fossilized Lightning 1 Pc,9.99,2024-11-17,,,WorthPoint
fulgurite,8 Pieces Of Fulgurite Lightning Sand Glass Mohave Desert Rock 2 Lbs 5 Ounces,15.0,2024-11-17,907.2,0.02,WorthPoint
fulgurite,Fossil Fulgurites Lightening Sand Strikes Crystal Glass Florida 8 Pieces LOT,36.0,2024-11-17,,,WorthPoint
fulgurite,Fossil Fulgurites Lightening Strikes Sand Crystal Glass Florida 8 Pieces LOT,36.0,2024-11-17,,,WorthPoint
fulgurite,Big Lot! Of 100% Natural FULGURITE S Or Petrified Lighting Algeria 15.0gr,16.99,2024-11-17,15.0,1.13,WorthPoint
fulgurite,"""LOW START! TOTALLY TUBULAR! 4.75"""" Natural Glass FULGURITE From LIGHTNING 120mm""",29.99,2024-11-17,,,WorthPoint
fulgurite,"""FULGURITE (1 Piece) Aka Petrified Lightening (Sand)- Pieces Range From 0.75""""-1""""""",10.0,2024-11-16,,,WorthPoint
fulgurite,Lot Of FULGURITE S Or Petrified Lighting 100% Natural 19.4gr,16.99,2024-11-15,19.4,0.88,WorthPoint
fulgurite,11 Pieces Of Fulgurite Lightning Sand Glass Mohave Desert Rock 2.11 Lbs,10.0,2024-11-14,957.096,0.01,WorthPoint
fulgurite,Way Cool Fulgurite Lightning Fused Sand From Gobi Desert 16.2g,24.99,2024-11-14,16.2,1.54,WorthPoint
fulgurite,HUGE! 100% Natural HOLLOW FULGURITE Or Petrified Lightning 50.5gr,79.99,2024-11-13,50.5,1.58,WorthPoint
fulgurite,"""2.4"""" Fulgurite Petrified Lighting Strike Glass Sahara Desert Algeria""",17.99,2024-11-13,,,WorthPoint
fulgurite,Warhammer 40K Fulgurite Electro-Priests Adeptus Mechanicus 10x Primed,70.0,2024-11-12,,,WorthPoint
fulgurite,Larger! Fulgurite Necklace Or Pendant Petrified Lighting! 100% Natural 8.41,15.99,2024-11-12,,,WorthPoint
fulgurite,Fl Fulgurite Lightning Fused Sand,17.0,2024-11-12,,,WorthPoint
fulgurite,1 Fulgurite Petrified Lightning. 1 To 1.5 Inch.,8.0,2024-11-10,,,WorthPoint
fulgurite,Larger! Fulgurite Necklace Or Pendant! Petrified Lighting! 100% Natural 1.22,19.99,2024-11-08,,,WorthPoint
fulgurite,Fulgurite Free Form Stone Crystal Pendant Necklace,29.0,2024-11-07,,,WorthPoint
fulgurite,"""(r364-134) 1-1/8"""" Fulgurite Lightning Strike Beach Sand Glass Georgia Fulgurites""",14.99,2024-11-05,,,WorthPoint
fulgurite,1 Fulgurite Petrified Lightning. About 1 Inch Or A Little More.,7.0,2024-11-05,,,WorthPoint
fulgurite,"""R353-75E) 3-1/2"""" Fulgurite Lightning Strike Beach Sand Glass West Texas Specimen""",50.99,2024-11-05,,,WorthPoint
fulgurite,Larger! 100% Natural HOLLOW FULGURITE Or Petrified Lightning Algeria 24.7gr,29.99,2024-11-03,24.7,1.21,WorthPoint
fulgurite,Warhammer 40k Adeptus Mechanicus Electro-priests Fulgurite,70.0,2024-11-03,,,WorthPoint
fulgurite,HUGE Rare Large 1 LBS Fulgurite Lightning Stone Florida 447g Rough Raw Mineral,250.0,2024-11-03,447.0,0.56,WorthPoint
fulgurite,"""(r365-23) 1-1/2"""" Fulgurite Lightning Strike Beach Sand Glass Georgia Fulgurites""",15.99,2024-11-02,,,WorthPoint
fulgurite,TWO! Larger HOLLOW FULGURITE S Or Petrified Lighting 100% Natural 11.0gr,17.99,2024-11-02,11.0,1.64,WorthPoint
fulgurite,Clear Quartz / Fulgurite / Crystal - Natural Art Mineral Specimen,26.4,2024-10-31,,,WorthPoint
fulgurite,HUGE Rare Large Piece Fulgurite Lightning Stone Florida 321g Rough Raw Mineral,150.0,2024-10-29,321.0,0.47,WorthPoint
fulgurite,Long! 100% Natural HOLLOW FULGURITE Or Petrified Lightning 5.8gr,27.99,2024-10-29,5.8,4.83,WorthPoint
fulgurite,Warhammer 40k Adeptus Mechanicus Fulgurite Electro-Priests B-14 Free Shipping,38.0,2024-10-27,,,WorthPoint
fulgurite,Warhammer 40K Fulgurite Electro-Priests Adeptus Mechanicus 5x Built,40.0,2024-10-26,,,WorthPoint
fulgurite,"""1.5"""" Fulgurite Petrified Lighting Strike Glass Sahara Desert Algeria""",14.39,2024-10-26,,,WorthPoint
fulgurite,Fulgurite Lightning Fused Sand Blond Fulgurite 100 Grams 10 + Pieces 1-2.2 Inch,16.81,2024-10-23,100.0,0.17,WorthPoint
fulgurite,Lot Of SIX! Larger 100%Natural FULGURITE S Or Petrified Lighting Algeria 25.3gr,23.99,2024-10-22,25.3,0.95,WorthPoint
fulgurite,Fulgurite - Lightning Glass - 77 Grams - 1 Piece,50.0,2024-10-20,77.0,0.65,WorthPoint
fulgurite,"""Florida Fulgurite Lightning Strike 3"""" Sand Fused Tubular Glass Specimen""",19.75,2024-10-19,,,WorthPoint
fulgurite,"""FULGURITE Lightning Glass- 3 Pieces From Sahara Desert In 5""""√ó7"""" Display Case""",25.0,2024-10-11,,,WorthPoint
fulgurite,"""(r366-24) 2-1/8"""" Fulgurite Lightning Strike Beach Sand Dune Glass GA Fulgurites""",18.99,2024-10-10,,,WorthPoint
fulgurite,"""Florida Fulgurite Lightning Strike 3-1/2"""" Sand Fused Tubular Glass Specimen""",19.75,2024-10-10,,,WorthPoint
fulgurite,Big! 100% Natural FULGURITE Or Petrified Lightning Algeria 19.2gr,38.99,2024-10-07,19.2,2.03,WorthPoint
fulgurite,Larger! 100% Natural Fulgurite Necklace Or Pendant! Petrified Lighting! 5.52,15.99,2024-10-04,,,WorthPoint
fulgurite,Fl Fulgurite Lightning Glass,27.0,2024-10-04,,,WorthPoint
fulgurite,Big Lot Of HOLLOW! 100% Natural FULGURITE S Or Petrified Lighting Algeria 24.5gr,24.99,2024-10-02,24.5,1.02,WorthPoint
fulgurite,Hawaiian Lightning Glass Fulgurite Pair,110.0,2024-10-01,,,WorthPoint
fulgurite,5-Pack 100% Natural Lightning Formed California Branched Fulgurite Garnet HillO9,15.99,2024-10-01,,,WorthPoint
fulgurite,"2.2"" Fulgurite Petrified Lighting Strike Glass Sahara Desert Algeria",19.99,2024-09-30,,,WorthPoint
fulgurite,Fantastic Fulgurite Also Known As Petrified Lightning HUGE PIECE,50.0,2024-09-29,,,WorthPoint
fulgurite,"2 Pieces Of FULGURITE Morocco 1.75"" Long - 2pcs Only $9 - FOSSILIZED LIGHTNING!",9.0,2024-09-29,,,WorthPoint
fulgurite,"FULGURITE , Lighting Glass , Petrified Lighting , Fulgurite 6.75""",60.0,2024-09-28,,,WorthPoint
fulgurite,Lot Of FIVE! HOLLOW 100% Natural FULGURITE S Or Petrified Lighting Algeria 9.5gr,15.99,2024-09-25,9.5,1.68,WorthPoint
fulgurite,Fulgurite Lightning Fused Sand Singing Type Sahara 8 Pieces In 2 Boxes Per Lot,16.27,2024-09-22,,,WorthPoint
fulgurite,HUGE! 100% Natural HOLLOW FULGURITE Or Petrified Lightning 46.7gr,59.99,2024-09-21,46.7,1.28,WorthPoint
fulgurite,100% Natural Lightning California Branched Tube Fulgurite Garnet Hill O37,21.99,2024-09-20,,,WorthPoint
fulgurite,Games Workshop Warhammer 40K Adeptus Mechanicus Fulgurite Electro-priests,40.0,2024-09-17,,,WorthPoint
fulgurite,"(r363-19) 2 Fulgurites 1-1/8"" Lightning Strike Beach Sand Dune Glass Georgia",18.99,2024-09-17,,,WorthPoint
fulgurite,Warhammer 40k Adeptus Mechanicus Fulgurite Electro-Priests / Corpuscarii Electro,45.0,2024-09-16,,,WorthPoint
fulgurite,Fulgurite Lightning Fused Sand Singing Type Sahara 2 Pieces In 1 Box Per Lot,9.9,2024-09-11,,,WorthPoint
fulgurite,Fulgurite Petrified Lighting From The Mojave Desert. 710 Grams #100008,150.0,2024-09-10,710.0,0.21,WorthPoint
fulgurite,Florida 20 Specimens Fulgurite Lightning Glass,74.0,2024-09-08,,,WorthPoint
fulgurite,"Natural Raw Copper, Fulgurites, 7pcs 24 Grams Meteorites, 3 Dino Bone Pendants",55.0,2024-09-06,24.0,2.29,WorthPoint
fulgurite,"Black Fulgurite PA Fossil Lighting ""y"" Shaped Fused Sand Glass",24.99,2024-09-03,,,WorthPoint
fulgurite,Fossilized Lightening/ Fulgurite,30.0,2024-09-03,,,WorthPoint
fulgurite,FULGURITE (Petrified Lightning)Fulgurite LIGHTNING GLASS 2 Lbs,27.5,2024-08-31,907.2,0.03,WorthPoint
fulgurite,"4.5"" Fulgurite Petrified Lighting Strike From GA",30.0,2024-08-29,,,WorthPoint
fulgurite,"R353-52d) 3"" Fulgurite Lightning Strike Beach Sand Glass West Texas Specimen",44.99,2024-08-27,,,WorthPoint
fulgurite,"(r364-112) 1-1/8"" Fulgurite Lightning Strike Beach Sand Glass Georgia Fulgurites",14.99,2024-08-24,,,WorthPoint
fulgurite,Fulgurite 2pcs Lot,25.0,2024-08-20,,,WorthPoint
fulgurite,FULGURITE (Petrified Lightning)Fulgurite LIGHTNING GLASS 7 Oz,21.95,2024-08-20,198.45,0.11,WorthPoint
fulgurite,10 Painted Fulgurite Electro-Priests Adeptus Mechanicus Warhammer 40K,53.5,2024-08-20,,,WorthPoint
fulgurite,"Fulgurite Sculpture Petrified Lightning, Healing Art Collection Piece Marble",579.99,2024-08-18,,,WorthPoint
fulgurite,"Superb Rare, 2 1/16 "" Fulgurite, Fused Cast Of Lightning In Sand,polk Co, Fl",20.0,2024-08-18,,,WorthPoint
fulgurite,Meteorite Fulgurite And Stingray Teeth Rock Stone Lapidary Specimen,28.8,2024-08-15,,,WorthPoint
fulgurite,Fulgurite Lightning Fused Sand Singing Type Sahara 12 Pieces In 4 Boxes Per Lot,22.19,2024-08-13,,,WorthPoint
fulgurite,"Fulgurite Lightning Glass Very Clean ""Hal"" 65.68 Cts.",24.0,2024-08-12,13.136,1.83,WorthPoint
fulgurite,"Fulgurite Huge Lot ""Small Pieces"" California. Petrified Lightning 119.5 Grams",130.0,2024-08-08,119.5,1.09,WorthPoint
fulgurite,Fulgurite Lightning Fused Sand RARE Singing Fulgurite Sahara 1 Ounce 10+ Piece,22.19,2024-08-07,,,WorthPoint
fulgurite,Large Natural Lightning California Crystal Fluorescent Fulgurite Garnet Hill O66,68.99,2024-08-01,,,WorthPoint
fulgurite,Rare Fulgurite 105g Lot Of 3 Lightning Stone Florida 105g Rough Raw Mineral Gem,75.0,2024-08-01,105.0,0.71,WorthPoint
fulgurite,Lot Of Three Larger 100% Natural HOLLOW FULGURITE S Or Petrified Lighting 19.3gr,27.99,2024-07-30,19.3,1.45,WorthPoint
fulgurite,"(r364-29) 2 Fulgurites 1-5/8"" Lightning Strike Beach Sand Glass Georgia Set",22.99,2024-07-29,,,WorthPoint
fulgurite,"(r365-24) 1-1/2"" Fulgurite Lightning Strike Beach Sand Glass Georgia Fulgurites",15.99,2024-07-29,,,WorthPoint
fulgurite,"2.3"" Fulgurite Petrified Lighting Strike Glass Sahara Desert Algeria",21.99,2024-07-24,,,WorthPoint
fulgurite,Warhammer 40k FULGURITE ELECTRO-PRIESTS (x5) Adeptus Mechanicus Painted RYZA,41.0,2024-07-22,,,WorthPoint
fulgurite,"Fulgurite Lightning Glass ""Roll Tide"" 37.65 Cts",24.0,2024-07-22,7.53,3.19,WorthPoint
fulgurite,Fulgurite Fossil,45.0,2024-07-13,,,WorthPoint
fulgurite,Fulgurite Lightning Glass 65.68 Cts.,34.0,2024-07-10,13.136,2.59,WorthPoint
fulgurite,Fulgurite Lightning Glass 1 1/4 Lbs. Connecticut Made,29.95,2024-07-10,,,WorthPoint
fulgurite,Fulgurite - Lightning Glass From 1950s Michigan/ Wisconsin Border,15.0,2024-07-10,,,WorthPoint
fulgurite,Rare Lightning Strike-made Exogenic Fulgurite Glass ~ Extremely Unique!,42.99,2024-07-10,,,WorthPoint
fulgurite,"Fulgurite/Lightning Glass 37.85. ""Sweet Home Alabama""",32.0,2024-07-09,,,WorthPoint
fulgurite,FULGURITE From Northeast In Big Deposit 16 Grams From Possible Metorite Strike,100.0,2024-07-08,16.0,6.25,WorthPoint
fulgurite,"Fulgurite/Lightning Glass 20.75 Cts ""Sweet Home Alabama""",24.0,2024-07-08,4.15,5.78,WorthPoint
fulgurite,"Fulgurite ( Lightning Glass, Lightning Rock, Petrified Lightning )",35.0,2024-07-06,,,WorthPoint
fulgurite,Fulgurites,285.0,2024-07-06,,,WorthPoint
fulgurite,Big! Fulgurite Necklace Or Pendant! Petrified Lighting! 100% Natural 6.42,19.99,2024-07-06,,,WorthPoint
fulgurite,"(r365-22) 1-1/2"" Fulgurite Lightning Strike Beach Sand Glass Georgia Fulgurites",15.99,2024-07-06,,,WorthPoint
fulgurite,Big Lot! 100% Natural HOLLOW FULGURITE S Or Petrified Lighting 14.0gr,29.99,2024-07-03,14.0,2.14,WorthPoint
fulgurite,FULGURITE Lightning Glass 3 Pieces From Sahara Desert In 5√ó7 Display Case,19.0,2024-06-29,,,WorthPoint
fulgurite,"PRESERVED LIGHTNING STRIKE FULGURITE CRYSTAL FOSSIL SAND GLASS Amazing Detail 3""",40.0,2024-06-29,,,WorthPoint
fulgurite,Fulgurite Lightning Glass 67.70 Cts.,44.0,2024-06-27,13.54,3.25,WorthPoint
fulgurite,"Fulgurite, Fulgurites, Lighting Glass, Petrified Lightning,black Foot Fulgurite",749.0,2024-06-27,,,WorthPoint
fulgurite,Big! Very RARE 100% Natural FULGURITE Or Petrified Lightning 15.3gr,24.99,2024-06-18,15.3,1.63,WorthPoint
fulgurite,"1.8"" Fulgurite Petrified Lighting Strike Glass Sahara Desert Algeria",14.99,2024-06-16,,,WorthPoint
fulgurite,135mm Natural Glass FULGURITE CREATED BY LIGHTNING! Fossil Lightning 60.2g,64.0,2024-06-10,60.2,1.06,WorthPoint
fulgurite,"(r365-18) 1-1/2"" Fulgurite Lightning Strike Beach Sand Glass Georgia Fulgurites",15.99,2024-06-08,,,WorthPoint
fulgurite,"40 Pcs ""Lightning Strike"" Fulgurites, Merzouga, Morocco, Fused Tubes",75.0,2024-05-31,,,WorthPoint
fulgurite,"2"" Long Fulgurites ""Lightning Strike"" Fused Sand !! Morocco 10 Pcs 68 Grams",49.0,2024-05-31,68.0,0.72,WorthPoint
fulgurite,"Superb Rare, 1 15/16"" Fulgurite, Fused Cast Of Lightning In Sand,polk Co, Fl",26.0,2024-05-31,,,WorthPoint
fulgurite,"A+++ Rare,""charred"" 2 1/2"" Fulgurite,fused Cast Of Lightning In Sand,polk Co, Fl",26.0,2024-05-30,,,WorthPoint
fulgurite,Lightning Glass Fulgurite/1262g/fine Piece!!!,30.0,2024-05-28,1262.0,0.02,WorthPoint
fulgurite,"Superb Rare, 2 1/4 "" Fulgurite, Fused Cast Of Lightning In Sand,polk Co, Fl",29.0,2024-05-27,,,WorthPoint
fulgurite,Fulgurite - Fossilized Lighting,266.8,2024-05-27,,,WorthPoint
fulgurite,Lot Of Three Larger! 100% Natural FULGURITE S Or Petrified Lighting 13.0gr,26.99,2024-05-26,13.0,2.08,WorthPoint
fulgurite,"(r364-114) 1-1/8"" Fulgurite Lightning Strike Beach Sand Glass Georgia Fulgurites",14.99,2024-05-26,,,WorthPoint
fulgurite,Florida FULGURITE Sand CRYSTALS Molten Glass FOSSIL LIGHTNING Rare Crystal,30.0,2024-05-23,,,WorthPoint
fulgurite,Citadel Layer: Fulgurite Copper,5.19,2024-05-14,,,WorthPoint
fulgurite,"(r365-43) 1-3/4"" Fulgurite Lightning Strike Beach Sand Glass Georgia Fulgurites",16.49,2024-05-09,,,WorthPoint
fulgurite,"2 Pieces Of FULGURITE Morocco 2"" Long - $11 FOSSILIZED LIGHTNING!",11.0,2024-05-08,,,WorthPoint
fulgurite,Lot Of Three Long! 100% Natural HOLLOW FULGURITE S Or Petrified Lighting 7.7gr,28.99,2024-05-08,7.7,3.76,WorthPoint
fulgurite,(R310-31) 3 Fulgurites Lightning Strike Beach Sand Glass Sahara Desert Algeria,13.99,2024-05-07,,,WorthPoint
fulgurite,"(r365-17) 1-1/2"" Fulgurite Lightning Strike Beach Sand Glass Georgia Fulgurites",15.99,2024-05-06,,,WorthPoint
fulgurite,Warhammer 40k Adeptus Mechanicus Fulgurite Electro Priests Well Painted,22.5,2024-05-05,,,WorthPoint
fulgurite,Special Order For Chris Fulgurite Lightning Sand Glass,90.0,2024-05-04,,,WorthPoint
fulgurite,Lot Of FIVE Tubular HOLLOW FULGURITE S Or Petrified Lighting 100% Natural 10.0gr,34.99,2024-05-04,10.0,3.5,WorthPoint
fulgurite,BIG Lot! Of 100% Natural FULGURITE's Or Petrified Lightning Algeria 30.6gr,21.99,2024-05-04,30.6,0.72,WorthPoint
fulgurite,BIG Lot! Of HOLLOW 100% Natural FULGURITE's Or Petrified Lightning 10.3gr,21.99,2024-05-04,10.3,2.13,WorthPoint
fulgurite,"7 & 1/2"" 6 Lbs. Fulgurite Lightning Sand Glass Mohave Desert Mineral Rock",120.0,2024-05-03,,,WorthPoint
fulgurite,4 Pieces Of Lightning Fulgurite All 1 In.,9.0,2024-04-30,,,WorthPoint
fulgurite,"R362-51) 4 Piece Set 1/2 1-1/8"" Fulgurites Lightning Strike Beach Sand Glass GA",22.99,2024-04-29,,,WorthPoint
fulgurite,Most Beautiful RARE Montana Lightning Glass Fulgurite,299.0,2024-04-28,,,WorthPoint
fulgurite,Fulgurite Lightning Sand Glass Mohave Desert Mineral Rock,60.0,2024-04-25,,,WorthPoint
fulgurite,AMAZING FULGURITE Lightning Glass Sand Mineral Specimen FLORIDA,34.99,2024-04-21,,,WorthPoint
fulgurite,"XL Fulgurite, Fossilized Lightning, Hollow, 9 Centimeters, Excellent Quality",35.0,2024-04-11,,,WorthPoint
fulgurite,"Superb Rare, 2 3/16 "" Fulgurite, Fused Cast Of Lightning In Sand, Polk Co, Fl",23.0,2024-04-09,,,WorthPoint
fulgurite,HOLLOW SAND FULGURITE - 3.3 Cm - MICHIGAN 28152,9.0,2024-04-08,,,WorthPoint
fulgurite,Fulgurite Lightning Glass,13.5,2024-04-07,,,WorthPoint
fulgurite,Lot Of FOUR Big! 100% Natural FULGURITE S Or Petrified Lighting 33.7gr,24.99,2024-04-07,33.7,0.74,WorthPoint
fulgurite,Fulgurite In Lucite Paperweight Petrified Lightning Silver Lake Dunes Oceana Mi,27.29,2024-04-06,,,WorthPoint
fulgurite,Citadel Layer 2: Fulgurite Copper 12ml By Games Workshop 22-74 In Stock,7.48,2024-04-06,,,WorthPoint
fulgurite,5 Small Rare Pieces Of Sedona Fulgurite,10.5,2024-04-05,,,WorthPoint
fulgurite,"(r364-130) 1-1/8"" Fulgurite Lightning Strike Beach Sand Glass Georgia Fulgurites",14.99,2024-04-04,,,WorthPoint
fulgurite,TWO Larger! 100% Natural FULGURITE's Or Petrified Lightning Algeria 19.6gr,29.99,2024-04-03,19.6,1.53,WorthPoint
fulgurite,Lot Of FOUR Big! HOLLOW 100% Natural FULGURITE's Or Petrified Lightning 14.1gr,29.99,2024-04-03,14.1,2.13,WorthPoint
fulgurite,Fulgurite Petrified Lightening,224.2,2024-04-02,,,WorthPoint
fulgurite,Lot Of FOUR! Larger 100%Natural FULGURITE S Or Petrified Lighting Algeria 25.5gr,31.99,2024-04-01,25.5,1.25,WorthPoint
fulgurite,TWO Big! HOLLOW 100% Natural FULGURITE's Or Petrified Lightning 21.0gr,29.99,2024-04-01,21.0,1.43,WorthPoint
fulgurite,Lot Of Big! Of 100% Natural FULGURITE S Or Petrified Lighting Algeria 31.1gr,29.99,2024-04-01,31.1,0.96,WorthPoint
fulgurite,Big Lot! Of Larger 100% Natural FULGURITE S Or Petrified Lighting Algeria 29.5gr,32.99,2024-04-01,29.5,1.12,WorthPoint
fulgurite,"Florida Fulgurite Lightning Strike 2-1/8"" Sand Fused Tubular Glass Specimen",12.75,2024-04-01,,,WorthPoint
fulgurite,100% Natural Lightning California Branched Fulgurite Garnet Hill Fluorescent M91,7.99,2024-03-28,,,WorthPoint
fulgurite,Fulgurite Fossil ( Lightning Rock) From OBX NC,100.0,2024-03-27,,,WorthPoint
fulgurite,"(r363-20) 2 Fulgurites 1-1/8"" Lightning Strike Beach Sand Glass Georgia Set",18.99,2024-03-27,,,WorthPoint
fulgurite,"(r364-109) 1-1/8"" Fulgurite Lightning Strike Beach Sand Glass Georgia Fulgurites",14.99,2024-03-27,,,WorthPoint
fulgurite,Long! 100% Natural HOLLOW FULGURITE Or Petrified Lightning 3.5gr,34.99,2024-03-26,3.5,10.0,WorthPoint
fulgurite,"R365-32-2) 1-1/2"" Fulgurite Lightning Strike Beach Sand Glass Georgia Fulgurites",15.99,2024-03-25,,,WorthPoint
fulgurite,Long! 100% Natural TUBULAR FULGURITE Or Petrified Lightning 10.1gr,34.99,2024-03-22,10.1,3.46,WorthPoint
fulgurite,R353-35b) 2-3/4 Fulgurite Lightning Strike Beach Dune Sand Hill Glass West Texas,38.99,2024-03-22,,,WorthPoint
fulgurite,"(r363-14) 2 Fulgurites 1-5/8"" Lightning Strike Beach Sand Glass Georgia Set",18.99,2024-03-22,,,WorthPoint
fulgurite,Large Well Formed Fulgurite Lightning Fused Sand From Gobi Desert 13.4g,26.99,2024-03-20,13.4,2.01,WorthPoint
fulgurite,Lot Of FOUR Big! 100% Natural FULGURITE's Or Petrified Lightning Algeria 29.6gr,24.99,2024-03-18,29.6,0.84,WorthPoint
fulgurite,40k Adeptus Mechanicus Bits Electro Priest Fulgurite Powerpacks X5,9.99,2024-03-18,,,WorthPoint
fulgurite,Big! 100% Natural HOLLOW FULGURITE Or Petrified Lightning 16.1gr,29.99,2024-03-18,16.1,1.86,WorthPoint
fulgurite,Lot Of SIX Larger! 100% Natural FULGURITE S Or Petrified Lighting 20.0gr,25.99,2024-03-18,20.0,1.3,WorthPoint
fulgurite,1 Fulgurite Petrified Lightning Fossils,30.0,2024-03-18,,,WorthPoint
fulgurite,Fulgurite. Petrified Lightning. 4.8 Oz. Cool Sample.,20.0,2024-03-18,136.08,0.15,WorthPoint
fulgurite,"2.4"" Fulgurite Petrified Lighting Strike Glass Sahara Desert Algeria",15.99,2024-03-17,,,WorthPoint
fulgurite,Warhammer 40K Electro-Priests Adeptus Mechanicus NoS Fulgurite Corpuscarii,30.0,2024-03-15,,,WorthPoint
fulgurite,"2.5"" Fulgurite Petrified Lighting Strike Glass Sahara Desert Algeria",16.99,2024-03-14,,,WorthPoint
fulgurite,TWO Long! 100% Natural FULGURITE's Or Petrified Lightning Algeria 15.5gr,33.99,2024-03-13,15.5,2.19,WorthPoint
fulgurite,Long! 100% Natural HOLLOW FULGURITE Or Petrified Lightning 12.2gr,31.99,2024-03-13,12.2,2.62,WorthPoint
fulgurite,"Outstanding, 3 1/2 "" Fulgurite, Fused Cast Of Lightning In Sand,morocco",25.0,2024-03-12,,,WorthPoint
fulgurite,(R310-23) 3 Fulgurites Lightning Strike Beach Sand Glass Sahara Desert Algeria,13.99,2024-03-12,,,WorthPoint
fulgurite,Big Lot Of HOLLOW 100% Natural FULGURITE's Or Petrified Lightning 10.2gr,19.99,2024-03-09,10.2,1.96,WorthPoint
fulgurite,"Enormous FULGURITE FOSSIL LIGHTNING Preserved Strike Molten Thunder Crystal 10""+",190.0,2024-03-08,,,WorthPoint
fulgurite,Long! 100% Natural HOLLOW FULGURITE Or Petrified Lightning 7.2gr,31.99,2024-03-07,7.2,4.44,WorthPoint
fulgurite,TWO Big! 100% Natural FULGURITE's Or Petrified Lightning Algeria 34.1gr,34.99,2024-03-05,34.1,1.03,WorthPoint
fulgurite,Long! 100% Natural FULGURITE Or Petrified Lightning 8.0gr,29.99,2024-03-05,8.0,3.75,WorthPoint
fulgurite,4 Rare Pieces Of Sedona Fulgurite See Description!!,15.5,2024-03-04,,,WorthPoint
fulgurite,Long! 100% Natural HOLLOW FULGURITE Or Petrified Lightning 6.1gr,25.99,2024-03-03,6.1,4.26,WorthPoint
fulgurite,TWO Larger! HOLLOW 100% Natural FULGURITE's Or Petrified Lightning 20.7gr,29.99,2024-03-01,20.7,1.45,WorthPoint
fulgurite,Huge! Lot Of 100% Natural FULGURITE S Or Petrified Lighting Algeria 36.8gr,24.99,2024-02-26,36.8,0.68,WorthPoint
fulgurite,Special Order For 4 Fulgurites,70.0,2024-02-23,,,WorthPoint
fulgurite,Fulgurite Stone Petrified Fossilized Lightning 1-Pc,14.99,2024-02-23,,,WorthPoint
fulgurite,‚ö°Ô∏èLechatelierite ‚ö°Ô∏èFulgurite (Lightning Glass) ‚ö°Ô∏èExogenic‚ö°Ô∏èSea Horse!!,50.0,2024-02-22,,,WorthPoint
fulgurite,"(r364-31) 2 Fulgurites 1-5/8"" Lightning Strike Beach Sand Glass Georgia Set",22.99,2024-02-18,,,WorthPoint
fulgurite,"FULGURITE (Petrified Lightning)Fulgurite LIGHTNING GLASS, California Desert 280g",30.0,2024-02-12,280.0,0.11,WorthPoint
fulgurite,Adeptus Mechanicus - Fulgurite Electro-Priests Bits Box 40k - PRIMED WHITE,9.99,2024-02-09,,,WorthPoint
fulgurite,BIG! Lot Of 100% Natural FULGURITE S Or Petrified Lighting Algeria 32.8gr,20.99,2024-02-08,32.8,0.64,WorthPoint
fulgurite,Fulgurite - Frozen Lightning,30.0,2024-02-07,,,WorthPoint
fulgurite,Lot Of SIX Big! 100% Natural FULGURITE S Or Petrified Lighting 48.3gr,29.99,2024-02-05,48.3,0.62,WorthPoint
fulgurite,"Superb Rare, 2 3/16"" Fulgurite, Fused Cast Of Lightning In Sand,polk Co, Fl",26.0,2024-02-02,,,WorthPoint
fulgurite,2 Large Long Rare Pieces Of Sedona Fulgurite Chunky See Description!!,18.5,2024-02-02,,,WorthPoint
fulgurite,"(r364-135) 1-1/8"" Fulgurite Lightning Strike Beach Sand Glass Georgia Fulgurites",14.99,2024-01-31,,,WorthPoint
fulgurite,10.40 Oz -Fulgurite Lightning Sand Glass Mohave Desert Mineral Rock,15.0,2024-01-30,294.84,0.05,WorthPoint
fulgurite,"Fulgurite Wands,Petrified Lightning, Meditation, Healing,Reiki,Gift",55.0,2024-01-25,,,WorthPoint
fulgurite,Fulgurite Petrified Lighting From The Mojave Desert. 3050 Grams #100011,300.0,2024-01-24,3050.0,0.1,WorthPoint
fulgurite,Fulgurite Petrified Lighting From The Mojave Desert. 2300 Grams #100010,300.0,2024-01-24,2300.0,0.13,WorthPoint
fulgurite,Adeptus Mechanicus Corpuscarii & Fulgurite Electro-Priests - Well Painted,140.0,2024-01-16,,,WorthPoint
fulgurite,Fulgurite Lightning Strike Science Display Specimens,5.0,2024-01-14,,,WorthPoint
fulgurite,Fulgurite Lightning Strike Science Display Specimen,5.0,2024-01-14,,,WorthPoint
fulgurite,"Fulgurite Lightning Fused Sand 2 Ounce RARE Singing 0.75-2"" 20+ Pieces",49.99,2024-01-13,,,WorthPoint
fulgurite,Lot Of FIVE Larger! 100% Natural FULGURITE S Or Petrified Lighting 29.9gr,19.99,2024-01-10,29.9,0.67,WorthPoint
fulgurite,100% Natural Fulgurite Necklace Or Pendant! Petrified Lighting! 4.38,15.99,2024-01-10,,,WorthPoint
fulgurite,AMAZING FULGURITE Lightning Glass Sand Mineral Specimen MOJAVE DESERT,12.71,2024-01-09,,,WorthPoint
fulgurite,LONG! 100% Natural FULGURITE Or Petrified Lightning 16.4gr,39.99,2024-01-06,16.4,2.44,WorthPoint
fulgurite,Big! 100% Natural HOLLOW FULGURITE Or Petrified Lightning 8.3gr,29.99,2024-01-06,8.3,3.61,WorthPoint
fulgurite,"(r365-26) 1-1/2"" Fulgurite Lightning Strike Beach Sand Glass Georgia Fulgurites",15.99,2024-01-05,,,WorthPoint
fulgurite,"(R352-101) 2-1/4"" Fulgurite Lightning Storm Strike Beach Sand Glass West Texas",26.99,2024-01-05,,,WorthPoint
fulgurite,Fulgurite Lightning Strike Lot Of 2 Science Display Specimens,15.29,2024-01-03,,,WorthPoint
fulgurite,Big! 100% Natural HOLLOW FULGURITE Or Petrified Lightning 11.3gr,29.99,2024-01-03,11.3,2.65,WorthPoint
fulgurite,"(r365-15) 1-1/2"" Fulgurite Lightning Strike Beach Sand Glass Georgia Fulgurites",15.99,2024-01-01,,,WorthPoint
fulgurite,2 Pieces Of Sedona Fulgurite Rare 1 Chunky 1 Skinny,12.5,2024-01-01,,,WorthPoint
fulgurite,"(r364-2) 2 Fulgurites 1-5/8"" Lightning Strike Beach Sand Glass Georgia Set",22.99,2023-12-31,,,WorthPoint
fulgurite,"Fulgurites, Lot Of 2, Litchfield County, Connecticut",110.09,2023-12-31,,,WorthPoint
fulgurite,Adeptus Mechanics 40k Games Workshop Fulgurite Electropriest Lot,62.99,2023-12-29,,,WorthPoint
fulgurite,Fulgurite Electro-Priests (x5) - #106745 - Adeptus Mechanicus,34.5,2023-12-29,,,WorthPoint
fulgurite,"Fulgurite Wands, Lot Of Seven. Petrified Lightning, Gift, Reiki,Meditation.",21.0,2023-12-25,,,WorthPoint
fulgurite,BIG! 100% Natural HOLLOW FULGURITE Or Petrified Lightning 19.2gr,34.99,2023-12-25,19.2,1.82,WorthPoint
fulgurite,Larger Very Rare 100% Natural HOLLOW FULGURITE Or Petrified Lightning 8.5gr,35.99,2023-12-24,8.5,4.23,WorthPoint
fulgurite,Games Workshop Warhammer 40k Cult Mechanicus Fulgurite Electro-Priests #6 NM,35.0,2023-12-24,,,WorthPoint
fulgurite,"Superb Rare, 1 13/16"" Fulgurite, Fused Cast Of Lightning In Sand,polk Co, Fl",26.0,2023-12-24,,,WorthPoint
fulgurite,"(r365-25) 1-1/2"" Fulgurite Lightning Strike Beach Sand Glass Georgia Fulgurites",15.99,2023-12-22,,,WorthPoint
fulgurite,GIANT! Very RARE 100% Natural HOLLOW FULGURITE Or Petrified Lightning 44.5gr,69.99,2023-12-20,44.5,1.57,WorthPoint
fulgurite,Fulgurite - Lightning Fused Sand - California Desert Found,100.0,2023-12-15,,,WorthPoint
fulgurite,Arizona Fulgurite Fossilized Lightning 610g (21.5 Oz),200.0,2023-12-14,610.0,0.33,WorthPoint
fulgurite,BIG! 100% Natural HOLLOW FULGURITE Or Petrified Lightning 26.1gr,49.99,2023-12-12,26.1,1.92,WorthPoint
fulgurite,"4 Fulgurite Wands, Petrified Lightning. Healing Stone,Reiki Charged, Gift Idea",11.99,2023-12-12,,,WorthPoint
fulgurite,BIG! 100% Natural HOLLOW FULGURITE Or Petrified Lightning 17.0gr,37.99,2023-12-10,17.0,2.23,WorthPoint
fulgurite,"Lot Of Natural Fulgurite Sand Stone Tubes, Puerto Rico Lightning Fuse Sand Glass",10.5,2023-12-10,,,WorthPoint
fulgurite,"(r352-84) 2-1/8"" Fulgurite Lightning Strike Storm Beach Sand Glass West Texas",22.99,2023-12-10,,,WorthPoint
fulgurite,Lot Of THREE LONG 100% Natural FULGURITE's Or Petrified Lightning Algeria 25.6gr,39.99,2023-12-08,25.6,1.56,WorthPoint
fulgurite,HUGE Lot Of 100% Natural FULGURITE S Or Petrified Lighting Algeria 44.7gr,20.99,2023-12-08,44.7,0.47,WorthPoint
fulgurite,"1.9"" Fulgurite Petrified Lighting Strike Sahara Desert Morocco",15.29,2023-12-08,,,WorthPoint
fulgurite,FULGURITE Mohave Desert Lightning Strike Frozen In Glass 108.8 Grams,9.95,2023-12-06,108.8,0.09,WorthPoint
fulgurite,"(r364-21) 2 Fulgurites 1-5/8"" Lightning Strike Beach Sand Glass Georgia Set",22.99,2023-12-05,,,WorthPoint
fulgurite,"Superb Rare, 2"" Fulgurite, Fused Cast Of Lightning In Sand,polk Co, Fl",20.0,2023-12-05,,,WorthPoint
fulgurite,Lot Of FIVE Big! HOLLOW 100% Natural FULGURITE's Or Petrified Lightning 23.9gr,39.99,2023-11-30,23.9,1.67,WorthPoint
fulgurite,BIG! 100% Natural HOLLOW FULGURITE Or Petrified Lightning 24.5gr,39.99,2023-11-30,24.5,1.63,WorthPoint
fulgurite,Lot Of Big! HOLLOW 100% Natural FULGURITE's Or Petrified Lightning 29.2gr,34.99,2023-11-30,29.2,1.2,WorthPoint
fulgurite,Big Lot Of Larger! HOLLOW FULGURITE's Or Petrified Lightning 22.8gr,34.99,2023-11-30,22.8,1.53,WorthPoint
fulgurite,"(r364-6) 2 Fulgurites 1-5/8"" Lightning Strike Beach Sand Glass Georgia Set",22.99,2023-11-29,,,WorthPoint
fulgurite,"(r364-17) 2 Fulgurites 1-5/8"" Lightning Strike Beach Sand Glass Georgia Set",22.99,2023-11-29,,,WorthPoint
fulgurite,"(r371-2) 2-3/4"" Fulgurite Lightning Strike Beach Sand Glass Georgia Specimen",29.99,2023-11-29,,,WorthPoint
fulgurite,"(r366-37) 2-1/8"" Fulgurite Lightning Strike Beach Sand Glass Georgia Fulgurites",18.99,2023-11-29,,,WorthPoint
fulgurite,"(r365-31) 1-1/2"" Fulgurite Lightning Strike Beach Sand Glass Georgia Fulgurites",15.99,2023-11-29,,,WorthPoint
fulgurite,"Florida Fulgurite Lightning Strike 2-1/2"" Sand Fused Tubular Glass Specimen",19.75,2023-11-28,,,WorthPoint
fulgurite,"Fulgurite Wands, Lot Of Seven. Petrified Lightning, Gift, Meditation Stone",21.0,2023-11-26,,,WorthPoint
fulgurite,"Fulgurite Wands, Lot Of Three. Solid Bodied, Petrified Lightning. Healing Stones",21.0,2023-11-25,,,WorthPoint
fulgurite,Arizona Fulgurite Fossilized Lightning 693g (24.4oz).,150.0,2023-11-23,693.0,0.22,WorthPoint
fulgurite,Big 100% Natural Fulgurite Necklace Or Pendant! Petrified Lighting! 6.03,19.99,2023-11-21,,,WorthPoint
fulgurite,Lot Of FIVE LONG! 100% Natural FULGURITE S Or Petrified Lighting 9.9gr,32.99,2023-11-21,9.9,3.33,WorthPoint
fulgurite,4 Oz -Fulgurite Lightning Sand Glass Mohave Desert Mineral Rock,10.0,2023-11-21,113.4,0.09,WorthPoint
fulgurite,LONG! Very RARE 100% Natural FULGURITE Or Petrified Lightning 13.6gr,29.99,2023-11-20,13.6,2.21,WorthPoint
fulgurite,"(r365-123) 1-7/8"" Fulgurite Lightning Strike Beach Sand Glass Georgia Fulgurites",16.99,2023-11-16,,,WorthPoint
fulgurite,Lot Of Larger! HOLLOW 100% Natural FULGURITE's Or Petrified Lightning 28.7gr,39.99,2023-11-05,28.7,1.39,WorthPoint
fulgurite,5 Fulgurites Lightning Sand Glass Mohave Desert Minerals Rocks,10.0,2023-11-05,,,WorthPoint
fulgurite,1lb. 6.9 Oz -LARGE Fulgurite Lightning Sand Glass Mohave Desert #5,20.0,2023-11-05,195.615,0.1,WorthPoint
fulgurite,1lb. 8.8 Oz -LARGE Fulgurite Lightning Sand Glass Mohave Desert #3,20.0,2023-11-04,249.48,0.08,WorthPoint
fulgurite,6.5 Oz 6 Inch Fulgurite Lightning Sand Glass Mohave Desert Mineral Rock,10.0,2023-11-04,184.275,0.05,WorthPoint
fulgurite,1lb. -LARGE Fulgurite Lightning Sand Glass Mohave Desert #4,20.0,2023-11-04,,,WorthPoint
fulgurite,1lb. 2.8 Oz -LARGE Fulgurite Lightning Sand Glass Mohave Desert,20.0,2023-11-04,79.38,0.25,WorthPoint
fulgurite,2 Pieces Of Sedona Fulgurite Rare Unique Pattern,12.5,2023-11-03,,,WorthPoint
fulgurite,"(r365-16) 1-1/2"" Fulgurite Lightning Strike Beach Sand Glass Georgia Fulgurites",15.99,2023-11-01,,,WorthPoint
fulgurite,"R365-32-7) 1-1/2"" Fulgurite Lightning Strike Beach Sand Glass Georgia Fulgurites",15.99,2023-10-28,,,WorthPoint
fulgurite,"R365-32-5) 1-1/2"" Fulgurite Lightning Strike Beach Sand Glass Georgia Fulgurites",15.99,2023-10-28,,,WorthPoint
fulgurite,Big Lot Of Larger 100% Natural FULGURITE S Or Petrified Lighting 30.8gr,24.99,2023-10-25,30.8,0.81,WorthPoint
fulgurite,Lot Of Larger! 100% Natural FULGURITE's Or Petrified Lightning 17.4gr,19.99,2023-10-25,17.4,1.15,WorthPoint
fulgurite,BIG! 100% Natural HOLLOW FULGURITE Or Petrified Lightning 13.7gr,39.99,2023-10-25,13.7,2.92,WorthPoint
fulgurite,"R353-28E) 2-1/2"" Fulgurite Lightning Strike Beach Sand Glass West Texas Specimen",33.99,2023-10-25,,,WorthPoint
fulgurite,"(r364-128) 1-1/8"" Fulgurite Lightning Strike Beach Sand Glass Georgia Fulgurites",14.99,2023-10-23,,,WorthPoint
fulgurite,"Florida Fulgurite Lightning Strike 1-3/4"" Sand Fused Tubular Glass Specimen",12.75,2023-10-23,,,WorthPoint
fulgurite,"R362-36) 4 Piece Set 1/2 1-1/8"" Fulgurites Lightning Strike Beach Sand Glass GA",22.99,2023-10-23,,,WorthPoint
fulgurite,FULGURITE Petrified Lightning LIGHTNING GLASS California Desert 305g A6,30.0,2023-10-12,305.0,0.1,WorthPoint
fulgurite,Big Lot Of SEVEN! HOLLOW 100% Natural FULGURITE's Or Petrified Lightning 14.9gr,29.99,2023-10-10,14.9,2.01,WorthPoint
fulgurite,HUGE! Very RARE 100% Natural HOLLOW FULGURITE Or Petrified Lightning 30.5gr,59.99,2023-10-10,30.5,1.97,WorthPoint
fulgurite,"(r364-136) 1-1/8"" Fulgurite Lightning Strike Beach Sand Glass Georgia Fulgurites",14.99,2023-10-07,,,WorthPoint
fulgurite,12mL Fulgurite Copper Layer Citadel Paint Warhammer 40K Age Of Sigmar NEW,5.19,2023-10-02,,,WorthPoint
fulgurite,Warhammer 40k- Adeptus Mechanicus Fulgurite Electro-priests Painted,45.0,2023-10-01,,,WorthPoint
fulgurite,"(r364-116) 1-1/8"" Fulgurite Lightning Strike Beach Sand Glass Georgia Fulgurites",14.99,2023-09-30,,,WorthPoint
fulgurite,Well Formed Fulgurite Lightning Fused Sand From Gobi Desert 12.5g,24.99,2023-09-29,12.5,2.0,WorthPoint
fulgurite,LONG! 100% Natural Tubular HOLLOW FULGURITE Or Petrified Lightning 8.7gr,69.99,2023-09-24,8.7,8.04,WorthPoint
fulgurite,GIANT! Very RARE 100% Natural FULGURITE Or Petrified Lightning 56.0gr,99.99,2023-09-18,56.0,1.79,WorthPoint
fulgurite,Warhammer 40k Adeptus Mechanicus Fulgurite Electro-Priests Assembled,22.5,2023-09-13,,,WorthPoint
fulgurite,1lb. 10.1 Oz -LARGE Fulgurite Lightning Sand Glass Mohave Desert #6,20.0,2023-09-11,286.335,0.07,WorthPoint
fulgurite,"(r365-85) 1-7/8"" Fulgurite Lightning Strike Beach Sand Glass Georgia Fulgurites",16.99,2023-09-10,,,WorthPoint
fulgurite,"Rare 1.15"" Natural Fulgurite Lightning Fused *hollow* Sand Pillar Florida Usa *1",18.26,2023-09-09,,,WorthPoint
fulgurite,Fulgurite_Lightning Fused Sand Glass Tube_Florida_3.2 Grams,9.99,2023-09-05,3.2,3.12,WorthPoint
fulgurite,Fulgurite Lightning Glass 2 Qty,19.99,2023-09-01,,,WorthPoint
fulgurite,"Fulgurite, Petrified Lightning, Healing Stone, Lightning Sculpture.",125.0,2023-08-31,,,WorthPoint
fulgurite,Lot Of 7 Natural Fulgurite Necklace Pendants Petrified Lighting From Isabela PR,20.0,2023-08-22,,,WorthPoint
fulgurite,Big Lot! Of VERY UNIQUE FULGURITE S Or Petrified Lighting 28.3gr,39.99,2023-08-22,28.3,1.41,WorthPoint
fulgurite,Fulgurites Lightning From Sahara Desert Algeria 5x2 Inches,25.0,2023-08-22,,,WorthPoint
fulgurite,Fulgurite_Lightning Fused Sand Glass Tube_Florida_1.2 Grams,9.99,2023-08-21,1.2,8.33,WorthPoint
fulgurite,"R362-52) 4 Piece Set 1/2 1-1/8"" Fulgurites Lightning Strike Beach Sand Glass GA",22.99,2023-08-20,,,WorthPoint
fulgurite,"Mineral Specimens: Fulgurite, Lightning-Fused Sand Tubes, 5 Tubes/Lot",5.99,2023-08-16,,,WorthPoint
fulgurite,2 Pieces Of Sedona Fulgurite Rare,11.5,2023-08-15,,,WorthPoint
fulgurite,"EB-37 Fulgurite (""Petrified Lightning""), Sonora, Arizona, U.S.A. Rare Mineral",10.0,2023-08-13,,,WorthPoint
fulgurite,"1 Fossilized Lightning Fulgurite 1-9/16"" - 2-1/4""",8.5,2023-08-11,,,WorthPoint
fulgurite,Large Piece Of Rare Fulgurite - 1 Lb,22.6,2023-08-10,453.6,0.05,WorthPoint
fulgurite,"Fulgurite , 40 Grams , Mohave Desert",5.99,2023-08-10,40.0,0.15,WorthPoint
fulgurite,"Fulgurite Sculpture , Petrified Lightning, Healing, Art, Collection Piece.",245.0,2023-08-09,,,WorthPoint
fulgurite,Florida Fossil Fulgurite Lightning Ancient Gem History Fossils Nature Treasure,35.0,2023-08-08,,,WorthPoint
fulgurite,"HOLLOW FULGURITE Morocco 3.75 ""- $30ea, - FOSSILIZED LIGHTNING - Blow Through",30.0,2023-08-07,,,WorthPoint
fulgurite,1lb. 7.6 Oz -LARGE Fulgurite Lightning Sand Glass Mohave Desert #2,20.0,2023-08-04,215.46,0.09,WorthPoint
fulgurite,"Fulgurite Specimen Gray-Green To Black Glass Bubble Formation 3.25"" X 2"" X 1.75""",12.0,2023-08-02,,,WorthPoint
fulgurite,Fulgurite / Petrified Lightning Pendant,12.95,2023-07-31,,,WorthPoint
fulgurite,"(r365-37) 1-3/4"" Fulgurite Lightning Strike Beach Sand Glass Georgia Fulgurites",16.49,2023-07-27,,,WorthPoint
fulgurite,"1.6"" Fulgurite Petrified Lighting Strike Sahara Desert Morocco",13.99,2023-07-25,,,WorthPoint
fulgurite,"2.9"" Fulgurite Petrified Lighting Strike Sahara Desert Morocco",14.99,2023-07-21,,,WorthPoint
fulgurite,Warhammer 40k Adeptus Mechanicus Bits:Electro Priest Fulgurite Crests X5,5.99,2023-07-18,,,WorthPoint
fulgurite,"(r365-110) 1-7/8"" Fulgurite Lightning Strike Beach Sand Glass Georgia Fulgurites",16.99,2023-07-17,,,WorthPoint
fulgurite,"Terrific Rare,2 1/2 "" Fulgurite, Fused Cast Of Lightning In Sand,polk County,fl",25.0,2023-07-17,,,WorthPoint
fulgurite,"2.8"" Fulgurite Petrified Lighting Strike Sahara Desert Morocco",14.99,2023-07-16,,,WorthPoint
fulgurite,"3.1"" Fulgurite Petrified Lighting Strike Sahara Desert Morocco",14.99,2023-07-16,,,WorthPoint
fulgurite,Warhammer 40k Adeptus Mechanicus Fulgurite Electro-Priests X5,26.99,2023-07-08,,,WorthPoint
fulgurite,Fulgurites - Natural Glass Tubes Formed By Lightning Strikes On Sand - Set Of 3,13.75,2023-07-08,,,WorthPoint
fulgurite,"(r365-46) 1-3/4"" Fulgurite Lightning Strike Beach Sand Glass Georgia Fulgurites",16.49,2023-07-06,,,WorthPoint
fulgurite,Missing Link Andara~exogenic Fulgurite Or Impact Glass~twisting Textured Aqua,11.99,2023-07-03,,,WorthPoint
fulgurite,Missing Link Andara~exogenic Fulgurite Or Impact Glass~bending Drop W/inclusions,11.99,2023-07-03,,,WorthPoint
fulgurite,13.6 Oz -LARGE Fulgurite Lightning Sand Glass Mohave Desert,27.0,2023-07-01,385.56,0.07,WorthPoint
fulgurite,Big Lot Of 100% Natural FULGURITE S Or Petrified Lighting 23.7gr,27.99,2023-06-28,23.7,1.18,WorthPoint
fulgurite,HUGE Lot Of 100% Natural FULGURITE S Or Petrified Lighting 53.8gr,34.99,2023-06-28,53.8,0.65,WorthPoint
fulgurite,FULGURITE Petrified Lightning Fulgurite LIGHTNING GLASS California Desert 45g A3,18.0,2023-06-26,45.0,0.4,WorthPoint
fulgurite,"R362-49) 4 Piece Set 1/2 1-1/8"" Fulgurites Lightning Strike Beach Sand Glass GA",22.99,2023-06-24,,,WorthPoint
fulgurite,"4.5"" Natural Glass FULGURITE CREATED BY LIGHTNING! Fossil Lightning",9.99,2023-06-23,,,WorthPoint
fulgurite,Warhammer 40k Adeptus Mechanicus Fulgurite Electro Priests,35.0,2023-06-18,,,WorthPoint
fulgurite,"3 Pcs JUMBO ""Lightning Strike"" Fulgurite Merzouga Morocco 75.7 Gr 3"" Fused Tube",33.0,2023-06-15,75.7,0.44,WorthPoint
fulgurite,Missing Link Andara~exogenic Fulgurite Lightning Glass Or Impactite Impact Glass,9.99,2023-06-12,,,WorthPoint
fulgurite,Lot Of 3 RARE FULGURITE Petrified Lightning California Desert,25.0,2023-06-09,,,WorthPoint
fulgurite,"-8"" -1 Lbs 15 Oz -LARGE Fulgurite Lightning Sand Glass Mohave Desert",47.0,2023-06-07,425.25,0.11,WorthPoint
fulgurite,Fulgurite Specimen 130 Grams.,29.99,2023-06-03,130.0,0.23,WorthPoint
fulgurite,108mm Natural Glass FULGURITE CREATED BY LIGHTNING! Fossil Lightning 117g,9.99,2023-06-02,117.0,0.09,WorthPoint
fulgurite,"Large 3-3/8"" Fulgurite Fossil Lightning From Morocco D210",29.99,2023-05-30,,,WorthPoint
fulgurite,"1.2"" RARE! NATURAL *HOLLOW* SAHARA FULGURITE LIGHTNING FUSED SAND PILLAR 2.8g *2",17.74,2023-05-29,2.8,6.34,WorthPoint
fulgurite,"1.3"" RARE! NATURAL *HOLLOW* SAHARA FULGURITE LIGHTNING FUSED SAND PILLAR 4.2g *1",19.16,2023-05-29,4.2,4.56,WorthPoint
fulgurite,Fulgurite Museum- Quality Fulgurite-Lightning Glass- Fossilized Lightning-Fused,520.0,2023-05-29,,,WorthPoint
fulgurite,Lot 878 Fulgurite Electro-priests Painted Warhammer 40k Adeptus Mechanicus,26.0,2023-05-28,,,WorthPoint
fulgurite,Lot 876 Fulgurite Electro-priests Painted Warhammer 40k Adeptus Mechanicus,28.75,2023-05-28,,,WorthPoint
fulgurite,Lot 877 Fulgurite Electro-priests Painted Warhammer 40k Adeptus Mechanicus,25.0,2023-05-28,,,WorthPoint
fulgurite,Missing Link Andara~exogenic Fulgurite Or Impact Glass~wavy Aqua Drop W/'teeth',44.0,2023-05-27,,,WorthPoint
fulgurite,Missing Link Andara~exogenic Fulgurite Or Impact Glass~aqua W/ 'finger Ridges',34.0,2023-05-27,,,WorthPoint
fulgurite,BIG! Lot Of 100% Natural FULGURITE S Or Petrified Lighting 28.4gr,21.99,2023-05-21,28.4,0.77,WorthPoint
fulgurite,"Large Fulgurite, Petrified Lightning, Healing Art, Collection Piece.",45.0,2023-05-15,,,WorthPoint
fulgurite,"Warhammer 40k - ADEPTUS MECHANICUS FULGURITE ELECTRO PRIEST Built, Primed",25.0,2023-05-14,,,WorthPoint
fulgurite,"R362-39) 4 Piece Set 1/2 1-1/8"" Fulgurites Lightning Strike Beach Sand Glass GA",22.99,2023-05-13,,,WorthPoint
fulgurite,Long 100% Natural Fulgurite Necklace Or Pendant! Petrified Lighting! 4.56,19.99,2023-05-07,,,WorthPoint
fulgurite,Electro Priests Fulgurite Or Corpuscarii Adeptus Mechanicus Warhammer 40k - NIB,34.99,2023-05-05,,,WorthPoint
fulgurite,Fulgurite (Lightning Glass),115.0,2023-05-03,,,WorthPoint
fulgurite,Fulgurite Or Petrified Lighting,9.99,2023-05-03,,,WorthPoint
fulgurite,40k Adeptus Mechanicus Fulgurite Electro-Priests Lot - Warhammer Pre-owned 2 THG,41.99,2023-05-03,,,WorthPoint
fulgurite,Warhammer 40k Adeptus Mechanicus Electro-Priests Fulgurite/Corpuscarii **New**,39.95,2023-04-25,,,WorthPoint
fulgurite,"(R353-52F) 3"" Fulgurite Lightning Strike Beach Sand Glass West Texas Specimen",42.99,2023-04-23,,,WorthPoint
fulgurite,"3 NATURAL ROUGH 1.5""-2.3"" FULGURITE LIGHTNING FUSED SAND PILLARS ~ 36.4grams *1",16.27,2023-04-22,36.4,0.45,WorthPoint
fulgurite,"Large Fulgurite, Petrified Lightning, Healing Stone, Reiki, Collectors Specimen",35.0,2023-04-20,,,WorthPoint
fulgurite,"(R353-52-D) 3"" Fulgurite Lightning Strike Beach Sand Glass West Texas Specimen",42.99,2023-04-18,,,WorthPoint
fulgurite,Super Rare Vermont Green Mountain Fulgurite Petrified Glass Lightning + Wood Box,175.0,2023-04-17,,,WorthPoint
fulgurite,Lot 160 Warhammer 40k Adeptus Mechanicus Fulgurite Electro-priests,27.0,2023-04-17,,,WorthPoint
fulgurite,Big! 100% Natural FULGURITE Or Petrified Lightning 9.8gr,17.99,2023-04-16,9.8,1.84,WorthPoint
fulgurite,"2 Pieces Of FULGURITE Morocco 2.5"" Long - 2pcs Only $15 - FOSSILIZED LIGHTNING!",15.0,2023-04-15,,,WorthPoint
fulgurite,"6 NATURAL ROUGH 1.3""-1.8"" FULGURITE LIGHTNING FUSED SAND PILLARS ~ 42.7grams *1",17.74,2023-04-15,42.7,0.42,WorthPoint
fulgurite,"Lot Of 2 RARE FULGURITE Natural Petrified Lightning, California Desert",50.0,2023-04-14,,,WorthPoint
fulgurite,Fulgurite Glass Natural Lightning Tubes From Saharan Desert,7.99,2023-04-14,,,WorthPoint
fulgurite,Lot Of 10 FULGURITE Petrified Lightning LIGHTNING GLASS California Desert 70g A2,25.0,2023-04-13,70.0,0.36,WorthPoint
fulgurite,Missing Link Andara~exogenic Fulgurite Or Impact Glass~rounded Flows~nice Form,36.0,2023-04-12,,,WorthPoint
fulgurite,"8 SMALL RARE HOLLOW! .6""-1"" FULGURITE LIGHTNING FUSED SAND PILLARS ~ 12.4g *3",21.59,2023-04-11,12.4,1.74,WorthPoint
fulgurite,"R365-32-3) 1-1/2"" Fulgurite Lightning Strike Beach Sand Glass Georgia Fulgurites",15.99,2023-04-10,,,WorthPoint
fulgurite,"Fulgurite Wand, Petrified Lightning, Healing Tool, Reiki, Arts",21.0,2023-04-09,,,WorthPoint
fulgurite,"Fulgurite Wand, Petrified Lightning",21.0,2023-04-09,,,WorthPoint
fulgurite,Warhammer 40K Adeptus Mechanicus Fulgurite Corpuscarii Electro-Priests New,32.93,2023-04-08,,,WorthPoint
fulgurite,"(r366-44) 2-1/8"" Fulgurite Lightning Strike Beach Sand Glass Georgia Fulgurites",18.99,2023-04-08,,,WorthPoint
fulgurite,"Fulgurite Wands, Lot Of Nine, Solid Bodied, Petrified Lightning. Healing Stones",24.0,2023-04-07,,,WorthPoint
fulgurite,Big! 100% Natural HOLLOW FULGURITE Or Petrified Lightning 10.9gr,29.99,2023-04-06,10.9,2.75,WorthPoint
fulgurite,"8 NATURAL ROUGH 1.6""-2"" FULGURITE LIGHTNING FUSED SAND PILLARS ~ 54.5grams *1",22.0,2023-04-05,54.5,0.4,WorthPoint
fulgurite,Hollow Fulgurite Petrified Lightning Sand,25.0,2023-04-02,,,WorthPoint
fulgurite,"Fulgurite Wands, Lot Of Seven. Solid Bodied, Petrified Lightning. Healing Stones",21.5,2023-04-01,,,WorthPoint
fulgurite,HUGE Lot Of Small 100% Natural FULGURITE S Or Petrified Lighting 55.3gr,15.99,2023-03-29,55.3,0.29,WorthPoint
fulgurite,Big! 100% Natural HOLLOW FULGURITE Or Petrified Lightning 7.8gr,23.99,2023-03-29,7.8,3.08,WorthPoint
fulgurite,Warhammer 40k- Adeptus Mechanicus Fulgurite Electro-Priest 3x Models Built,15.0,2023-03-28,,,WorthPoint
fulgurite,(R310-12) 3 Fulgurites Lightning Strike Beach Sand Glass Sahara Desert Algeria,13.99,2023-03-25,,,WorthPoint
fulgurite,HUGE! 100% Natural HOLLOW FULGURITE Or Petrified Lightning 34.7gr,99.99,2023-03-23,34.7,2.88,WorthPoint
fulgurite,LONG! 100% Natural HOLLOW FULGURITE Or Petrified Lightning 9.2gr,39.99,2023-03-23,9.2,4.35,WorthPoint
fulgurite,Long! 100% Natural HOLLOW FULGURITE Or Petrified Lightning 2.2gr,29.99,2023-03-23,2.2,13.63,WorthPoint
fulgurite,"Lot Of 4 FULGURITE Petrified Lightning, California Desert",35.0,2023-03-22,,,WorthPoint
fulgurite,"Lot Of 3 RARE FULGURITE Petrified Lightning Glass, California Desert",20.0,2023-03-21,,,WorthPoint
fulgurite,Lightening-Fused Sand Fulgurite (surprise Rock With Sale),188.0,2023-03-20,,,WorthPoint
fulgurite,"Fulgurite From Kimberlite Pipe. 3.7 Ozs. It's Called, ""The Grumpy Monster""....",35.0,2023-03-20,104.895,0.33,WorthPoint
fulgurite,"Unknown Specimen--Petrified Bone, Fulgurite???",50.0,2023-03-13,,,WorthPoint
fulgurite,Long! 100% Natural FULGURITE Or Petrified Lightning 9.1gr,28.99,2023-03-13,9.1,3.19,WorthPoint
fulgurite,"10 X Fulgurite Electro-Priests (green, B) For Warhammer 40k",66.0,2023-03-13,,,WorthPoint
fulgurite,"-6 3/4"" -316 Grams -Fulgurite Lightning Sand Glass Mohave Desert",47.0,2023-03-10,316.0,0.15,WorthPoint
fulgurite,Fulgurite Petrified Lighting From The Mojave Desert. 345 Grams #100007,75.0,2023-03-08,345.0,0.22,WorthPoint
fulgurite,"7 NATURAL ROUGH (SOLID) 1-1.5"" FULGURITE LIGHTNING FUSED SAND PILLARS ~ 38.2g *4",17.24,2023-03-07,38.2,0.45,WorthPoint
fulgurite,Sand Glass Lighting Sand Glass Fulgurite Petrified Lightning Unique Dragon Look,54.99,2023-03-07,,,WorthPoint
fulgurite,Fulgurite. Petrified Lightning. 4 Oz,25.0,2023-03-06,113.4,0.22,WorthPoint
fulgurite,"9 SMALL RARE HOLLOW! .6""-.8"" FULGURITE LIGHTNING FUSED SAND PILLARS ~ 13.8g *2",20.0,2023-03-06,13.8,1.45,WorthPoint
fulgurite,"3 Pcs ""Lightning Strike"" Fulgurite, Merzouga, Morocco 31.5 Grams 2"" Fused Tubes",19.0,2023-03-01,31.5,0.6,WorthPoint
fulgurite,(R310-14) 3 Fulgurites Lightning Strike Beach Sand Glass Sahara Desert Algeria,13.99,2023-02-28,,,WorthPoint
fulgurite,Fulgurite Petrified Lighting From The Mojave Desert. 555 Grams #100009,120.0,2023-02-23,555.0,0.22,WorthPoint
fulgurite,Fulgurite Petrified Lighting From The Mohave Desert. ~,70.0,2023-02-23,,,WorthPoint
fulgurite,Citadel Layer Fulgurite Copper,6.45,2023-02-21,,,WorthPoint
fulgurite,5 X Fulgurite Electro Priests For Warhammer 40k,33.0,2023-02-21,,,WorthPoint
fulgurite,1 Fulgurite Petrified Lightning. Over 3 Inches,32.0,2023-02-20,,,WorthPoint
fulgurite,"5 NATURAL ROUGH 1.7""-2.3"" FULGURITE LIGHTNING FUSED SAND PILLARS ~ 42.6grams *1",17.99,2023-02-20,42.6,0.42,WorthPoint
fulgurite,Exogenic Fulgurite Or Impactite/impact Glass~andara~magnetic Black Sheet W/drop,19.99,2023-02-20,,,WorthPoint
fulgurite,"10 NATURAL ROUGH .7""-1"" FULGURITE LIGHTNING FUSED SAND PILLARS MOROCCO 19.9g *4",14.59,2023-02-18,19.9,0.73,WorthPoint
fulgurite,"Florida Fulgurite Lightning Strike Sand Fused 1-1/2"" Tubular Glass Specimen",9.75,2023-02-17,,,WorthPoint
fulgurite,"-8 1/2"" -1004 Grams -8 1/2"" Girth -Fulgurite Lightning Sand Glass Mohave Desert",28.0,2023-02-15,1004.0,0.03,WorthPoint
fulgurite,Exogenic Fulgurite Or Impactite/impact Glass~andara~seafoam Drop W/'back Wall',48.0,2023-02-14,,,WorthPoint
fulgurite,Lightning Glass Partially Hollow Fulgurite Specimen,10.0,2023-02-12,,,WorthPoint
fulgurite,Exogenic Fulgurite Or Impactite/impact Glass~andara~earthy Green Chaotic Flows,49.0,2023-02-12,,,WorthPoint
fulgurite,Lot 362 Warhammer 40k Adeptus Mechanicus Fulgurite Electro Priests Incomplete,68.0,2023-02-12,,,WorthPoint
fulgurite,Exogenic Fulgurite Or Impactite/impact Glass~andara~aqua Seafoam W/filaments,55.0,2023-02-12,,,WorthPoint
fulgurite,Exogenic Fulgurite Or Impactite/impact Glass~andara~emerald Green Arch W/incl,24.99,2023-02-12,,,WorthPoint
fulgurite,Fulgurite From Kimberlite Pipe. 3.1 Ozs.,35.0,2023-02-11,87.885,0.4,WorthPoint
fulgurite,Fulgurite Petrified Lighting From The Mojave Desert. 150 Grams #100002,30.0,2023-02-10,150.0,0.2,WorthPoint
fulgurite,"6 1/2"" 260 Grams Fulgurite Lightning Strike Sand Glass Mohave Desert",47.0,2023-02-08,260.0,0.18,WorthPoint
fulgurite,Fulgurite AKA Petrified Lightening In Display Case Fresno County.,18.0,2023-02-07,,,WorthPoint
fulgurite,Fulgurite - Natural Specimen,20.0,2023-02-07,,,WorthPoint
fulgurite,"Florida Fulgurite Lightning Strike Sand Fused 1-5/8"" Tubular Glass Specimen",9.75,2023-02-06,,,WorthPoint
fulgurite,Exogenic Fulgurite Or Impactite/impact Glass~andara~twisting Gemmy Green Drop,19.99,2023-02-06,,,WorthPoint
fulgurite,Exogenic Fulgurite Or Impactite/impact Glass~andara~folded Earthy Green W/curve,19.99,2023-02-06,,,WorthPoint
fulgurite,Exogenic Fulgurite Or Impactite/impact Glass~andara~rare Elongated Tear Drop,19.99,2023-02-06,,,WorthPoint
fulgurite,"Large 3-1/4"" Fulgurite Fossil Lightning From Morocco F210",29.99,2023-02-05,,,WorthPoint
fulgurite,Fulgurite/Corpuscarii Electro-Priests 40k Games Workshop Desprued,22.5,2023-02-02,,,WorthPoint
fulgurite,GW Warhammer 40k Adeptus Mechanicus Fulgurite Electro-Priests X5 I09,30.0,2023-02-02,,,WorthPoint
fulgurite,FULGURITE NV Lightning Strike Frozen In Glass Mineral Specimen 141g,9.95,2023-02-02,141.0,0.07,WorthPoint
fulgurite,3 Pieces 182 Grams Fulgurite Lightning Strike Sand Glass Mohave Desert,35.0,2023-02-01,182.0,0.19,WorthPoint
fulgurite,Fulgurite Petrified Lighting From The Mohave Desert. ~390 Grams #100005,75.0,2023-02-01,390.0,0.19,WorthPoint
fulgurite,"FULGURITE,(Blackfoot Fulgurite) Petrified Lighting,Natural",180.0,2023-02-01,,,WorthPoint
fulgurite,BIG Lot Of 100% Natural FULGURITE S Or Petrified Lighting 54.6gr,29.99,2023-01-31,54.6,0.55,WorthPoint
fulgurite,"Fulgurite Lightning Fused Sand Blond Fulgurite 1/8 Pound 8+ Pieces 1-2.25""",22.99,2023-01-31,,,WorthPoint
fulgurite,Large Fulgurite. Petrified Lightning. 12 Oz,20.0,2023-01-31,340.2,0.06,WorthPoint
fulgurite,Exogenic Fulgurite Or Impactite/impact Glass~andara~textured Twisting Ruffles,19.99,2023-01-30,,,WorthPoint
fulgurite,Exogenic Fulgurite Or Impactite/impact Glass~andara~bending Effervescent Aqua,27.5,2023-01-30,,,WorthPoint
fulgurite,Exogenic Fulgurite Or Impactite/impact Glass~andara~flowing Icy Aqua Blue,19.99,2023-01-30,,,WorthPoint
fulgurite,3 Beautiful Pieces Of Sedona Fulgurite RARE,5.0,2023-01-29,,,WorthPoint
fulgurite,"(r365-39) 1-3/4"" Fulgurite Lightning Strike Beach Sand Glass Georgia Fulgurites",16.49,2023-01-28,,,WorthPoint
fulgurite,Adeptus Mechanicus Fulgurite Electro-priests Painted Warhammer 40k #2,50.0,2023-01-28,,,WorthPoint
fulgurite,"R353-28K) 2-1/2"" Fulgurite Lightning Strike Beach Sand Glass West Texas Specimen",33.99,2023-01-28,,,WorthPoint
fulgurite,(R310-27) 4 Fulgurites Lightning Strike Beach Sand Glass Sahara Desert Algeria,13.99,2023-01-27,,,WorthPoint
fulgurite,"Sedona Fulgurite - 6‚Öù Inches Long - 37.9 Grams Petrified Lightning !! Sedona, AZ",82.0,2023-01-27,37.9,2.16,WorthPoint
fulgurite,Large Unusual Shape Gobi Desert Fulgurite Lightning Fused Sand Formation 63.8g,59.99,2023-01-25,63.8,0.94,WorthPoint
fulgurite,Exogenic Fulgurite Or Impactite/impact Glass~andara~gemmy Deep Green W/melty Top,19.99,2023-01-25,,,WorthPoint
fulgurite,Petrified Lightning Fulgurite 3 Pieces,10.0,2023-01-24,,,WorthPoint
fulgurite,"Superb Rare, 2 3/8 "" Fulgurite, Fused Cast Of Lightning In Sand,polk Co, Fl",21.5,2023-01-23,,,WorthPoint
fulgurite,Fulgurite Lightning Strike Beach Sand Glass Lake Michigan Fulgurite ( Lot Of 6 ),40.0,2023-01-21,,,WorthPoint
fulgurite,"Fulgurite Crystal, Natural Lightning Striking Sand Into Glass Onto Stone, 11 Gr.",42.95,2023-01-11,11.0,3.9,WorthPoint
fulgurite,Exogenic Fulgurite Or Impactite/impact Glass~andara~rippling Wavy Clear/gray,76.0,2023-01-11,,,WorthPoint
fulgurite,Exogenic Fulgurite Or Impactite/impact Glass~andara~wavy Pale Blue W/filaments,21.5,2023-01-11,,,WorthPoint
fulgurite,"Petrified Lightning,Fulgurite Wand, Heals Chakras, Palm Stone Quartz Lot, Reiki",45.0,2023-01-08,,,WorthPoint
fulgurite,Big Lot Of 100% Natural FULGURITE S Or Petrified Lighting 9.3gr,26.99,2023-01-08,9.3,2.9,WorthPoint
fulgurite,Exogenic Fulgurite From Charleston SC Lightning Strike_Hurricane Dorian Produced,50.0,2023-01-04,,,WorthPoint
fulgurite,Lot Of 100% Natural FULGURITE S Or Petrified Lighting 23.5gr,15.99,2023-01-03,23.5,0.68,WorthPoint
fulgurite,Lot Of Larger 100% Natural FULGURITE S Or Petrified Lighting 31.0gr,30.99,2023-01-03,31.0,1.0,WorthPoint
fulgurite,LIGHTNING GLASS FUSED SAND Desert Fulgurite Specimen SAHARA DESERT W/ ID Card,8.5,2023-01-02,,,WorthPoint
fulgurite,BIG Lot Of 100% Natural FULGURITE S Or Petrified Lightning! 32.3gr,24.99,2022-12-29,32.3,0.77,WorthPoint
fulgurite,"Fulgurite Fossil Lightning Lot Of 4 Specimens 4"" 5"" 6"" And 8"" Petrified Lighting",149.5,2022-12-29,,,WorthPoint
fulgurite,HUGE Lot Of 100% Natural FULGURITE S Or Petrified Lightning! 45.0gr,31.99,2022-12-27,45.0,0.71,WorthPoint
fulgurite,"6 SMALL NATURAL .5""-1"" *HOLLOW* FULGURITE LIGHTNING FUSED SAND PILLARS ~ 8.6g *1",11.33,2022-12-23,8.6,1.32,WorthPoint
fulgurite,"(r365-54) 1-3/4"" Fulgurite Lightning Strike Beach Sand Glass Georgia Fulgurites",16.49,2022-12-23,,,WorthPoint
fulgurite,(R356-4) Fulgurite Ball Lightning Strike Sand Dune Glass Cali Desert Specimen,9.09,2022-12-20,,,WorthPoint
fulgurite,(R356-11) Fulgurite Ball Lightning Strike Sand Dune Glass Cali Desert Specimen,9.09,2022-12-20,,,WorthPoint
fulgurite,(R356-5) Fulgurite Ball Lightning Strike Sand Dune Glass Cali Desert Specimen,9.09,2022-12-20,,,WorthPoint
fulgurite,"(r364-124) 1-1/8"" Fulgurite Lightning Strike Beach Sand Glass Georgia Fulgurites",14.99,2022-12-20,,,WorthPoint
fulgurite,Super Unique Fulgurite Specimen. Petrified Lightning,36.0,2022-12-20,,,WorthPoint
fulgurite,"Unique Specimen! Petrified Lightning, Large Fulgurite.",35.0,2022-12-18,,,WorthPoint
fulgurite,"(r365-56) 1-3/4"" Fulgurite Lightning Strike Beach Sand Glass Georgia Fulgurites",16.49,2022-12-18,,,WorthPoint
fulgurite,"(r366-50) 2-1/8"" Fulgurite Lightning Strike Beach Sand Dune Glass GA Fulgurites",18.99,2022-12-18,,,WorthPoint
fulgurite,"(r367-3) 2-1/4"" Fulgurite Lightning Strike Beach Sand Glass Georgia Specimen",20.99,2022-12-18,,,WorthPoint
fulgurite,FULGURITE Petrified Lightning LIGHTNING GLASS Lot Of 7 California Desert 60g A5,30.0,2022-12-18,60.0,0.5,WorthPoint
fulgurite,"(r365-38) 1-3/4"" Fulgurite Lightning Strike Beach Sand Glass Georgia Fulgurites",16.49,2022-12-16,,,WorthPoint
fulgurite,"(r365-61) 1-7/8"" Fulgurite Lightning Strike Beach Sand Glass Georgia Fulgurites",16.99,2022-12-14,,,WorthPoint
fulgurite,"(r364-18) 2 Fulgurites 1-5/8"" Lightning Strike Beach Sand Glass Georgia Set",22.99,2022-12-13,,,WorthPoint
fulgurite,Lightning Glass Fulgurite From Lake Powell Beach,12.0,2022-12-12,,,WorthPoint
fulgurite,(R310-16) 3 Fulgurites Lightning Strike Beach Sand Glass Sahara Desert Algeria,13.99,2022-12-12,,,WorthPoint
fulgurite,Fulgurite Wand. Petrified Lightning,5.0,2022-12-11,,,WorthPoint
fulgurite,1 Fulgurite Petrified Lightning. 3 Inches,20.0,2022-12-10,,,WorthPoint
fulgurite,Big! 100% Natural FULGURITE Or Petrified Lightning 11.4gr,22.99,2022-12-10,11.4,2.02,WorthPoint
fulgurite,R353-35E) 2-3/4 Fulgurite Lightning Strike Beach Dune Sand Hill Glass West Texas,38.99,2022-12-08,,,WorthPoint
fulgurite,"3.8"" FULGURITE Long Tan Melted Sand Tube From Lightning Strike Morocco For Sale",32.5,2022-12-06,,,WorthPoint
fulgurite,"(r365-125) 1-7/8"" Fulgurite Lightning Strike Beach Sand Glass Georgia Fulgurites",16.99,2022-12-04,,,WorthPoint
fulgurite,"Fulgurite Wand Lot Of 3, Petrified Lightning. Metaphysical Healing Stones, Reiki",25.0,2022-12-04,,,WorthPoint
fulgurite,Long! 100% Natural FULGURITE Or Petrified Lightning 6.3gr,19.99,2022-12-04,6.3,3.17,WorthPoint
fulgurite,Rare Fulgurite Found In FL ~Petrified Lighting~ Ancient Artifact Crystals,100.0,2022-12-01,,,WorthPoint
fulgurite,Beautiful Fulgurite Specimen With Little Gems Speckled Lightning Glass Hawaii,18.99,2022-11-28,,,WorthPoint
fulgurite,Big Lot Of 100% Natural HOLLOW FULGURITE's Or Petrified Lightning 13.3gr,34.99,2022-11-26,13.3,2.63,WorthPoint
fulgurite,"(r369-5) 2-1/2"" Fulgurite Lightning Strike Beach Sand Glass GA Display Specimen",24.99,2022-11-26,,,WorthPoint
fulgurite,"R326-20 2-5/8"" Fulgurite Lightning Strike Beach Sand Glass Sahara Desert Algeria",26.99,2022-11-22,,,WorthPoint
fulgurite,"6 NATURAL 1.1""-2.1"" FULGURITE LIGHTNING FUSED SAND PILLARS MOROCCO ~ 50grams *A1",17.49,2022-11-19,50.0,0.35,WorthPoint
fulgurite,"Fulgurite Wand, Petrified Lightning, Metaphysical, Reiki, Healing Tool",24.0,2022-11-19,,,WorthPoint
fulgurite,"(r365-33) 1-3/4"" Fulgurite Lightning Strike Beach Sand Glass Georgia Fulgurites",16.49,2022-11-12,,,WorthPoint
fulgurite,Authentic Natural Hawaiian Lightning Glass Fulgurite Specimen,19.95,2022-11-08,,,WorthPoint
fulgurite,Big! 100% Natural FULGURITE Or Petrified Lightning 5.0gr,19.99,2022-11-08,5.0,4.0,WorthPoint
fulgurite,Fulgurite Petrified Lighting From The Mohave Desert. ~190grams #100003,35.0,2022-11-05,190.0,0.18,WorthPoint
fulgurite,"10 NATURAL ROUGH .7-1.2"" FULGURITE LIGHTNING FUSED SAND PILLARS MOROCCO 21.6g *3",21.99,2022-11-03,21.6,1.02,WorthPoint
fulgurite,FULGURITE NV Lightning Strike Frozen In Glass 2 Piece Mineral Specimen Lot,13.3,2022-11-03,,,WorthPoint
fulgurite,"R362-42) 4 Piece Set 1/2 1-1/8"" Fulgurites Lightning Strike Beach Sand Glass GA",22.99,2022-11-02,,,WorthPoint
fulgurite,(R310-1) 3 Fulgurites Lightning Strike Beach Sand Glass Sahara Desert Algeria,13.99,2022-11-02,,,WorthPoint
fulgurite,Big 100% Natural HOLLOW FULGURITE Or Petrified Lightning 15.0gr,29.99,2022-10-30,15.0,2.0,WorthPoint
fulgurite,"Terrific Rare,1 7/8 "" Fulgurite, Fused Cast Of Lightning In Sand,augusta, Ga",13.0,2022-10-30,,,WorthPoint
fulgurite,"Superb Rare, 2 1/8 "" Fulgurite, Fused Cast Of Lightning In Sand,polk Co, Fl",22.5,2022-10-29,,,WorthPoint
fulgurite,"Superb 1 7/8 "" Fulgurite, Fused Cast Of Lightning In Sand,polk Co, Fl",12.95,2022-10-29,,,WorthPoint
fulgurite,"(r364-28) 2 Fulgurites 1-5/8"" Lightning Strike Beach Sand Glass Georgia Set",22.99,2022-10-28,,,WorthPoint
fulgurite,"(r364-125) 1-1/8"" Fulgurite Lightning Strike Beach Sand Glass Georgia Fulgurites",14.99,2022-10-27,,,WorthPoint
fulgurite,"HOLLOW FULGURITE Morocco 4""- Only $35ea, - FOSSILIZED LIGHTNING - Blow Through",35.0,2022-10-23,,,WorthPoint
fulgurite,"R353-28G) 2-1/2"" Fulgurite Lightning Strike Beach Sand Glass West Texas Specimen",33.99,2022-10-23,28.0,1.21,WorthPoint
fulgurite,Wholesale Lot - HOLLOW FULGURITE Lot 50pcs Air Passes Thru Center!,150.0,2022-10-21,,,WorthPoint
fulgurite,Two Fulgurites (lightning Tektite) Impactite,20.0,2022-10-20,,,WorthPoint
fulgurite,"5.25"" FULGURITE - Petrified Lightning Strike - Florida Sand - FREE USA SHIPPING",24.99,2022-10-17,,,WorthPoint
fulgurite,Lot Of 12 FULGURITE Petrified Lightning LIGHTNING GLASS California Desert 60g A4,20.0,2022-10-16,60.0,0.33,WorthPoint
fulgurite,"R362-40) 4 Piece Set 1/2 1-1/8"" Fulgurites Lightning Strike Beach Sand Glass GA",22.99,2022-10-12,,,WorthPoint
fulgurite,"R362-37) 4 Piece Set 1/2 1-1/8"" Fulgurites Lightning Strike Beach Sand Glass GA",22.99,2022-10-11,,,WorthPoint
fulgurite,HUGE Lot Of 100% Natural FULGURITE S Or Petrified Lighting 33.5gr,21.99,2022-10-09,33.5,0.66,WorthPoint
fulgurite,HUGE Lot Of 100% Natural FULGURITE S Or Petrified Lighting 41.9gr,25.99,2022-10-09,41.9,0.62,WorthPoint
fulgurite,(R310-25) 4 Fulgurites Lightning Strike Beach Sand Glass Sahara Desert Algeria,13.99,2022-10-08,,,WorthPoint
fulgurite,"(r365-45) 1-3/4"" Fulgurite Lightning Strike Beach Sand Glass Georgia Fulgurites",16.49,2022-10-08,,,WorthPoint
fulgurite,Big! Lot Of 100% Natural FULGURITE S Or Petrified Lighting 16.5gr,18.99,2022-10-07,16.5,1.15,WorthPoint
fulgurite,"Fulgurites -petrified Sand Caused By Lightning ! Lot Of12 From Black Rock, Utah",12.95,2022-10-03,,,WorthPoint
fulgurite,"FULGURITE Morocco - Found In Sand Dunes 2.9""- Only $11ea, - FOSSILIZED LIGHTNING",11.0,2022-10-02,,,WorthPoint
fulgurite,FULGURITE Or Petrified Lightning Big And 100% Natural 14.4gr,13.99,2022-09-30,14.4,0.97,WorthPoint
fulgurite,FULGURITE COPPER 22-74 Paint Pot (Games Workshop Citadel) New 12ml,6.75,2022-09-28,,,WorthPoint
fulgurite,UNCOMMON FULGURITE - 1.9 Cm - Old Collection - ARIZONA 26574,14.0,2022-09-26,,,WorthPoint
fulgurite,"R362-38) 4 Piece Set 1/2 1-1/8"" Fulgurites Lightning Strike Beach Sand Glass GA",22.99,2022-09-25,,,WorthPoint
fulgurite,"(r364-27) 2 Fulgurites 1-5/8"" Lightning Strike Beach Sand Glass Georgia Set",22.99,2022-09-25,,,WorthPoint
fulgurite,Long 100% Natural HOLLOW FULGURITE Or Petrified Lightning 3.2gr,17.99,2022-09-22,3.2,5.62,WorthPoint
fulgurite,"R399-19-3) 5.25"" Fossil Fulgurite Petrified Lightning Strike Beach Sand Glass GA",35.99,2022-09-11,,,WorthPoint
fulgurite,100% Natural HOLLOW FULGURITE Or Petrified Lightning 4.9gr,14.99,2022-09-11,4.9,3.06,WorthPoint
fulgurite,"(r352-73-U) 1-7/8"" Fulgurite Lightning Strike Storm Beach Sand Glass West Texas",18.99,2022-09-11,,,WorthPoint
fulgurite,"(r364-9) 2 Fulgurites 1-5/8"" Lightning Strike Beach Sand Glass Georgia Set",22.99,2022-09-08,,,WorthPoint
fulgurite,Petrified Lightning. Fulgurite Wands. Lot Of Seven,35.0,2022-09-04,,,WorthPoint
fulgurite,Citadel Layer: Fulgurite Copper (12ml),7.49,2022-09-04,,,WorthPoint
fulgurite,"(r364-16) 2 Fulgurites 1-5/8"" Lightning Strike Beach Sand Glass Georgia Set",22.99,2022-09-04,,,WorthPoint
fulgurite,Big 100% Natural FULGURITE Or Petrified Lightning 62.1gr,24.99,2022-09-04,62.1,0.4,WorthPoint
fulgurite,100% Natural HOLLOW FULGURITE Or Petrified Lightning 2.8gr,10.99,2022-09-01,2.8,3.93,WorthPoint
fulgurite,Big! 100% Natural FULGURITE Or Petrified Lightning 7.5gr,17.99,2022-08-30,7.5,2.4,WorthPoint
fulgurite,Fulgurite Glass From Lake Superior Amazing Specimen Real Glass Fulgurite,15.99,2022-08-30,,,WorthPoint
fulgurite,(R310-9) 3 Fulgurites Lightning Strike Beach Sand Glass Sahara Desert Algeria,13.99,2022-08-27,,,WorthPoint
fulgurite,"6 SMALL RARE .7""-.9"" HOLLOW FULGURITE LIGHTNING FUSED SAND PILLARS ~ 8.8grams *A",14.62,2022-08-27,8.8,1.66,WorthPoint
fulgurite,"Sedona Red Fulgurite Wand - 6¬æ Inches Long - Hollow - Sedona, Arizona",135.0,2022-08-26,,,WorthPoint
fulgurite,"9 NATURAL ROUGH 1""-2.2"" FULGURITE LIGHTNING FUSED SAND PILLARS MOROCCO 47.5g *2",20.51,2022-08-26,47.5,0.43,WorthPoint
fulgurite,HUGE Hawaiian Fulgurite Lightning Glass; 100% Natural Organic Fused Vein Base,181.0,2022-08-24,,,WorthPoint
fulgurite,"100% Natural FULGURITE Or Petrified Lightning 8"" Long 2"" Wide GA Creekbed",35.0,2022-08-24,,,WorthPoint
fulgurite,Big! 100% Natural HOLLOW FULGURITE Or Petrified Lightning 5.3gr,15.99,2022-08-23,5.3,3.02,WorthPoint
fulgurite,"(r365-135) 1-7/8"" Fulgurite Lightning Strike Beach Sand Glass Georgia Fulgurites",16.99,2022-08-21,,,WorthPoint
fulgurite,"(r365-63) 1-7/8"" Fulgurite Lightning Strike Beach Sand Glass GA Fulgurites Piece",16.99,2022-08-21,,,WorthPoint
fulgurite,"(r367-7) 2-1/4"" Fulgurite Lightning Strike Beach Sand Dune Glass GA Specimen",20.99,2022-08-21,,,WorthPoint
fulgurite,"(r365-128) 1-7/8"" Fulgurite Lightning Strike Beach Sand Glass Georgia Fulgurites",16.99,2022-08-21,,,WorthPoint
fulgurite,"(r364-26) 2 Fulgurites 1-5/8"" Lightning Strike Beach Sand Glass Georgia Set",22.99,2022-08-21,,,WorthPoint
fulgurite,"#2, ""wholesale Price"" On 10 Rare Fulgurites Lightning Strikes From Yuma Arizona",29.99,2022-08-20,,,WorthPoint
fulgurite,"11 SMALL NATURAL .5""-1.6"" FULGURITE LIGHTNING FUSED SAND PILLARS MOROCCO ~ 14.7g",9.43,2022-08-19,14.7,0.64,WorthPoint
fulgurite,"Large 4-5/8"" Fulgurite Fossil Lightning From Morocco A210",31.99,2022-08-18,,,WorthPoint
fulgurite,Larger! 100% Natural FULGURITE Or Petrified Lightning 4.6gr,12.99,2022-08-17,4.6,2.82,WorthPoint
fulgurite,Hollow Fulgurite Specimen Natural Lightning Glass Tube,29.42,2022-08-17,,,WorthPoint
fulgurite,"5 NATURAL ROUGH .9""-1.7"" FULGURITE LIGHTNING FUSED SAND PILLARS MOROCCO 22.3g *2",16.24,2022-08-16,22.3,0.73,WorthPoint
fulgurite,Big 100% Natural FULGURITE Or Petrified Lightning 36.3gr,19.99,2022-08-15,36.3,0.55,WorthPoint
fulgurite,100% Natural HOLLOW FULGURITE Or Petrified Lightning 2.9gr,6.99,2022-08-12,2.9,2.41,WorthPoint
fulgurite,"5 NATURAL ROUGH 1.5""-1.7"" FULGURITE LIGHTNING FUSED SAND PILLARS MOROCCO ~ 26.5g",6.19,2022-08-09,26.5,0.23,WorthPoint
fulgurite,Fulgurite - Lightning Fused Sand Glass Tube - Florida - Grams,30.0,2022-08-07,,,WorthPoint
fulgurite,Lot Of 20+ Fulgurites From Lake Superior Amazing Specimen Real Glass Fulgurite,9.99,2022-08-06,,,WorthPoint
fulgurite,100% Natural HOLLOW FULGURITE Or Petrified Lightning 3.4gr,12.99,2022-08-05,3.4,3.82,WorthPoint
fulgurite,"5 NATURAL ROUGH 1""-1.8"" FULGURITE LIGHTNING FUSED SAND PILLARS MOROCCO 35.8g *1",17.75,2022-08-03,35.8,0.5,WorthPoint
fulgurite,Big! 100% Natural FULGURITE Or Petrified Lightning 13.9gr,20.99,2022-08-01,13.9,1.51,WorthPoint
fulgurite,"Rare 1.2"" Natural Fulgurite Lightning Fused *hollow* Sand Pillar Florida, Usa *5",21.74,2022-07-31,,,WorthPoint
fulgurite,"Superb Solid Rare,2 1/4 "" Fulgurite, Fused Cast Of Lightning In Sand,polk Co, Fl",25.0,2022-07-28,,,WorthPoint
fulgurite,Natural Fulgurite Or Petrified Lightning From Polk County Florida 31 Gram Lot,22.5,2022-07-25,31.0,0.73,WorthPoint
fulgurite,"7 SMALL NATURAL .7-1.1"" *HOLLOW* FULGURITE LIGHTNING FUSED SAND PILLARS 14.5g *3",22.49,2022-07-25,14.5,1.55,WorthPoint
fulgurite,"4 NATURAL ROUGH 1.6""-2"" FULGURITE LIGHTNING FUSED SAND PILLARS FROM MOROCCO 41g",14.5,2022-07-25,41.0,0.35,WorthPoint
fulgurite,Big! 100% Natural FULGURITE Or Petrified Lightning 63.4gr,29.99,2022-07-24,63.4,0.47,WorthPoint
fulgurite,Warhammer 40K Adeptus Mechanicus Painted Fulgurite Electro-priest H3a-7,57.6,2022-07-24,,,WorthPoint
fulgurite,3 NATURAL ROUGH FULGURITE LIGHTNING FUSED SAND PILLARS FROM MOROCCO ~ 10.2grams,7.5,2022-07-23,10.2,0.74,WorthPoint
fulgurite,"Natural Fulgurite Or Petrified Lightning From Polk County, Florida 1.82 Grams",5.5,2022-07-22,1.82,3.02,WorthPoint
fulgurite,"Superb Rare, 2 5/8 "" Fulgurite, Fused Cast Of Lightning In Sand,polk Co, Fl",25.0,2022-07-22,,,WorthPoint
fulgurite,Big! 100% Natural FULGURITE Or Petrified Lightning 11.8gr,17.99,2022-07-22,11.8,1.52,WorthPoint
fulgurite,Lot Of 10 Fulgurites From Lake Superior Amazing Specimen Real Glass Fulgurite,19.99,2022-07-20,,,WorthPoint
fulgurite,"10 SMALL RARE HOLLOW! .6""-.8"" FULGURITE LIGHTNING FUSED SAND PILLARS ~ 14.2g *1",18.89,2022-07-20,14.2,1.33,WorthPoint
fulgurite,"14 SMALL NATURAL .6""-.8"" FULGURITE LIGHTNING FUSED SAND PILLARS MOROCCO ~ 23.1g",16.19,2022-07-20,23.1,0.7,WorthPoint
fulgurite,"(r365-124) 1-7/8"" Fulgurite Lightning Strike Beach Sand Glass Georgia Fulgurites",16.99,2022-07-18,,,WorthPoint
fulgurite,Big 100% Natural FULGURITE Or Petrified Lightning 52.9gr,19.99,2022-07-17,52.9,0.38,WorthPoint
fulgurite,Natural Fulgurite Or Petrified Lightning From Egypt 24 Grams,33.0,2022-07-16,24.0,1.38,WorthPoint
fulgurite,"Large 3-3/4"" Fulgurite Fossil Lightning From Morocco C210",29.99,2022-07-16,,,WorthPoint
fulgurite,"(R309-7) 1.5"" Fulgurite Lightning Strike Beach Fused Sand Sahara Desert Morocco",13.99,2022-07-15,,,WorthPoint
fulgurite,"(r365-129) 1-7/8"" Fulgurite Lightning Strike Beach Sand Glass Georgia Fulgurites",16.99,2022-07-15,,,WorthPoint
fulgurite,Cool Fulgurite Lightning Glass Vein W/Branch,24.0,2022-07-14,,,WorthPoint
fulgurite,"FULGURITE (Petrified Lightning) Fulgurite LIGHTNING GLASS, Natural",275.0,2022-07-12,,,WorthPoint
fulgurite,Big 100% Natural FULGURITE Or Petrified Lightning 12.0gr,17.99,2022-07-11,12.0,1.5,WorthPoint
fulgurite,Warhammer 40K Painted Adeptus Mechanicus Corpuscarii Electro-Priests Fulgurite,35.0,2022-07-10,,,WorthPoint
fulgurite,"(r365-32) 1-1/2"" Fulgurite Lightning Strike Beach Sand Glass Georgia Fulgurites",15.99,2022-07-10,,,WorthPoint
fulgurite,Fulgurite Glass From Lake Superior Northern Michigan,22.0,2022-07-09,,,WorthPoint
fulgurite,"Fulgurite Wands, Petrified Lightning. Unique, One Of A Kind. Lot Of 3.",39.99,2022-07-09,,,WorthPoint
fulgurite,"HOLLOW FULGURITE Morocco 2.75""- Only $13 Each - FOSSILIZED LIGHTNING",13.0,2022-07-09,,,WorthPoint
fulgurite,Fulgurite Blue Glass From Lake Superior Amazing Specimen Real Glass Fulgurite,18.99,2022-07-08,,,WorthPoint
fulgurite,Big! 100% Natural HOLLOW FULGURITE Or Petrified Lightning 14.3gr,22.99,2022-07-08,14.3,1.61,WorthPoint
fulgurite,Warhammer 40k Adeptus Mechanicus - Fulgurite Electro Priests,34.95,2022-07-07,,,WorthPoint
fulgurite,"(R399-8-9) 2"" Fossil Fulgurite Petrified Lightning Strike Beach Sand Glass GA",18.99,2022-07-07,,,WorthPoint
fulgurite,"5 NATURAL 1.1""-1.5"" FULGURITE LIGHTNING FUSED SAND PILLARS MOROCCO ~ 13.6g *A1",10.04,2022-07-04,13.6,0.74,WorthPoint
fulgurite,Adeptus Mechanicus - Fulgurite Electropriests (x5) - #66224,32.2,2022-07-04,,,WorthPoint
fulgurite,"Petrified Lightning, Fulgurites And Healing Quartz Crystal Lot Of 9 Peices.",25.0,2022-07-04,,,WorthPoint
fulgurite,Fulgurite - Lightning Fused Sand Glass Tube - Florida - 5.3 Grams,15.0,2022-07-04,5.3,2.83,WorthPoint
fulgurite,Lightning Glass Hawaiian Fulgurite,29.3,2022-07-02,,,WorthPoint
fulgurite,"3 NATURAL 2.6""-2.8"" FULGURITE LIGHTNING FUSED SAND PILLARS FROM MOROCCO ~ 24.7g",5.5,2022-07-02,24.7,0.22,WorthPoint
fulgurite,"(r365-35) 1-3/4"" Fulgurite Lightning Strike Beach Sand Glass Georgia Fulgurites",16.49,2022-07-01,,,WorthPoint
fulgurite,"10 NATURAL ROUGH .7-1.3"" FULGURITE LIGHTNING FUSED SAND PILLARS MOROCCO 16.9g *2",12.57,2022-06-29,16.9,0.74,WorthPoint
fulgurite,"7 NATURAL .9""-1.8"" FULGURITE LIGHTNING FUSED SAND PILLARS MOROCCO ~ 17.9g *A2",12.91,2022-06-26,17.9,0.72,WorthPoint
fulgurite,Fossilized Lightning Glass Fulgurite 3 Pieces,32.0,2022-06-25,,,WorthPoint
fulgurite,"(r364-24) 2 Fulgurites 1-5/8"" Lightning Strike Beach Sand Glass Georgia Set",22.99,2022-06-22,,,WorthPoint
fulgurite,"R326-22 2-5/8"" Fulgurite Lightning Strike Beach Sand Glass Sahara Desert Algeria",26.99,2022-06-22,,,WorthPoint
fulgurite,Lot Of 12 Dolomite Fulgurite Ulexite Tourmaline Chalcanthite Beryl Minerals,67.99,2022-06-17,,,WorthPoint
fulgurite,"FULGURITE Large Tan Fossilized Lightning Strike Morocco 2.81""",18.0,2022-06-16,,,WorthPoint
fulgurite,Frozen Lightning Vein Glass Fulgurite,21.0,2022-06-15,,,WorthPoint
fulgurite,WOW! Fulgurite Blue Glass From Lake Superior Amazing Specimen,15.99,2022-06-11,,,WorthPoint
fulgurite,Cool Gobi Desert Fulgurite Lightning Fused Sand Formation 12.2g,19.99,2022-06-11,12.2,1.64,WorthPoint
fulgurite,BIG Lot Of 100% Natural FULGURITE S Or Petrified Lighting 24.4gr,15.99,2022-06-11,24.4,0.66,WorthPoint
fulgurite,"Petrified Lightning, Fulgurites Lot",15.0,2022-06-10,,,WorthPoint
fulgurite,"Petrified Lightning, Fulgurite Wands, Lot Of 9 Peices.",18.0,2022-06-06,,,WorthPoint
fulgurite,BIG Lot Of 100% Natural FULGURITE S Or Petrified Lighting 13.4gr,25.99,2022-06-04,13.4,1.94,WorthPoint
fulgurite,"Petrified Lightning, Large Fulgurite",36.0,2022-06-04,,,WorthPoint
fulgurite,"Rare! 1.7"" Natural Fulgurite Lightning Fused *hollow* Sand Pillar Florida Usa *3",20.87,2022-06-03,,,WorthPoint
fulgurite,"3 Specimens FULGURITE Morocco 2.25"" Long - 3pcs For $18 - FOSSILIZED LIGHTNING!",18.0,2022-06-02,,,WorthPoint
fulgurite,Fulgurite Copper Layer Citadel Paint Warhammer 40K Flipside,6.1,2022-05-31,,,WorthPoint
fulgurite,"8 NATURAL .7""-1.2"" FULGURITE LIGHTNING FUSED SAND PILLARS MOROCCO ~ 13.7g *A3",10.79,2022-05-28,13.7,0.79,WorthPoint
fulgurite,"(r365-132) 1-7/8"" Fulgurite Lightning Strike Beach Sand Glass Georgia Fulgurites",16.99,2022-05-26,,,WorthPoint
fulgurite,"(R353-52E) 3"" Fulgurite Lightning Strike Beach Sand Glass West Texas Specimen",42.99,2022-05-26,,,WorthPoint
fulgurite,"(R353-53) 3"" Fulgurite Lightning Strike Beach Sand Glass West Texas Specimen",42.99,2022-05-26,,,WorthPoint
fulgurite,"R353-28b) 2-1/2"" Fulgurite Lightning Strike Beach Sand Glass West Texas Specimen",33.99,2022-05-26,,,WorthPoint
fulgurite,"(r364-19) 2 Fulgurites 1-5/8"" Lightning Strike Beach Sand Glass Georgia Set",22.99,2022-05-26,,,WorthPoint
fulgurite,Larger! 100% Natural FULGURITE Or Petrified Lightning 8.9gr,14.99,2022-05-26,8.9,1.68,WorthPoint
fulgurite,"Petrified Lightning, Large Fulgurite Wand",35.0,2022-05-25,,,WorthPoint
fulgurite,Big 100% Natural FULGURITE Or Petrified Lightning 17.9gr,29.99,2022-05-23,17.9,1.68,WorthPoint
fulgurite,Large FULGURITE 'Fossil' Lightning Strike All Natural W/ Floating Display,40.0,2022-05-22,,,WorthPoint
fulgurite,Fulgurite Glass From Lake Superior Northern Michigan. + ONE FREE,15.99,2022-05-21,,,WorthPoint
fulgurite,Larger! 100% Natural FULGURITE Or Petrified Lightning 9.2gr,12.99,2022-05-21,9.2,1.41,WorthPoint
fulgurite,Fulgurite. Very Large Petrified Lighting From The Mojave Desert.,75.0,2022-05-20,,,WorthPoint
fulgurite,Huge Fulgurite Glass From Lake Superior Northern Michigan +ONE FREE,76.99,2022-05-20,,,WorthPoint
fulgurite,"4 NATURAL ROUGH 1.5""-2"" FULGURITE LIGHTNING FUSED SAND PILLARS MOROCCO 40.7g *1",17.27,2022-05-18,40.7,0.42,WorthPoint
fulgurite,Adeptus Mechanicus - Fulgurite Electropriests (x7) - #66223,44.85,2022-05-16,,,WorthPoint
fulgurite,5 USA Lightning Strike FULGURITES From Arizona Desert * 2.8 To 6.3 Cm * Science,12.95,2022-05-14,,,WorthPoint
fulgurite,(R320-8) 2 Fulgurites Lightning Strike Beach Sand Glass Sahara Desert Algeria,12.99,2022-05-14,,,WorthPoint
fulgurite,"Petrified Lightning, Fulgurites And Red Jasper Lot Of 9 Peices.",15.0,2022-05-12,,,WorthPoint
fulgurite,Rare 1940s GATHERING FULGURITE FLORA DALE MEARS MICHIGAN LAKE BEACH Photo Vtg P1,47.5,2022-05-06,,,WorthPoint
fulgurite,"(r365-34) 1-3/4"" Fulgurite Lightning Strike Beach Sand Glass Georgia Fulgurites",16.49,2022-05-06,,,WorthPoint
fulgurite,Long! 100% Natural HOLLOW FULGURITE Or Petrified Lightning 8.4gr,18.99,2022-05-06,8.4,2.26,WorthPoint
fulgurite,"6 NATURAL ROUGH 1.3-1.7"" FULGURITE LIGHTNING FUSED SAND PILLARS MOROCCO 29.2g *4",22.49,2022-05-02,29.2,0.77,WorthPoint
fulgurite,A HUGE! 100% Natural FULGURITE Or Petrified Lightning 112gr,59.99,2022-04-30,112.0,0.54,WorthPoint
fulgurite,"Large 3-7/8"" Fulgurite Fossil Lightning From Morocco B210",29.99,2022-04-28,,,WorthPoint
fulgurite,Big FULGURITE Lightning Strike Fulgarite From Sahara Desert Algeria For Sale,348.5,2022-04-25,,,WorthPoint
fulgurite,Fulgurite Petrified Lighting From The Mojave Desert.,32.0,2022-04-25,,,WorthPoint
fulgurite,"Fulgurite Wands, Petrified Lightning Lot Of 3",27.0,2022-04-25,,,WorthPoint
fulgurite,Big 100% Natural FULGURITE Or Petrified Lightning 72.5gr,29.99,2022-04-22,72.5,0.41,WorthPoint
fulgurite,Harder Longer Chime Fulgurite+#7Lil Ones+Picture Stone+Trilobite+fish Flint M F,18.6,2022-04-22,,,WorthPoint
fulgurite,A 100% Natural Fulgurite Necklace Or Pendant! Petrified Lighting! 6.07,13.99,2022-04-19,,,WorthPoint
fulgurite,Big! 100% Natural HOLLOW FULGURITE Or Petrified Lightning 36.1gr,29.99,2022-04-18,36.1,0.83,WorthPoint
fulgurite,"(r364-127) 1-1/8"" Fulgurite Lightning Strike Beach Sand Glass Georgia Fulgurites",14.99,2022-04-18,,,WorthPoint
fulgurite,"(r365-44) 1-3/4"" Fulgurite Lightning Strike Beach Sand Glass Georgia Fulgurites",16.49,2022-04-17,,,WorthPoint
fulgurite,Big 100% Natural HOLLOW FULGURITE Or Petrified Lightning 10.1gr,24.99,2022-04-17,10.1,2.47,WorthPoint
fulgurite,"(r364-13) 2 Fulgurites 1-5/8"" Lightning Strike Beach Sand Glass Georgia Set",22.99,2022-04-17,,,WorthPoint
fulgurite,"Fulgurite Wand, Petrified Lightning, Collectors Specimen, Healing Stone.",15.0,2022-04-12,,,WorthPoint
fulgurite,"R365-32-6) 1-1/2"" Fulgurite Lightning Strike Beach Sand Glass Georgia Fulgurites",15.99,2022-04-08,,,WorthPoint
fulgurite,"‚òòÔ∏èRR‚öí: Natural Lightening Caused Fulgurites, Arizona Desert, 15 G ‚ö°Ô∏è‚ö°Ô∏è",6.5,2022-04-08,15.0,0.43,WorthPoint
fulgurite,Fulgurite Glass From Lake Superior Northern Michigan. Fossil Lightning! +1 FREE,32.99,2022-04-07,,,WorthPoint
fulgurite,"‚òòÔ∏èRR‚öí: 5 Natural Lightening Caused Fulgurites, Arizona Desert, 161 Grams",17.0,2022-04-06,161.0,0.11,WorthPoint
fulgurite,"R325-15 1-1/2"" Fulgurite Lightning Strike Beach Sand Glass Sahara Desert Algeria",14.99,2022-04-05,,,WorthPoint
fulgurite,"Fulgurite Lightning Fused Sand Blond Fulgurite 1/8 Pound 7 Plus Pieces 1-2.25""",22.39,2022-04-04,,,WorthPoint
fulgurite,Warhammer 40k Adeptus Mechanicus Fulgurite Electro-Priest Unit (5x Unpainted),10.5,2022-04-04,,,WorthPoint
fulgurite,A Larger! 100% Natural FULGURITE Or Petrified Lightning 13.2gr,15.99,2022-04-02,13.2,1.21,WorthPoint
fulgurite,(R310-3) 3 Fulgurites Lightning Strike Beach Sand Glass Sahara Desert Algeria,13.99,2022-04-02,,,WorthPoint
fulgurite,(R320-2) 2 Fulgurites Lightning Strike Beach Sand Glass Sahara Desert Algeria,12.99,2022-04-02,,,WorthPoint
fulgurite,Fulgurite Glass From Crystal River Florida Fossil Lightning! + ONE FREE!,69.0,2022-04-02,,,WorthPoint
fulgurite,Warhammer 40k Adeptus Mechanicus Cult Mechanicus Fulgurite Electro-Priests (x5),30.0,2022-04-02,,,WorthPoint
fulgurite,"R365-32-8) 1-1/2"" Fulgurite Lightning Strike Beach Sand Glass Georgia Fulgurites",15.99,2022-04-01,,,WorthPoint
fulgurite,"(r364-123) 1-1/8"" Fulgurite Lightning Strike Beach Sand Glass Georgia Fulgurites",14.99,2022-04-01,,,WorthPoint
fulgurite,"(r365-53) 1-3/4"" Fulgurite Lightning Strike Beach Sand Glass Georgia Fulgurites",16.49,2022-04-01,,,WorthPoint
fulgurite,"(r365-57) 1-3/4"" Fulgurite Lightning Strike Beach Sand Glass Georgia Fulgurites",16.49,2022-04-01,,,WorthPoint
fulgurite,"(r364-122) 1-1/8"" Fulgurite Lightning Strike Beach Sand Glass Georgia Fulgurites",14.99,2022-04-01,,,WorthPoint
fulgurite,Big 100% Natural HOLLOW FULGURITE Or Petrified Lightning 22.3gr,30.99,2022-03-31,22.3,1.39,WorthPoint
fulgurite,Big 100% Natural HOLLOW FULGURITE Or Petrified Lightning 36.7gr,35.99,2022-03-31,36.7,0.98,WorthPoint
fulgurite,Big 100% Natural FULGURITE Or Petrified Lightning 15.8gr,27.99,2022-03-31,15.8,1.77,WorthPoint
fulgurite,HOLLOW ! FULGURITE Or Petrified Lightning 100% Natural 4.2gr,10.99,2022-03-31,4.2,2.62,WorthPoint
fulgurite,Fulgurite - Lightning Fused Sand Glass Tube - Florida - 7 Grams,12.0,2022-03-30,7.0,1.71,WorthPoint
fulgurite,"7 SMALL RARE NATURAL ROUGH .6""-1"" FULGURITE LIGHTNING FUSED SAND PILLARS ~ 11.8g",8.5,2022-03-28,11.8,0.72,WorthPoint
fulgurite,(R310-21) 3 Fulgurites Lightning Strike Beach Sand Glass Sahara Desert Algeria,13.99,2022-03-27,,,WorthPoint
fulgurite,"Fulgurite Glass Light Blue Glass From Lake Superior, + ONE FREE",23.99,2022-03-24,,,WorthPoint
fulgurite,Big! 100% Natural HOLLOW FULGURITE Or Petrified Lightning 32.3gr,29.99,2022-03-24,32.3,0.93,WorthPoint
fulgurite,Fulgurite Glass From Lake Superior Northern Michigan Frozen Lightning,15.99,2022-03-23,,,WorthPoint
fulgurite,Larger HOLLOW ! FULGURITE Or Petrified Lightning 100% Natural 7.2gr,12.99,2022-03-23,7.2,1.8,WorthPoint
fulgurite,Fulgurite Petrified Lighting From The Mohave Desert. ~156grams #100004,33.0,2022-03-21,156.0,0.21,WorthPoint
fulgurite,Lightning Glass Fulgurite From Hawai'i Island,99.99,2022-03-19,,,WorthPoint
fulgurite,"(r364-14) 2 Fulgurites 1-5/8"" Lightning Strike Beach Sand Glass Georgia Set",22.99,2022-03-18,,,WorthPoint
fulgurite,Warhammer 40K Electro-Priests Adeptus Mechanicus NEW N BOX Fulgurite Corpuscarii,54.9,2022-03-15,,,WorthPoint
fulgurite,"7 SMALL RARE NATURAL ROUGH .8""-1.1"" FULGURITE LIGHTNING FUSED SAND PILLARS 13.9g",13.5,2022-03-14,13.9,0.97,WorthPoint
fulgurite,Fulgurite Fossils,119.0,2022-03-07,,,WorthPoint
fulgurite,Fulgurite From New Milford Connecticut,20.0,2022-03-07,,,WorthPoint
fulgurite,"6 SMALL NATURAL .6""-.9"" FULGURITE LIGHTNING FUSED SAND PILLARS MOROCCO ~ 13.3g",11.5,2022-03-07,13.3,0.86,WorthPoint
fulgurite,Campo Del Cielo Meteorite Tektite Fulgurite Petrified Lightning Floating Frame,9.95,2022-03-06,,,WorthPoint
fulgurite,Genuine Fulgurite Lightning Fused Sand In Display Box,36.0,2022-03-05,,,WorthPoint
fulgurite,Warhammer 40k Adeptus Mechanicus Fulgurite Electro-Priests Painted (B),40.0,2022-03-04,,,WorthPoint
fulgurite,"(r365-23) 1-1/2"" Fulgurite Lightning Strike Beach Sand Glass Georgia Fulgurites",15.99,2022-03-02,,,WorthPoint
fulgurite,"(r364-129) 1-1/8"" Fulgurite Lightning Strike Beach Sand Glass Georgia Fulgurites",14.99,2022-03-02,,,WorthPoint
fulgurite,"(r365-50) 1-3/4"" Fulgurite Lightning Strike Beach Sand Glass Georgia Fulgurites",16.49,2022-02-27,,,WorthPoint
fulgurite,Fulgurite From Daytona Beach Florida Fossil Lightning!,49.99,2022-02-23,,,WorthPoint
fulgurite,Awesome White Fulgurite With Biogenic Inclusion Crazy Discharge Points,69.99,2022-02-23,,,WorthPoint
fulgurite,(R310-20) 3 Fulgurites Lightning Strike Beach Sand Glass Sahara Desert Algeria,13.99,2022-02-22,,,WorthPoint
fulgurite,"R325-13 1-1/2"" Fulgurite Lightning Strike Beach Sand Glass Sahara Desert Algeria",14.99,2022-02-18,,,WorthPoint
fulgurite,"HOLLOW FULGURITE Morocco 2.25""- Only $8.50ea, - FOSSILIZED LIGHTNING",8.5,2022-02-16,,,WorthPoint
fulgurite,"1"" Rare Natural Fulgurite Lightning Fused *hollow* Sand Pillar Florida, Usa *6",21.74,2022-02-13,,,WorthPoint
fulgurite,1 Great Plains Petrified Lightning Strike - Fulgurite,9.99,2022-02-13,1.0,9.99,WorthPoint
fulgurite,"Rare 1.3"" Natural Fulgurite Lightning Fused *hollow* Sand Pillar Florida, Usa *4",21.74,2022-02-13,,,WorthPoint
fulgurite,"Saharan Fulgurite Lightning Glass, 7.75"" Long, 30 Grams",200.0,2022-02-13,30.0,6.67,WorthPoint
fulgurite,"üëç4 & 5/8"" Natural Glass FULGURITE CREATED BY LIGHTNING! Fossil Lightning 19.0g",34.99,2022-02-12,19.0,1.84,WorthPoint
fulgurite,"5 SMALL NATURAL .6-1.3"" *HOLLOW* FULGURITE LIGHTNING FUSED SAND PILLARS 11.4g *2",22.99,2022-02-11,11.4,2.02,WorthPoint
fulgurite,"(r365-51) 1-3/4"" Fulgurite Lightning Strike Beach Sand Glass Georgia Fulgurites",16.49,2022-02-11,,,WorthPoint
fulgurite,"(r365-41) 1-3/4"" Fulgurite Lightning Strike Beach Sand Glass Georgia Fulgurites",16.49,2022-02-11,,,WorthPoint
fulgurite,Hawaiian Lightning Glass Fulgurite,420.0,2022-02-11,,,WorthPoint
fulgurite,"Rare! 1.3"" Natural Fulgurite Lightning Fused *hollow* Sand Pillar Florida Usa *2",21.74,2022-02-07,,,WorthPoint
fulgurite,Warhammer 40K Adeptus Mechanicus Fulgurite Electro-priests (ten),25.0,2022-02-07,,,WorthPoint
fulgurite,"Rare! 1.5"" Natural Fulgurite Lightning Fused *hollow* Sand Pillar Florida Usa *4",21.74,2022-02-05,,,WorthPoint
fulgurite,"(r368-2) 2-3/8"" Fulgurite Lightning Strike Beach Sand Dune Glass GA Specimen",22.99,2022-02-05,,,WorthPoint
fulgurite,"Fulgurite Lightning Fused Sand Blond Fulgurite 1/8 Pound 9-18 Pieces 1-2.25""",21.99,2022-02-03,,,WorthPoint
fulgurite,"(r364-15) 2 Fulgurites 1-5/8"" Lightning Strike Beach Sand Glass Georgia Set",22.99,2022-02-03,,,WorthPoint
fulgurite,(R310-15) 3 Fulgurites Lightning Strike Beach Sand Glass Sahara Desert Algeria,13.99,2022-02-03,,,WorthPoint
fulgurite,Very Rare Fulgurite Found In Pennsylvania Mountains Not Beach Very Dense,36.0,2022-02-03,,,WorthPoint
fulgurite,Pretty Piece Of Fulgurite Lightning Fused/Melted Sand. Rose Quartz Glass.,32.0,2022-02-01,,,WorthPoint
fulgurite,FULGURITE FOSSIL PETRIFIED LIGHTNING LOT OF 3 Pieces California Desert 85 Grams,25.0,2022-01-29,85.0,0.29,WorthPoint
fulgurite,Biogenic Fulgurite From Warren Dunes Lake Michigan,38.4,2022-01-28,,,WorthPoint
fulgurite,Massive Fulgurite From Lake Superior Northern Michigan. Fossil Lightning!,129.9,2022-01-27,,,WorthPoint
fulgurite,BIG Lot Of Small 100% Natural FULGURITE S Or Petrified Lighting 31.2gr,15.99,2022-01-24,31.2,0.51,WorthPoint
fulgurite,HUGE Lot Of Little 100% Natural FULGURITE S Or Petrified Lightning! 40.6gr,15.99,2022-01-23,40.6,0.39,WorthPoint
fulgurite,Fulgurite Lot Of 2 Pcs Blackroot CA DESERT LIMITED TIME ONLY,10.0,2022-01-23,,,WorthPoint
fulgurite,"(R353-52-H) 3"" Fulgurite Lightning Strike Beach Sand Glass West Texas Specimen",42.99,2022-01-21,,,WorthPoint
fulgurite,"2.25"" Fulgurite Fossil Lightning From Morocco 55mm",8.99,2022-01-18,,,WorthPoint
fulgurite,4 Glass Fulgurites From Payson Arizona Petrified Mountain Lightning,39.99,2022-01-18,4.0,10.0,WorthPoint
fulgurite,"4 & 5/8"" Natural Glass FULGURITE CREATED BY LIGHTNING! Fossil Lightning 47.7güëç",39.99,2022-01-18,47.7,0.84,WorthPoint
fulgurite,Warhammer 40k - 5x Adeptus Mechanicus FULGURITE ELECTRO PRIEST (10/8),30.0,2022-01-16,,,WorthPoint
fulgurite,"(r365-55) 1-3/4"" Fulgurite Lightning Strike Beach Sand Glass Georgia Fulgurites",16.49,2022-01-14,,,WorthPoint
fulgurite,130mm Natural Glass FULGURITE CREATED BY LIGHTNING! Fossil Lightning 99.3g,49.0,2022-01-11,99.3,0.49,WorthPoint
fulgurite,"#1. ""wholesale Price"" On 4 Rare Fulgurites Lightning Strikes From Arizona Usa",24.99,2022-01-09,,,WorthPoint
fulgurite,"R362-43) 4 Piece Set 1/2 1-1/8"" Fulgurites Lightning Strike Beach Sand Glass GA",22.99,2022-01-09,,,WorthPoint
fulgurite,"(r365-65) 1-7/8"" Fulgurite Lightning Strike Beach Sand Glass Georgia Fulgurites",16.99,2022-01-08,,,WorthPoint
fulgurite,"(r365-49) 1-3/4"" Fulgurite Lightning Strike Beach Sand Glass Georgia Fulgurites",16.49,2022-01-06,,,WorthPoint
fulgurite,Fulgurite Lightning Fused Sand Blond Fulgurite 1/4 Pound 11 + Pieces 1-2.2 Inch,28.99,2022-01-06,,,WorthPoint
fulgurite,Fulgurite Lightning Fused Sand Singing Type Sahara 24 Pieces In 12 Boxes Per Lot,59.99,2022-01-05,,,WorthPoint
fulgurite,"FULGURITE Morocco - Found In Sand Dunes 2.75""- Only $9ea, - FOSSILIZED LIGHTNING",9.0,2022-01-04,,,WorthPoint
fulgurite,"(two) 1-3/4"" Fulgurites Lightning Strike Beach Sand Glass Georgia Fulgurites",32.0,2022-01-03,,,WorthPoint
fulgurite,"(r365-48) 1-3/4"" Fulgurite Lightning Strike Beach Sand Glass Georgia Fulgurites",16.49,2022-01-03,,,WorthPoint
fulgurite,"(r364-115) 1-1/8"" Fulgurite Lightning Strike Beach Sand Glass Georgia Fulgurites",14.99,2022-01-03,,,WorthPoint
fulgurite,"(r365-64) 1-7/8"" Fulgurite Lightning Strike Beach Sand Glass Georgia Fulgurites",16.99,2022-01-03,,,WorthPoint
fulgurite,"(R353-52-i) 3"" Fulgurite Lightning Strike Beach Sand Glass West Texas Specimen",42.99,2022-01-03,,,WorthPoint
fulgurite,"(r367-19) 2-1/4"" Fulgurite Lightning Strike Beach Sand Dune Glass GA Specimen",20.99,2022-01-03,,,WorthPoint
fulgurite,"(r365-133) 1-7/8"" Fulgurite Lightning Strike Beach Sand Glass Georgia Fulgurites",16.99,2022-01-03,,,WorthPoint
fulgurite,"(r353-52b) 3"" Fulgurite Lightning Strike Beach Sand Glass West Texas Fulgurites",42.99,2022-01-03,,,WorthPoint
fulgurite,Lightning Glass Fulgurite Found In Pennsylvania Mountain Not Beach Very Rare...,35.0,2022-01-03,,,WorthPoint
fulgurite,Lightning Glass Fulgurite Found In Pennsylvania Mountains Very Dense There's 2,60.01,2022-01-03,,,WorthPoint
fulgurite,"Large 10 Inch Fulgurite Stone Petrified Fossilized Lightning, Almost 2 Lbs!",39.0,2022-01-01,,,WorthPoint
fulgurite,"FULGURITE Morocco 3.5"" - $20 Each FOSSILIZED LIGHTNING!",20.0,2022-01-01,,,WorthPoint
fulgurite,Lightning Glass Fulgurite 3 Found In Pennsylvania Mountains Very Dense Cool,80.01,2021-12-30,,,WorthPoint
fulgurite,"(r365-127) 1-7/8"" Fulgurite Lightning Strike Beach Sand Glass Georgia Fulgurites",16.99,2021-12-29,,,WorthPoint
fulgurite,"(r364-11) 2 Fulgurites 1-5/8"" Lightning Strike Beach Sand Glass Georgia Set",22.99,2021-12-29,,,WorthPoint
fulgurite,"Fulgurite Lightning Fused Sand 2 Ounce RARE Bigger Singing 1-2.5"" 20+ Pieces",49.99,2021-12-28,,,WorthPoint
fulgurite,A 100% Natural HOLLOW FULGURITE Or Petrified Lightning 2.1gr,9.99,2021-12-28,2.1,4.76,WorthPoint
fulgurite,A Larger! 100% Natural FULGURITE Or Petrified Lightning 11.1gr,21.99,2021-12-24,11.1,1.98,WorthPoint
fulgurite,"(r365-126) 1-7/8"" Fulgurite Lightning Strike Beach Sand Glass Georgia Fulgurites",16.99,2021-12-23,,,WorthPoint
fulgurite,"(r364-113) 1-1/8"" Fulgurite Lightning Strike Beach Sand Glass Georgia Fulgurites",14.99,2021-12-22,,,WorthPoint
fulgurite,"4.25"" Natural FULGURITE ""Octopus"" CREATED BY LIGHTNING Fossil Lightning 112mm",75.0,2021-12-22,,,WorthPoint
fulgurite,"(r365-42) 1-3/4"" Fulgurite Lightning Strike Beach Sand Glass Georgia Fulgurites",16.49,2021-12-20,,,WorthPoint
fulgurite,Fulgurite Glass LOT Blackroot CA,16.1,2021-12-19,,,WorthPoint
fulgurite,10x Adeptus Mechanicus Fulgurite Electro Priests 40k Partially Painted Ad Mech,90.0,2021-12-18,,,WorthPoint
fulgurite,Lightning Glass Fulgurite From Pennsylvania,20.0,2021-12-17,,,WorthPoint
fulgurite,Lot Of FOUR! Larger 100% Natural FULGURITE S Or Petrified Lightning! 29.7gr,25.99,2021-12-17,29.7,0.88,WorthPoint
fulgurite,"(r363-24) 2 Fulgurites 1-1/8"" Lightning Strike Beach Sand Glass Georgia Set",18.99,2021-12-16,,,WorthPoint
fulgurite,Florida Fulgurite Lightning Strike Glass Fused Sand East Coast,9.49,2021-12-16,,,WorthPoint
fulgurite,Lightning Obsidian Glass Fulgurite RARE,180.0,2021-12-15,,,WorthPoint
fulgurite,Fulgurite Glass Lot Of 4 Pcs,10.0,2021-12-15,,,WorthPoint
fulgurite,Lightning Glass Fulgurite CA,10.0,2021-12-15,,,WorthPoint
fulgurite,Fulgurite Blackroot CA Lot Of 4pc,10.0,2021-12-15,,,WorthPoint
fulgurite,Lightning Glass Fulgurite Found In Pennsylvania,21.7,2021-12-14,,,WorthPoint
fulgurite,Fulgurite Specimen,6.5,2021-12-10,,,WorthPoint
fulgurite,Warhammer 40k Adeptus Mechanicus 5 FULGURITE ELECTRO-PRIEST Built (9/30),30.0,2021-12-10,,,WorthPoint
fulgurite,"(R309-11) 2"" Fulgurite Lightning Strike Beach Fused Sand Sahara Desert Morocco",18.99,2021-12-09,,,WorthPoint
fulgurite,Fulgurite Fossil Lightning From Morocco 62mm,9.99,2021-12-08,,,WorthPoint
fulgurite,FULGURITE FOSSIL PETRIFIED LIGHTNING LOT OF 18 Pieces California Desert 195 Gram,40.0,2021-12-07,195.0,0.21,WorthPoint
fulgurite,FULGURITE FOSSIL PETRIFIED LIGHTNING LOT OF 20 Pieces California Desert 110 Gram,30.0,2021-12-07,110.0,0.27,WorthPoint
fulgurite,Lightning Glass Fulgurite Found In PA,7.5,2021-12-07,,,WorthPoint
fulgurite,A Larger! 100% Natural HOLLOW FULGURITE Or Petrified Lightning 7.3gr,24.99,2021-12-06,7.3,3.42,WorthPoint
fulgurite,"HOLLOW FULGURITE Morocco 3.25 ""- $20ea. - FOSSILIZED LIGHTNING - Blow Through",20.0,2021-12-06,,,WorthPoint
fulgurite,"R326-27 2-5/8"" Fulgurite Lightning Strike Beach Sand Glass Sahara Desert Algeria",26.99,2021-12-04,,,WorthPoint
fulgurite,A Long! HOLLOW 100% Natural FULGURITE Or Petrified Lightning 6.5gr,20.99,2021-12-04,6.5,3.23,WorthPoint
fulgurite,A Big 100% Natural Fulgurite Necklace Or Pendant! Petrified Lighting! 6.42,15.99,2021-12-02,,,WorthPoint
fulgurite,Fulgurite From Warren Dunes Lake Michigan,89.99,2021-12-01,,,WorthPoint
fulgurite,"(r365-52) 1-3/4"" Fulgurite Lightning Strike Beach Sand Glass Georgia Fulgurites",16.49,2021-11-29,,,WorthPoint
fulgurite,Massive Fulgurite Lake Superior Northern Michigan Beach Lightning WOW! AWESOME!,189.0,2021-11-29,,,WorthPoint
fulgurite,FULGURITE FOSSIL PETRIFIED LIGHTNING LOT OF 11 Pieces California Desert 110 Gram,30.0,2021-11-27,110.0,0.27,WorthPoint
fulgurite,"(r364-138) 1-1/8"" Fulgurite Lightning Strike Beach Sand Glass Georgia Fulgurites",14.99,2021-11-26,,,WorthPoint
fulgurite,Games Workshop Citadel Layer Paint Fulgurite Copper New,5.49,2021-11-21,,,WorthPoint
fulgurite,"Lot Of 2 Different Fulgurites! (Rare Black ROCK FULGURITE From Texas), Morocco",9.99,2021-11-18,,,WorthPoint
fulgurite,Biogenic Fulgurite Lake Superior Northern Michigan Beach Lightning,14.99,2021-11-17,,,WorthPoint
fulgurite,"(r366-30) 2-1/8"" Fulgurite Lightning Strike Beach Sand Glass Georgia Fulgurites",18.99,2021-11-17,,,WorthPoint
fulgurite,(R353-90) Fulgurite Lightning Strike Beach Sand Glass West Texas Specimen,58.99,2021-11-17,,,WorthPoint
fulgurite,Fulgurite Rock Stone Lapidary Specimen,14.4,2021-11-15,,,WorthPoint
fulgurite,A Larger! HOLLOW 100% Natural FULGURITE Or Petrified Lightning 8.2gr,14.99,2021-11-15,8.2,1.83,WorthPoint
fulgurite,Big Lot Of Long 100% Natural TUBULAR FULGURITE S Or Petrified Lightning 9.8gr,29.99,2021-11-15,9.8,3.06,WorthPoint
fulgurite,Big Lot Of EIGHT! Larger 100% Natural FULGURITE S Or Petrified Lightning! 51.4gr,29.99,2021-11-15,51.4,0.58,WorthPoint
fulgurite,"(r352-63) 1-7/8"" Fulgurite Lightning Strike Storm Beach Sand Glass West Texas",18.99,2021-11-15,,,WorthPoint
fulgurite,"(r352-73-W) 1-7/8"" Fulgurite Lightning Strike Storm Beach Sand Glass West Texas",18.99,2021-11-15,,,WorthPoint
fulgurite,"(R327-3) 3"" Fulgurite Lightning Strike Beach Sand Glass Sahara Desert Algeria",33.99,2021-11-15,,,WorthPoint
fulgurite,"(r352-73-q) 1-7/8"" Fulgurite Lightning Strike Storm Beach Sand Glass West Texas",18.99,2021-11-15,,,WorthPoint
fulgurite,"(r352-73-A) 1-7/8"" Fulgurite Lightning Strike Storm Beach Sand Glass West Texas",18.99,2021-11-15,,,WorthPoint
fulgurite,"3.8"" Fused Sand FULGURITE Melted By Lightning Sahara Desert Morocco For Sale",85.0,2021-11-14,,,WorthPoint
fulgurite,"(R353-52-T) 3"" Fulgurite Lightning Strike Beach Sand Glass West Texas Specimen",35.99,2021-11-11,,,WorthPoint
fulgurite,"(R353-64) 3-1/8"" Fulgurite Lightning Strike Beach Sand Glass West Texas Specimen",44.99,2021-11-10,,,WorthPoint
fulgurite,L57-13 Warhammer 40k Adeptus Mechanicus Fulgurite Electropriests (10) Primed,60.0,2021-11-10,,,WorthPoint
fulgurite,"Superb Rare Fulgurite,( 3 1/16 "") Fused Cast Of Lightning In Sand,polk Co, Fl",27.0,2021-11-09,,,WorthPoint
fulgurite,"3.7"" Lightning Strike In Sand Melted Glass Tan-Red FULGURITE Morocco For Sale",70.0,2021-11-09,,,WorthPoint
fulgurite,Fulgurite Pure White From Warren Dunes Michigan Absolutely Beautiful,89.0,2021-11-09,,,WorthPoint
fulgurite,(R310-17) 3 Fulgurites Lightning Strike Beach Sand Glass Sahara Desert Algeria,13.99,2021-11-09,,,WorthPoint
fulgurite,Fulgurite Electro-Priests Partial Paint Adeptus Mechanicus Warhammer 40K C2,29.99,2021-11-07,,,WorthPoint
fulgurite,Fulgurite Lightning Fossil Petrified In Utah Unique Bronze Brown & Copper Colors,34.0,2021-11-04,,,WorthPoint
fulgurite,Fulgurite Stone Petrified Fossilized Lightning Hollow Crystallized Sand,16.17,2021-11-03,,,WorthPoint
fulgurite,Big Lot Of 100% Natural FULGURITE S Or Petrified Lighting 27.3gr,18.99,2021-11-03,27.3,0.7,WorthPoint
fulgurite,Fulgurite FULGURITE LIGHTNING GLASS (Petrified Lightning),175.0,2021-11-01,,,WorthPoint
fulgurite,Big Lot Of 100% Natural FULGURITE S Or Petrified Lighting 35.0gr,20.99,2021-10-30,35.0,0.6,WorthPoint
fulgurite,"(r362-42) 4 Fulgurites 1/2-1-1/8"" Lightning Strike Beach Sand Glass GA Specimens",22.99,2021-10-30,,,WorthPoint
fulgurite,"(R353-23) 2-1/2"" Fulgurite Lightning Strike Beach Sand Glass West Texas Display",33.99,2021-10-28,,,WorthPoint
fulgurite,Fulgurite Lake Superior Northern Michigan Beach Lightning,32.0,2021-10-27,,,WorthPoint
fulgurite,"(r365-47) 1-3/4"" Fulgurite Lightning Strike Beach Sand Glass Georgia Fulgurites",16.49,2021-10-26,,,WorthPoint
fulgurite,Lot Of 3 Fulgurites Lake Superior Northern Michigan Beach Lightning,45.0,2021-10-23,,,WorthPoint
fulgurite,Big Lot Of 100% Natural FULGURITE S Or Petrified Lighting 17.8gr,11.99,2021-10-22,17.8,0.67,WorthPoint
fulgurite,Lot Of FIVE Larger 100% Natural FULGURITE S Or Petrified Lightning! 31.5gr,23.99,2021-10-20,31.5,0.76,WorthPoint
fulgurite,"(r365-140) 1-7/8"" Fulgurite Lightning Strike Beach Sand Glass Georgia Fulgurites",16.99,2021-10-20,,,WorthPoint
fulgurite,"(r363-17) 2 Fulgurites 1-1/8"" Lightning Strike Beach Sand Glass Georgia Set",18.99,2021-10-20,,,WorthPoint
fulgurite,"R362-47) 4 Fulgurites 1/2to1-1/8"" Lightning Strike Beach Sand Glass GA Specimens",22.99,2021-10-20,,,WorthPoint
fulgurite,"(r366-40) 2-1/8"" Fulgurite Lightning Strike Beach Sand Glass Georgia Fulgurites",18.99,2021-10-20,,,WorthPoint
fulgurite,"Dugway Geode Qtr.+Fresh""Lightning-fulgurite Sickles""&1 Hollow+Gifts T F I R D",8.0,2021-10-14,,,WorthPoint
fulgurite,"(r371-7) 2-3/4"" Fulgurite Lightning Strike Beach Sand Glass Georgia Specimen",29.99,2021-10-14,,,WorthPoint
fulgurite,"(r367-14) 2-1/4"" Fulgurite Lightning Strike Beach Sand Dune Glass GA Specimen",20.99,2021-10-13,,,WorthPoint
fulgurite,"(r365-138) 1-7/8"" Fulgurite Lightning Strike Beach Sand Glass Georgia Fulgurites",16.99,2021-10-11,,,WorthPoint
fulgurite,"R365-32-4) 1-1/2"" Fulgurite Lightning Strike Beach Sand Glass Georgia Fulgurites",15.99,2021-10-11,,,WorthPoint
fulgurite,"(r365-60) 1-7/8"" Fulgurite Lightning Strike Beach Sand Glass Georgia Fulgurites",16.99,2021-10-11,,,WorthPoint
fulgurite,Adeptus Mechanicus Fulgurite Electo-Priests Pro-Painted A-171,40.0,2021-10-10,,,WorthPoint
fulgurite,"SWEET LOT Of 7 FULGURITES , COACHELLA VALLEY,PALM SPRINGS, CALIF",9.95,2021-10-10,,,WorthPoint
fulgurite,Big Lot Of 100% Natural FULGURITE S Or Petrified Lighting 16.7gr,19.99,2021-10-09,16.7,1.2,WorthPoint
fulgurite,Lot Of EIGHT! Larger 100% Natural FULGURITE S Or Petrified Lightning! 33.6gr,26.99,2021-10-05,33.6,0.8,WorthPoint
fulgurite,Big Lot Of 100% Natural FULGURITE S Or Petrified Lighting 15.8gr,21.99,2021-10-05,15.8,1.39,WorthPoint
fulgurite,Big Lot Of Smaller 100% Natural FULGURITE S Or Petrified Lighting 35.1gr,18.99,2021-10-05,35.1,0.54,WorthPoint
fulgurite,Huge Fulgurite Lake Superior Northern Michigan Beach Lightning,80.0,2021-10-05,,,WorthPoint
fulgurite,Lot Of FIVE! Big 100% Natural FULGURITE S Or Petrified Lightning! 40.8gr,30.99,2021-10-03,40.8,0.76,WorthPoint
fulgurite,Fulgurite/Corpuscarii Electro-Priests,38.25,2021-10-01,,,WorthPoint
fulgurite,"(r365-78) 1-7/8"" Fulgurite Lightning Strike Beach Sand Glass Georgia Fulgurites",16.99,2021-10-01,,,WorthPoint
fulgurite,"(r364-120) 1-1/8"" Fulgurite Lightning Strike Beach Sand Glass Georgia Fulgurites",14.99,2021-10-01,,,WorthPoint
fulgurite,"(r365-19) 1-1/2"" Fulgurite Lightning Strike Beach Sand Glass Georgia Fulgurites",15.99,2021-10-01,,,WorthPoint
fulgurite,"(r365-93) 1-7/8"" Fulgurite Lightning Strike Beach Sand Glass Georgia Fulgurites",16.99,2021-10-01,,,WorthPoint
fulgurite,"(r367-18) 2-1/4"" Fulgurite Lightning Strike Beach Sand Dune Glass GA Specimen",20.99,2021-10-01,,,WorthPoint
fulgurite,"(R309-5) 2"" Fulgurite Lightning Strike Beach Fused Sand Sahara Desert Morocco",16.99,2021-09-26,,,WorthPoint
fulgurite,(R310-11) 3 Fulgurites Lightning Strike Beach Sand Glass Sahara Desert Algeria,13.99,2021-09-24,,,WorthPoint
fulgurite,Lightning Glass Fulgurite LARGE SPECIMEN Extremely Rare Find Coachella Valley CA,500.0,2021-09-24,,,WorthPoint
fulgurite,"HOLLOW FULGURITE Morocco 1.75""- 2pcs For Only $15, - FOSSILIZED LIGHTNING",15.0,2021-09-23,,,WorthPoint
fulgurite,"HOLLOW FULGURITE Morocco 2.5""- Only $9.99 Each - FOSSILIZED LIGHTNING",9.99,2021-09-23,,,WorthPoint
fulgurite,"(r365-134) 1-7/8"" Fulgurite Lightning Strike Beach Sand Glass Georgia Fulgurites",16.99,2021-09-23,,,WorthPoint
fulgurite,(R310-19) 3 Fulgurites Lightning Strike Beach Sand Glass Sahara Desert Algeria,13.99,2021-09-23,,,WorthPoint
fulgurite,"(R309-6) 1.75"" Fulgurite Lightning Strike Beach Fused Sand Sahara Desert Morocco",15.99,2021-09-21,,,WorthPoint
fulgurite,"R309-8) 1-1/8"" Fulgurite Lightning Strike Beach Fused Sand Sahara Desert Morocco",12.99,2021-09-20,,,WorthPoint
fulgurite,Lot Of FOUR! Big 100% Natural FULGURITE S Or Petrified Lightning! 44.0gr,30.99,2021-09-16,44.0,0.7,WorthPoint
fulgurite,FULGURITE FOSSIL PETRIFIED LIGHTNING LARGE LOT OF 14 Pieces California Desert,50.0,2021-09-15,,,WorthPoint
fulgurite,"SWEET LOT Of 10 FULGURITES , COACHELLA VALLEY,PALM SPRINGS, CALIF",9.95,2021-09-14,,,WorthPoint
fulgurite,Adeptus Mechanicus Fulgurite Electro-Priests HT-12,35.0,2021-09-13,,,WorthPoint
fulgurite,Fulgurite Electro-Priests Primed Silver Adeptus Mechanicus Warhammer 40K B6,30.0,2021-09-08,,,WorthPoint
fulgurite,Rare Large FULGURITE Fossil Lightning Strike From Florida All Natural Mineral,23.0,2021-09-05,,,WorthPoint
fulgurite,L57-12 Warhammer 40k Adeptus Mechanicus Fulgurite Electropriests (10) Primed,66.97,2021-09-05,,,WorthPoint
fulgurite,"FULGURITE FOSSIL PETRIFIED LIGHTNING 70 Grams Over 4""L X 1""W California Desert G",20.0,2021-09-04,70.0,0.29,WorthPoint
fulgurite,Lot 11V Fulgurite Electoropriests Adeptus Mechanicus,35.0,2021-09-01,,,WorthPoint
fulgurite,Adeptus Mechanicus Warhammer 40k Fulgurite Electro-priests X 5 (E),41.0,2021-08-29,,,WorthPoint
fulgurite,"Superb Rare Fulgurite,( 2 3/8 "") Fused Cast Of Lightning In Sand,polk Co, Fl",29.95,2021-08-27,,,WorthPoint
fulgurite,"Superb Rare, 1 7/8 "" Fulgurite, Fused Cast Of Lightning In Sand,polk Co, Fl",25.0,2021-08-27,,,WorthPoint
fulgurite,Adeptus Mechanicus Fulgurite Electro Priests Warhammer 40k,38.0,2021-08-24,,,WorthPoint
fulgurite,Fulgurites Lightening In A Box 4 Different,31.24,2021-08-20,,,WorthPoint
fulgurite,(R310-18) 3 Fulgurites Lightning Strike Beach Sand Glass Sahara Desert Algeria,13.99,2021-08-20,,,WorthPoint
fulgurite,"U-get 2 ""Accident-made"" Freshly-made {Hole In One} Fulgurite Mini's P D R R G",6.0,2021-08-15,,,WorthPoint
fulgurite,"U-get 2 Of ""Electrical-Accidents"" Freshly-made {Hole In One} Fulgurite Mini's L",6.0,2021-08-15,,,WorthPoint
fulgurite,Adeptus Mechanicus Fulgurite Electro-Priests EK-1,35.0,2021-08-14,,,WorthPoint
fulgurite,"(R399-8) 2.5"" Fossil Fulgurite Petrified Lightning Strike Beach Sand Glass GA",18.99,2021-08-12,,,WorthPoint
fulgurite,Rarer EBay Clinking-Chime Fulgurite+Commentary Mcalpineite L P D R R G+Gifts 4,5.5,2021-08-11,,,WorthPoint
fulgurite,Rarer EBay Clinking-Chime Fulgurite+Commentary Willemseite L P D C G+Gifts 4,5.5,2021-08-11,,,WorthPoint
fulgurite,RARE LIGHTNING STRIKE-MADE EXOGENIC FULGURITE GLASS ~ Beautiful Amber Color. NR,11.95,2021-08-10,,,WorthPoint
fulgurite,V-Shape! Natural Glass FULGURITE CREATED BY LIGHTNING! Fossil Lightning,12.0,2021-08-09,,,WorthPoint
fulgurite,Adeptus Mechanicus Fulgurite Electro-Priests EJ-12,35.0,2021-08-08,,,WorthPoint
fulgurite,"R353-75D) 3-1/2"" Fulgurite Lightning Strike Beach Sand Glass West Texas Specimen",50.99,2021-08-02,,,WorthPoint
fulgurite,"(r365-131) 1-7/8"" Fulgurite Lightning Strike Beach Sand Glass Georgia Fulgurites",16.99,2021-08-02,,,WorthPoint
fulgurite,"(R309-4) 2"" Fulgurite Lightning Strike Beach Fused Sand Sahara Desert Morocco",16.99,2021-07-31,,,WorthPoint
fulgurite,"Fulgurite Fossil, CT Large 8.5"" Rare Lightening Tube, 3 Glass Openings",129.0,2021-07-28,3.0,43.0,WorthPoint
fulgurite,"FULGURITE FOSSIL PETRIFIED LIGHTNING 145 Grams 4"" L X 1.5""W California Desert D",24.0,2021-07-28,145.0,0.17,WorthPoint
fulgurite,"FULGURITE FOSSIL PETRIFIED LIGHTNING 225 Grams 4"" L X 2""W. California Desert K",30.0,2021-07-26,225.0,0.13,WorthPoint
fulgurite,"FULGURITE FOSSIL PETRIFIED LIGHTNING 105 Grams 4.5""L X 1.5""W California Desert A",24.0,2021-07-26,105.0,0.23,WorthPoint
fulgurite,Lot Of HOLLOW 100% Natural FULGURITE's Or Petrified Lightning 11.7gr,19.99,2021-07-26,11.7,1.71,WorthPoint
fulgurite,"FULGURITE FOSSIL PETRIFIED LIGHTNING 95 Grams 5"" L X 1""W. California Desert B",24.0,2021-07-20,95.0,0.25,WorthPoint
fulgurite,"(r365-29) 1-1/2"" Fulgurite Lightning Strike Beach Sand Glass Georgia Fulgurites",15.99,2021-07-15,,,WorthPoint
fulgurite,Fulgurite Copper,5.35,2021-07-14,,,WorthPoint
fulgurite,"(r363-21) 2 Fulgurites 1-1/8"" Lightning Strike Beach Sand Dune Glass Georgia",18.99,2021-07-14,,,WorthPoint
fulgurite,"Large (7"") Fulgurite Analog - Unique Object, Great Detail. Conversation Piece!",50.0,2021-07-13,,,WorthPoint
fulgurite,"(r364-121) 1-1/8"" Fulgurite Lightning Strike Beach Sand Glass Georgia Fulgurites",14.99,2021-07-12,,,WorthPoint
fulgurite,"(r364-3) 2 Fulgurites 1-5/8"" Lightning Strike Beach Sand Glass Georgia Set",22.99,2021-07-12,,,WorthPoint
fulgurite,"(r364-13o) 1-1/8"" Fulgurite Lightning Strike Beach Sand Glass Georgia Fulgurites",14.99,2021-07-12,,,WorthPoint
fulgurite,GW / Citadel Layer Paints - Fulgurite Copper 22-74 - 12ml Metallic Paint 40k THG,5.49,2021-07-11,,,WorthPoint
fulgurite,Fulgurite Lightning Fused Sand Singing Type Sahara 6 Pieces In 2 Boxes Per Lot,16.99,2021-07-11,,,WorthPoint
fulgurite,"R399-14-4 Fossil Fulgurite 3-1/4"" Petrified Lightning Strike Beach Sand Glass GA",22.99,2021-07-11,,,WorthPoint
fulgurite,Fl Fulgurite Tube Fused Quartz Sand Lightning Strike Glass,11.49,2021-07-09,,,WorthPoint
fulgurite,REILLY'S ROCKS: 43 Detailed Arizona Natural Lightening Fulgurite Specimens,50.0,2021-07-09,,,WorthPoint
fulgurite,"Awesome Solid 3 1/2 "" Fulgurite , Coachella Valley,palm Springs, Calif",125.0,2021-07-08,,,WorthPoint
fulgurite,FULGURITE FOSSIL PETRIFIED LIGHTNING RARE BIG MUSEUM QUALITY 435 Grams U.S.A.,100.0,2021-07-04,435.0,0.23,WorthPoint
fulgurite,"(r365-70) 1-7/8"" Fulgurite Lightning Strike Beach Sand Glass Georgia Fulgurites",16.99,2021-07-03,,,WorthPoint
fulgurite,"Awesome 7 3/4 "" Fulgurite , Coachella Valley,palm Springs, Calif",150.0,2021-07-03,,,WorthPoint
fulgurite,Huge Lot Of Smaller 100% Natural FULGURITE S Or Petrified Lighting 25.8gr,20.99,2021-07-02,25.8,0.81,WorthPoint
fulgurite,"(r362-23) 4 Fulgurites 1/2-1-1/8"" Lightning Strike Beach Sand Dune Glass Georgia",22.99,2021-07-01,,,WorthPoint
fulgurite,"Superb Rare Fulgurite,( 2 5/8 "") Fused Cast Of Lightning In Sand,polk Co, Fl",27.5,2021-06-29,,,WorthPoint
fulgurite,FULGURITE FOSSIL PETRIFIED LIGHTNING 150 Grams 9 Plus Inches Long California,60.0,2021-06-28,150.0,0.4,WorthPoint
fulgurite,Fulgurite - Set Of Three Sand Tubes Fused By Lightning Strikes On Sand,13.75,2021-06-28,,,WorthPoint
fulgurite,Human Parts Fulgurite Fun Shapes GF Rare Sands Of Black Rock Area By IBex Well,14.0,2021-06-25,,,WorthPoint
fulgurite,"(r352-90b) 2-1/4"" Fulgurite Lightning Strike Storm Beach Sand Glass West Texas",27.99,2021-06-24,,,WorthPoint
fulgurite,"5Fresh-Lightning Proof""Accident""fulgurite Minis Flying Serpent+Biting Dog+Gifts",8.0,2021-06-24,,,WorthPoint
fulgurite,"Fulgurite - Exotic, Natural Specimen",20.0,2021-06-23,,,WorthPoint
fulgurite,"6 Fulgurite,(1w/Diamonds)+1 Petrified Wood+Picasso Marble+Picture Stone+etc- W S",31.43,2021-06-23,,,WorthPoint
fulgurite,RARE Bent Natural Glass FULGURITE CREATED BY LIGHTNING Fossil Lightning 77mm,15.99,2021-06-20,,,WorthPoint
fulgurite,"(R353-52-O) 3"" Fulgurite Lightning Strike Beach Sand Glass West Texas Specimen",42.99,2021-06-19,,,WorthPoint
fulgurite,"(R353-85) 3+"" Fulgurite Lightning Strike Beach Sand Dune Glass West Texas Piece",57.99,2021-06-19,,,WorthPoint
fulgurite,"(r364-8) 2 Fulgurites 1-5/8"" Lightning Strike Beach Sand Glass Georgia Set",22.99,2021-06-19,,,WorthPoint
fulgurite,"(r371-6) 2-3/4"" Fulgurite Lightning Strike Beach Sand Glass Georgia Specimen",29.99,2021-06-19,,,WorthPoint
fulgurite,"(r366-41) 2-1/8"" Fulgurite Lightning Strike Beach Sand Glass Georgia Fulgurites",18.99,2021-06-19,,,WorthPoint
fulgurite,Lightning Glasslass Fulgurite,999.0,2021-06-19,,,WorthPoint
fulgurite,A Big Lot Of 100% Natural FULGURITE Specimens Or Petrified Lightning! 31.2gr,24.99,2021-06-19,31.2,0.8,WorthPoint
fulgurite,Lot Of Larger 100% Natural FULGURITE Specimens Or Petrified Lightning! 33.1gr,24.99,2021-06-19,33.1,0.75,WorthPoint
fulgurite,REILLY'S ROCKS: Excellent Large Arizona Natural Lightening Fulgurite ‚ö°Ô∏è‚ö°Ô∏è‚ö°Ô∏è,22.0,2021-06-18,,,WorthPoint
fulgurite,"REILLY'S ROCKS: Excellent Lightening Caused Natural Fulgurite, Arizona",12.0,2021-06-17,,,WorthPoint
fulgurite,"(r374-2) 3-1/8"" Fulgurite Lightning Strike Beach Sand Glass GA Display Specimen",36.99,2021-06-16,,,WorthPoint
fulgurite,Big Lot Of Smaller 100% Natural FULGURITE Specimens Or Petrified Lightning! 32.9,24.99,2021-06-16,,,WorthPoint
fulgurite,"4 Fresh-Lightning Proof ""Godzilla Made Him-possibly An Accident"" Fulgurite Minis",6.0,2021-06-13,,,WorthPoint
fulgurite,"Outstanding Fulgurite, ,cypresshead Formation , Fl",10.0,2021-06-12,,,WorthPoint
fulgurite,"(R353-53-C) 3"" Fulgurite Lightning Strike Beach Sand Glass West Texas Specimen",42.99,2021-06-09,,,WorthPoint
fulgurite,"Warhammer 40k Adeptus Mechanicus Electro-Priests NoS Corpuscarii, Fulgurite",41.0,2021-06-07,,,WorthPoint
fulgurite,Fulgurite All Natural Sahara Desert Africa 1/4 Pound 10 + Pieces 1-2.2 Inch,28.99,2021-06-06,,,WorthPoint
fulgurite,150mm Natural Glass FULGURITE CREATED BY LIGHTNING! Fossil Lightning 100g,9.99,2021-06-04,100.0,0.1,WorthPoint
fulgurite,"(r366-43) 2-1/8"" Fulgurite Lightning Strike Beach Sand Dune Glass GA Fulgurites",18.99,2021-06-03,,,WorthPoint
fulgurite,"(R353-52-Q) 3"" Fulgurite Lightning Strike Beach Sand Glass West Texas Specimen",42.99,2021-06-03,,,WorthPoint
fulgurite,REILLY'S ROCKS: 12 Lightening Caused Natural Fulgurites From Arizona + Pet Wood,9.05,2021-06-03,,,WorthPoint
fulgurite,"U-Get#4-6 Harder Chime Fulgurite Similar Or Better-Look'n Glass,bit,crystal W W",6.99,2021-06-02,,,WorthPoint
fulgurite,"Fulgurite - 56g Petrified Lightning From Mohave County, Arizona",18.0,2021-06-02,56.0,0.32,WorthPoint
fulgurite,REILLY'S ROCKS: 10 Lightening Caused Natural Fulgurites Arizona Desert,10.0,2021-06-02,,,WorthPoint
fulgurite,"REILLY'S ROCKS: Lightening Caused Natural Fulgurite, Arizona, 145 Grams",7.0,2021-06-01,145.0,0.05,WorthPoint
fulgurite,(R310-13) 3 Fulgurites Lightning Strike Beach Sand Glass Sahara Desert Algeria,13.99,2021-05-31,,,WorthPoint
fulgurite,"3.3"" MeltedSand Glass FULGURITE +Hole Caused ByLightning Strike Morocco For Sale",65.0,2021-05-30,,,WorthPoint
fulgurite,"(r364-4) 2 Fulgurites 1-5/8"" Lightning Strike Beach Sand Glass Georgia Set",22.99,2021-05-30,,,WorthPoint
fulgurite,>> Adeptus Mechanicus Fulgurite / Corpuscarii Electro-Priests Warhammer 40k NIB!,54.8,2021-05-29,,,WorthPoint
fulgurite,Warhammer 40k Adeptus Mechanicus Fulgurite Priests X 15,100.0,2021-05-22,,,WorthPoint
fulgurite,Fulgurites Lot Of 3 Three Petrified Lightning Fused Quartz Nevada & Arizona #8,13.99,2021-05-22,,,WorthPoint
fulgurite,REILLY'S ROCKS: 10 Lightening Caused Natural Fulgurites From Arizona,16.5,2021-05-22,,,WorthPoint
fulgurite,Fulgurite - Exotic Natural Specimen,56.0,2021-05-18,,,WorthPoint
fulgurite,93mm Natural Glass FULGURITE CREATED BY LIGHTNING! Fossil Lightning,9.99,2021-05-18,,,WorthPoint
fulgurite,"4 Specimens Of Fulgurite ""Petrified Lightening"" Lot - F002",15.0,2021-05-14,,,WorthPoint
fulgurite,FULGURITE Lot 27.9gr,20.99,2021-05-10,27.9,0.75,WorthPoint
fulgurite,REILLY'S ROCKS: 4 Lightening Caused Fulgurites Arizona Desert,12.5,2021-05-10,,,WorthPoint
fulgurite,"Outstanding Intricate Fulgurite , Coachella Valley,palm Springs, Calif",30.0,2021-05-10,,,WorthPoint
fulgurite,"Superb Rare Fulgurite,( 2 1/2 "") Fused Cast Of Lightning In Sand,polk Co, Fl",27.0,2021-05-08,,,WorthPoint
fulgurite,"R353-28d) 2-1/2"" Fulgurite Lightning Strike Beach Sand Glass West Texas Specimen",33.99,2021-05-08,,,WorthPoint
fulgurite,REILLY'S ROCKS: 8 Lightening Caused Fulgurites Arizona Desert,26.21,2021-05-08,,,WorthPoint
fulgurite,A Big Lot Of Larger 100% Natural FULGURITE S Or Petrified Lighting 37.5gr,29.99,2021-05-05,37.5,0.8,WorthPoint
fulgurite,"SWEET LOT Of 3 FULGURITES ( 1 1/2 - 4 "") , COACHELLA VALLEY,PALM SPRINGS, CALIF",75.0,2021-05-01,,,WorthPoint
fulgurite,"SEDONA FULGURITE PETRIFIED LIGHTNING 31 Mm 1.25"" Natural Red Rock Vortex Energy",13.99,2021-04-30,,,WorthPoint
fulgurite,"(r362-45) 4 Fulgurites 1/2-1-1/8"" Lightning Strike Beach Sand Glass GA Specimens",22.99,2021-04-30,,,WorthPoint
fulgurite,1 Rough Sand Glass Bullet-Speed Made Fulgurite +Hand Writ Details By Finder AMYX,11.9,2021-04-28,,,WorthPoint
fulgurite,"(r364-7) 2 Fulgurites 1-5/8"" Lightning Strike Beach Sand Glass Georgia Set",22.99,2021-04-26,,,WorthPoint
fulgurite,"(r364-119) 1-1/8"" Fulgurite Lightning Strike Beach Sand Glass Georgia Fulgurites",14.99,2021-04-25,,,WorthPoint
fulgurite,"TOTALLY TUBULAR! 6.75"" Natural Glass FULGURITE From LIGHTNING 169mm",299.99,2021-04-25,,,WorthPoint
fulgurite,Lightning Glass Fulgurite. Weight 28.8 Grams. Healing Crystals. Unique. Florida,45.0,2021-04-25,28.8,1.56,WorthPoint
fulgurite,Fulgurite - Petrified Lightning 70g From Arizona,20.0,2021-04-24,70.0,0.29,WorthPoint
fulgurite,Rare Red Exogenic Fulgurite Lightning Struck Sand Of Lake Superior Quarter Size,37.82,2021-04-22,,,WorthPoint
fulgurite,"(r353-1g) 2-3/8"" Fulgurite Lightning Strike Beach Sand Glass West Texas Specimen",28.99,2021-04-20,1.0,28.99,WorthPoint
fulgurite,Petrified Lightning Fulgurite From The Sands Of Lake Superior Found This Year,32.99,2021-04-19,,,WorthPoint
fulgurite,"(r365-10) 1-1/2"" Fulgurite Lightning Strike Beach Sand Glass Georgia Fulgurites",15.99,2021-04-18,,,WorthPoint
fulgurite,"(R353-31) 2-5/8"" Long Fulgurite Lightning Strike Beach Sand Glass West Texas",40.99,2021-04-18,,,WorthPoint
fulgurite,REILLY'S ROCKS: Excellent Lightening Caused Fulgurite Arizona Desert,8.5,2021-04-18,,,WorthPoint
fulgurite,"FULGURITE FOSSIL Lighting Strike Sand Mineral Specimen 2.65"" Mother Natures Best",24.88,2021-04-18,,,WorthPoint
fulgurite,FULGURITE Lot 26.8gr,20.99,2021-04-17,26.8,0.78,WorthPoint
fulgurite,Citadel Layer Paint: Fulgurite Copper (12ml),6.49,2021-04-16,,,WorthPoint
fulgurite,Lightning Glass Fulgurite. Weight 65.5 Grams. Healing Crystals. Unique. Florida,40.0,2021-04-16,65.5,0.61,WorthPoint
fulgurite,"THE LARGEST FULGURITE Morocco 4.25"" Long And Only $28 Each PETRIFIED LIGHTNING!",28.0,2021-04-14,,,WorthPoint
fulgurite,"2.75"" Natural Glass FULGURITE CREATED BY LIGHTNING! Fossil Lightning 11.3g",9.99,2021-04-07,11.3,0.88,WorthPoint
fulgurite,Warhammer 40k Adeptus Mechanicus Electro-Priests Fulgurite 3x Kill Team,30.0,2021-04-05,,,WorthPoint
fulgurite,A Big Lot Of 100% Natural FULGURITE S Or Petrified Lighting 24.8gr,20.99,2021-04-04,24.8,0.85,WorthPoint
fulgurite,"4 Fulgurite ""Petrified Lightning"" From Vero Beach, Florida",10.0,2021-04-02,,,WorthPoint
fulgurite,Jd FULGURITE FOSSIL LIGHTNING MINERALS CRYSTALS GEMS,6.99,2021-04-01,,,WorthPoint
fulgurite,"(R399-9) 3-1/4"" Fossil Fulgurite Petrified Lightning Strike Beach Sand Glass GA",22.99,2021-04-01,,,WorthPoint
fulgurite,HUGE! 180mm Natural Glass FULGURITE CREATED BY LIGHTNING! Fossil Lightning,200.0,2021-04-01,,,WorthPoint
fulgurite,Lot Of 2 DIFFERENT Natural Glass FULGURITES LIGHTNING! Petrified Lightning,8.99,2021-04-01,,,WorthPoint
fulgurite,Fulgurite Natural Fossil,28.0,2021-03-31,,,WorthPoint
fulgurite,"(r371-14) 2-3/4"" Fulgurite Lightning Strike Beach Sand Glass Georgia Specimen",29.99,2021-03-31,,,WorthPoint
fulgurite,"Superb Rare Fulgurite,( 2 1/4 "") Fused Cast Of Lightning In Sand,polk Co, Fl",26.0,2021-03-30,,,WorthPoint
fulgurite,"(r362-49) 4 Fulgurites 1/2-1-1/8"" Lightning Strike Beach Sand Dune Glass Georgia",22.99,2021-03-29,,,WorthPoint
fulgurite,"FULGURITE Morocco 3.3"" Only $16 Each! FOSSILIZED LIGHTNING!",16.0,2021-03-28,,,WorthPoint
fulgurite,"(r364-101) 1-1/8"" Fulgurite Lightning Strike Beach Sand Glass Georgia Fulgurites",14.99,2021-03-24,,,WorthPoint
fulgurite,Fulgurite Healing Piece,6.0,2021-03-23,,,WorthPoint
fulgurite,Fulgurite Natural Fossil Extra Large,50.0,2021-03-23,,,WorthPoint
fulgurite,"(r364-23) 2 Fulgurites 1-5/8"" Lightning Strike Beach Sand Glass Georgia Set",22.99,2021-03-23,,,WorthPoint
fulgurite,"(r362-40) 4 Fulgurites 1/2-1/1-8"" Lightning Strike Beach Sand Glass GA Specimen",22.99,2021-03-23,,,WorthPoint
fulgurite,8 Fulgurite+1Uncultured Pearl Fossil+Belly Pouch Fossil Boney Gup+Coprolite FM T,16.0,2021-03-23,,,WorthPoint
fulgurite,"(r362-37) 4 Fulgurites 1/2-1-1/8"" Lightning Strike Beach Sand Glass GA Specimens",22.99,2021-03-22,,,WorthPoint
fulgurite,"(r363-15) 2 Fulgurites 1-1/8"" Lightning Strike Beach Sand Glass Georgia Set",18.99,2021-03-22,,,WorthPoint
fulgurite,"SEDONA FULGURITE PETRIFIED LIGHTNING 85 Mm 3.25"" Natural Red Rock Vortex Energy",19.99,2021-03-20,,,WorthPoint
fulgurite,"Fulgurite Electro Priests (5x), Adeptus Mechanicus, Warammer 40k",36.0,2021-03-20,,,WorthPoint
fulgurite,"Fulgurite Electro Priests (5x), Adeptus Mechanicus, Warhammer 40k",40.0,2021-03-18,,,WorthPoint
fulgurite,"(r365-101) 1-7/8"" Fulgurite Lightning Strike Beach Sand Glass Georgia Fulgurites",16.99,2021-03-17,,,WorthPoint
fulgurite,"(r362-33) 4 Fulgurites 1/2-1-1/8"" Lightning Strike Beach Sand Glass GA Display",22.99,2021-03-17,,,WorthPoint
fulgurite,"(r365-98) 1-7/8"" Fulgurite Lightning Strike Beach Sand Glass Georgia Fulgurites",16.99,2021-03-15,,,WorthPoint
fulgurite,"(r364-118) 1-1/8"" Fulgurite Lightning Strike Beach Sand Glass Georgia Fulgurites",14.99,2021-03-12,,,WorthPoint
fulgurite,"(r364-108) 1-1/8"" Fulgurite Lightning Strike Beach Sand Glass Georgia Fulgurites",14.99,2021-03-10,,,WorthPoint
fulgurite,"(r363-16) 2 Fulgurites 1-1/8"" Lightning Strike Beach Sand Glass Georgia Set",18.99,2021-03-09,,,WorthPoint
fulgurite,"FULGURITE--IMOGENE PASS, OURAY COUNTY, COLORADO 1 5/8"" X 1 1/4"" X 1""",20.0,2021-03-08,,,WorthPoint
fulgurite,"SWEET LOT Of 8 FULGURITES , COACHELLA VALLEY,PALM SPRINGS, CALIF",13.5,2021-03-07,,,WorthPoint
fulgurite,Citadel Layer: Fulgurite Copper GAW 22-74-S,8.28,2021-03-05,,,WorthPoint
fulgurite,"(r364-25) 2 Fulgurites 1-5/8"" Lightning Strike Beach Sand Glass GA Specimens",22.99,2021-02-28,,,WorthPoint
fulgurite,"(r362-38) 4 Fulgurites 1/2-1-1/8"" Lightning Strike Beach Sand Glass GA Specimens",22.99,2021-02-25,,,WorthPoint
fulgurite,"Intricate Fulgurite ( 3 "" ) , Coachella Valley,palm Springs, Calif",25.0,2021-02-25,,,WorthPoint
fulgurite,"4"", 3.3 OZ Natural Glass FULGURITE From LIGHTNING Fossil Lightning, OK, USA",27.5,2021-02-25,93.555,0.29,WorthPoint
fulgurite,"Fulgurite ""Petrified Lightning"" From Central Florida",10.0,2021-02-24,,,WorthPoint
fulgurite,"Superb Rare Tan, 2 "" Fulgurite, Fused Cast Of Lightning In Sand,polk Co, Fl",20.0,2021-02-20,,,WorthPoint
fulgurite,Up For Bid 83mm Natural Glass FULGURITE BY LIGHTNING! Fossil Lightning 13.25g,6.5,2021-02-11,13.25,0.49,WorthPoint
fulgurite,Up For Bid 78mm Natural Glass FULGURITE BY LIGHTNING! Fossil Lightning 16.96g,6.5,2021-02-11,16.96,0.38,WorthPoint
fulgurite,Warhammer 40k Mechanicus Fulgurite Electro-Priests Or Corpuscarii New Opened Box,40.0,2021-02-11,,,WorthPoint
fulgurite,Fulgurite Electro-Priests Painted Warhammer 40k Adeptus Mechanicus - L@@K!,80.0,2021-02-11,,,WorthPoint
fulgurite,"(R399-2) 2.5"" Fossil Fulgurite Petrified Lightning Strike Beach Sand Glass GA",18.99,2021-02-09,,,WorthPoint
fulgurite,"Superb Rare Fulgurite,( 2 1/16 "") Fused Cast Of Lightning In Sand,polk Co, Fl",11.0,2021-02-06,,,WorthPoint
fulgurite,"Superb Rare,2 3/8 "" Fulgurite, Fused Cast Of Lightning In Sand,polk Co, Fl",16.0,2021-02-06,,,WorthPoint
fulgurite,"Superb Rare,2 1/4 "" Fulgurite, Fused Cast Of Lightning In Sand,polk Co, Fl",22.0,2021-02-06,,,WorthPoint
fulgurite,(R352-94) Fulgurite Lightning Storm Wild Strike Beach Sand Glass West Texas,26.99,2021-02-02,,,WorthPoint
fulgurite,"(R352-93) 2-1/4"" Fulgurite Lightning Storm Strike Beach Sand Glass West Texas",26.99,2021-02-02,,,WorthPoint
fulgurite,"(r365-66) 1-7/8"" Fulgurite Lightning Strike Beach Sand Glass Georgia Fulgurites",16.99,2021-02-01,,,WorthPoint
fulgurite,"R326-25 2-5/8"" Fulgurite Lightning Strike Beach Sand Glass Sahara Desert Algeria",26.99,2021-02-01,,,WorthPoint
fulgurite,"Intricate Fulgurite , Coachella Valley,palm Springs, Calif",15.0,2021-01-30,,,WorthPoint
fulgurite,"Superb Rare Fulgurite,( 1 3/4 "") Fused Cast Of Lightning In Sand,polk Co, Fl",9.0,2021-01-29,,,WorthPoint
fulgurite,Citadel Paint - Layer: Fulgurite Copper,5.18,2021-01-25,,,WorthPoint
fulgurite,"8"", 8.5 OZ Natural Glass FULGURITE From LIGHTNING Fossil Lightning, OK, USA",25.5,2021-01-24,240.975,0.11,WorthPoint
fulgurite,83mm Natural Glass FULGURITE CREATED BY LIGHTNING! Fossil Lightning 16.34g,14.99,2021-01-23,16.34,0.92,WorthPoint
fulgurite,"(r366-48) 2-1/8"" Fulgurite Lightning Strike Beach Sand Glass Georgia Fulgurites",18.99,2021-01-22,,,WorthPoint
fulgurite,Fulgurite Natural Fossil 100% Goes To Charity,8.01,2021-01-22,,,WorthPoint
fulgurite,"Superb Rare Fulgurite,( 2 1/8 "") Fused Cast Of Lightning In Sand,polk Co, Fl",18.0,2021-01-21,,,WorthPoint
fulgurite,"Awesome Fulgurite , Coachella Valley,palm Springs, Calif",15.0,2021-01-21,,,WorthPoint
fulgurite,"Fulgurite ""Lightning Stone"" Natural Specimen 242 Grams",51.0,2021-01-21,242.0,0.21,WorthPoint
fulgurite,"9"", 1 Lb. 13 OZ Natural Glass FULGURITE From LIGHTNING Fossil Lightning, OK, USA",38.5,2021-01-20,368.55,0.1,WorthPoint
fulgurite,"R353-75A) 3-1/2"" Fulgurite Lightning Strike Beach Sand Glass West Texas Specimen",50.99,2021-01-17,,,WorthPoint
fulgurite,"R327-20 3-1/8"" Fulgurite Lightning Strike Beach Sand Glass Sahara Desert Algeria",35.99,2021-01-17,,,WorthPoint
fulgurite,Fulgurite Natural,24.0,2021-01-16,,,WorthPoint
fulgurite,FULGURITE Lot 24.6gr,20.99,2021-01-16,24.6,0.85,WorthPoint
fulgurite,Big Lot Of TWENTY! HOLLOW 100% Natural FULGURITE's Or Petrified Lightning 7.5gr,22.99,2021-01-15,7.5,3.07,WorthPoint
fulgurite,"(r365-122) 1-7/8"" Fulgurite Lightning Strike Beach Sand Glass Georgia Fulgurites",16.99,2021-01-15,,,WorthPoint
fulgurite,Fulgurite Electro-Priests New Sealed,45.0,2021-01-15,,,WorthPoint
fulgurite,"Fulgurite Mescalero Sand Dunes, Near Artesia, Eddy County, New Mexico 7.49 Grams",5.0,2021-01-14,7.49,0.67,WorthPoint
fulgurite,"(r352-82) 2-1/8"" Fulgurite Lightning Strike Storm Beach Sand Glass West Texas",22.99,2021-01-13,,,WorthPoint
fulgurite,7.80 Grams NWA UNCLASSIFIED METEORITE HIT BY LIGHTNING GLASS FULGURITE INFUSED,54.6,2021-01-12,7.8,7.0,WorthPoint
fulgurite,(R320-7) 2 Fulgurites Lightning Strike Beach Sand Glass Sahara Desert Algeria,12.99,2021-01-12,,,WorthPoint
fulgurite,40k Adeptus Mechanicus Corpuscarii/Fulgurite Electro-Priests,40.0,2021-01-10,,,WorthPoint
fulgurite,"Superb Rare,2 5/16 "" Fulgurite, Fused Cast Of Lightning In Sand,polk Co, Fl",20.0,2021-01-10,,,WorthPoint
fulgurite,"(R327-5) 3"" Fulgurite Lightning Strike Beach Sand Glass Sahara Desert Algeria",33.99,2021-01-09,,,WorthPoint
fulgurite,FULGURITE Lot 27.0gr,19.99,2021-01-09,27.0,0.74,WorthPoint
fulgurite,Fulgurite Petrofied Lightning,100.0,2021-01-07,,,WorthPoint
fulgurite,Awesome Fulgurite From Lake Maracaibo Venezuela Lightning Capitol Of The World,14.79,2021-01-05,,,WorthPoint
fulgurite,Thick Fulgurite From Lake Maracaibo Venezuela Lightning Capitol Of The World,8.99,2021-01-05,,,WorthPoint
fulgurite,2 Fulgurites From Lake Maracaibo Venezuela Lightning Capitol Of The World,15.0,2021-01-05,,,WorthPoint
fulgurite,Warhammer 40k Adeptus Mechanicus Electro Priests FULGURITE ONLY READ DESCRIPTION,65.0,2021-01-05,,,WorthPoint
fulgurite,Fulgurite Electro Priests,60.0,2021-01-05,,,WorthPoint
fulgurite,Big Lot Of TWENTY! 100% Natural FULGURITE's Or Petrified Lightning 29.2gr,24.99,2021-01-04,29.2,0.86,WorthPoint
fulgurite,8.26 Grams NWA UNCLASSIFIED METEORITE STRUCK BY LIGHTNING FULGURITE FUSED ON TOP,58.0,2021-01-03,8.26,7.02,WorthPoint
fulgurite,Fl Nine Tube Fulgurite Specimens Lightning Strike Glass,11.99,2021-01-03,,,WorthPoint
fulgurite,"(r365-112) 1-7/8"" Fulgurite Lightning Strike Beach Sand Glass Georgia Fulgurites",16.99,2021-01-03,,,WorthPoint
fulgurite,"(r365-36) 1-3/4"" Fulgurite Lightning Strike Beach Sand Glass Georgia Fulgurites",16.49,2021-01-03,,,WorthPoint
fulgurite,FULGURITE Lightning Strike Stone Tube,14.99,2021-01-02,,,WorthPoint
fulgurite,"Psuedo Fulgurite Rare Large One Of A Kind ""Heart Of The Desert""",300.0,2020-12-30,,,WorthPoint
fulgurite,"(r364-117) 1-1/8"" Fulgurite Lightning Strike Beach Sand Glass Georgia Fulgurites",14.99,2020-12-30,,,WorthPoint
fulgurite,Fl Fulgurite Tube Fused Quartz Sand Lightning Strike Glass Cat#1930,7.99,2020-12-30,,,WorthPoint
fulgurite,Fl Tube Fulgurite Specimen Fused Quartz Sand Lightning Strike Glass #6013,8.99,2020-12-30,,,WorthPoint
fulgurite,HOLLOW 3.8g Natural Glass BLACK FULGURITE LIGHTNING Fossil Lightning Texas,12.0,2020-12-30,3.8,3.16,WorthPoint
fulgurite,"4.4"", 3.4 OZ Natural Glass FULGURITE From LIGHTNING Fossil Lightning, OK, USA",20.0,2020-12-29,96.39,0.21,WorthPoint
fulgurite,"Rare Sedona Fulgurite~red Rocks Sand 'petrified Lightning'~4"" Hand Gathered",9.99,2020-12-28,,,WorthPoint
fulgurite,One Natural Fulgurite Formed By Lighting Strikes On Sand- 2.6 Grams,5.0,2020-12-28,2.6,1.92,WorthPoint
fulgurite,3 Inch Fulgurite From Lake Maracaibo Venezuela Lightning Capitol Of The World,15.0,2020-12-26,,,WorthPoint
fulgurite,Fulgurite Electro-Priests - Powerpack Bits - Warhammer 40k,7.89,2020-12-25,,,WorthPoint
fulgurite,Warhammer 40k Adeptus Mechanicus Electro-Priests Fulgurite / Corpuscarii (5) NiB,51.0,2020-12-23,,,WorthPoint
fulgurite,"Mineral: Lighting Strike Fulgurite Thumbnail From Polk Co, Florida",12.0,2020-12-18,,,WorthPoint
fulgurite,"(r362-39) 4 Fulgurites 1/2-1-1/8"" Lightning Strike Beach Sand Glass GA Specimens",22.99,2020-12-15,,,WorthPoint
fulgurite,"(r362-46) 4 Fulgurites 1/2-1-1/8"" Lightning Strike Beach Sand Glass GA Specimens",22.99,2020-12-15,,,WorthPoint
fulgurite,"(r365-114) 1-7/8"" Fulgurite Lightning Strike Beach Sand Glass Georgia Fulgurites",16.99,2020-12-15,,,WorthPoint
fulgurite,HUGE! 127mm Natural Glass FULGURITE CREATED BY LIGHTNING! Fossil Lightning,50.0,2020-12-15,,,WorthPoint
fulgurite,"(r362-48) 4 Fulgurites 1/2-1-1/8"" Lightning Strike Beach Sand Dune Glass Georgia",22.99,2020-12-14,,,WorthPoint
fulgurite,Warhammer 40k - Adeptus Mechanicus Corpuscarii Or Fulgurite Electro-Priests NOS,38.0,2020-12-14,,,WorthPoint
fulgurite,"Superb Rare Fulgurite,( 2 "") Fused Cast Of Lightning In Sand,polk Co, Fl",10.0,2020-12-14,,,WorthPoint
fulgurite,"(r373-12) 3"" Fulgurite Lightning Strike Beach Sand Glass GA Display Specimen",33.99,2020-12-13,,,WorthPoint
fulgurite,"3.25"" Natural Glass FULGURITE CREATED BY LIGHTNING! Fossil Lightning 83mm",14.0,2020-12-13,,,WorthPoint
fulgurite,"(r365-117) 1-7/8"" Fulgurite Lightning Strike Beach Sand Glass Georgia Fulgurites",16.99,2020-12-11,,,WorthPoint
fulgurite,"U-Get#3-5 Chime Fulgurite Similar Or Better-Lookin' Rock,glass,bit,crystal W W D",6.7,2020-12-11,,,WorthPoint
fulgurite,Fl Four Complete Tube Fulgurite Fused Quartz Sand Lightning Strike Glass #6015,11.49,2020-12-09,,,WorthPoint
fulgurite,"(r304-c) 1-1/2"" Fulgurite Lightning Strike Beach Sand Glass Australia Specimen",22.99,2020-12-09,,,WorthPoint
fulgurite,"Rare(5 1/2 "") Spectacular Fulgurite, Coachella Valley,palm Springs, Calif",169.0,2020-12-09,,,WorthPoint
fulgurite,"2x2"" Fused ROCK Glass BLACK FULGURITE LIGHTNING Fossil Lightning Texas",29.99,2020-12-05,,,WorthPoint
fulgurite,RARE Natural Glass FULGURITE CREATED BY LIGHTNING Fossil Lightning 95mm,11.99,2020-12-04,,,WorthPoint
fulgurite,"White Fulgurite - 2"" Mineral",10.0,2020-12-04,,,WorthPoint
fulgurite,A BIG! Lot Of Small 100% Natural FULGURITE's Or Petrified Lightning 22.3gr,14.99,2020-12-04,22.3,0.67,WorthPoint
fulgurite,Fl Fulgurite Fused Quartz Sand Lightning Strike Glass Cat#1931,7.99,2020-12-02,,,WorthPoint
fulgurite,Fulgurite Fossil Natural,14.5,2020-12-01,,,WorthPoint
fulgurite,"BIG 4.75"" Natural Glass FULGURITE CREATED BY LIGHTNING Fossil Lightning 124x38mm",79.99,2020-11-30,,,WorthPoint
fulgurite,"BiG! 5"" Natural Glass FULGURITE From LIGHTNING 65mm Fossil Lightning",64.99,2020-11-30,,,WorthPoint
fulgurite,"FULGURITE Lightning Strike Stone Tube - Mini, S, M, Or L - Fused Glass E1101",15.99,2020-11-29,,,WorthPoint
fulgurite,"Fulgurite ""Lightning Stone"" Natural Specimen 12 Grams",9.99,2020-11-27,12.0,0.83,WorthPoint
fulgurite,"(R399-20) 6-3/8"" Fossil Fulgurite Petrified Lightning Strike Beach Sand Glass GA",48.99,2020-11-26,,,WorthPoint
fulgurite,"BIG 3 & 7/8"" Natural Glass FULGURITE CREATED BY LIGHTNING Fossil Lightning 99mm",22.0,2020-11-26,,,WorthPoint
fulgurite,Fulgurite Electro-priests 40k,28.8,2020-11-19,,,WorthPoint
fulgurite,"Lustrous Black Fulgurite: Gila County, Arizona",10.0,2020-11-18,,,WorthPoint
fulgurite,"(R353-70-B) 3-1/4"" Long Fulgurite Lightning Strike Beach Sand Glass West Texas",46.99,2020-11-17,,,WorthPoint
fulgurite,"(R353-73A) 3-3/8"" Long Fulgurite Lightning Strike Beach Sand Glass West Texas",48.99,2020-11-17,,,WorthPoint
fulgurite,Fl Complete Tube Fulgurite Specimen Lightning Strike Glass #6014,9.99,2020-11-16,,,WorthPoint
fulgurite,Ad Mech Fulgurite Electro Priests Partial Paint 40k,34.0,2020-11-16,,,WorthPoint
fulgurite,Adeptus Mechanicus Warhammer 40k 5 Fulgurite Electro Priests C LIQUIDATION SALE!,30.0,2020-11-14,,,WorthPoint
fulgurite,"Rare(solid 3 1/4 "") Spectacular Fulgurite, Coachella Valley,palm Springs, Calif",105.0,2020-11-13,,,WorthPoint
fulgurite,"(r362-53) 4 Fulgurites 1/2-1-1/8"" Lightning Strike Beach Sand Dune Glass Georgia",22.99,2020-11-12,,,WorthPoint
fulgurite,(R320-1) 2 Fulgurites Lightning Strike Beach Sand Glass Sahara Desert Algeria,12.99,2020-11-12,,,WorthPoint
fulgurite,Fulgurite Large Lightning Struck Sand Meditation Stone Southern Utah,29.99,2020-11-11,,,WorthPoint
fulgurite,"13"", 1 Lb 13 OZ Natural Glass FULGURITE From LIGHTNING Fossil Lightning, OK, USA",55.0,2020-11-11,368.55,0.15,WorthPoint
fulgurite,Fulgurite Fossilized Lightning,148.5,2020-11-10,,,WorthPoint
fulgurite,Fulgurite Fossil Lightning,102.5,2020-11-10,,,WorthPoint
fulgurite,Fulgurite Electro-Priests Adeptus Mechanicus Warhammer 40k Plastic Unprimed,37.5,2020-11-09,,,WorthPoint
fulgurite,Fl Complete Tube Fulgurite Specimen Fused Quartz Sand Lightning Glass #6012,9.99,2020-11-08,,,WorthPoint
fulgurite,"(r365-89) 1-7/8"" Fulgurite Lightning Strike Beach Sand Glass Georgia Fulgurites",16.99,2020-11-05,,,WorthPoint
fulgurite,"4"", 5.35 OZ Natural Glass FULGURITE From LIGHTNING Fossil Lightning, OK, USA",26.0,2020-11-03,151.672,0.17,WorthPoint
fulgurite,Rare Lightning Strike-made Fulgurite Glass ~ Extremely Unusual Form,32.0,2020-11-03,,,WorthPoint
fulgurite,"9.5"", 12 OZ Natural Glass FULGURITE From LIGHTNING Fossil Lightning, OK, USA",37.0,2020-10-31,340.2,0.11,WorthPoint
fulgurite,Lightning Glass Fulgurite Natural,9.5,2020-10-29,,,WorthPoint
fulgurite,"Fulgurite ""Lightning Stone"" Natural Specimen 6 Grams",14.5,2020-10-27,6.0,2.42,WorthPoint
fulgurite,RARE FULGURITE NATURAL LIGHTNING FUSED SAND CRYSTAL PAIR SAHARAH DESERT 1.6g,5.0,2020-10-23,1.6,3.12,WorthPoint
fulgurite,"Fulgurite ""Lightning Stone"" Natural Specimens 14 Grams",9.99,2020-10-22,14.0,0.71,WorthPoint
fulgurite,Dinosaur Bone Fossil Rock Genuine Fulgurite Sahara Desert,24.0,2020-10-21,,,WorthPoint
fulgurite,10x Fulgurite Electro-Priests - Warhammer 40K - Adeptus Mechanicus,80.0,2020-10-18,,,WorthPoint
fulgurite,Big Lot Of TEN! Larger 100% Natural FULGURITE's Or Petrified Lightning 19.2gr,21.99,2020-10-17,19.2,1.15,WorthPoint
fulgurite,"Fulgurite ""Lightning Stone"" Natural Specimen 16 Grams",15.5,2020-10-17,16.0,0.97,WorthPoint
fulgurite,"4.4"" Natural Glass FULGURITE From LIGHTNING 110mm Fossil Lightning",59.0,2020-10-16,,,WorthPoint
fulgurite,"Sedona Fulgurite~lightning Strike In Red Rocks Sand~'petrified Lightning' 2.50""",13.5,2020-10-15,,,WorthPoint
fulgurite,"Fulgurite ""Lightning Stone"" Natural Specimens 10 Grams",20.5,2020-10-14,10.0,2.05,WorthPoint
fulgurite,"Fulgurite ""Lightning Stone"" Natural Specimen 7.48 Grams",9.99,2020-10-10,7.48,1.34,WorthPoint
fulgurite,"Fulgurite ""Lightning Stone"" Natural Specimen 36 Grams",9.99,2020-10-09,36.0,0.28,WorthPoint
fulgurite,"Fulgurite ""Lightning Stone"" Natural Specimens 18 Grams",11.5,2020-10-06,18.0,0.64,WorthPoint
fulgurite,Fulgurite Natural AZ.,10.0,2020-10-04,,,WorthPoint
fulgurite,"Lighting Strike Fulgurite Thumbnail From Polk Co, Florida",12.0,2020-10-03,,,WorthPoint
fulgurite,"(R399-14) 3-1/4"" Fossil Fulgurite Petrified Lightning Strike Beach Sand Glass GA",22.99,2020-10-02,,,WorthPoint
fulgurite,"Fulgurite ""Lightning Stone"" Natural Specimen 5.2 Grams",9.99,2020-10-01,5.2,1.92,WorthPoint
fulgurite,RARE LARGE MULTI-COLOR NATURAL LIGHTNING MADE FULGURITE GLASS 269 Grams,18.5,2020-09-29,269.0,0.07,WorthPoint
fulgurite,(R310-10) 3 Fulgurites Lightning Strike Beach Sand Glass Sahara Desert Algeria,13.99,2020-09-28,,,WorthPoint
fulgurite,(R320-6) 2 Fulgurites Lightning Strike Beach Sand Glass Sahara Desert Algeria,12.99,2020-09-28,,,WorthPoint
fulgurite,Fulgurite Aka Lightning Strike Formation. 3in To 5in Long-5 Pieces Total,40.0,2020-09-27,,,WorthPoint
fulgurite,"R353-28i) 2-1/2"" Fulgurite Lightning Strike Beach Sand Glass West Texas Specimen",33.99,2020-09-26,,,WorthPoint
fulgurite,"(r304-b) 1-1/2"" Fulgurite Lightning Strike Beach Sand Glass Australia Specimen",22.99,2020-09-26,,,WorthPoint
fulgurite,Warhammer 40k Adeptus Mechanicus - 5 Fulgurite Electro-Priests,35.0,2020-09-26,,,WorthPoint
fulgurite,"Superb Rare Fulgurite,( 3 1/8 "") Fused Cast Of Lightning In Sand,polk Co, Fl",23.0,2020-09-25,,,WorthPoint
fulgurite,"(R352-90-H) 2-1/4"" Fulgurite Lightning Storm Strike Beach Sand Glass West Texas",26.99,2020-09-23,,,WorthPoint
fulgurite,"(r352-73-V) 1-7/8"" Fulgurite Lightning Strike Storm Beach Sand Glass West Texas",18.99,2020-09-23,,,WorthPoint
fulgurite,"(r352-73z) 1-7/8"" Fulgurite Lightning Strike Storm Beach Sand Glass West Texas",18.99,2020-09-23,,,WorthPoint
fulgurite,"Fulgurite ""Lightning Stone"" Natural Specimen 14 Grams",9.99,2020-09-23,14.0,0.71,WorthPoint
fulgurite,35mm Fused ROCK Glass BLACK FULGURITE LIGHTNING Fossil Lightning Texas,12.0,2020-09-22,,,WorthPoint
fulgurite,"(r365-116) 1-7/8"" Fulgurite Lightning Strike Beach Sand Glass Georgia Fulgurites",16.99,2020-09-21,,,WorthPoint
fulgurite,Fl 17 Pieces Fulgurite Fused Quartz Sand Lightning Strike Glass,12.49,2020-09-18,,,WorthPoint
fulgurite,Electro-priests - RESIN - Adeptus Mechanicus Warhammer 40K LOOK Fulgurite,32.0,2020-09-18,,,WorthPoint
fulgurite,Fulgurite Fossil Lightning Minerals Crystals Gems-min,6.99,2020-09-16,,,WorthPoint
fulgurite,"FULGURITE Lightning Struck Sand-Found Oregon Coast (7.7 Ounces) Approx 4""x3""",14.5,2020-09-15,,,WorthPoint
fulgurite,"Fulgurite ""Lightning Stone"" Natural Specimen 40 Grams",19.99,2020-09-15,40.0,0.5,WorthPoint
fulgurite,"(r365-120) 1-7/8"" Fulgurite Lightning Strike Beach Sand Glass Georgia Fulgurites",16.99,2020-09-13,,,WorthPoint
fulgurite,"(R399-17-5) 4"" Fossil Fulgurite Petrified Lightning Strike Beach Sand Glass GA",26.99,2020-09-13,,,WorthPoint
fulgurite,Warhammer 40k Adeptus Mechanicus Fulgurite Electro-Priests Lot#2,20.0,2020-09-12,,,WorthPoint
fulgurite,(R352-90-D) Fulgurite Lightning Storm Wild Strike Beach Sand Glass West Texas,26.99,2020-09-12,,,WorthPoint
fulgurite,"Large Natural FULGURITE, With Certification Papers, Museum Quality. Very Rare.",76.0,2020-09-10,,,WorthPoint
fulgurite,Fulgurite Natural AZ,9.5,2020-09-10,,,WorthPoint
fulgurite,"(r362-52) 4 Fulgurites 1/2-1-1/8"" Lightning Strike Beach Sand Dune Glass Georgia",22.99,2020-09-09,,,WorthPoint
fulgurite,Fulgurite From Southwestern AZ,10.0,2020-09-08,,,WorthPoint
fulgurite,"BIG 3 & 5/8"" Natural Glass FULGURITE CREATED BY LIGHTNING Fossil Lightning 93mm",34.99,2020-09-08,,,WorthPoint
fulgurite,"Superb Rare,large( 3 3/4"")fulgurite, Fused Cast Of Lightning In Sand,polk Co, Fl",33.95,2020-09-08,,,WorthPoint
fulgurite,Adeptus Mechanicus - Electro-Priests | (Corpuscarii/Fulgurite),38.25,2020-09-07,,,WorthPoint
fulgurite,Big Lot Of TEN! 100% Natural FULGURITE Specimens Or Petrified Lightning! 15.4gr,25.99,2020-09-06,15.4,1.69,WorthPoint
fulgurite,"Superb Rare Fulgurite,( 2 3/16 "") Fused Cast Of Lightning In Sand,polk Co, Fl",18.0,2020-09-04,,,WorthPoint
fulgurite,"Fulgurite ""Lightning Stone"" Natural Specimen 46 Grams",19.99,2020-09-04,46.0,0.43,WorthPoint
fulgurite,"FULGURITE Lightning Stuck Sand -Found On Oregon Coast - (1 Lb 9.7 Ounces. 7""X4""",15.5,2020-09-03,453.6,0.03,WorthPoint
fulgurite,"(R353-52-N) 3"" Fulgurite Lightning Strike Beach Sand Glass West Texas Specimen",42.99,2020-09-02,,,WorthPoint
fulgurite,"(r363-10) 2 Fulgurites 1-5/8"" Lightning Strike Beach Sand Glass Georgia Set",18.99,2020-09-02,,,WorthPoint
fulgurite,"(r365-74) 1-7/8"" Fulgurite Lightning Strike Beach Sand Glass Georgia Fulgurites",16.99,2020-09-02,,,WorthPoint
fulgurite,(R310-7) 3 Fulgurites Lightning Strike Beach Sand Glass Sahara Desert Algeria,13.99,2020-08-28,,,WorthPoint
fulgurite,"(r364-5) 2 Fulgurites 1-5/8"" Lightning Strike Beach Dune Sand Glass Georgia",22.99,2020-08-26,,,WorthPoint
fulgurite,"(r365-11) 1-1/2"" Fulgurite Lightning Strike Beach Sand Glass Georgia Fulgurites",15.99,2020-08-26,,,WorthPoint
fulgurite,Rare Lightning Strike Made Fulgurite Glass- Extremely Unusual Form,41.0,2020-08-23,,,WorthPoint
fulgurite,(r352-47) Fulgurite Lightning Strike Beach Sand Glass West Texas Specimen Piece,14.99,2020-08-23,,,WorthPoint
fulgurite,"(r352-81) 2-1/8"" Fulgurite Lightning Strike Storm Beach Sand Glass West Texas",22.99,2020-08-23,,,WorthPoint
fulgurite,"(r365-92) 1-7/8"" Fulgurite Lightning Strike Beach Sand Glass Georgia Fulgurites",16.99,2020-08-17,,,WorthPoint
fulgurite,"(r365-24) 1-3/4"" Fulgurite Lightning Strike Beach Sand Glass Georgia Fulgurites",16.49,2020-08-17,,,WorthPoint
fulgurite,A Big Lot Of HOLLOW 100% Natural FULGURITE's Or Petrified Lightning 12.0gr,21.99,2020-08-16,12.0,1.83,WorthPoint
fulgurite,Vintage Fulgurites Glass Mermaid Earrings,12.5,2020-08-16,,,WorthPoint
fulgurite,Dinosaur Chewed-Bone+#1 Aircraft Carrier Shaped Fulgurite + Primitive Tools ‚àÜc P,5.66,2020-08-15,,,WorthPoint
fulgurite,"FULGURITE Lightning Strike Fused Glass - 10g Lot, S, M, L - Reiki Stone E1102",11.2,2020-08-15,10.0,1.12,WorthPoint
fulgurite,"(r367-29) 2-1/4"" Fulgurite Lightning Strike Beach Sand Dune Glass GA Specimen",20.99,2020-08-14,,,WorthPoint
fulgurite,Fulgurite - Set Of Three Sand Tubes Fused By Lightning From The Sahara,12.5,2020-08-13,,,WorthPoint
fulgurite,"Outstanding, Must See, Large Fulgurite, Cypresshead Formation , Fl",42.0,2020-08-13,,,WorthPoint
fulgurite,"(r363-16) 2 Fulgurites 1-5/8"" Lightning Strike Beach Sand Dune Glass Georgia",18.99,2020-08-12,,,WorthPoint
fulgurite,"(r365-32) 1-3/4"" Fulgurite Lightning Strike Beach Sand Glass Georgia Fulgurites",16.49,2020-08-10,,,WorthPoint
fulgurite,FULGURITE Lightning Strike Stone Tube - 17 Grams,25.0,2020-08-06,17.0,1.47,WorthPoint
fulgurite,Fulgurite - Genuine * Authentic * Colorado,34.99,2020-08-05,,,WorthPoint
fulgurite,"(r365-28) 1-3/4"" Fulgurite Lightning Strike Beach Sand Glass Georgia Fulgurites",16.49,2020-08-04,,,WorthPoint
fulgurite,"(r362-54) 4 Fulgurites 1/2-1-1/8"" Lightning Strike Beach Sand Dune Glass Georgia",22.99,2020-08-04,,,WorthPoint
fulgurite,"Fulgurite Blond Variety Lightning Fused Sand 1/8 Pound 6 + Pieces 1/2-2.25""",16.99,2020-08-04,,,WorthPoint
fulgurite,Florida Fulgurite Collection Fused Quartz Sand Tubes Lightning Strike Glass,19.0,2020-08-04,,,WorthPoint
fulgurite,A Larger! Nice And 100% Natural Fulgurite Or Petrified Lightning! Algeria 6.4gr,10.99,2020-08-03,6.4,1.72,WorthPoint
fulgurite,A Larger! Nice And 100% Natural BRANCH Fulgurite Or Petrified Lightning! 4.8gr,12.99,2020-08-03,4.8,2.71,WorthPoint
fulgurite,"(R327-4) 3"" Fulgurite Lightning Strike Beach Sand Glass Sahara Desert Algeria",33.99,2020-08-02,,,WorthPoint
fulgurite,"(r365-121) 1-7/8"" Fulgurite Lightning Strike Beach Sand Glass Georgia Fulgurites",16.99,2020-08-01,,,WorthPoint
fulgurite,"(R399-13) 3-1/4"" Fossil Fulgurite Petrified Lightning Strike Beach Sand Glass GA",22.99,2020-08-01,,,WorthPoint
fulgurite,"Awesome,large( 2 5/8"")fulgurite, Fused Cast Of Lightning In Sand,polk Co, Fl",25.0,2020-07-31,,,WorthPoint
fulgurite,"(r363-13) 2 Fulgurites 1-5/8"" Lightning Strike Beach Sand Glass Georgia Set",18.99,2020-07-28,,,WorthPoint
fulgurite,"(r365-119) 1-7/8"" Fulgurite Lightning Strike Beach Sand Glass Georgia Fulgurites",16.99,2020-07-28,,,WorthPoint
fulgurite,HUGE Natural Glass BLACK FULGURITE CREATED BY LIGHTNING! Fossil Lightning,360.0,2020-07-23,,,WorthPoint
fulgurite,Pyrite Or Fulgurite ? Paperweight In Glass Metal Holder Felt Bottom,35.0,2020-07-23,,,WorthPoint
fulgurite,Rare Clear Fulgurite Lightning Glass With Bubbles And Vegetation Arizona Find,99.0,2020-07-22,,,WorthPoint
fulgurite,"(r352-68) 1-7/8"" Fulgurite Lightning Strike Storm Beach Sand Glass West Texas",18.99,2020-07-21,,,WorthPoint
fulgurite,"(r365-3) 1-1/2"" Fulgurite Lightning Strike Beach Sand Glass Georgia Fulgurites",15.99,2020-07-19,,,WorthPoint
fulgurite,"Superb Rare,large( 2 1/2"")fulgurite, Fused Cast Of Lightning In Sand,polk Co, Fl",35.0,2020-07-10,,,WorthPoint
fulgurite,Super Awesome Fulgurite Lightning ‚õà Strike Stone From Alta Near Auburn Ca,89.95,2020-07-09,,,WorthPoint
fulgurite,TWO! Larger HOLLOW 100% Natural FULGURITE's Or Petrified Lightning 5.3gr,11.99,2020-07-09,5.3,2.26,WorthPoint
fulgurite,Fulgurites Lightning In A Box,10.0,2020-07-07,,,WorthPoint
fulgurite,Big Lot Of Larger 100% Natural FULGURITE Specimens Or Petrified Lightning 42.0gr,31.99,2020-07-06,42.0,0.76,WorthPoint
fulgurite,"(r367-4) 2-1/4"" Fulgurite Lightning Strike Beach Sand Glass Georgia Specimen",20.99,2020-07-01,,,WorthPoint
fulgurite,Fulgurite Lightning Fused Sand Blond Fulgurite 1/4 Pound 25-65 Pieces 1-2.2 Inch,28.99,2020-07-01,,,WorthPoint
fulgurite,"(R353-52-R) 3"" Fulgurite Lightning Strike Beach Sand Glass West Texas Specimen",42.99,2020-06-30,,,WorthPoint
fulgurite,"Hollow Fulgurite Genuine Natural Display Feng Shui Wicca 40mm 3.8gm 2"" Morocco#2",19.99,2020-06-25,3.8,5.26,WorthPoint
fulgurite,"(r367-28) 2-1/4"" Fulgurite Lightning Strike Beach Sand Dune Glass GA Specimen",20.99,2020-06-25,,,WorthPoint
fulgurite,A Larger! 100% Natural HOLLOW Tubular Fulgurite Or Petrified Lightning! 6.7gr,21.99,2020-06-21,6.7,3.28,WorthPoint
fulgurite,Natural Fulgurite - Sand Fused Into Glass - Lightning & Ethereal Energy,10.5,2020-06-20,,,WorthPoint
fulgurite,"(r365-118) 1-7/8"" Fulgurite Lightning Strike Beach Sand Glass Georgia Fulgurites",16.99,2020-06-17,,,WorthPoint
fulgurite,"(r364-107) 1-1/8"" Fulgurite Lightning Strike Beach Sand Glass Georgia Fulgurites",14.99,2020-06-16,,,WorthPoint
fulgurite,"(r373-8) 3"" Fulgurite Lightning Strike Beach Sand Hill Glass GA Display Specimen",33.99,2020-06-16,,,WorthPoint
fulgurite,"Special,large( 2 3/4"")fulgurite, Fused Cast Of Lightning In Sand,polk Co, Fl",25.0,2020-06-14,,,WorthPoint
fulgurite,"Fulgurite Lightning Fused Sand Blond Fulgurite 1/8 Pound 10-23 Pieces 1-2.25""",16.99,2020-06-09,,,WorthPoint
fulgurite,World's Ugliest Mineral #7 Highly-irregular Chime Fulgurite /c F S Crystals Rock,10.0,2020-06-08,,,WorthPoint
fulgurite,"Outstanding, Rare,large(3"")fulgurite,fused Cast Of Lightning In Sand,polk Co, Fl",25.0,2020-06-07,,,WorthPoint
fulgurite,Fulgurite In Shape Of A Skull Petrified Lightening,250.0,2020-06-06,,,WorthPoint
fulgurite,"(r352-96) 2-1/4"" Fulgurite Lightning Strike Beach Sand Glass West Texas Specimen",26.99,2020-06-06,,,WorthPoint
fulgurite,"9 SMALL NATURAL ROUGH .4-1.6"" FULGURITE LIGHTNING FUSED SAND PILLARS MOROCCO 20g",21.99,2020-06-03,20.0,1.1,WorthPoint
fulgurite,"R362-26) 4 Piece Set 1/2 1-1/8"" Fulgurites Lightning Strike Beach Sand Glass GA",22.99,2020-05-30,,,WorthPoint
fulgurite,Big Natural Fulgurite Crystal Sahara Desert Lightning Sand Specimen Large,18.0,2020-05-29,,,WorthPoint
fulgurite,"(r364-106) 1-1/8"" Fulgurite Lightning Strike Beach Sand Glass Georgia Fulgurites",14.99,2020-05-28,,,WorthPoint
fulgurite,"Psilomelane (Manganese Fulgurite) Chugwater Creek, Laramie County, WY (2.2 Oz.)",15.0,2020-05-25,62.37,0.24,WorthPoint
fulgurite,"RARE 2 & 7/8"" Natural Glass FULGURITE CREATED BY LIGHTNING Fossil Lightning 75mm",16.99,2020-05-24,,,WorthPoint
fulgurite,A Big Lot Of Natural TUBULAR FULGURITE Specimens Or Petrified Lightning 10.6gr,24.99,2020-05-21,10.6,2.36,WorthPoint
fulgurite,Genuine Fulgurite Lighting Fused Sand In Display Box,36.0,2020-05-20,,,WorthPoint
fulgurite,Mounted Fulgurite,16.0,2020-05-19,,,WorthPoint
fulgurite,"Superb Rare,large( 2 5/8"")fulgurite, Fused Cast Of Lightning In Sand,polk Co, Fl",22.5,2020-05-19,,,WorthPoint
fulgurite,"Charred,large( 2 9/16 "")fulgurite, Fused Cast Of Lightning In Sand,polk Co, Fl",25.0,2020-05-19,,,WorthPoint
fulgurite,"Sedona Vortex Fulgurite~hand Gathered Red Rocks Sand 'petrified Lightning'3.50""",55.0,2020-05-18,,,WorthPoint
fulgurite,"(r365-113) 1-7/8"" Fulgurite Lightning Strike Beach Sand Glass Georgia Fulgurites",16.99,2020-05-18,,,WorthPoint
fulgurite,"(r365-45) 1-7/8"" Fulgurite Lightning Strike Beach Sand Dune Glass GA Fulgurites",16.99,2020-05-16,,,WorthPoint
fulgurite,"R325-16 1-1/2"" Fulgurite Lightning Strike Beach Sand Glass Sahara Desert Algeria",14.99,2020-05-13,,,WorthPoint
fulgurite,"(r364-105) 1-1/8"" Fulgurite Lightning Strike Beach Sand Glass Georgia Fulgurites",14.99,2020-05-12,,,WorthPoint
fulgurite,"(r385-1) 4-5/8"" Fulgurite Lightning Strike Beach Sand Glass GA Display Specimen",58.99,2020-05-10,,,WorthPoint
fulgurite,A Larger! 100% Natural FULGURITE Or Petrified Lightning! Found In Algeria 14.7gr,14.99,2020-05-06,14.7,1.02,WorthPoint
fulgurite,A Big! Lot Of Natural BRANCH FULGURITE Specimens Or Petrified Lightning! 14.1gr,19.99,2020-05-06,14.1,1.42,WorthPoint
fulgurite,"Exogenic Fulgurite ""Burning Bush"" Elko Hills Nevada",299.95,2020-05-05,,,WorthPoint
fulgurite,Large 4 Pound Fulgurite Lightning Glass Melted Sand Saratoga Springs NY,50.0,2020-05-04,,,WorthPoint
fulgurite,"2"" Fused ROCK Glass BLACK FULGURITE LIGHTNING Fossil Lightning Texas",45.0,2020-04-26,,,WorthPoint
fulgurite,"(R399-12) 3-1/4"" Fossil Fulgurite Petrified Lightning Strike Beach Sand Glass GA",22.99,2020-04-26,,,WorthPoint
fulgurite,Natural Fulgurite Lot 4 Pieces Petrified Lightning R27,15.5,2020-04-24,,,WorthPoint
fulgurite,Fulgurite All Natural Sahara Desert Africa 1/4 Pound 24-60 Pieces 1-2.2 Inch,28.99,2020-04-23,,,WorthPoint
fulgurite,"Fulgurite From West Oahu BIG BEAUTIFUL Piece, Petrified Lightning 18"", 3.3lbs",148.0,2020-04-19,1496.88,0.1,WorthPoint
fulgurite,"Fulgurite From West Oahu Gigantic Piece, Unique Petrified Lightning 11"", 0.9lbs",96.0,2020-04-19,408.24,0.24,WorthPoint
fulgurite,"Fulgurite From West Oahu HUGE Piece, Unique Petrified Lightning 12.5"", 3.0lbs",106.0,2020-04-19,1360.8,0.08,WorthPoint
fulgurite,"(r365-105) 1-7/8"" Fulgurite Lightning Strike Beach Sand Glass Georgia Fulgurites",16.99,2020-04-17,,,WorthPoint
fulgurite,Fulgurite Lightning Fused Sand Blond Fulgurite 100 Grams 24-50 Pieces 1-2.2 Inch,26.99,2020-04-11,100.0,0.27,WorthPoint
fulgurite,"R325-17 1-1/2"" Fulgurite Lightning Strike Beach Sand Glass Sahara Desert Algeria",14.99,2020-04-10,,,WorthPoint
fulgurite,Natural Fulgurite 9 Piece Lot Petrified Lightning,10.99,2020-04-05,,,WorthPoint
fulgurite,Natural Fulgurite 5 Specimen Lot White Petrified Lightning,11.99,2020-04-05,,,WorthPoint
fulgurite,Natural Fulgurite Lot 3 Pieces Big 3 Inch Petrified Lightning,10.99,2020-04-05,,,WorthPoint
fulgurite,"Awesome,large( 2 9/16 "")fulgurite, Fused Cast Of Lightning In Sand,polk Co, Fl",20.0,2020-04-04,,,WorthPoint
fulgurite,New Mexico Fulgurite Lightning Strike Sand Glass Specimen - F01,15.0,2020-04-03,,,WorthPoint
fulgurite,A Huge Lot Of 100% Natural FULGURITE Specimens Or Petrified Lightning 48.2gr,18.99,2020-04-01,48.2,0.39,WorthPoint
fulgurite,"Natural Fulgurite Large 4"" Specimen Petrified Lightning",12.99,2020-04-01,,,WorthPoint
fulgurite,"(R399-8-8) 2"" Fossil Fulgurite Petrified Lightning Strike Beach Sand Glass GA",18.99,2020-03-31,,,WorthPoint
fulgurite,Natural Fulgurite Lot Of 8 Quality Specimens,13.99,2020-03-21,,,WorthPoint
fulgurite,LIGHTNING BOLT GLASS FUSED SAND Desert Fulgurite Sahara Morocco Africa AMAZING,24.95,2020-03-19,,,WorthPoint
fulgurite,(R352-92) Fulgurite Lightning Storm Wild Strike Beach Sand Glass West Texas,26.99,2020-03-18,,,WorthPoint
fulgurite,"R353-28C) 2-1/2"" Fulgurite Lightning Strike Beach Sand Glass West Texas Specimen",33.99,2020-03-18,,,WorthPoint
fulgurite,"(r378-3) 3-5/8"" Fulgurite Lightning Strike Beach Sand Glass GA Display Specimen",46.99,2020-03-18,,,WorthPoint
fulgurite,"(r366-45) 2-1/8"" Fulgurite Lightning Strike Beach Sand Glass Georgia Fulgurites",18.99,2020-03-15,,,WorthPoint
fulgurite,"Outstanding,large( 3 1/2"")fulgurite, Fused Cast Of Lightning In Sand,polk Co, Fl",20.0,2020-03-06,,,WorthPoint
fulgurite,"U-Get#5-7 Chime Fulgurite Similar Or Better-Lookin' [rock,glass,bit,crystal] B M",37.5,2020-03-02,,,WorthPoint
fulgurite,"(r365-54) 1-7/8"" Fulgurite Lightning Strike Beach Sand Glass Georgia Fulgurites",16.99,2020-03-01,,,WorthPoint
fulgurite,"(r372-14) 2-7/8"" Fulgurite Lightning Strike Beach Sand Glass GA Display Specimen",31.99,2020-03-01,,,WorthPoint
fulgurite,"Outstanding Fulgurite, Fused Cast Of Lightning In Sand,polk Co, Fl",10.0,2020-02-28,,,WorthPoint
fulgurite,(R356-9) Fulgurite Ball Lightning Strike Sand Dune Glass Cali Desert Specimen,12.99,2020-02-26,,,WorthPoint
fulgurite,"(r366-52) 2-1/8"" Fulgurite Lightning Strike Beach Sand Dune Glass GA Fulgurites",18.99,2020-02-26,,,WorthPoint
fulgurite,"(r370-4) 2-5/8"" Fulgurite Lightning Strike Beach Sand Glass Georgia Specimen",27.99,2020-02-20,,,WorthPoint
fulgurite,"(R399-17-3) 4"" Fossil Fulgurite Petrified Lightning Strike Beach Sand Glass GA",26.99,2020-02-20,,,WorthPoint
fulgurite,"Fulgurite Specimen, Frozen Lightning, Divine Connection, Morocco 14-3613",14.4,2020-02-19,,,WorthPoint
fulgurite,"BIG 4 & 5/8"" Natural Glass FULGURITE CREATED BY LIGHTNING Fossil Lightning 120mm",39.99,2020-02-18,,,WorthPoint
fulgurite,A Big! 100% Natural FULGURITE Or Petrified Lightning! Found In Algeria 12.7gr,18.99,2020-02-16,12.7,1.5,WorthPoint
fulgurite,(R320-4) 2 Fulgurites Lightning Strike Beach Sand Glass Sahara Desert Algeria,12.99,2020-02-16,,,WorthPoint
fulgurite,A Big 100% Natural Hollow Tubular Fulgurite Or Petrified Lightning 26.9gr,21.99,2020-02-16,26.9,0.82,WorthPoint
fulgurite,"(r365-95) 1-7/8"" Fulgurite Lightning Strike Beach Sand Glass Georgia Fulgurites",16.99,2020-02-14,,,WorthPoint
fulgurite,"1.8"" Fused Glass FULGURITE Tube Due To Lightning Strike In Sand Algeria For Sale",45.0,2020-02-14,,,WorthPoint
fulgurite,"(r363-15) 2 Fulgurites 1-5/8"" Lightning Strike Beach Sand Glass Georgia Set",18.99,2020-02-06,,,WorthPoint
fulgurite,"RARE 3 & 3/4"" Natural Glass FULGURITE CREATED BY LIGHTNING Fossil Lightning 96mm",16.99,2020-02-04,,,WorthPoint
fulgurite,RARE Rock Fulgurite!! Natural Rock Struck By Lightning 263.2 Grams. Wonderful,65.0,2020-02-04,263.2,0.25,WorthPoint
fulgurite,"(R353-52-G) 3"" Fulgurite Lightning Strike Beach Sand Glass West Texas Specimen",42.99,2020-01-27,52.0,0.83,WorthPoint
fulgurite,FULGURITE LIGHTNING BOLT GLASS Fused Beach Sand Florida AMAZING,19.95,2020-01-21,,,WorthPoint
fulgurite,"Outstanding,large( 2 3/4"")fulgurite, Fused Cast Of Lightning In Sand,polk Co, Fl",20.0,2020-01-19,,,WorthPoint
fulgurite,"FULGURITE LIGHTENING SAND SPIKE/ SPECIMEN FROM NEVADA 1.62OZ 2.9"" X 1.25""",16.5,2020-01-19,45.927,0.36,WorthPoint
fulgurite,"Fulgurite Lightning Fused Sand Singing Fulgurite Sahara 1 Ounce 5-20 Piece 1-2""",25.99,2020-01-18,,,WorthPoint
fulgurite,"(r365-107) 1-7/8"" Fulgurite Lightning Strike Beach Sand Glass Georgia Fulgurites",16.99,2020-01-17,,,WorthPoint
fulgurite,"""Fulgurite"" From Windsor, Connecticut.",10.0,2020-01-14,,,WorthPoint
fulgurite,"Fulgurite In A Bottle, Fused Casts Of Lightning In Sand, Shores Of Lake Mich.",10.0,2020-01-09,,,WorthPoint
fulgurite,Natural Fulgurite Crystal Sahara Desert Lightning Sand Specimen,12.0,2020-01-05,,,WorthPoint
fulgurite,"(R399-17-6) 4"" Fossil Fulgurite Petrified Lightning Strike Beach Sand Glass GA",26.99,2020-01-03,,,WorthPoint
fulgurite,Lot Of SIX Big! 100% Natural FULGURITE Specimens Or Petrified Lightning 69.8gr E,29.99,2019-12-19,69.8,0.43,WorthPoint
fulgurite,A Long! 100% Natural FULGURITE Or Petrified Lightning! Found In Algeria 18.6gr,19.99,2019-12-19,18.6,1.07,WorthPoint
fulgurite,New Mexico Fulgurite Lightning Strike Sand Glass - 3 Specimens - #10,14.0,2019-12-17,,,WorthPoint
fulgurite,Rare Exogenic Fulgurite Specimen #26- Authentic Lightning Glass From Texas,40.0,2019-12-16,,,WorthPoint
fulgurite,53mm Natural Glass FULGURITE CREATED BY LIGHTNING! Fossil Lightning 13.3g,15.99,2019-12-16,13.3,1.2,WorthPoint
fulgurite,Rare Exogenic Fulgurite Specimen #37- Authentic Lightning Glass From Texas,75.0,2019-12-10,,,WorthPoint
fulgurite,A Big Lot Of Natural HOLLOW FULGURITES Or Petrified Lightning! 24.7gr,29.99,2019-12-10,24.7,1.21,WorthPoint
fulgurite,Wholesale Flat 11 Pieces FULGURITE Lightning Strike Glass Algeria @$5 For Sale,36.85,2019-11-30,,,WorthPoint
fulgurite,"(r365-1) 1-1/2"" Fulgurite Lightning Strike Beach Sand Glass Georgia Fulgurites",15.99,2019-11-30,,,WorthPoint
fulgurite,Lot Of SIX Big 100% Natural FULGURITE Specimens Or Petrified Lightning 47.6gr E,29.99,2019-11-28,47.6,0.63,WorthPoint
fulgurite,Fulgurite Lot 3 Petrified Lightning Strike Mojave Desert Fused Sand 13 Grams #8F,11.99,2019-11-24,13.0,0.92,WorthPoint
fulgurite,A GIANT Lot Of 100% Natural FULGURITE Specimens Or Petrified Lightning 101gr E,39.99,2019-11-17,101.0,0.4,WorthPoint
fulgurite,Rare Prayer Pipe Lightening Strike Saraha Desert Fulgurite Crystal June207,33.33,2019-11-17,,,WorthPoint
fulgurite,"Sonoran Desert Hollow Sand Fulgurite From La Paz County, Arizona 5 Inches Long",21.0,2019-11-13,,,WorthPoint
fulgurite,(R320-3) 2 Fulgurites Lightning Strike Beach Sand Glass Sahara Desert Algeria,12.99,2019-11-13,,,WorthPoint
fulgurite,"(r363-11) 2 Fulgurites 1-5/8"" Lightning Strike Beach Sand Glass Georgia Set",18.99,2019-11-13,,,WorthPoint
fulgurite,"(r363-19) 2 Fulgurites 1-5/8"" Lightning Strike Beach Sand Glass Georgia Set",18.99,2019-11-13,,,WorthPoint
fulgurite,A Big Lot Of Larger Natural FULGURITE Specimens Or Petrified Lightning 63.7gr E,24.99,2019-11-13,63.7,0.39,WorthPoint
fulgurite,Rare Exogenic Fulgurite Specimen #20- Authentic Lightning Glass From Texas,30.0,2019-11-11,,,WorthPoint
fulgurite,"Fulgurite Authentic 2.5"" In Lightning Strike Glass From Washington 08",13.0,2019-11-08,,,WorthPoint
fulgurite,"2 Hollow American Sonoran Desert Sand Fulgurites La Paz County, Arizona 2.75""",21.0,2019-11-06,,,WorthPoint
fulgurite,Rare Exogenic Fulgurite Specimen #43- Authentic Lightning Glass From Texas,40.0,2019-11-06,,,WorthPoint
fulgurite,A Lot Of SIX Larger Tubular FULGURITE Specimens Or Petrified Lightning 11.2gr E,21.99,2019-11-04,11.2,1.96,WorthPoint
fulgurite,Natural Sedona Fulgurite Free Form Crystal Pendant Necklace,22.0,2019-11-03,,,WorthPoint
fulgurite,A Lot Of Big 100% Natural FULGURITE Specimens Or Petrified Lightning! 40.8gr E,29.99,2019-11-02,40.8,0.74,WorthPoint
fulgurite,A Lot Of SIX Larger HOLOW FULGURITE Specimens Or Petrified Lightning 16.9gr E,19.99,2019-10-28,16.9,1.18,WorthPoint
fulgurite,Rare Unusual Prayer Pipe Lightening Strike Saraha Desert Fulgurite Crystal #127,29.5,2019-10-26,,,WorthPoint
fulgurite,Fulgurite Lightning Strike Quartz Melted Sand Africa Hollow Tube Unique 13g,40.5,2019-10-23,13.0,3.12,WorthPoint
fulgurite,A Larger 100% Natural Hollow Tubular Fulgurite Or Petrified Lightning 5.2gr E,10.99,2019-10-22,5.2,2.11,WorthPoint
fulgurite,"Exogenic Fulgurite (1)- Large 3"" X 2.5"" With Colorful Green Glass. Charleston,SC",75.0,2019-10-21,,,WorthPoint
fulgurite,Lot Of Larger! 100% Natural FULGURITE Specimens Or Petrified Lightning 48.5gr E,21.99,2019-10-20,48.5,0.45,WorthPoint
fulgurite,A Big Lot Of Small Natural FULGURITE Specimens Or Petrified Lightning 31.1gr E,12.99,2019-10-14,31.1,0.42,WorthPoint
fulgurite,"Outstanding Quality Fulgurite, Fused Cast Of Lightning In Sand,polk Co, Fl",15.0,2019-10-12,,,WorthPoint
fulgurite,"(r365-19) 1-3/4"" Fulgurite Lightning Strike Beach Sand Glass Georgia Fulgurites",16.49,2019-10-10,,,WorthPoint
fulgurite,Rare Exogenic Fulgurite Specimen #25- Authentic Lightning Glass From Texas,100.0,2019-10-08,,,WorthPoint
fulgurite,"(R353-52-P) 3"" Fulgurite Lightning Strike Beach Sand Glass West Texas Specimen",42.99,2019-10-07,,,WorthPoint
fulgurite,(R352-90-E) Fulgurite Lightning Storm Wild Strike Beach Sand Glass West Texas,26.99,2019-10-07,,,WorthPoint
fulgurite,A Big 100% Natural Tubular Fulgurite Or Petrified Lightning 21.3gr E,18.99,2019-10-06,21.3,0.89,WorthPoint
fulgurite,28 Pc. HIGH QUALITY DEALER LOT Shamanic 5‚Äù Hollow 100% Natural Fulgurite Tubes!,29.57,2019-10-06,,,WorthPoint
fulgurite,Shamanic 5‚Äù Hollow 100% Natural Fulgurite - Petrified Lightning 25.5 Grams NR !,17.16,2019-10-06,25.5,0.67,WorthPoint
fulgurite,"2.5"" Natural Glass FULGURITE CREATED BY LIGHTNING! Fossil Lightning 64mm",10.99,2019-10-05,,,WorthPoint
fulgurite,Lot Of Algeria Fulgurite Lightning Strike Sand Glass - 4 Specimens,13.0,2019-10-02,,,WorthPoint
fulgurite,A BIG! 100% Natural Fulgurite Or Petrified Lightning! From Algeria 19.8gr E,15.99,2019-10-02,19.8,0.81,WorthPoint
fulgurite,"Rle Granitic Fulgurite Lightning Strike Tahoe Basin NICE, VERY RARE!",49.98,2019-10-02,,,WorthPoint
fulgurite,Mundrabilla Campo Meteorites-5 GobiBeads Fulgurite Red Topaz Hyalite Opal CUSTOM,79.99,2019-09-29,5.0,16.0,WorthPoint
fulgurite,TWO! HUGE 100% Natural FULGURITE Specimens Or Petrified Lightning 57.8gr E,26.99,2019-09-29,57.8,0.47,WorthPoint
fulgurite,Rare Exogenic Fulgurite Specimen #24- Authentic Lightning Glass From Texas,40.0,2019-09-26,,,WorthPoint
fulgurite,(R320-5) 2 Fulgurites Lightning Strike Beach Sand Glass Sahara Desert Algeria,12.99,2019-09-24,,,WorthPoint
fulgurite,"(r362-35) 4 Fulgurites 1/2-1-1/8"" Lightning Strike Beach Sand Glass GA Specimens",22.99,2019-09-23,,,WorthPoint
fulgurite,A Lot Of FIVE Big! Natural FULGURITE Specimens Or Petrified Lightning 59.4gr E,30.99,2019-09-23,59.4,0.52,WorthPoint
fulgurite,Wholesale Bulk Fulgurite Crystal Petrified Lightning Sand,100.0,2019-09-22,,,WorthPoint
fulgurite,Rare Exogenic Fulgurite Specimen #45- Authentic Lightning Glass From Texas,100.0,2019-09-22,,,WorthPoint
fulgurite,A Big Lot Of Larger Tubular FULGURITE Specimens Or Petrified Lightning 30.2gr E,23.99,2019-09-17,30.2,0.79,WorthPoint
fulgurite,American Sonoran Desert Sand Fulgurite On Matrix From La Paz County Arizona,10.0,2019-09-17,,,WorthPoint
fulgurite,"2 American Sonoran Desert Sand Fulgurites From La Paz County, Arizona 5""",15.0,2019-09-16,,,WorthPoint
fulgurite,"""I"" A VERY RARE BLACK FULGURITE 100.00a Chandelerite Sale",100.0,2019-09-04,,,WorthPoint
fulgurite,Rare Exogenic Fulgurite Specimen #42- Authentic Lightning Glass From Texas,80.0,2019-09-03,,,WorthPoint
fulgurite,"3 Sonoran Desert Sand Fulgurites From La Paz County, Arizona 5.5 Inches Long",12.5,2019-09-03,,,WorthPoint
fulgurite,"Large Outstanding Quality Fulgurite, Fused Cast Of Lightning In Sand,polk Co, Fl",35.0,2019-09-02,,,WorthPoint
fulgurite,Florida Fulgurite Lightning Strike Sand Glass Large Display Specimen Tube,15.49,2019-09-02,,,WorthPoint
fulgurite,A Long! 100% Natural Hollow Tubular Fulgurite Or Petrified Lightning 8.0gr E,18.99,2019-09-02,8.0,2.37,WorthPoint
fulgurite,Rare Exogenic Fulgurite Specimen #36- Authentic Lightning Glass From Texas,60.0,2019-09-02,,,WorthPoint
fulgurite,Rare Exogenic Fulgurite Specimen #16- Authentic Lightning Glass From Texas,25.0,2019-09-01,,,WorthPoint
fulgurite,Big Lot Of Larger Tubular FULGURITE Specimens Or Petrified Lightning 21.5gr E,34.99,2019-08-30,21.5,1.63,WorthPoint
fulgurite,Big Lot Of HOLLOW Tubular FULGURITE Specimens Or Petrified Lightning 21.8gr E,19.99,2019-08-30,21.8,0.92,WorthPoint
fulgurite,"(R304-A) 1-1/2"" Fulgurite Lightning Strike Beach Sand Dune Glass Yowah Australia",22.99,2019-08-29,,,WorthPoint
fulgurite,Fulgurite Lightning Strike Fused Glass/sand Tube Huge Almost 6 Inches Florida A+,14.99,2019-08-28,,,WorthPoint
fulgurite,"Fulgurite Authentic 1.5"" In Lightning Strike Glass From Washington 021",15.0,2019-08-28,,,WorthPoint
fulgurite,(R320-9) 2 Fulgurites Lightning Strike Beach Sand Glass Sahara Desert Algeria,12.99,2019-08-28,,,WorthPoint
fulgurite,#8 184gram CALIFORNIA BLACK FULGURITE 100.00 Michael Salim Only,100.0,2019-08-27,184.0,0.54,WorthPoint
fulgurite,New Mexico Fulgurite Lightning Strike Sand Glass - 4 Specimens - #11,14.0,2019-08-27,,,WorthPoint
fulgurite,Fl Fulgurite Fused Quartz Sand Lightning Strike Glass Cat#a899,11.49,2019-08-27,,,WorthPoint
fulgurite,"(r368-8) 2-3/8"" Fulgurite Lightning Strike Beach Sand Glass Georgia Specimen",22.99,2019-08-26,,,WorthPoint
fulgurite,"3 RARE NATURAL 1.2""-1.7"" FULGURITE LIGHTNING FUSED SAND PILLARS MOROCCO - 17.5gr",12.25,2019-08-26,17.5,0.7,WorthPoint
fulgurite,"(r365-106) 1-7/8"" Fulgurite Lightning Strike Beach Sand Glass Georgia Fulgurites",16.99,2019-08-25,,,WorthPoint
fulgurite,"9""long BLACK FULGURITE ONLY 100.00a CHANDELERITE",100.0,2019-08-21,,,WorthPoint
fulgurite,A Larger Nice And 100% Natural HOLLOW FULGURITE Or Petrified Lightning 20.1gr E,11.99,2019-08-21,20.1,0.6,WorthPoint
fulgurite,"(r365-109) 1-7/8"" Fulgurite Lightning Strike Beach Sand Glass Georgia Fulgurites",16.99,2019-08-20,,,WorthPoint
fulgurite,"FULGURITE LIGHTENING SAND SPIKE/ SPECIMEN FROM NEVADA 4.25OZ 3.2 X 1.75""",20.0,2019-08-18,120.488,0.17,WorthPoint
fulgurite,Fulgurite Electropreists,15.0,2019-08-16,,,WorthPoint
fulgurite,"Fantastic HUGE Fulgurite From Mediterranean Beach At Netanya, Israel 264.8g",54.99,2019-08-15,264.8,0.21,WorthPoint
fulgurite,"Fulgurite Authentic Lightning Strike Glass From Washington 3"" In Piece",16.0,2019-08-14,,,WorthPoint
fulgurite,Warhammer 40K Pro-painted Adeptus Mechanicus Fulgurite Electro-Priests,61.0,2019-08-13,,,WorthPoint
fulgurite,TWO! 100% Natural Hollow Tubular Fulgurites Or Petrified Lightning! 16.9gr E,17.99,2019-08-13,16.9,1.06,WorthPoint
fulgurite,Fulgurite Lot 2 Petrified Lightning Strike Mojave Desert Fused Sand 12 Grams #8E,11.99,2019-08-13,12.0,1.0,WorthPoint
fulgurite,Fl Nice Fulgurite Lightning Strike Fused Quartz Sand Display Specimen Tube,22.0,2019-08-12,,,WorthPoint
fulgurite,"(r365-22) 1-3/4"" Fulgurite Lightning Strike Beach Sand Glass Georgia Fulgurites",16.49,2019-08-11,,,WorthPoint
fulgurite,Rare Exogenic Fulgurite Specimen #7- Authentic Lightning Glass From Texas,20.0,2019-08-10,,,WorthPoint
fulgurite,Rare Exogenic Fulgurite Specimen #27- Authentic Lightning Glass From Texas,15.0,2019-08-10,,,WorthPoint
fulgurite,3 Large Fulgurite Petrified Lighting. Are Created When Lighting Strikes Sand.,14.0,2019-08-07,,,WorthPoint
fulgurite,"(r365-108) 1-7/8"" Fulgurite Lightning Strike Beach Sand Glass Georgia Fulgurites",16.99,2019-08-05,,,WorthPoint
fulgurite,Fl Fulgurite Fused Quartz Sand Lightning Strike Glass Cat#432,10.49,2019-08-05,,,WorthPoint
fulgurite,"Fulgurite Authentic Lightning Strike Glass From Washington 4"" In Piece",26.0,2019-08-02,,,WorthPoint
fulgurite,"(r365-82) 1-7/8"" Fulgurite Lightning Strike Beach Sand Glass Georgia Fulgurites",16.99,2019-07-31,,,WorthPoint
fulgurite,"(r365-8) 1-1/2"" Fulgurite Lightning Strike Beach Sand Glass Georgia Fulgurites",15.99,2019-07-30,,,WorthPoint
fulgurite,"Set Of 3 FULGURITE Twigs--nr Redmond, Oregon--Collected In 1999--D Shannon Label",14.0,2019-07-29,,,WorthPoint
fulgurite,"2 Sonoran Desert Sand Fulgurites From La Paz County, Arizona 4 Inches Long",16.0,2019-07-28,,,WorthPoint
fulgurite,"Fulgurite Authentic 3"" In Lightning Strike Glass From Washington 05",15.0,2019-07-27,,,WorthPoint
fulgurite,"Fulgurite Authentic 2"" In Lightning Strike Glass From Washington 022",15.0,2019-07-27,,,WorthPoint
fulgurite,"Fulgurite In A Bottle, Fused Casts Of Lightning In Sand, Morocco",10.0,2019-07-25,,,WorthPoint
fulgurite,"(r365-75) 1-7/8"" Fulgurite Lightning Strike Beach Sand Glass Georgia Fulgurites",16.99,2019-07-23,,,WorthPoint
fulgurite,"(r364-29) 2 Fulgurites 1-5/8"" Lightning Strike Beach Dune Sand Glass Georgia",22.99,2019-07-22,,,WorthPoint
fulgurite,"Fulgurite Authentic 3.5"" In Lightning Strike Glass From Washington 010",15.0,2019-07-20,,,WorthPoint
fulgurite,"Fulgurite Blond Variety Lightning Fused Sand 1/8 Pound 10-21 Pieces 1/2-2.25""",16.99,2019-07-17,,,WorthPoint
fulgurite,"Sonoran Desert Double Sand Fulgurite From La Paz County, Arizona 5.5 Inches Long",14.0,2019-07-15,,,WorthPoint
fulgurite,A Larger! 100% Natural Fulgurite Or Petrified Lightning 13.4gr E,13.99,2019-07-13,13.4,1.04,WorthPoint
fulgurite,FULGURITE LIGHTENING SAND SPIKE/ SPECIMEN FROM NEVADA 8.25OZ 4.75 X 2 X 1.25,102.5,2019-07-07,233.888,0.44,WorthPoint
fulgurite,"Sedona Fulgurite - Very Rare Re-Convergent Branch - 18.1 Grams - Sedona, Arizona",35.0,2019-07-06,18.1,1.93,WorthPoint
fulgurite,"9""long BLACK FULGURITE 75.00",75.0,2019-07-04,,,WorthPoint
fulgurite,Rare Exogenic Fulgurite Specimen #14- Authentic Lightning Glass From Texas,20.0,2019-07-04,,,WorthPoint
fulgurite,Rare Exogenic Fulgurite Specimen #29- Authentic Lightning Glass From Texas,30.0,2019-07-04,,,WorthPoint
fulgurite,"Awesome Fulgurite, Fused Cast Of Lightning In Sand, Polk Co, Fl",10.0,2019-07-03,,,WorthPoint
fulgurite,"(r363-12) 2 Fulgurites 1-5/8"" Lightning Strike Beach Sand Glass Georgia Set",18.99,2019-07-02,,,WorthPoint
fulgurite,Rare Exogenic Fulgurite Specimen #23- Authentic Lightning Glass From Texas,60.0,2019-06-30,,,WorthPoint
fulgurite,Lot Of 100% Natural HOLLOW FULGURITE Specimens Or Petrified Lightning 25.9gr E,24.99,2019-06-30,25.9,0.96,WorthPoint
fulgurite,A GIANT! 100% Natural HOLLOW FULGURITE Or Petrified Lightning! Algeria 72.9gr E,59.99,2019-06-29,72.9,0.82,WorthPoint
fulgurite,"American Sonoran Desert Sand Fulgurite From La Paz County, Arizona 6.75 Inches",15.0,2019-06-29,,,WorthPoint
fulgurite,"(r365-111) 1-7/8"" Fulgurite Lightning Strike Beach Sand Glass Georgia Fulgurites",16.99,2019-06-28,,,WorthPoint
fulgurite,A Long! Nice And 100% Natural HOLLOW FULGURITE Or Petrified Lightning 18.0gr E,19.99,2019-06-26,18.0,1.11,WorthPoint
fulgurite,"Fulgurite Authentic 4"" In Lightning Strike Glass From Washington 02",15.0,2019-06-25,,,WorthPoint
fulgurite,"(r365-9) 1-1/2"" Fulgurite Lightning Strike Beach Sand Glass Georgia Fulgurites",15.99,2019-06-23,,,WorthPoint
fulgurite,A Lot Of Four BIG Natural FULGURITE Specimens Or Petrified Lightning 71.0gr E,44.99,2019-06-23,71.0,0.63,WorthPoint
fulgurite,A Lot Of BIG! 100% Natural FULGURITE Specimens Or Petrified Lightning 91.1gr E,39.99,2019-06-23,91.1,0.44,WorthPoint
fulgurite,A Huge! 100% Natural FULGURITE Or Petrified Lightning! Found In Algeria 37.6gr E,24.99,2019-06-22,37.6,0.66,WorthPoint
fulgurite,2 Large Fulgurite Petrified Lighting. Are Created When Lighting Strikes Sand.,14.0,2019-06-21,,,WorthPoint
fulgurite,"(r365-4) 1-1/2"" Fulgurite Lightning Strike Beach Sand Glass Georgia Fulgurites",15.99,2019-06-18,,,WorthPoint
fulgurite,"Magnificent Transparent Fulgurite, Fused Cast Of Lightning In Sand, Polk Co, Fl",20.0,2019-06-15,,,WorthPoint
fulgurite,"Palm Springs Fulgurite. Rare Specimen One Of A Kind, Fused On Granite Rock",10.5,2019-06-14,,,WorthPoint
fulgurite,"Piece Of Lucite W/ ''fulgurite'' Inside , 3'' X 1 1/4'' X 1 1/4 ''",13.5,2019-06-13,,,WorthPoint
fulgurite,"Fulgurite Authentic 2.75"" In Lightning Strike Glass From Washington 014",15.0,2019-06-13,,,WorthPoint
fulgurite,A Lot Of Four HUGE! FULGURITE Specimens Or Petrified Lightning 107gr E,59.99,2019-06-12,107.0,0.56,WorthPoint
fulgurite,A Long! Nice And 100% Natural Tubular FULGURITE Or Petrified Lightning 10.0gr E,20.99,2019-06-11,10.0,2.1,WorthPoint
fulgurite,Rare Exogenic Fulgurite Specimen #9- Authentic Lightning Glass From Texas,100.0,2019-06-11,,,WorthPoint
fulgurite,"(r364-104) 1-1/8"" Fulgurite Lightning Strike Beach Sand Glass Georgia Fulgurites",14.99,2019-06-10,,,WorthPoint
fulgurite,A BIG! 100% Natural Tubular FULGURITE Or Petrified Lightning 36.4gr E,20.99,2019-06-09,36.4,0.58,WorthPoint
fulgurite,Fulgurite Authentic Lightning Strike Glass From Washington 06,15.0,2019-06-09,,,WorthPoint
fulgurite,"(r364-111) 1-1/8"" Fulgurite Lightning Strike Beach Sand Glass Georgia Fulgurites",14.99,2019-06-07,,,WorthPoint
fulgurite,"Awesome Fulgurite,fused Cast Of Lightning In Sand, Polk Co, Fl.gr8 Glass Cavity!",25.0,2019-06-07,8.0,3.12,WorthPoint
fulgurite,Rare Exogenic Fulgurite Specimen #8- Authentic Lightning Glass From Texas,20.0,2019-06-05,,,WorthPoint
fulgurite,"50 Gem & Mineral Samples‚ÄîIncludes Fulgurite, Moldavite, Shiva Lingham * MUST SEE",19.95,2019-06-03,50.0,0.4,WorthPoint
fulgurite,Rare Exogenic Fulgurite Specimen #39- Authentic Lightning Glass From Texas,40.0,2019-06-02,,,WorthPoint
fulgurite,"Fulgurite In A Bottle, Fused Casts Of Lightning In Sand, Arizona",10.0,2019-06-01,,,WorthPoint
fulgurite,"Red Fulgurite Genuine Natural Display Feng Shui Wicca Sedona 3 1/4"" 82x41x20 Mm",13.99,2019-05-31,,,WorthPoint
fulgurite,A Lot Of 100% Natural Branch Shaped FULGURITEs Or Petrified Lightning! 15.9gr,21.99,2019-05-30,15.9,1.38,WorthPoint
fulgurite,"(r365-7) 1-1/2"" Fulgurite Lightning Strike Beach Sand Glass Georgia Fulgurites",15.99,2019-05-28,,,WorthPoint
fulgurite,1/8 Pound Lb Fulgurites Petrified Lighting. Created When Lighting Strikes Sand,15.98,2019-05-27,,,WorthPoint
fulgurite,"Outstanding,large ( > 3"")fulgurite, Fused Cast Of Lightning In Sand, Polk Co, Fl",35.0,2019-05-26,,,WorthPoint
fulgurite,"FULGURITE LIGHTENING SAND SPIKE/ SPECIMEN FROM NEVADA 3.2OZ 3.4 X 1.75""",20.0,2019-05-26,90.72,0.22,WorthPoint
fulgurite,FULGURITE LIGHTENING SAND SPIKE/ SPECIMEN FROM NEVADA 3.2 OZ 3 X 1.75,16.0,2019-05-26,90.72,0.18,WorthPoint
fulgurite,"Fulgurite Authentic Lightning Strike Glass Tube Holefrom Washington 8"" Piece",150.0,2019-05-22,,,WorthPoint
fulgurite,A Big Lot Of Natural HOLLOW FULGURITE Specimens Or Petrified Lightning 15.4gr,14.99,2019-05-21,15.4,0.97,WorthPoint
fulgurite,"50 Gem & Mineral Samples‚ÄîIncludes Moldavite, Shiva Lingam, Fulgurite * MUST SEE",19.95,2019-05-21,50.0,0.4,WorthPoint
fulgurite,A Lot Of Long Natural HOLLOW FULGURITE Specimens Or Petrified Lightning 28.2gr E,24.99,2019-05-21,28.2,0.89,WorthPoint
fulgurite,Great Basin Coyote FULGURITE Petrified Fused Sand From Nevada Lightning Strikes,22.0,2019-05-21,,,WorthPoint
fulgurite,"5.3"" Tan FULGURITE Part-Hollow Tube From Lightning Strike Sahara Desert For Sale",75.0,2019-05-20,,,WorthPoint
fulgurite,"(r365-77) 1-7/8"" Fulgurite Lightning Strike Beach Sand Glass Georgia Fulgurites",16.99,2019-05-16,,,WorthPoint
fulgurite,"X Rare Fused ROCK Natural Glass ""Y"" BLACK FULGURITE Fossil Lightning Texas",16.49,2019-05-12,,,WorthPoint
fulgurite,Rare Exogenic Fulgurite Specimen #12- Authentic Lightning Glass From Texas,30.0,2019-05-11,,,WorthPoint
fulgurite,A GIANT! 100% Natural FULGURITE Or Petrified Lightning! Algeria 74.3gr E,69.99,2019-05-10,74.3,0.94,WorthPoint
fulgurite,A BIG! 100% Natural HOLLOW Tubular FULGURITE Or Petrified Lightning 22.4gr E,34.99,2019-05-09,22.4,1.56,WorthPoint
fulgurite,"Extremely Rare Fused Natural Glass ""Y"" BLACK FULGURITE Fossil Lightning Mexico",49.0,2019-05-04,,,WorthPoint
fulgurite,100% Natural Fulgurite-petrified Lightning,99.99,2019-05-03,,,WorthPoint
fulgurite,A Lot Of Four HUGE Natural FULGURITE Specimens Or Petrified Lightning 73.9gr E,49.99,2019-05-03,73.9,0.68,WorthPoint
fulgurite,"1.3"" Rare!!! High Quality Natural *hollow* Fulgurite Lightning Fused Sand Pillar",24.99,2019-04-22,,,WorthPoint
fulgurite,"Fulgurite Authentic Lightning Strike Glass From Washington 5"" In Piece",19.5,2019-04-16,,,WorthPoint
fulgurite,5pcs Large Wholesale Bulk Fulgurite Crystals Petrified Lightning Sand,30.0,2019-04-15,,,WorthPoint
fulgurite,"100 Pcs ""Lightning Strikes"" Fulgurites Merzouga, Morocco 1/2"" To 1-1/2"" 149 Gr",23.5,2019-04-11,149.0,0.16,WorthPoint
fulgurite,"Fulgurite Authentic Lightning Strike Glass From Washington 7"" In Piece",47.5,2019-04-10,,,WorthPoint
gallium,Gallium 99.99% Purity 97g In Test Tubes,99.99,2026-01-08,97.0,1.03,WorthPoint
gallium,10pcs. 3I306J / 3–ò306–ñ Tunnel Diodes - Gallium Arsenide Switching Diodes. NEW,35.9,2025-11-30,,,WorthPoint
gallium,Silver Military Value Medal The Major Spice Apple Gallium Asiago Uniform,100.87,2025-11-21,,,WorthPoint
gallium,4pcs. D603 / –î603 High-performance Gallium Arsenide (GaAs) Tunnel Diode. NEW,22.5,2025-10-22,,,WorthPoint
gallium,"Gallium Liquid Metal 50 Grams, 99.99% Pure Melting - 50g Multicolor",92.41,2025-09-18,50.0,1.85,WorthPoint
gallium,"Mining And Scientific Press January 1, 1876. American Progress By Gast; Gallium",75.0,2025-09-08,,,WorthPoint
gallium,Sun Dial - Return Journey 90/91 Uk Psych Gary Ramon Gallium Arsenide Oop Us Cd,19.95,2025-08-22,,,WorthPoint
gallium,"99.99% GALLIUM--Apex Mine, Utah--Glass Vial With October, 1986 Label! Unique!",49.0,2025-08-01,,,WorthPoint
gallium,"Gallium Liquid Metal 100 Grams, 99.99% Pure Melting - Two 50g Silver",134.41,2025-07-06,100.0,1.34,WorthPoint
gallium,Sun Dial - Other Way Out (Gallium Arsenide) CD Album Psych Rock,14.99,2025-07-01,,,WorthPoint
gallium,Rare GGG Gadolinium Gallium Garnet #44 #38 EXCLUSIVE FOR Ohagi_saito,26.94,2025-06-09,,,WorthPoint
gallium,ITT Defense Phased Array Radar Gallium Arsenide Chip Vintage Print Ad 1989,9.99,2025-05-26,,,WorthPoint
gallium,"Gallium Metal 50 Grams, 99.99% Pure Melting - 50g Vial Silver",76.5,2025-05-11,50.0,1.53,WorthPoint
gallium,10 Grams Of .999999 Ultra High Purity Gallium Metal - Glass Vial - Grimm Metals,29.99,2025-05-09,10.0,3.0,WorthPoint
gallium,1960 Press Photo LA Calif GE Tunnel Diode Made Of Gallium Arsenide,24.99,2025-05-09,,,WorthPoint
gallium,Gallium Liquid,900.0,2025-05-06,,,WorthPoint
gallium,1961 Alcoa Chemicals GALLIUM Vintage Print Ad,9.99,2025-04-04,,,WorthPoint
gallium,Pure Gallium Bottle 1KG ‚Äì 99.99% Lab-Grade ‚Äì Sealed & Unopened,650.0,2025-02-22,1000.0,0.65,WorthPoint
gallium,HOTA H24 245W GaN Gallium Nitride AC Adapter,69.0,2024-09-14,,,WorthPoint
gallium,"Press Photo Wesley R. Collins Finds Gallium In Ground Dug For Swimming Pool, CA",9.99,2024-06-10,,,WorthPoint
gallium,Gallium Element Cube,97.58,2024-05-03,,,WorthPoint
gallium,"Vintage Bicycle Head Badge,Ôøº Ôøº Cycles Gallium Ôøº French Company",29.25,2023-11-19,,,WorthPoint
gallium,"Gallium 99.99% Pure - 1,000g 1 Kilogram Ga - Sealed Single Container",600.0,2023-11-16,,,WorthPoint
gallium,"Gallium Metal 50 Grams, 99.99% Pure Melting - 50g Vial",62.7,2023-10-26,50.0,1.25,WorthPoint
gallium,Gadolinium Gallium Garnet Facet Rough Parcel 2 Stones 11.804 Grans,26.0,2023-04-11,11.804,2.2,WorthPoint
gallium,"OLD WORLD WEAVERS ""GALLIUM/Indigo"" Indigo/Tan-Heavy Abstract Chenille-$156-27""SQ",15.0,2023-03-01,,,WorthPoint
gallium,"OLD WORLD WEAVERS ""GALLIUM/Silver Screen""-Heavy Abstract Chenille-$156-27""SQ",15.0,2023-03-01,,,WorthPoint
gallium,"Vintage ""CRAY RESEARCH"" CRAY 3 - ""Uncut Wafer"" 16 GA Gallium Arsenide RARE",245.0,2022-12-13,16.0,15.31,WorthPoint
gallium,CRAY RESEARCH What's All This About Gallium Arsenide VHS TAPE Seymour Cray 1988,93.1,2022-05-10,,,WorthPoint
gallium,"Gallium Metal 50 Grams, 99.99% Pure Melting Gallium - 50g Vial",35.0,2022-02-27,50.0,0.7,WorthPoint
gallium,Indium Corporation Gallium Ingot 100 Gram 99.999% Purity Sealed,209.95,2022-02-12,100.0,2.1,WorthPoint
gallium,"Beautiful, Colorful, Vintage/Antique Gallium? Glass Lamp Shade",33.0,2022-02-06,,,WorthPoint
gallium,EUC Argon 18 TDS Race Carbon Road Bike Seatpost 27.2mm Seat Post Gallium Krypton,59.99,2021-12-17,,,WorthPoint
gallium,Dan Dee Chirping Palm Chick Bunny Ears Yellow Purple Pink Gallium LED Lot Set 2,10.0,2021-10-25,,,WorthPoint
gallium,"J.W.Weinmann,Phytanthoza,Gallium Album&,rare&large Handcol. Engr.c.1737 #530",95.0,2021-08-19,,,WorthPoint
gallium,14k White Gold Gadolinium Gallium Garnet Bracelet,217.8,2021-05-02,,,WorthPoint
gallium,25.7gms Of Clear G.G.G. (Gadolinium Gallium Garnet) Faceting Rough - Lot K,75.0,2021-04-02,25.7,2.92,WorthPoint
gallium,20.6gms Of Clear G.G.G. (Gadolinium Gallium Garnet) Faceting Rough - Lot L,60.0,2021-03-14,20.6,2.91,WorthPoint
gallium,Gallium - 15g - Pure,14.0,2021-02-16,15.0,0.93,WorthPoint
gallium,NOVA ELEMENTS Unopened Gallium Sample,20.0,2021-01-22,,,WorthPoint
gallium,Antimony Bismuth Gallium Ingot 99.995% Bismuth Solid Particles Almost 400g,26.0,2021-01-10,400.0,0.07,WorthPoint
gallium,Pure Gallium Element Magic Liquid DIY FUP29.8‚ÑÉ 1oz+,18.99,2020-12-12,28.35,0.67,WorthPoint
gallium,Yellow Green GGG Gadolinium Gallium Garnet Faceting Rough 119.5 Cts Color Change,89.99,2020-11-06,23.9,3.77,WorthPoint
gallium,1949 Press Photo George Maddox Works With Irradiated Gallium For Treating Cancer,33.88,2020-08-28,,,WorthPoint
gallium,"109 G (3.84 Oz) High Purity 99.999% Gallium Ga, Cast Bar",39.99,2020-06-18,109.0,0.37,WorthPoint
gallium,LARGE 1765 BLACKWELL Antique Engraving: GALLIUM Botanical Plant Decor,15.0,2020-05-14,,,WorthPoint
gallium,Gallium 55g,39.97,2020-04-24,55.0,0.73,WorthPoint
gallium,Gold Silver A Meteorite Bismuth Copper Tungsten Magnesium Gallium And Bronze Lot,15.99,2020-04-16,,,WorthPoint
gallium,Fast Shipping -- 20gGallium Metal 99.99% Pure Ship From USA,11.61,2020-04-03,20.0,0.58,WorthPoint
gallium,Bismuth & Gallium Metal Ingots And Volcano Rock,6.72,2020-03-09,,,WorthPoint
gallium,Fast Shipping --50-100Gallium Metal 99.99% Pure Ship From USA IN 5DAYS,45.0,2020-03-07,100.0,0.45,WorthPoint
gallium,50g Pure GALLIUM - Packaged In The U.S.A. 99.99% Pure,23.0,2020-01-19,50.0,0.46,WorthPoint
gallium,"1000g Pure GALLIUM 99.9999%, BEST DEAL!! FREE SHIPPING IN U.S.",321.0,2019-12-30,1000.0,0.32,WorthPoint
gallium,99.99% Pure 20g Gallium Element W/Molded For DIY Mould Melting Point 86F 30C,11.5,2019-12-23,20.0,0.57,WorthPoint
gallium,50 Grams PureGallium Metal 99.9% Low Melting Point,26.06,2019-11-04,50.0,0.52,WorthPoint
gallium,1878 Scientific Amer Suppl-Paris Balloon-Vaseline-Silk-Gallium-Bees +More DEC 7,10.99,2019-10-18,,,WorthPoint
gallium,Gallium,12.5,2019-10-18,,,WorthPoint
gallium,99.99% Pure 50g Gallium Element W/Molded For DIY Mould Melting Point 86F 30C,15.0,2019-10-14,50.0,0.3,WorthPoint
gallium,115g Pure Gallium,45.99,2019-09-06,115.0,0.4,WorthPoint
gallium,"Fast Shipping! 50gramGallium Metal 99,99% Reinheit 4N, Element From USA In 5days",28.0,2019-06-06,50.0,0.56,WorthPoint
gallium,1933 Mining For Rare Metals Gallium Rubidium Caesium Lithium Zirconium Geology,10.0,2019-05-24,,,WorthPoint
gallium,99.99% PURE 5g-100Gallium GA Metal Elemental 31 Liquid Metal Low Melt Magic,19.99,2019-05-02,5.0,4.0,WorthPoint
gallium,50g 99.99% 50Gallium Ga Metal Element 31 Low Melting Point US Fast Shipping,29.99,2019-04-27,50.0,0.6,WorthPoint
gallium,99.99%Gallium 20 Gram Pure Element Magic Melts Sample Natural Melting VIAL ...,24.0,2019-04-10,20.0,1.2,WorthPoint
gallium,"50-100g 99.99% Liquid Metal; 50-100Gallium, Syringe, Mold & Experiment Guide",24.95,2019-04-01,100.0,0.25,WorthPoint
gallium,99.99%Gallium Pure Element 20 Gram Sample Natural Melting In VIAL Magic Melts,20.0,2019-03-10,20.0,1.0,WorthPoint
gallium,Pure 99.99%GALLIUM Element 10 Gram Sample Natural Melting In VIAL Magic Melt,17.99,2019-03-10,10.0,1.8,WorthPoint
gallium,"50g 99.99% Pure Liquid Metal 50Gallium Includes Syringe, Mold & Experiment Guide",24.95,2019-03-06,50.0,0.5,WorthPoint
gallium,Cray Computer Gallium Wafers,90.12,2019-02-24,,,WorthPoint
gallium,GalliumMetal 99.99% Pure - 40 Grams [Luciteria Science],17.5,2019-02-13,40.0,0.44,WorthPoint
gallium,Fast Shipping --50-100Gallium Metal 99.99% Pure USA Free Shipping,29.9,2018-12-13,100.0,0.3,WorthPoint
gallium,Fast Shipping --50-100Gallium Metal Ship From Usa IN 5 DAYS!,49.9,2018-12-12,100.0,0.5,WorthPoint
gallium,Child Toys 99.99% Pure Liquid Gallium Element For DIY Mould Melting Point 29.8 ‚ÑÉ,12.58,2018-12-05,,,WorthPoint
gallium,Kids Toys 99.99% Pure Liquid Gallium Element For DIY Mould Melting Point 29.8 ‚ÑÉ,12.59,2018-12-05,,,WorthPoint
gallium,1963 Monsanto Gallium Arsenide Semiconductor Ad!,15.99,2018-10-22,,,WorthPoint
gallium,Standard Gauge Scale Gallium 2 Dome Tanker,65.0,2018-08-28,,,WorthPoint
gallium,Aerogel 27x7mm 30ml Ferrofluid 2x Magnet Neodymium 20g Gallium 5g Fluorescein,179.0,2018-05-28,20.0,8.95,WorthPoint
gallium,Vintage Electronics GE Gallium Phosphide Light Emitting Diode Pen,17.99,2018-03-25,,,WorthPoint
gallium,20g Ga Gallium Magician Supplies Pure Premium 99.99% Melts In Hand 85.6¬∞F Galium,20.0,2018-03-14,20.0,1.0,WorthPoint
gallium,50g Ga Gallium Magician Supplies Pure Premium 99.99% Melts In Hand 85.6¬∞F Galium,39.95,2018-02-10,50.0,0.8,WorthPoint
gallium,Faceting Rough Ggg Gadolinium Gallium Garnet Red/pink Color Very Rare Facet Face,98.0,2017-07-22,,,WorthPoint
gallium,Faceting Rough Ggg Gadolinium Gallium Garnet Clear Color Facet Facetor Lapidary,27.0,2017-07-10,,,WorthPoint
gallium,GALLIUM (Ga) - Metal That Melt In Your Hand (melting Point 29.76¬∞C) - 10 Grams,10.0,2017-06-02,10.0,1.0,WorthPoint
gallium,"Gallium Metal, Ga Element 31 Sample, 10 Grams In Plastic Vial",12.0,2017-05-15,10.0,1.2,WorthPoint
gallium,Gallium - 30 Grams - Melt In Your Hand Metal,20.0,2017-05-08,30.0,0.67,WorthPoint
gallium,"Gallium Metal, Ga Element 31 Sample, 10 Grams In Plastic Container",12.0,2017-04-28,10.0,1.2,WorthPoint
gallium,"Gallium Metal, Ga Element 31 Sample, 10 Grams",10.0,2017-04-05,10.0,1.0,WorthPoint
gallium,"Gallium Metal, Ga Element 31 Sample, 10 Grams In Glass Vial",10.0,2017-04-02,10.0,1.0,WorthPoint
gallium,"Gallium, Ga Element 31 Sample, 20 Grams",15.0,2017-03-30,20.0,0.75,WorthPoint
gallium,"Gallium Metal 10g 99,99% (4N) Melts In Hand",16.0,2017-02-12,10.0,1.6,WorthPoint
gallium,* Gallium Metal - 99.99% Pure - 50 Grams,38.99,2017-02-12,50.0,0.78,WorthPoint
gallium,BEST QUALITY FROM THE USSR 99.99% GA GALLIUM METAL 10 Gr,15.9,2017-01-31,10.0,1.59,WorthPoint
gallium,"Gallium 99.99% Pure, About 110 Grams",79.25,2017-01-11,110.0,0.72,WorthPoint
gallium,Gallium Metal 100 Grams 99.99% Pure 4N,59.99,2016-11-11,100.0,0.6,WorthPoint
gallium,Israel 50th Anniversary Set 50 Sheqalim Note 2 She Gallium Coin & Cover,65.0,2016-09-08,,,WorthPoint
gallium,"Geeking Gallium Gaffs & Gimmicks: The Disappearing Spoon Revitalized - Evans, Sh",30.64,2015-11-11,,,WorthPoint
gallium,Scarce! 1957 A Gallium Arsenide Microwave Diode D. A. Jenny RCA Labs RB-114 G+,19.99,2015-11-02,114.0,0.18,WorthPoint
gallium,1957 Some Properties Of Gallium Arsenide-Germanium Mixtures - Jenny RCA RB-115,19.99,2015-11-02,,,WorthPoint
gallium,"Gallium 20G 4n ""9999 Pure GALLIUM Bullion"" Melt In Your Hand Purity Guaranteed",23.79,2014-11-21,20.0,1.19,WorthPoint
gallium,Vintage Moeller High Temperature Gallium Thermometer (500F - 1000F),25.0,2014-10-16,,,WorthPoint
gallium,Fairchild FNA 21 Gallium Arsenide Display 1972 Specs DATA Free US Shipping RARE,19.99,2014-07-12,21.0,0.95,WorthPoint
gallium,100 Grams Of 99.99% Pure Gallium Liquid Metal - Melts At ~86F,49.95,2014-06-20,100.0,0.5,WorthPoint
gallium,Bonelli C1780 Folio Hand Col Botanical Print. Gallium Luteum 1-81,38.0,2014-04-09,,,WorthPoint
gallium,"SOHNGEITE - Gallium Oxide - Type Locality - TSUMEB, NAMIBIA",369.0,2014-02-11,,,WorthPoint
gallium,"Sells 4 Grams It Will Melt In The Hand , Gallium Metal Pure",15.0,2013-12-28,4.0,3.75,WorthPoint
gallium,"Sells 5 Grams It Will Melt In The Hand , Gallium Metal Pure",15.0,2013-12-23,5.0,3.0,WorthPoint
gallium,Gallium Element Coin - 99.9% Pure - COLLECTIBLE! - From Metallium,34.01,2013-12-22,,,WorthPoint
gallium,Gallium 50g Pure 99.99%,56.36,2013-11-20,50.0,1.13,WorthPoint
gallium,Gallium 20g Pure 99.99%,24.14,2013-11-16,20.0,1.21,WorthPoint
gallium,IEEE SPECTRUM Superhet Gallium Arsenide MESFET ++ 3 1977,11.5,2013-11-12,,,WorthPoint
gallium,"Calvin ""Raz"" Sugita 31/32"" Marble Signed: ""RAZ"" ""Gallium"" Powders (ST162)",16.75,2013-11-08,,,WorthPoint
gallium,Indium Metal 99.99% Pure 10 Grams. Gallium Metal Also Available! Ships From USA!,16.99,2013-08-28,10.0,1.7,WorthPoint
gallium,Original 1737 Elizabeth Blackwell Botanical Antique Print - Gallium,30.0,2013-07-29,,,WorthPoint
gallium,"GADOLINIUM GALLIUM GARNET 1,970 Grams / 9,850 Cts Faceting Rough",200.0,2013-06-27,970.0,0.21,WorthPoint
gallium,18K Victorian Gadolinium Gallium Garnet Ring,800.0,2013-05-14,,,WorthPoint
gallium,20 Grams Of LIQUID METAL In SEALED Soft Ampoules. Not Mercury Gallium,26.99,2013-04-05,20.0,1.35,WorthPoint
gallium,"20 Grams Of LIQUID METAL From GALLIUM Corp. - 99,99% Pure New & SEALED Bottle",26.99,2013-03-14,20.0,1.35,WorthPoint
gallium,10 Gram Gallium Element Metal Bullion 99.99% Pure New Gold Silver FREE SHIPPING,21.5,2013-03-12,10.0,2.15,WorthPoint
gallium,"KRIESELITE - Gallium Bearing Germanate! - Type Locality - Tsumeb, Namibia",87.13,2013-03-12,,,WorthPoint
gallium,Gallium Metal Ingot: 30 Grams - 99.99% Pure - Chemical Element Sample,67.99,2013-01-06,30.0,2.27,WorthPoint
gallium,10 Grams .999 Pure Gallium,32.0,2013-01-06,10.0,3.2,WorthPoint
gallium,"10 Grams Of Gallium Element Metal Purity 99,99%",19.99,2012-12-17,10.0,2.0,WorthPoint
gallium,240 Grams Gallium Metal 99% Pure,325.0,2011-12-01,240.0,1.35,WorthPoint
gallium,10g Gallium Metal 6N 99.9999% ULTRAPURE Original,27.25,2011-11-08,10.0,2.73,WorthPoint
gallium,"Gallium Metal 99,9999% - 50g Pure",96.16,2011-11-06,50.0,1.92,WorthPoint
gallium,100g Gallium Metal 6N-99.9999% ULTRAPURE!!!,235.15,2011-10-14,100.0,2.35,WorthPoint
gallium,"Gallium Metal Pure 5 Gram , Gall",15.62,2011-10-10,5.0,3.12,WorthPoint
gallium,25g Gallium Metal 6N-99.9999% ULTRAPURE!!!,74.48,2011-09-30,25.0,2.98,WorthPoint
gallium,Gallium Metal Pure 5gram,15.0,2011-09-08,5.0,3.0,WorthPoint
gallium,50g Gallium Metal. ULTRAPURE. 99.9999%,99.39,2011-08-18,50.0,1.99,WorthPoint
gallium,2011 Argon 18 Gallium Pro Frameset Fork Seatpost Carbon,1895.0,2011-08-11,18.0,105.28,WorthPoint
gallium,50 Grams Of Gallium Metal 99.998% Purity,115.0,2011-07-18,50.0,2.3,WorthPoint
gallium,Argon18 Gallium Framset Medium 2010,999.0,2011-07-16,18.0,55.5,WorthPoint
gallium,10 Grams Of Gallium Metal 99.998% Purity,29.5,2011-07-14,10.0,2.95,WorthPoint
gallium,24.8 Grams Of Gallium Metal 99.998% Pure & FREE SILVER,59.99,2011-07-04,24.8,2.42,WorthPoint
gallium,NEW 2010 ARGON 18 Gallium Frame-RED-SMALL,999.0,2011-07-01,18.0,55.5,WorthPoint
gallium,25 Grams Of Gallium Metal 99.998% Pure & FREE SILVER,59.99,2011-06-25,25.0,2.4,WorthPoint
gallium,Argon 18 Gallium Carbon Fork,46.0,2011-06-22,18.0,2.56,WorthPoint
gallium,50g Gallium Metal 6N-99.9999% ULTRAPURE!!!,129.97,2011-05-27,50.0,2.6,WorthPoint
gallium,25 Grams Of Amazing Gallium Metal Element - 99.99% Pure,63.43,2011-05-26,25.0,2.54,WorthPoint
gallium,10 Grams Of Amazing Gallium Metal Element - 99.99% Pure,30.1,2011-05-26,10.0,3.01,WorthPoint
gallium,Ettinghausen 1855 Physiotypia FOLIO. Gallium. 288,35.33,2011-05-23,,,WorthPoint
gallium,50 Grams Of Amazing Gallium Metal Element - 99.99% Pure,110.14,2011-04-19,50.0,2.2,WorthPoint
gallium,GALLIUM-INDIUM-TIN Low Melting Eutectic Alloy - 10g,49.88,2011-04-19,10.0,4.99,WorthPoint
gallium,100 Grams Gallium Metal 99.99% Pure,140.0,2011-04-13,100.0,1.4,WorthPoint
gallium,Gallium Metal (10g) 99.99% Pure,38.12,2011-03-31,10.0,3.81,WorthPoint
gallium,Gallium Metal (5g) 99.99% Pure,19.8,2011-03-24,5.0,3.96,WorthPoint
gallium,"GALLIUMWAX ""Dr FCG MAX FLUORO"" JAPAN ORIGINAL Ski Wax",319.99,2011-03-16,,,WorthPoint
gallium,Gallium Metal Element - 18.3g 99.99% Pure!,39.99,2011-01-22,18.3,2.19,WorthPoint
gallium,1774 Buchoz Copper Plate Botanicals Gallium Etc 2 Print,54.0,2009-09-15,,,WorthPoint
gallium,Gallium Metal 10.3g Pure Metal Element 99.9996%,23.0,2009-07-07,10.3,2.23,WorthPoint
georgiaite,"Georgiaite, A Tektite From Georgia",1200.0,2025-07-25,,,WorthPoint
georgiaite,"Tektite Var. Georgiaite - Dodge County, GA (13.2 Grams) Povenmire Collection",1650.0,2025-05-13,13.2,125.0,WorthPoint
georgiaite,Georgiaite Tektite - 7.87 G,78.6,2025-04-28,7.87,9.99,WorthPoint
georgiaite,Georgiaite Tektite - 10.1 G Specimen,101.0,2025-04-18,10.1,10.0,WorthPoint
georgiaite,Georgiaite Tektite - Low Grade - 4.8 G,24.0,2025-04-16,4.8,5.0,WorthPoint
georgiaite,Georgiaite Tektite - 11.9 G - Rare Impact Glass,119.0,2025-04-14,11.9,10.0,WorthPoint
georgiaite,Georgiaite Tektite ‚Äì 8.2g,82.0,2025-04-14,8.2,10.0,WorthPoint
georgiaite,Georgiaite Tektite - 8.0 G,80.0,2025-04-13,8.0,10.0,WorthPoint
georgiaite,Georgiaite Tektite - 5.2 G,52.0,2025-04-11,5.2,10.0,WorthPoint
georgiaite,Georgiaite Tektite - 7.2 G,72.0,2025-04-10,7.2,10.0,WorthPoint
georgiaite,Georgiaite Tektite - 7.8 G,78.0,2025-04-09,7.8,10.0,WorthPoint
georgiaite,Georgiaite Tektite (8.2g) ‚Äì Rare Impact Glass ‚Äì Georgia Meteorite Specimen,82.0,2025-04-05,8.2,10.0,WorthPoint
georgiaite,Incredibly RARE Georgia Tektite - Georgiaite (2 Grams),350.0,2020-07-27,2.0,175.0,WorthPoint
georgiaite,Super Ultra RARE Tektite GEORGIAITE (very Similar To Moldavite),1900.0,2014-04-01,,,WorthPoint
gibeon-meteorite,Gibeon Meteorite,64.0,2026-01-15,,,WorthPoint
gibeon-meteorite,"Gibeon Meteorite, IVA Iron Meteorite, Namibia, Rare Meteorite, 5.25g",42.4,2026-01-14,5.25,8.08,WorthPoint
gibeon-meteorite,GIBEON Iron Meteorite Etched Carved Shape WIDMANSTATTEN Carving Jewelry,79.99,2025-12-27,,,WorthPoint
gibeon-meteorite,29 Gm Etched Gibeon Iron Meteorite Slab Museum Grade Ring Namibia Africa Jal,284.05,2025-12-22,29.0,9.79,WorthPoint
gibeon-meteorite,Gibeon Meteorite. Iron IVA 21.2 Grams. Awesome Shrapnel Piece. RARE!,95.0,2025-12-08,21.2,4.48,WorthPoint
gibeon-meteorite,Gibeon Iron Meteorite Carved Cabochon WIDMANSTATTEN Jewelry Wire-Wrap Carving,55.99,2025-12-07,,,WorthPoint
gibeon-meteorite,32 Gm Etched Gibeon Iron Meteorite Slab Museum Grade Ring Namibia Africa Jal,284.05,2025-11-30,32.0,8.88,WorthPoint
gibeon-meteorite,2.10 Grams GIBEON Iron METEORITE Whole Individual As Found In Africa 1836!,13.99,2025-11-24,2.1,6.66,WorthPoint
gibeon-meteorite,Gibeon Etched Meteorite Part Slice Weight 191.7 Grams 4.75 Inches,651.95,2025-11-22,191.7,3.4,WorthPoint
gibeon-meteorite,GIBEON Iron Meteorite Carved Star WIDMANSTATTEN Jewelry Wire-Wrap Carving,159.99,2025-11-13,,,WorthPoint
gibeon-meteorite,GIBEON Iron Meteorite Carved Shape WIDMANSTATTEN Carving Jewelry Wire Wrapping,127.99,2025-11-06,,,WorthPoint
gibeon-meteorite,1.12 Grams GIBEON Iron METEORITE Whole Individual As Found In Africa 1836!,6.99,2025-10-16,1.12,6.24,WorthPoint
gibeon-meteorite,GIBEON Iron Meteorite Carved Octagon WIDMANSTATTEN Carving Jewelry Wire Wrapping,119.99,2025-10-04,,,WorthPoint
gibeon-meteorite,146 Gm Etched Gibeon Iron Meteorite Quarter Cut Museum Grade Namibia Africa,989.1,2025-10-03,146.0,6.77,WorthPoint
gibeon-meteorite,"*METEORITE *JAPANESE Style TANTO,Big Piece Of GIBEON, Sterling Silver ,HAND MADE",2600.0,2025-09-26,,,WorthPoint
gibeon-meteorite,"GIBEON Meteorite Display Label, Aluminum",6.5,2025-09-22,,,WorthPoint
gibeon-meteorite,360 Gm Etched Gibeon Meteorite Thick Slab Museum Gde Ring Namibia Africa Jal,2249.1,2025-09-21,360.0,6.25,WorthPoint
gibeon-meteorite,Gibeon Meteorite Knife With Ironwood Handle Display & Box,1200.0,2025-09-11,,,WorthPoint
gibeon-meteorite,Gibeon Meteorite. Iron IVA 22.1 Grams. RARE! Nice Shrapnel Piece.,100.0,2025-09-08,22.1,4.52,WorthPoint
gibeon-meteorite,RARE GIBEON IRON METEORITE Fragment Complete Individual Specimen NAMIBIA AFRICA,31.99,2025-09-03,,,WorthPoint
gibeon-meteorite,"Gibeon Meteorite End Cut - 3,534.4 Grams",1250.0,2025-08-29,534.4,2.34,WorthPoint
gibeon-meteorite,"Gibeon Meteorite - 5,806 Grams",4750.0,2025-08-29,806.0,5.89,WorthPoint
gibeon-meteorite,"Gibeon Meteorite - 4,620.4 Grams",6250.0,2025-08-29,620.4,10.07,WorthPoint
gibeon-meteorite,"Gibeon Meteorite - 2,926.2 Grams",4500.0,2025-08-29,926.2,4.86,WorthPoint
gibeon-meteorite,Gibeon Meteorite - 49.5 Kilograms,50000.0,2025-08-29,,,WorthPoint
gibeon-meteorite,37 Gm Etched Gibeon Iron Meteorite Slab Museum Grade Ring Namibia Africa Jal,269.1,2025-08-22,37.0,7.27,WorthPoint
gibeon-meteorite,GIBEON Fragments 5 Grams,5.0,2025-08-21,5.0,1.0,WorthPoint
gibeon-meteorite,Gibeon Meteorite. Iron IVA 5.36 Grams. Unusual Shaped Etched Slice.,15.0,2025-08-11,5.36,2.8,WorthPoint
gibeon-meteorite,"GIBEON METEORITE From Namibia - ONE OF A KIND - GREAT GIFT FOR MEN, WOMEN, KIDS!",50.01,2025-08-06,,,WorthPoint
gibeon-meteorite,2- Small Gibeon Meteorite Knives,86.1,2025-08-02,,,WorthPoint
gibeon-meteorite,32 Gm Etched Gibeon Iron Meteorite End Piece Museum Grade Ring Namibia Africa,239.1,2025-07-30,32.0,7.47,WorthPoint
gibeon-meteorite,1.80 Grams GIBEON ~ Iron METEORITE ~ Whole Individual As Found In Africa 1836!,6.99,2025-07-19,1.8,3.88,WorthPoint
gibeon-meteorite,130 Gm Etched Gibeon Iron Meteorite Slice Museum Grade Namibia Africa,881.1,2025-06-30,130.0,6.78,WorthPoint
gibeon-meteorite,96 Gm Etched Gibeon Iron Meteorite Half Slice Museum Grade Namibia Africa,629.1,2025-06-29,96.0,6.55,WorthPoint
gibeon-meteorite,173 Gm Etched Gibeon Iron Meteorite Slice Museum Grade Namibia Africa,1169.1,2025-06-20,173.0,6.76,WorthPoint
gibeon-meteorite,196 Gm Etched Gibeon Iron Meteorite Slice Museum Grade Namibia Africa,1331.1,2025-06-20,196.0,6.79,WorthPoint
gibeon-meteorite,126 Gm Etched Gibeon Iron Meteorite Slice Museum Grade Namibia Africa,863.1,2025-06-20,126.0,6.85,WorthPoint
gibeon-meteorite,Gibeon Meteorite 404 Grams Museum Quality With COA,1000.0,2025-05-29,404.0,2.48,WorthPoint
gibeon-meteorite,76 Gm Etched Gibeon Iron Meteorite Half Slice Museum Grade Namibia Africa,494.1,2025-05-19,76.0,6.5,WorthPoint
gibeon-meteorite,Gibeon Meteorite Slice 7.83 Grams - Namibia-found 1836- See Card,20.0,2025-05-11,7.83,2.55,WorthPoint
gibeon-meteorite,90 Gm Etched Gibeon Iron Meteorite Quarter Cut Museum Grade Namibia Africa,645.05,2025-05-02,90.0,7.17,WorthPoint
gibeon-meteorite,Gibeon Meteorite Skull,3250.0,2025-04-23,,,WorthPoint
gibeon-meteorite,Gibeon Meteorite Sphere - 426.5 Grams,3500.0,2025-04-23,426.5,8.21,WorthPoint
gibeon-meteorite,Gibeon Meteorite End Cut - 526.6 Grams,1500.0,2025-04-23,526.6,2.85,WorthPoint
gibeon-meteorite,Gibeon Meteorite - 17.2 Kilograms,17500.0,2025-04-23,,,WorthPoint
gibeon-meteorite,131 Gm Etched Gibeon Iron Meteorite Slice Museum Grade Namibia Africa,949.05,2025-04-21,131.0,7.24,WorthPoint
gibeon-meteorite,"(153.7 Gram) Gibeon Iron Meteorite Slice From Namibia, Natural Meteorite Slice.",150.0,2025-04-21,153.7,0.98,WorthPoint
gibeon-meteorite,362 Gm Etched Gibeon Iron Meteorite End Cut Museum Grade Namibia Africa,2089.05,2025-03-29,362.0,5.77,WorthPoint
gibeon-meteorite,"2,546g GIBEON IRON METEORITE NAMIBIA, AFRICA 5.61 LBS",2225.0,2025-03-22,546.0,4.08,WorthPoint
gibeon-meteorite,"Gibeon Iron Meteorite, 170 Grams (6 Ounces), With Widmanstatten Crystals",280.0,2025-03-16,170.0,1.65,WorthPoint
gibeon-meteorite,üåå Space Rock ü™® Magnetic Gibeon Iron Nickel Meteorite 64.25 Grams Africa Find,20.5,2025-03-05,64.25,0.32,WorthPoint
gibeon-meteorite,Large 14 Pound Section From A Gibeon Iron-Nickel Meteorite,4750.0,2025-02-27,,,WorthPoint
gibeon-meteorite,Gibeon Iron Meteorite 228 Gram Cut Etched Approximate Cube,250.0,2025-02-23,228.0,1.1,WorthPoint
gibeon-meteorite,Gibeon Iron Meteorite Found Metal Detecting In Namibia Africa Rare Space Rock ü™®,55.0,2025-02-17,,,WorthPoint
gibeon-meteorite,Sikhote-Alin & Gibeon Meteorites 5 Grams And .5 Grams Meteorite,14.99,2025-02-14,5.0,3.0,WorthPoint
gibeon-meteorite,Gibeon Meteorite Slice,500.0,2025-02-13,,,WorthPoint
gibeon-meteorite,Gibeon Meteorite. 26.1 Grams. Etched Slice.,100.0,2025-02-07,26.1,3.83,WorthPoint
gibeon-meteorite,Lot Of 9 Fossils And Gibeon Meteorite,33.0,2025-02-05,,,WorthPoint
gibeon-meteorite,Beautiful 364g Etched Gibeon Meteorite End Cut With Brilliant Etch,500.0,2025-02-03,364.0,1.37,WorthPoint
gibeon-meteorite,103 Gm Etched Gibeon Iron Meteorite Slice Museum Grade Namibia Africa,683.1,2025-01-17,103.0,6.63,WorthPoint
gibeon-meteorite,"Thumbnail, Gibeon Meteorite, Gibeon, Namibia",180.0,2025-01-06,,,WorthPoint
gibeon-meteorite,66 Gm Etched Gibeon Iron Meteorite Slice Museum Grade Namibia Africa,449.1,2024-12-22,66.0,6.8,WorthPoint
gibeon-meteorite,230 Gm Etched Gibeon Iron Meteorite Slice Museum Grade Namibia Africa,1556.1,2024-12-02,230.0,6.77,WorthPoint
gibeon-meteorite,GIBEON Iron Meteorite Carved Oval WIDMANSTATTEN Carving Jewelry Wire Wrapping,43.99,2024-12-01,,,WorthPoint
gibeon-meteorite,GIBEON RHODIUM PLATED Iron Meteorite Carved Star WIDMANSTATTEN Carving,279.99,2024-11-28,,,WorthPoint
gibeon-meteorite,GIBEON Iron Meteorite Carved Triangle WIDMANSTATTEN Carving Jewelry,43.99,2024-11-15,,,WorthPoint
gibeon-meteorite,Lovely Gibeon Meteorite Specimen In Gem Jar- Vintage Estate Find,36.0,2024-11-09,,,WorthPoint
gibeon-meteorite,40 Gm Etched Gibeon Iron Meteorite Slice Museum Grade Namibia Africa,269.1,2024-10-21,40.0,6.73,WorthPoint
gibeon-meteorite,46 Gm Etched Gibeon Iron Meteorite Slice Museum Grade Namibia Africa,314.1,2024-10-15,46.0,6.83,WorthPoint
gibeon-meteorite,Gibeon Meteorite. Iron IVA 12.28 Grams. Excellent Etched Slice. Very Nice!,75.0,2024-10-13,12.28,6.11,WorthPoint
gibeon-meteorite,SUPERB 44g SCULPTURAL IRON GIBEON METEORITE INDIVIDUAL! SALE $41 OFF!,398.0,2024-10-08,44.0,9.05,WorthPoint
gibeon-meteorite,GIBEON Iron Meteorite Carved Square WIDMANSTATTEN Carving Jewelry Wire Wrapping,199.99,2024-10-07,,,WorthPoint
gibeon-meteorite,157 Gm Polished Gibeon Iron Meteorite Uneven Slice Etched Namibia Africa,629.1,2024-10-04,157.0,4.01,WorthPoint
gibeon-meteorite,208 Gm Etched Gibeon Iron Meteorite Slice Museum Grade Namibia Africa,1349.1,2024-10-02,208.0,6.49,WorthPoint
gibeon-meteorite,Gibeon Iron Meteorite Ball,45.0,2024-10-01,,,WorthPoint
gibeon-meteorite,140 Gm Etched Gibeon Iron Meteorite Quad Cut Museum Grade Namibia Africa,629.1,2024-09-22,140.0,4.49,WorthPoint
gibeon-meteorite,256 Gm Etched Gibeon Iron Meteorite Slice Museum Grade Namibia Africa,1899.0,2024-09-20,256.0,7.42,WorthPoint
gibeon-meteorite,GIBEON Iron Meteorite Carved Circle WIDMANSTATTEN Carving Jewelry Wire Wrapping,43.99,2024-09-01,,,WorthPoint
gibeon-meteorite,Gibeon Meteorite End Cut,9375.0,2024-08-28,,,WorthPoint
gibeon-meteorite,164 Gm Etched Gibeon Iron Meteorite Triple Cut Museum Grade Namibia Africa,719.1,2024-08-19,164.0,4.38,WorthPoint
gibeon-meteorite,"METEORITE BEADS ""GIBEON (2)"", SERICHO"", ""SIKHOTE-ALIN (2)"" On A Vinyl String",33.0,2024-08-14,,,WorthPoint
gibeon-meteorite,GIBEON Meteorite Small Cut Specimen 12 Grams,12.75,2024-07-28,12.0,1.06,WorthPoint
gibeon-meteorite,Gibeon Meteorite Iron Octahedrite Partial Slice Etched 45 Grams,96.0,2024-06-18,45.0,2.13,WorthPoint
gibeon-meteorite,151 Gm Etched Gibeon Iron Meteorite Slice Museum Grade Namibia Africa,809.1,2024-06-16,151.0,5.36,WorthPoint
gibeon-meteorite,1496 Gm Gibeon Iron Meteorite Museum Grade Namibia Africa 3.3 Lbs,5305.5,2024-06-12,1496.0,3.55,WorthPoint
gibeon-meteorite,Gibeon Meteorite Sphere Pair,437.5,2024-06-06,,,WorthPoint
gibeon-meteorite,137 Gm Etched Gibeon Iron Meteorite Slice Museum Grade Namibia Africa,899.1,2024-06-06,137.0,6.56,WorthPoint
gibeon-meteorite,38 Gm Etched Gibeon Iron Meteorite Quad Cut Museum Grade Namibia Africa,296.1,2024-05-27,38.0,7.79,WorthPoint
gibeon-meteorite,Etched Gibeon Iron-Nickel Meteorite,162.5,2024-05-14,,,WorthPoint
gibeon-meteorite,101 Gm Etched Gibeon Iron Meteorite Slice Museum Grade Namibia Africa,683.15,2024-05-10,101.0,6.76,WorthPoint
gibeon-meteorite,"Wearable Glass Locket Gibeon Meteorite & Dinosaur Bone Fossil Specimen Chain 30""",48.0,2024-05-08,,,WorthPoint
gibeon-meteorite,Gibeon Meteorite Sphere,189.0,2024-04-11,,,WorthPoint
gibeon-meteorite,Beautiful Gibeon Meteorite Size 8 Ring,20.5,2024-03-24,,,WorthPoint
gibeon-meteorite,Beautiful Gibeon Meteorite Size 8 Ring Pendant,20.5,2024-03-22,,,WorthPoint
gibeon-meteorite,87 Gm Etched Gibeon Iron Meteorite Slice Museum Grade Namibia Africa,629.1,2024-03-19,87.0,7.23,WorthPoint
gibeon-meteorite,William Henry Knife B09 Eclipse Gibeon Meteorite Damascus Sapphires,2200.0,2024-03-10,,,WorthPoint
gibeon-meteorite,"RARE Iron Kamacite Crystal! GIBEON METEORITE, NAMIBIA -Ex. Hoppel",227.75,2024-02-16,,,WorthPoint
gibeon-meteorite,"Gibeon Iron Meteorite 2,530 Grams! 16.5cm X 10cm X 8.5cm Museum Stand 5.5 Pounds",1295.0,2024-02-14,530.0,2.44,WorthPoint
gibeon-meteorite,51 Gm Etched Gibeon Iron Meteorite Slice Museum Grade Namibia Africa,323.1,2024-02-03,51.0,6.34,WorthPoint
gibeon-meteorite,SUPERB 5.14g THIN SLICED ETCHED IRON GIBEON METEORITE! SALE 16% OFF!,79.0,2024-02-02,5.14,15.37,WorthPoint
gibeon-meteorite,153 Gm Etched Gibeon Iron Meteorite End Cut Museum Grade Namibia Africa,989.1,2024-01-16,153.0,6.46,WorthPoint
gibeon-meteorite,Unique Gibeon Meteorite Envelope Opener 46.3 G,202.5,2024-01-13,46.3,4.37,WorthPoint
gibeon-meteorite,41.4 Gram GIBEON Meteorite Fragment Prehistoric Found 1836,131.2,2024-01-09,41.4,3.17,WorthPoint
gibeon-meteorite,208 Gm Gibeon Iron Meteorite Museum Grade Namibia Africa .45 Lbs,680.0,2023-12-31,208.0,3.27,WorthPoint
gibeon-meteorite,Fantastic Etched Gibeon Meteorite Slice 27.01mm Round,41.0,2023-12-23,,,WorthPoint
gibeon-meteorite,Fantastic Etched Gibeon Meteorite Slice 27.85mm Round,41.0,2023-12-23,,,WorthPoint
gibeon-meteorite,10 GM ETCHED GIBEON IRON METEORITE Slice MUSEUM GRADE NAMIBIA AFRICA Pendant,62.1,2023-12-22,10.0,6.21,WorthPoint
gibeon-meteorite,Gibeon Iron Meteorite Slice 845 Grams,2495.0,2023-12-13,845.0,2.95,WorthPoint
gibeon-meteorite,"GIBEON METEORITE 3,050 G 6.725 Lbs",4500.0,2023-12-10,50.0,90.0,WorthPoint
gibeon-meteorite,BEAUTIFUL 5.1g ETCHED GIBEON IRON METEORITE THIN SLICE W/ SUPERB ETCH!!!,95.0,2023-12-08,5.1,18.63,WorthPoint
gibeon-meteorite,Etched Gibeon Meteorite Slice - 176 Grams - Superb Condition,207.5,2023-12-08,176.0,1.18,WorthPoint
gibeon-meteorite,Complete Gibeon Meteorite - 2540 Grams (Large) - Superb Condition,3050.0,2023-12-08,2540.0,1.2,WorthPoint
gibeon-meteorite,Fantastic Etched Gibeon Meteorite Slice 27.87mm Round,41.0,2023-11-18,,,WorthPoint
gibeon-meteorite,"GIBEON METEORITE SPHERE 32 Mm, 1.25"" 139 Grams",700.0,2023-11-18,139.0,5.04,WorthPoint
gibeon-meteorite,GIBEON Meteorite Fragment + Etched Slice Prehistoric Found 1836,49.2,2023-10-22,,,WorthPoint
gibeon-meteorite,"Gibeon, Iron, IVA, Found In Namibia 1836, 16.22 Gram Slice",45.0,2023-10-19,16.22,2.77,WorthPoint
gibeon-meteorite,Gibeon Meteorite Guitar Pick,154.0,2023-09-21,,,WorthPoint
gibeon-meteorite,Gibeon Meteorite Iron Meteorite.,102.5,2023-09-18,,,WorthPoint
gibeon-meteorite,Gibeon IVA Iron Meteorite 175.4g Meteorite Stunning Etch.,610.0,2023-08-28,175.4,3.48,WorthPoint
gibeon-meteorite,Gibeon IVA Iron Meteorite 167.5g Meteorite Stunning Etch.,898.0,2023-08-14,167.5,5.36,WorthPoint
gibeon-meteorite,MOLDAVITE Charm .925 Silver Muonionalusta Meteorite Cube. Gibeon Ring,204.06,2023-07-26,,,WorthPoint
gibeon-meteorite,Gibeon IVA Iron Meteorite 200.85g Meteorite Stunning Etch.,818.0,2023-07-24,200.85,4.07,WorthPoint
gibeon-meteorite,"Gibeon Meteorite ""The Fireball""",750.0,2023-07-22,,,WorthPoint
gibeon-meteorite,Gibeon Meteorites (Group Of 5),575.0,2023-07-22,,,WorthPoint
gibeon-meteorite,"Gibeon Meteorite ""The Hawk""",1625.0,2023-07-22,,,WorthPoint
gibeon-meteorite,SUPERB 103g ETCHED GIBEON METEORITE THUMBPRINTED END CUT W/ UNIQUE SHAPE!!!,401.84,2023-07-14,103.0,3.9,WorthPoint
gibeon-meteorite,Gibeon Meteorite Plate 17g - Etched - Nickel Iron Octahedrite - Old Collection,65.0,2023-07-13,17.0,3.82,WorthPoint
gibeon-meteorite,Gibeon Meteorite Plate 55g - Etched - Nickel Iron Octahedrite - Old Collection,210.0,2023-07-12,55.0,3.82,WorthPoint
gibeon-meteorite,BEAUTIFUL 44g ETCHED GIBEON IRON METEORITE PART SLICE SLAB W/ BRILLIANT ETCH!,206.17,2023-07-04,44.0,4.69,WorthPoint
gibeon-meteorite,Gibeon IVA Iron Meteorite 157.6g Meteorite Stunning Etch.,610.0,2023-07-03,157.6,3.87,WorthPoint
gibeon-meteorite,Beautiful 184 Gm Etched Gibeon Meteorite Slice 4x3 Inches Slab,700.0,2023-06-24,184.0,3.8,WorthPoint
gibeon-meteorite,Rare Gibeon Meteorite,3000.0,2023-06-18,,,WorthPoint
gibeon-meteorite,Starborn Vintage Sterling 925 Gibeon Meteorite Pendant (c266a),59.99,2023-06-16,925.0,0.06,WorthPoint
gibeon-meteorite,Beautiful 88 Gm Etched Gibeon Meteorite Slice 3x1.5 Inches,370.0,2023-06-14,88.0,4.2,WorthPoint
gibeon-meteorite,Beautiful 55 Gm Etched Gibeon Meteorite Slice 1.5x1.75 Inches,269.1,2023-06-14,55.0,4.89,WorthPoint
gibeon-meteorite,Gibeon Meteorite 24 Gr. Namibia,12.99,2023-06-04,24.0,0.54,WorthPoint
gibeon-meteorite,"9 Gram GIBEON METEORITE CONCHA IN FLOATING DISPLAY CASE, ROBT. HAAG COLLECTION",175.0,2023-05-27,9.0,19.44,WorthPoint
gibeon-meteorite,Gibeon Meteorite 122.79g Slice,184.5,2023-05-23,122.79,1.5,WorthPoint
gibeon-meteorite,Gibeon IVA Iron Meteorite 157.75g Meteorite Stunning Etch.,999.0,2023-05-22,157.75,6.33,WorthPoint
gibeon-meteorite,Gibeon Iron Meteorite Sphere: 1.3 Grams,5.5,2023-05-10,1.3,4.23,WorthPoint
gibeon-meteorite,2 Gibeon Meteorite Slices!,163.5,2023-04-30,2.0,81.75,WorthPoint
gibeon-meteorite,GIBEON METEORITE SPHERE 201 G,900.0,2023-04-19,201.0,4.48,WorthPoint
gibeon-meteorite,17.1 Gram GIBEON Fragment Iron Meteorite Etched With COA,64.95,2023-04-17,17.1,3.8,WorthPoint
gibeon-meteorite,"GIBEON METEORITE 3,900g 8.6 Lbs",10725.0,2023-04-10,900.0,11.92,WorthPoint
gibeon-meteorite,31 Grams 65x20mm Authentic Gibeon Meteorite Namibia Fine Octahedrite Heavy!,199.0,2023-04-10,31.0,6.42,WorthPoint
gibeon-meteorite,18 Grams 25x30x4mm Authentic Gibeon Meteorite Slice Fine Octahedral Nickel Iron,120.0,2023-04-10,18.0,6.67,WorthPoint
gibeon-meteorite,Sterling Silver Mid Century Modern Money Clip With Gibeon Meteorite Section,56.69,2023-04-04,,,WorthPoint
gibeon-meteorite,Gibeon Meteorite Mineral Rock Specimen From Nambia Africa 4 Oz. Rock Collection,60.0,2023-03-27,113.4,0.53,WorthPoint
gibeon-meteorite,Etched GIBEON METEORITE Slice Unisex Jewlery Pendant ~ Wear A Falling Star!!,45.0,2023-03-25,,,WorthPoint
gibeon-meteorite,100 Gram - ETCHED GIBEON METEORITE - With A Bit Of Exterior - From Namibia,225.0,2023-03-09,100.0,2.25,WorthPoint
gibeon-meteorite,36.3 Grams GIBEON Iron End Cut Meteorite Etched With COAs,89.95,2023-03-02,36.3,2.48,WorthPoint
gibeon-meteorite,NWA Gibeon Meteorite Iron Nickel Specimen Namibia Africa Meteorite 7.0 Grams,16.5,2023-01-24,7.0,2.36,WorthPoint
gibeon-meteorite,1.9 Gram GIBEON Fragment Iron Meteorite Etched With COAs,6.99,2023-01-20,1.9,3.68,WorthPoint
gibeon-meteorite,10.6 Gram GIBEON Fragment Iron Meteorite Etched With COA,40.95,2023-01-18,10.6,3.86,WorthPoint
gibeon-meteorite,1.74 Gram GIBEON Fragment Iron Meteorite Etched With COAs,10.49,2023-01-18,1.74,6.03,WorthPoint
gibeon-meteorite,"""Gibeon"" Meteorite, 1836 Find, Namiba, 4.16 Cm X 2.26 Cm X 1.20 Cm, 33.6 G",399.99,2023-01-17,33.6,11.9,WorthPoint
gibeon-meteorite,Gibeon Meteorite Round Specimen NWA Display Namibia Africa Meteorite 96.7 Grams,31.0,2023-01-08,96.7,0.32,WorthPoint
gibeon-meteorite,Nice Gibeon Meteorite Rolled Lip Specimen NWA Namibia Africa Meteorite 9.8 Grams,9.99,2023-01-07,9.8,1.02,WorthPoint
gibeon-meteorite,Gibeon Meteorite Etched Sphere - 18.6 Grams + COA,62.89,2023-01-01,18.6,3.38,WorthPoint
gibeon-meteorite,Gibeon Meteorite Specimen Riker Display Namibia Africa Meteorites 16 Grams,32.99,2022-12-20,16.0,2.06,WorthPoint
gibeon-meteorite,Gibeon Meteorite Etched Sphere 19.4 Grams 16.8mm,113.5,2022-12-11,19.4,5.85,WorthPoint
gibeon-meteorite,Museum Grade Gibeon Meteorite Sphere 185 Grams W / COA,2999.99,2022-11-29,185.0,16.22,WorthPoint
gibeon-meteorite,Gibeon Meteorite Discovered 1836 From Namibia Africa. Rare Box And COA,5.99,2022-11-12,,,WorthPoint
gibeon-meteorite,"Gibeon Meteorite Slice 74.3 Grams Iron Etched - Namibia, Africa 1836 67mm X 38mm",199.99,2022-11-07,74.3,2.69,WorthPoint
gibeon-meteorite,Gibeon Meteorite Slice 253g,337.0,2022-11-06,253.0,1.33,WorthPoint
gibeon-meteorite,Beautiful Gibeon Iron Meteorite Meteorite Guitar Pick! Aaaa+++,179.0,2022-11-05,,,WorthPoint
gibeon-meteorite,Rare 344g Gibeon Meteorite Slice W/ COA,899.0,2022-10-25,344.0,2.61,WorthPoint
gibeon-meteorite,GORGEOUS ~ 2 Pc 32g ETCHED GIBEON IRON METEORITE SLICE SLABS Jewelry Ready,100.0,2022-10-13,32.0,3.12,WorthPoint
gibeon-meteorite,175 Gram Gibeon Iron Meteorite Fine Octahedrite Widmanstatten Pattern,945.0,2022-10-13,175.0,5.4,WorthPoint
gibeon-meteorite,185 Gram Gibeon Iron Meteorite Fine Octahedrite Widmanstatten Pattern,1000.0,2022-10-09,185.0,5.41,WorthPoint
gibeon-meteorite,123 Gram Gibeon Iron Meteorite Fine Octahedrite Widmanstatten Pattern,675.0,2022-09-09,123.0,5.49,WorthPoint
gibeon-meteorite,Amazing 73 Gm. Gibeon Etched Meteorite Slab Perfect For Rings,404.1,2022-09-07,73.0,5.54,WorthPoint
gibeon-meteorite,Gibeon Meteorite Ring - Sz 6.5,125.5,2022-08-19,,,WorthPoint
gibeon-meteorite,Authentic 1466 Gram Gibeon Iron Nickel Meteorite **Large And Solid Size**,2599.0,2022-08-13,1466.0,1.77,WorthPoint
gibeon-meteorite,Authentic 950 Gram Gibeon Iron Nickel Meteorite Nice Size & Shape **Cool Look**,2035.0,2022-08-13,950.0,2.14,WorthPoint
gibeon-meteorite,36 Grams 42x37x5mm Authentic Heavy Gibeon Meteorite Slice Namibia,192.0,2022-07-29,36.0,5.33,WorthPoint
gibeon-meteorite,Gibeon Meteorite Slice Bracelet,750.0,2022-07-22,,,WorthPoint
gibeon-meteorite,Gibeon Meteorite 1015 Gram,1004.68,2022-07-15,1015.0,0.99,WorthPoint
gibeon-meteorite,HERITAGE Natural History Auction -- Fluorite Gibeon Meteorite Fossil Garfish Gree,19.95,2022-07-04,,,WorthPoint
gibeon-meteorite,"Gibeon Meteorite ""Pyramid""",2000.0,2022-06-22,,,WorthPoint
gibeon-meteorite,"Gibeon Meteorite ""Moby Dick""",1875.0,2022-06-22,,,WorthPoint
gibeon-meteorite,"Gibeon Meteorite ""Fighting Fish""",3750.0,2022-06-22,,,WorthPoint
gibeon-meteorite,Gibeon Meteorite 70.7 Grams!,265.0,2022-06-04,70.7,3.75,WorthPoint
gibeon-meteorite,Rare 627g Gibeon Meteorite Etched Full Slice With COA And Metal Label Included,2099.99,2022-05-13,627.0,3.35,WorthPoint
gibeon-meteorite,A Sculptural Gibeon Iron Meteorite,1220.26,2022-05-12,,,WorthPoint
gibeon-meteorite,BONHAMS Historic Meteorites Canyon Diablo Gibeon Imilac Willamette Catalog 2007,99.95,2022-04-28,,,WorthPoint
gibeon-meteorite,Gibeon Iron Meteorite 9.75g Fantastic Sculpted Beauty,39.0,2022-04-23,9.75,4.0,WorthPoint
gibeon-meteorite,BEAUTIFUL 47g ETCHED GIBEON IRON METEORITE PART SLICE SLAB W/ BRILLIANT ETCH!,234.0,2022-04-15,47.0,4.98,WorthPoint
gibeon-meteorite,GIBEON Iron Meteorite ETCHED Polished Laser Cut Shape Authenticity Guaranteed,169.95,2022-03-29,,,WorthPoint
gibeon-meteorite,14grams 33x17x8mm Authentic Gibeon Meteorite Namibia Fine Octehedrite Crystal,50.0,2022-03-25,14.0,3.57,WorthPoint
gibeon-meteorite,"Gibeon Meteorite Cube, Namibia - 134 Grams",493.0,2022-03-21,134.0,3.68,WorthPoint
gibeon-meteorite,BEAUTIFUL 84g ETCHED GIBEON IRON METEORITE PART SLICE SLAB W/ BRILLIANT ETCH!,395.0,2022-03-20,84.0,4.7,WorthPoint
gibeon-meteorite,GORGEOUS ETCHED GIBEON IRON METEORITE GUITAR PICK W/ BEAUTIFUL ETCH! UNIQUE GIFT,159.0,2022-03-05,,,WorthPoint
gibeon-meteorite,99 Gram Gibeon Iron Meteorite Fine Octahedrite Widmanstatten Pattern,500.0,2022-03-04,99.0,5.05,WorthPoint
gibeon-meteorite,Scarce GIBEON METEORITE From Old Collection !!,55.0,2022-03-04,,,WorthPoint
gibeon-meteorite,"Gibeon IV A, Iron Meteorite, End Cut 226g, Stable! Won't Rust! Amazing Pattern!",880.0,2022-02-28,226.0,3.89,WorthPoint
gibeon-meteorite,GORGEOUS 91g ETCHED GIBEON IRON METEORITE PART SLICE SLAB W/ BRILLIANT ETCH!,539.0,2022-02-22,91.0,5.92,WorthPoint
gibeon-meteorite,BEAUTIFUL 90g ETCHED GIBEON IRON METEORITE PART SLICE SLAB W/ BRILLIANT ETCH!,399.95,2022-02-21,90.0,4.44,WorthPoint
gibeon-meteorite,"""Shark Fin"" Gibeon IV A, Iron Meteorite, Full Slice, 119.6g, Stable! Won't Rust!",480.0,2022-02-14,119.6,4.01,WorthPoint
gibeon-meteorite,"1 Kg. Meteorite Saw Dust; Muonionalusta, Campo And Gibeon Dust; The Lowest Price",89.96,2022-01-27,1000.0,0.09,WorthPoint
gibeon-meteorite,Gibeon Carved Iron Meteorite Cabochon WIDMANSTATTEN Jewelry Wire-Wrap Carving,79.95,2022-01-24,,,WorthPoint
gibeon-meteorite,Gibeon Meteorite 18 Pounds With COA,56331.0,2022-01-12,,,WorthPoint
gibeon-meteorite,Gibeon Meteorite Sphere With Octahedrite Pattern - 52.8 Grams,200.0,2022-01-12,52.8,3.79,WorthPoint
gibeon-meteorite,Etched Gibeon Iron Meteorites,8545.5,2021-12-31,,,WorthPoint
gibeon-meteorite,"Kamacite, Taenite, Troilite Polished Meteorite Slice, Fine TN Gibeon, Namibia",50.0,2021-12-25,,,WorthPoint
gibeon-meteorite,Gibeon Meteorite Iron 2.5 Grams With Display Box #15,10.0,2021-12-22,2.5,4.0,WorthPoint
gibeon-meteorite,UNIQUE 63g ETCHED GIBEON IRON METEORITE SLICE SLAB W/ BRILLIANT ETCH!,304.0,2021-12-22,63.0,4.83,WorthPoint
gibeon-meteorite,1 Kg 17cm Museum Grade Gibeon Iron Meteorite EndCut Specimen Slice Slab Namibia,3800.0,2021-12-11,1000.0,3.8,WorthPoint
gibeon-meteorite,Beautiful Large 382 Gm Etched Gibeon Meteorite Thick Slice From Namibia,1889.1,2021-12-11,382.0,4.95,WorthPoint
gibeon-meteorite,Beautiful Large 372 Gm Etched Gibeon Meteorite End Cut From Namibia,1511.1,2021-12-11,372.0,4.06,WorthPoint
gibeon-meteorite,Beautiful Large 554 Gm Etched Gibeon Meteorite Thick Slice From Namibia,2699.1,2021-12-11,554.0,4.87,WorthPoint
gibeon-meteorite,BEAUTIFUL 69g ETCHED GIBEON IRON METEORITE THICK SLICE SLAB W/ BRILLIANT ETCH!,388.0,2021-12-11,69.0,5.62,WorthPoint
gibeon-meteorite,"Rare Gibeon Iron Meteorite ETCHED Polished Triangular Cabochon 9.3g, 37x 30x25mm",349.0,2021-12-06,9.3,37.53,WorthPoint
gibeon-meteorite,Rare Gibeon Iron Meteorite ETCHED Polished Round Flat Disk 30mm 2.5g,99.0,2021-12-06,2.5,39.6,WorthPoint
gibeon-meteorite,1836 GIBEON METEORITE ETCHED DISK 17.5mm 4.5 Grams OCTAHEDRITE WIDMANSTATTEN,48.0,2021-12-02,1836.0,0.03,WorthPoint
gibeon-meteorite,1836 GIBEON METEORITE ETCHED FRAGMENT 21mm 4.6 Grams OCTAHEDRITE WIDMANSTATTEN,38.0,2021-12-02,1836.0,0.02,WorthPoint
gibeon-meteorite,Rare Gibeon Iron Meteorite 22.86 Grams Very Magnetic Meteorite West Africa Type,56.0,2021-11-30,22.86,2.45,WorthPoint
gibeon-meteorite,"Meteorite**Gibeon, Namibia Africa; Iron IVA**8.388 Gram Sculpted Individual!!!",20.5,2021-11-15,8.388,2.44,WorthPoint
gibeon-meteorite,Gibeon Meteorite And Slice With C.O.A. From Robert A Haag Collection 1997,35000.0,2021-11-08,,,WorthPoint
gibeon-meteorite,RARE GIBEON IRON METEORITE Crystal Specimen COMPLETE INDIVIDUAL NAMIBIA S AFRICA,7.51,2021-11-08,,,WorthPoint
gibeon-meteorite,Gibeon Iron Meteorite ETCHED Polished Cabochon Cabochon Authenticity Guaranteed,49.95,2021-11-07,,,WorthPoint
gibeon-meteorite,Gibeon Meteorite Very Large,15000.0,2021-11-06,,,WorthPoint
gibeon-meteorite,1836 GIBEON METEORITE ETCHED SPHERE 17.1mm 20.7 OCTAHEDRITE WIDMANSTATTEN,128.0,2021-11-05,1836.0,0.07,WorthPoint
gibeon-meteorite,"Gibeon Iron Meteorite, Sculptural Individual, 52.7g Stable! Won't Rust!",210.0,2021-11-04,52.7,3.98,WorthPoint
gibeon-meteorite,"Large, Gibeon Iron Meteorite, Full Slice, 176g Stable! Won't Rust!",750.0,2021-11-04,176.0,4.26,WorthPoint
gibeon-meteorite,"Large, Gibeon Iron Meteorite, Full Slice, 357g Stable! Won't Rust!",1500.0,2021-10-30,357.0,4.2,WorthPoint
gibeon-meteorite,"Meteorite**Gibeon, Namibia Africa; Iron IVA**4.294 Gram Sculpted Individual!!!",45.0,2021-10-25,4.294,10.48,WorthPoint
gibeon-meteorite,1836 GIBEON METEORITE ETCHED SPHERE 17m 20.6 Grams OCTAHEDRITE WIDMANSTATTEN,98.0,2021-10-21,1836.0,0.05,WorthPoint
gibeon-meteorite,1836 GIBEON METEORITE ETCHED SPHERE 17.4mm 22.4 Grams OCTAHEDRITE WIDMANSTATTEN,128.0,2021-10-21,1836.0,0.07,WorthPoint
gibeon-meteorite,1836 GIBEON METEORITE ETCHED SPHERE 17mm 20.6 Grams OCTAHEDRITE WIDMANSTATTEN,98.0,2021-10-21,1836.0,0.05,WorthPoint
gibeon-meteorite,1836 GIBEON METEORITE ETCHED SPHERE 18mm 23.7 Grams OCTAHEDRITE WIDMANSTATTEN,128.0,2021-10-21,1836.0,0.07,WorthPoint
gibeon-meteorite,1836 GIBEON METEORITE ETCHED SPHERE 16.2mm 18 Grams OCTAHEDRITE WIDMANSTATTEN,68.0,2021-10-21,1836.0,0.04,WorthPoint
gibeon-meteorite,1836 GIBEON METEORITE ETCHED SPHERE 17mm 21.2 Grams OCTAHEDRITE WIDMANSTATTEN,98.0,2021-10-21,1836.0,0.05,WorthPoint
gibeon-meteorite,"6.624 Gram Gibeon Iron Meteorite Fine Octahedrite, Great Widmanstatten Pattern",30.0,2021-10-18,6.624,4.53,WorthPoint
gibeon-meteorite,"Very Rare Gibeon IVA Iron Meteorite Individual, 149.00 Grams, Found In Namibia",256.0,2021-10-13,149.0,1.72,WorthPoint
gibeon-meteorite,1836 GIBEON METEORITE ETCHED SPHERE 18mm 23.8 Grams OCTAHEDRITE WIDMANSTATTEN,128.0,2021-10-06,1836.0,0.07,WorthPoint
gibeon-meteorite,"Meteorite**Gibeon, Namibia Africa; Iron IVA**8.330 Gram Sculpted Individual!!!",34.33,2021-10-04,8.33,4.12,WorthPoint
gibeon-meteorite,NEW! Gibeon Meteorite Display Stand Black Wooden Label --FREE SHIPPING!,16.0,2021-10-03,,,WorthPoint
gibeon-meteorite,BEAUTIFUL 132g ETCHED GIBEON IRON METEORITE SLICE SLAB W/ BRILLIANT ETCH!,752.0,2021-10-02,132.0,5.7,WorthPoint
gibeon-meteorite,Gorgeous GIBEON Meteorite Sphere 77g,395.0,2021-09-30,77.0,5.13,WorthPoint
gibeon-meteorite,Gibeon Meteorite Wedge Cut Slice From Namibia,85.57,2021-09-20,,,WorthPoint
gibeon-meteorite,BEAUTIFUL 41g ETCHED GIBEON IRON METEORITE SLICE SLAB BRILLIANT ETCH AAAA+++,229.6,2021-09-16,41.0,5.6,WorthPoint
gibeon-meteorite,Gibeon Iron Meteorite Cabochon WIDMANSTATTEN Jewelry Etched HEXAGON Pendant,124.95,2021-08-16,,,WorthPoint
gibeon-meteorite,Gibeon Meteorite. 64g.,33.5,2021-08-15,64.0,0.52,WorthPoint
gibeon-meteorite,Gibeon Meteorite - 1lb 1oz 1g,1475.0,2021-08-15,1.0,1475.0,WorthPoint
gibeon-meteorite,82.4 Gr GIBEON IVA IRON FINE OCTAHEDRITE METEORITE,350.0,2021-08-13,82.4,4.25,WorthPoint
gibeon-meteorite,74.0 Gram ECTHED GIBEON METEORITE SLICE - NAMIBIA AFRICA - Brilliant Etch!,225.0,2021-08-05,74.0,3.04,WorthPoint
gibeon-meteorite,"Gibeon Meteorite Sphere,Approx. 12.7 Gr. Approx. Dimension: 12mm X 12mm X 12mm",89.0,2021-08-02,12.7,7.01,WorthPoint
gibeon-meteorite,Gibeon Iron Meteorite 577 Grams,1500.0,2021-07-31,577.0,2.6,WorthPoint
gibeon-meteorite,Gibeon Meteorite Pendant 1/2 Inch .925 Sterling Silver Gibeon Iron Star Born,45.0,2021-07-28,,,WorthPoint
gibeon-meteorite,Gibeon Meteorite Iron 3.5 Grams With Display Box #16,14.0,2021-07-23,3.5,4.0,WorthPoint
gibeon-meteorite,Rare Gibeon Iron Meteorite Fragment Specimen Complete Individual Namibia Africa,5.5,2021-07-19,,,WorthPoint
gibeon-meteorite,BEAUTIFUL 119g ETCHED GIBEON IRON METEORITE SLICE SLAB BRILLIANT ETCH BOLSTERS,637.5,2021-07-17,119.0,5.36,WorthPoint
gibeon-meteorite,1836 GIBEON METEORITE ETCHED SPHERE 15mm 13.7 Grams OCTAHEDRITE WIDMANSTATTEN,58.0,2021-06-27,1836.0,0.03,WorthPoint
gibeon-meteorite,Gibeon Meteorite Iron 3 Grams With Display Box #14,12.0,2021-06-25,3.0,4.0,WorthPoint
gibeon-meteorite,Gorgeous GIBEON Meteorite Sphere 44g,245.0,2021-06-24,44.0,5.57,WorthPoint
gibeon-meteorite,"Meteorite Gibeon Sphere 12g ""DEATHSTAR PATTERN"" With Small Ablation! RARE!",9.49,2021-06-06,12.0,0.79,WorthPoint
gibeon-meteorite,Beautiful Gibeon Meteorite And Rhodolite Garnet Bracelet! NEW!,23.99,2021-05-16,,,WorthPoint
gibeon-meteorite,Gibeon Meteorite Iron IVA 10kg Individual / Fragment,11000.0,2021-05-08,10000.0,1.1,WorthPoint
gibeon-meteorite,Beautiful Large 174 Gm Etched Gibeon Meteorite Slice From Namibia,944.1,2021-05-03,174.0,5.43,WorthPoint
gibeon-meteorite,Huge 18.820 Kgm Museum Grade Gibeon Meteorite From Namibia ; 41.8 Pounds;,35995.5,2021-04-16,18820.0,1.91,WorthPoint
gibeon-meteorite,WOW 59.3 Complete Slice Of Gibeon Meteorite MUST SEE,245.0,2021-04-14,,,WorthPoint
gibeon-meteorite,.3 Grams GIBEON METEORITE Complete Specimen Iron Fine Octahedrite,9.0,2021-04-08,3.0,3.0,WorthPoint
gibeon-meteorite,Gorgeous Double Sided Etched Gibeon Namiba Meteorite Slab (1836) 435grams,1250.0,2021-04-07,435.0,2.87,WorthPoint
gibeon-meteorite,Large 4300 Gm Museum Grade Gibeon Meteorite From Namibia ; 9.5 Pounds;,8995.5,2021-04-04,4300.0,2.09,WorthPoint
gibeon-meteorite,1836 GIBEON METEORITE ETCHED SPHERE 18.4mm 25.6 Grams OCTAHEDRITE WIDMANSTATTEN,128.0,2021-04-02,1836.0,0.07,WorthPoint
gibeon-meteorite,Gibeon Iron Meteorite 37.5 Grams,80.0,2021-03-28,37.5,2.13,WorthPoint
gibeon-meteorite,Gibeon Meteorite Stardust Shavings / Crystals - 100% Pure & Natural,7.0,2021-03-20,,,WorthPoint
gibeon-meteorite,Beautiful Etched GIBEON Meteorite Ring I Size 5 - Meteorite Jewelry - TOP,110.0,2021-03-19,,,WorthPoint
gibeon-meteorite,Gibeon Meteorite Slice Widmanstatten Pattern Iron Nickel Etched Specimen T59,29.3,2021-03-18,,,WorthPoint
gibeon-meteorite,.2 Grams GIBEON METEORITE Complete Specimen Iron Fine Octahedrite,7.0,2021-03-18,2.0,3.5,WorthPoint
gibeon-meteorite,Gibeon Meteorite Slice Pr Widmanstatten Pattern Iron Nickel Etched Specimen T83,36.5,2021-03-14,,,WorthPoint
gibeon-meteorite,Gibeon Iron Meteorite 7.70g Extraordinary Etched Pendant,46.0,2021-03-14,7.7,5.97,WorthPoint
gibeon-meteorite,1836 GIBEON METEORITE ETCHED SPHERE 13.2mm 9.7 Grams OCTAHEDRITE WIDMANSTATTEN,48.0,2021-03-13,1836.0,0.03,WorthPoint
gibeon-meteorite,"Meteorite Damascus San Mai Steel Knife Hand Made, Campo, Muonionalusta, Gibeon",900.0,2021-03-10,,,WorthPoint
gibeon-meteorite,Beautiful Large 482 Gm Etched Gibeon Meteorite Slice From Namibia,2249.1,2021-03-09,482.0,4.67,WorthPoint
gibeon-meteorite,Gibeon Iron Meteorite 652 Grams,1500.0,2021-03-04,652.0,2.3,WorthPoint
gibeon-meteorite,Gibeon Meteorite Piece,323.0,2021-02-24,,,WorthPoint
gibeon-meteorite,.1 Gram GIBEON METEORITE Complete Specimen Iron Fine Octahedron Fusion Crust,5.0,2021-02-20,1.0,5.0,WorthPoint
gibeon-meteorite,1836 GIBEON METEORITE ETCHED SPHERE 18mm 24.2 Grams OCTAHEDRITE WIDMANSTATTEN,128.0,2021-02-12,1836.0,0.07,WorthPoint
gibeon-meteorite,1 Kg 23cm Museum Grade Gibeon Iron Meteorite End Cut Slice Slab Specimen Namibia,5700.0,2021-02-11,1000.0,5.7,WorthPoint
gibeon-meteorite,"2"" HEAVY CROSS NATURAL GIBEON METEORITE SILVER PENDANT, New",60.0,2021-02-08,,,WorthPoint
gibeon-meteorite,WOW 51.2g Complete Slice Of Gibeon Meteorite MUST SEE,210.0,2021-02-07,51.2,4.1,WorthPoint
gibeon-meteorite,2 Grams GIBEON METEORITE Complete Specimen Iron Fine Octahedron Fusion Crust,11.0,2021-02-07,2.0,5.5,WorthPoint
gibeon-meteorite,Electroplated Meteorite Jewelry Gibeon Meteorite Thin 30mm Circle Slice,115.0,2021-02-03,,,WorthPoint
gibeon-meteorite,Beautiful Etched GIBEON Meteorite Ring I Size 7 1/4 - TOP METEORITE Jewelry,90.0,2021-01-26,,,WorthPoint
gibeon-meteorite,Gibeon Iron Meteorite Individual Fusion Crust,49.99,2021-01-25,,,WorthPoint
gibeon-meteorite,WOW 94g End Cut Slice Of Gibeon Meteorite MUST SEE,375.0,2021-01-24,94.0,3.99,WorthPoint
gibeon-meteorite,WOW 78.8g Complete Slice Of Gibeon Meteorite MUST SEE,325.0,2021-01-17,78.8,4.12,WorthPoint
gibeon-meteorite,"Gibeon Meteorite, 34.6 Lbs 13in Long 7 1/2in Wide 4 1/4in Thick. Museum Quality.",29800.0,2021-01-16,15694.56,1.9,WorthPoint
gibeon-meteorite,RARE Gibeon Iron Meteorite Complete Individual GENUINE Specimen,10.0,2021-01-11,,,WorthPoint
gibeon-meteorite,24.9 Mm Gibeon Meteorite Disk.,46.0,2021-01-06,,,WorthPoint
gibeon-meteorite,Gibeon Meteorite Sphere...sphere-shaped Meteorite Resembling The Planets & Stars,70.78,2020-12-11,,,WorthPoint
gibeon-meteorite,LARGE 159 GM ETCHED GIBEON METEORITE SLICE FROM NAMIBIA Robert Haag Certified,1175.0,2020-12-10,159.0,7.39,WorthPoint
gibeon-meteorite,RARE Gibeon Iron Meteorite COMPLETE CRYSTAL Complete Individual GENUINE Specimen,5.5,2020-12-07,,,WorthPoint
gibeon-meteorite,"330 Gms Meteorite Saw Dust; Muonionalusta, Campo And Gibeon Dust;",35.95,2020-12-04,330.0,0.11,WorthPoint
gibeon-meteorite,WOW 50.1g Complete Slice Of Gibeon Meteorite MUST SEE,205.0,2020-12-04,50.1,4.09,WorthPoint
gibeon-meteorite,2.693 Grams 13mm GIBEON METEORITE Etched Disk Widmanstatten Pattern,8.0,2020-11-29,2.693,2.97,WorthPoint
gibeon-meteorite,Beautiful Etched GIBEON Meteorite Ring I Size 7 1/2 - TOP METEORITE Jewelry,90.0,2020-11-20,,,WorthPoint
gibeon-meteorite,1.575 Grams 12mm GIBEON METEORITE Etched Disk Widmanstatten Pattern,15.5,2020-11-19,1.575,9.84,WorthPoint
gibeon-meteorite,1.765 Grams 11mm GIBEON METEORITE Etched Disk Widmanstatten Pattern,10.0,2020-11-19,1.765,5.67,WorthPoint
gibeon-meteorite,Beautiful Etched GIBEON Meteorite Ring I Size 7 - TOP METEORITE Jewelry,90.0,2020-11-08,,,WorthPoint
gibeon-meteorite,WOW 70g Complete Slice Of Gibeon Meteorite MUST SEE,285.0,2020-11-07,70.0,4.07,WorthPoint
gibeon-meteorite,WOW 64g End Cut Of Gibeon Meteorite MUST SEE,265.0,2020-11-07,64.0,4.14,WorthPoint
gibeon-meteorite,Beautiful Etched GIBEON Meteorite Ring I Size 7 - Meteorite Jewelry - TOP,110.0,2020-11-06,,,WorthPoint
gibeon-meteorite,GIBEON METEORITE SLICE From NAMIBIA - 10.1 Grams - 1836 Fall,19.95,2020-11-01,10.1,1.98,WorthPoint
gibeon-meteorite,GORGEOUS 22g ETCHED GIBEON IRON METEORITE ROUND BEAUTIFUL ETCH FOR JEWELRY!,143.2,2020-10-31,22.0,6.51,WorthPoint
gibeon-meteorite,Beautiful Etched GIBEON Meteorite Ring I Size 6 - Meteorite Jewelry - TOP,60.0,2020-10-26,,,WorthPoint
gibeon-meteorite,Etched GIBEON METEORITE SLICE From NAMIBIA - 27.4 Grams - 1836 Fall,89.95,2020-10-24,27.4,3.28,WorthPoint
gibeon-meteorite,WOW 48.8g Complete Slice Of Gibeon Meteorite MUST SEE,200.0,2020-10-23,48.8,4.1,WorthPoint
gibeon-meteorite,WHOA 78g Complete Slice Of Gibeon Meteorite MUST SEE,315.0,2020-10-23,78.0,4.04,WorthPoint
gibeon-meteorite,1836 GIBEON METEORITE ETCHED SPHERE 18.5mm 26.9 Grams OCTAHEDRITE WIDMANSTATTEN,110.0,2020-10-21,1836.0,0.06,WorthPoint
gibeon-meteorite,"400 Gms Meteorite Saw Dust; Muonionalusta, Campo And Gibeon Dust;",35.95,2020-10-21,400.0,0.09,WorthPoint
gibeon-meteorite,"Iron Gibeon Meteorite Slice, 19 G, 3.49 X 2.69 CM, In Protective Case",21.5,2020-10-21,19.0,1.13,WorthPoint
gibeon-meteorite,Gibeon Meteorite Specimen,450.0,2020-10-19,,,WorthPoint
gibeon-meteorite,Beautiful Etched GIBEON Meteorite Ring I Size 6 - TOP METEORITE Jewelry,60.0,2020-10-18,,,WorthPoint
gibeon-meteorite,Gibeon Meteorite 20.2 Gram From Africa,25.3,2020-10-06,20.2,1.25,WorthPoint
gibeon-meteorite,Unique GIBEON Meteorite Individual (iron) - 6.3 G,35.0,2020-09-24,6.3,5.56,WorthPoint
gibeon-meteorite,1836 GIBEON METEORITE ETCHED SPHERE 16.8mm 19.4 Grams OCTAHEDRITE WIDMANSTATTEN,68.0,2020-09-23,1836.0,0.04,WorthPoint
gibeon-meteorite,Beautiful Etched GIBEON Meteorite Ring I Size 8 1/4- TOP METEORITE Jewelry,60.0,2020-09-18,,,WorthPoint
gibeon-meteorite,2005 Boker Meteoriten - 1 Of 75 - Olive Wood - Beautiful! -Damascus - Gibeon,499.99,2020-09-12,,,WorthPoint
gibeon-meteorite,Beautiful Etched GIBEON Meteorite Ring I Size 9 - TOP METEORITE Jewelry,60.0,2020-09-09,,,WorthPoint
gibeon-meteorite,Small Gibeon Meteorite Piece 14.2 Grams - Nice Piece With Lots Of Character,50.0,2020-09-05,14.2,3.52,WorthPoint
gibeon-meteorite,1836 GIBEON METEORITE ETCHED SPHERE 14mm 12.2 Grams OCTAHEDRITE WIDMANSTATTEN,48.0,2020-08-31,1836.0,0.03,WorthPoint
gibeon-meteorite,Beautiful Etched GIBEON Meteorite Ring I Size 9 - Meteorite Jewelry - TOP,80.0,2020-08-28,,,WorthPoint
gibeon-meteorite,Meteorite Jewelry Gibeon Meteorite Pendant 925 Silver,150.0,2020-08-23,,,WorthPoint
gibeon-meteorite,Gibeon. 34.0 Gram Slice Showing Widsmatten Pattern,28.0,2020-08-20,34.0,0.82,WorthPoint
gibeon-meteorite,Beautiful Large 204 Gm Etched Gibeon Meteorite Slice From Namibia,917.1,2020-08-18,204.0,4.5,WorthPoint
gibeon-meteorite,Beautiful Large 578 Gm Gibeon Meteorite Slab From Namibia,1034.1,2020-08-12,578.0,1.79,WorthPoint
gibeon-meteorite,Beautiful Huge 680 Gm Gibeon Meteorite From Namibia ;1.5 Pounds; Museum Gd,1211.63,2020-08-03,680.0,1.78,WorthPoint
gibeon-meteorite,Gibeon Meteorite Slice Widmanstatten Pattern Etched Specimen 13.5 Grams N24,38.5,2020-08-02,13.5,2.85,WorthPoint
gibeon-meteorite,Gorgeous Etched Gibeon Iron Meteorite Thin Slice #110 Beautiful Etch 4 Jewelry!,169.95,2020-08-01,,,WorthPoint
gibeon-meteorite,Beautiful Large 608 Gm Gibeon Meteorite End Cut From Namibia,1075.5,2020-07-26,608.0,1.77,WorthPoint
gibeon-meteorite,GORGEOUS ~768g ETCHED GIBEON IRON METEORITE THICK FULL SLICE SLAB BRILLIANT ETCH,3739.65,2020-07-23,768.0,4.87,WorthPoint
gibeon-meteorite,"Gibeon Meteorite Letter Opener, 6 7/8"" 56grams",239.0,2020-07-17,56.0,4.27,WorthPoint
gibeon-meteorite,Beautiful Large 500 Gm Gibeon Meteorite Slab From Namibia,899.1,2020-07-14,500.0,1.8,WorthPoint
gibeon-meteorite,1836 GIBEON METEORITE ETCHED SPHERE 16.3mm 18.5 Grams OCTAHEDRITE WIDMANSTATTEN,68.0,2020-07-05,1836.0,0.04,WorthPoint
gibeon-meteorite,Gorgeous Etched Gibeon Iron Meteorite Thin Slice #108 Beautiful Etch 4 Jewelry!,148.73,2020-06-24,,,WorthPoint
gibeon-meteorite,"Superb Gibeon Meteorite Iron From Namibia. 4-3/4"" X 4"" End-cut 35.4 Oz, 1004 Gm",1425.0,2020-06-03,1004.0,1.42,WorthPoint
gibeon-meteorite,Gibeon Meteorite Slice 24.9mm,49.0,2020-05-31,,,WorthPoint
gibeon-meteorite,A Gibeon Meteorite 2724 Gram Partial End Cut,2500.0,2020-05-19,2724.0,0.92,WorthPoint
gibeon-meteorite,2 Gibeon Meteorite Necklaces,40.0,2020-05-06,2.0,20.0,WorthPoint
gibeon-meteorite,A Superb Gibeon Meteorite 274 Gram Full Slice,685.5,2020-05-01,274.0,2.5,WorthPoint
gibeon-meteorite,Gibeon Iron Meteorite 449 Grams,650.0,2020-05-01,449.0,1.45,WorthPoint
gibeon-meteorite,Gibeon Meteorite Etched Part Slice 12 Grams Nice Etching & Exposed Crust Namibia,32.99,2020-04-30,12.0,2.75,WorthPoint
gibeon-meteorite,Gibeon Meteorite Full Slice 411.2 Grams,1150.0,2020-04-30,411.2,2.8,WorthPoint
gibeon-meteorite,Gibeon Meteorite-30.7g. Unique Configuration...excellent For Anyone's Collection,135.0,2020-04-28,30.7,4.4,WorthPoint
gibeon-meteorite,A Superb Gibeon Meteorite 322 Gram Full Slice,850.0,2020-04-26,322.0,2.64,WorthPoint
gibeon-meteorite,Large Gibeon Meteorite 302g Nickel- Iron Namibia Africa Nice Uncut Hand Size,349.8,2020-04-13,302.0,1.16,WorthPoint
gibeon-meteorite,Gibeon Meteorite Slice Etched,1330.0,2020-04-11,,,WorthPoint
gibeon-meteorite,GIBEON Meteorite KILLER Etched Full Slice 108.3 G.,275.0,2020-04-08,108.3,2.54,WorthPoint
gibeon-meteorite,GORGEOUS 173g ETCHED GIBEON METEORITE PART SLICE W/ BRILLIANT ETCH!!! BEAUTIFUL!,265.0,2020-04-07,173.0,1.53,WorthPoint
gibeon-meteorite,"Gibeon Meteorite Ring Size 8 Finely Etched Iron, IVA Octahedrite",106.0,2020-03-30,,,WorthPoint
gibeon-meteorite,Gibeon Iron Meteorite 1280 Grams,1995.0,2020-03-26,1280.0,1.56,WorthPoint
gibeon-meteorite,Gibeon Meteorite Cut And Etched Fragment In Collectors Box,29.99,2020-03-16,,,WorthPoint
gibeon-meteorite,Beautiful Large 424 Gm Gibeon Meteorite Slab From Namibia,764.1,2020-03-02,424.0,1.8,WorthPoint
gibeon-meteorite,Gibeon Meteorite Slice 20g Namibia,17.5,2020-02-29,20.0,0.88,WorthPoint
gibeon-meteorite,1119 Gram (2.5 Pounds) Gibeon Meteorite,1958.0,2020-02-23,1119.0,1.75,WorthPoint
gibeon-meteorite,Beautiful Unique Huge 2.394 Kgm Gibeon Meteorite From Namibia ; 5.4 Pounds,4316.4,2020-02-17,2394.0,1.8,WorthPoint
gibeon-meteorite,3 Gibeon Meteorite Spheres Lot,900.0,2020-02-14,3.0,300.0,WorthPoint
gibeon-meteorite,"Gibeon Meteorite Slice, Manufacturing Remnants,great For Jewelry.",33.89,2020-02-13,,,WorthPoint
gibeon-meteorite,Gibeon Meteorite Sphere 1 Inch Diameter,300.0,2020-01-29,,,WorthPoint
gibeon-meteorite,Gibeon Meteorite Skull 4 Grams AMAZING ETCH,133.0,2020-01-25,4.0,33.25,WorthPoint
gibeon-meteorite,GIBEON Meteorite KILLER Etched Coin Slice 18.4 G. 26x4 Mm,125.0,2020-01-19,18.4,6.79,WorthPoint
gibeon-meteorite,Gibeon Meteorite Skull 11.9 Grams AMAZING ETCH,370.0,2020-01-16,11.9,31.09,WorthPoint
gibeon-meteorite,"GIBEON METEORITE, Namibia, S.W. Africa 5.9 Grams",12.0,2020-01-16,5.9,2.03,WorthPoint
gibeon-meteorite,Gibeon Meteorite Money Clip,154.0,2019-12-12,,,WorthPoint
gibeon-meteorite,Gibeon Meteorite Cufflinks,400.0,2019-12-12,,,WorthPoint
gibeon-meteorite,"Gibeon Meteorite,",32.61,2019-12-10,,,WorthPoint
gibeon-meteorite,Gibeon Meteorite Skull 4.3 Grams AMAZING ETCH,135.0,2019-12-08,4.3,31.4,WorthPoint
gibeon-meteorite,Beautiful Large 262 Gm Gibeon Meteorite End Cut From Namibia,449.1,2019-12-06,262.0,1.71,WorthPoint
gibeon-meteorite,Beautiful Large 220 Gm Etched Gibeon Meteorite Slice From Namibia,863.1,2019-12-06,220.0,3.92,WorthPoint
gibeon-meteorite,Gibeon Iron Meteorite Cabochon WIDMANSTATTEN Jewelry PENTAGON Pendant Wire-wrap,98.0,2019-12-05,,,WorthPoint
gibeon-meteorite,Beautiful Large 206 Gm Etched Gibeon Meteorite Slice From Namibia,827.1,2019-11-30,206.0,4.02,WorthPoint
gibeon-meteorite,Beautiful Large 168 Gm Etched Gibeon Meteorite Slice From Namibia,719.1,2019-11-27,168.0,4.28,WorthPoint
gibeon-meteorite,Gorgeous Etched Gibeon Iron Meteorite Thin Slice #105 Beautiful Etch 4 Jewelry,127.6,2019-11-25,,,WorthPoint
gibeon-meteorite,"1/4 Kg. Meteorite Saw Dust; Muonionalusta, Campo And Gibeon Dust; 250 Gms",30.0,2019-11-20,250.0,0.12,WorthPoint
gibeon-meteorite,Gorgeous Etched Gibeon Iron Meteorite Thin Slice #102 Beautiful Etch 4 Jewelry!,127.6,2019-11-17,,,WorthPoint
gibeon-meteorite,TERRIFIC PERFECT DEEP ETCHED GIBEON METEORITE NAMIBIA HUGE PENDANT SLICE 22x19mm,50.0,2019-11-13,,,WorthPoint
gibeon-meteorite,GORGEOUS 53g LOT ETCHED GIBEON IRON METEORITE ROUND BEAUTIFUL ETCH FOR JEWELRY!,255.73,2019-11-11,53.0,4.83,WorthPoint
gibeon-meteorite,Gibeon Meteorite Bead Bracelet. 136.5 Carats Of Meteorite.,100.0,2019-11-08,27.3,3.66,WorthPoint
gibeon-meteorite,Beautiful Large 442 Gm Gibeon Meteorite Slab From Namibia,719.1,2019-11-08,442.0,1.63,WorthPoint
gibeon-meteorite,GORGEOUS 25g ETCHED GIBEON IRON METEORITE ROUND BEAUTIFUL ETCH FOR JEWELRY!,128.4,2019-11-06,25.0,5.14,WorthPoint
gibeon-meteorite,Gibeon Meteorite 8-sided Crystal - 19.1 Grams - Iron Meteorite Namibia,450.0,2019-11-03,19.1,23.56,WorthPoint
gibeon-meteorite,Etched GIBEON IRON METEORITE 7.53g Circular Disc Jewelry Widmanstatten Pattern,55.0,2019-10-29,7.53,7.3,WorthPoint
gibeon-meteorite,Gorgeous Etched Gibeon Iron Meteorite Thin Slice #101 Beautiful Etch 4 Jewelry!,170.13,2019-10-16,,,WorthPoint
gibeon-meteorite,Beautiful Large 775 Gm Gibeon Meteorite Slab From Namibia,1394.1,2019-10-14,775.0,1.8,WorthPoint
gibeon-meteorite,Gibeon Meteorite Endcut - 92 Grams - Iron Meteorite Namibia,460.0,2019-10-10,92.0,5.0,WorthPoint
gibeon-meteorite,Gibeon Meteorite Cube,12500.0,2019-09-28,,,WorthPoint
gibeon-meteorite,Beautiful Large 296 Gm Etched Gibeon Meteorite Slice From Namibia,1169.1,2019-09-20,296.0,3.95,WorthPoint
gibeon-meteorite,AMAZING Carved Gibeon Meteorite Skull Skulls Carving,435.0,2019-09-20,,,WorthPoint
gibeon-meteorite,OUTSTANDING PERFECT ETCHED GIBEON METEORITE NAMIBIA PENDANT SLICE 23.5x6.4mm NEW,22.0,2019-09-03,,,WorthPoint
gibeon-meteorite,"Gibeon Iron Meteorite (IVA), 1260 G., Beautiful Regmaglypted Hand Specimen",2095.0,2019-09-01,1260.0,1.66,WorthPoint
gibeon-meteorite,THORS AXE SUPERMAN TRIANGLE 11.5gm ETCHED GIBEON METEORITE PENDANT SLICE 29x27mm,65.0,2019-08-31,11.5,5.65,WorthPoint
gibeon-meteorite,Gibeon Meteorite Skull 96.1 Grams AMAZING ETCH,2250.0,2019-08-24,96.1,23.41,WorthPoint
gibeon-meteorite,Gibeon Iron Sculpted Meteorite! 18g,38.0,2019-08-19,18.0,2.11,WorthPoint
gibeon-meteorite,THOR VIKING HAMMER AXE ETCHED COPPER GIBEON METEORITE HUGE PENDANT SLICE 18x14mm,75.0,2019-08-18,,,WorthPoint
gibeon-meteorite,+++ 80.8 Gram Rare Gibeon Meteorite With Natural Hole Namibia +++,550.0,2019-08-18,80.8,6.81,WorthPoint
gibeon-meteorite,Gibeon Meteorite Namibia South Africa Nama Land 27.1g,96.0,2019-08-18,27.1,3.54,WorthPoint
gibeon-meteorite,"Gibeon Iron Meteorite 16.23 Lbs, 7361 Grams",10000.0,2019-08-14,7361.0,1.36,WorthPoint
gibeon-meteorite,498 Gram - GIBEON METEORITE INDIVIDUAL - GREAT FOR JEWELRY!,760.0,2019-08-13,498.0,1.53,WorthPoint
gibeon-meteorite,GIBEON Meteorite KILLER Etched Cabochon Chunk 16.80 G. 20x18x11 Mm,50.0,2019-08-12,16.8,2.98,WorthPoint
gibeon-meteorite,THOR‚ÄôS HAMMER VIKING AXE FULLY ETCHED GIBEON METEORITE 8.7gm PENDANT 33x18x4mm,29.99,2019-08-03,8.7,3.45,WorthPoint
gibeon-meteorite,"GIBEON METEORITE SLICE 133.9g, Nice Pattern And Condition!",343.0,2019-08-02,133.9,2.56,WorthPoint
gibeon-meteorite,Handmade Gibeon Meteorite Knife W/ Mammoth Fossil Grip - Randy Larsen - Made USA,3500.0,2019-08-02,,,WorthPoint
gibeon-meteorite,Gibeon Meteorite Skull 8.5 Grams AMAZING ETCH,261.0,2019-07-29,8.5,30.71,WorthPoint
gibeon-meteorite,MICRO CHIP DOUBLE ETCHED GIBEON METEORITE NAMIBIA HUGE PENDANT SLICE 25x14mm NEW,35.0,2019-07-28,,,WorthPoint
gibeon-meteorite,LARGE 2-SIDED 12.5gm ETCHED GIBEON METEORITE ORNAMENT PENDANT SLICE 39x19x4.5mm,40.0,2019-07-28,12.5,3.2,WorthPoint
gibeon-meteorite,"Large GIBEON Meteorite Display Specimen 25.49 Grams, Great For Jewelry!!!",49.95,2019-07-21,25.49,1.96,WorthPoint
gibeon-meteorite,Gibeon Meteorite & Woolly Mammoth Knife,1525.0,2019-07-20,,,WorthPoint
gibeon-meteorite,Beautiful Large 314 Gm Etched Gibeon Meteorite End Cut From Namibia,809.1,2019-07-18,314.0,2.58,WorthPoint
gibeon-meteorite,STUNNING PERFECT DEEP ETCHED GIBEON METEORITE NAMIBIA HUGE PENDANT SLICE 23x16mm,30.0,2019-07-17,,,WorthPoint
gibeon-meteorite,Gibeon Meteorite Skull 4.8 Grams AMAZING ETCH,150.0,2019-07-09,4.8,31.25,WorthPoint
gibeon-meteorite,Gibeon Meteorite Skull 17.8 Grams AMAZING ETCH,435.2,2019-07-06,17.8,24.45,WorthPoint
gibeon-meteorite,"GENUINE Gibeon Nickel Iron Meteorite Pendant RARE~~~!!""",250.0,2019-07-06,,,WorthPoint
gibeon-meteorite,BEAUTIFUL PERFECT DEEP ETCHED GIBEON METEORITE NAMIBIA HUGE PENDANT SLICE 18x8mm,20.0,2019-07-04,,,WorthPoint
gibeon-meteorite,Gorgeous Etched Gibeon Iron Meteorite Thin Slice #113 Beautiful Etch 4 Jewelry!,159.0,2019-07-04,,,WorthPoint
gibeon-meteorite,Gorgeous Etched Gibeon Iron Meteorite Thin Slice #112 Beautiful Etch 4 Jewelry!,159.0,2019-06-30,,,WorthPoint
gibeon-meteorite,Beautiful Large 186 Gm Etched Gibeon Meteorite End Cut From Namibia,494.1,2019-06-21,186.0,2.66,WorthPoint
gibeon-meteorite,BEAUTIFUL PERFECT DEEP ETCHED GIBEON METEORITE TEAR PENDANT SLICE 15x10x2mm NEW,19.99,2019-06-20,,,WorthPoint
gibeon-meteorite,Gibeon Meteorite 26.5 G Grams Namibia,75.0,2019-06-11,26.5,2.83,WorthPoint
gibeon-meteorite,Gibeon Awesome Octahederal Meteorite!!!,45.0,2019-06-02,,,WorthPoint
gibeon-meteorite,Gibeon Meteorite Slice With Outer Crust - 33.8g,65.0,2019-05-31,33.8,1.92,WorthPoint
gibeon-meteorite,Genuine Solid Gibeon Meteorite Ring Wedding Band Sz 6 FINAL REDUCTION,80.0,2019-05-30,,,WorthPoint
gibeon-meteorite,Uniquely Sculpted Gibeon Meteorite. 8.722 Kilos.,10000.0,2019-05-30,,,WorthPoint
gibeon-meteorite,Gibeon Meteorite Pendant (rustic),75.0,2019-05-29,,,WorthPoint
gibeon-meteorite,"Custom Gibeon Meteorite Bowie Knife, 14KT Gold Bear, Diamond Eyes",6500.0,2019-05-29,,,WorthPoint
gibeon-meteorite,Gorgeous 53g Uncut Gibeon Meteorite,65.0,2019-05-24,53.0,1.23,WorthPoint
gibeon-meteorite,GIBEON IRON METEORITE Etched Sphere Hand Carved Specimen AUTHENTIC,99.95,2019-05-23,,,WorthPoint
gibeon-meteorite,"Gibeon Meteorite Large Watch, All Titanium Case, Stainless Steel Mesh Band - NR!",99.99,2019-05-18,,,WorthPoint
gibeon-meteorite,Gorgeous Etched Gibeon Iron Meteorite Thin Slice #103 Beautiful Etch 4 Jewelry,159.0,2019-05-15,,,WorthPoint
gibeon-meteorite,Gibeon Meteorite Big Etched Slab!!,79.0,2019-05-13,,,WorthPoint
gibeon-meteorite,Gibeon Superb Octahederal Meteorite!!!,71.0,2019-04-29,,,WorthPoint
gibeon-meteorite,ASTOUNDING PERFECT 3gm ETCHED GIBEON METEORITE NAMIBIA PENDANT SLICE 21x15mm NEW,50.0,2019-04-22,3.0,16.67,WorthPoint
gibeon-meteorite,Beautiful Large 454 Gm Etched Gibeon Meteorite End Cut From Namibia,750.0,2019-04-22,454.0,1.65,WorthPoint
gibeon-meteorite,GIBEON IRON METEORITE Etched Bead Sphere Hand Carved Specimen AUTHENTIC,11.0,2019-04-19,,,WorthPoint
gibeon-meteorite,"""gibeon Meteorite"" Widmanstatten Crystal ~ 42 Grams ~ Nama Namibia, South Africa",200.0,2019-04-17,42.0,4.76,WorthPoint
gibeon-meteorite,Beautiful Huge 5.270 Kgm Gibeon Full Iron Meteorite From Namibia ; 11.6 Pounds,8500.0,2019-04-13,5270.0,1.61,WorthPoint
gibeon-meteorite,Uniquely Sculpted Gibeon Meteorite. 9.6 Kilos.,13000.0,2019-04-12,,,WorthPoint
gibeon-meteorite,Awesome Gibeon Meteorite 551.5 Gram Slice,1199.0,2019-04-08,551.5,2.17,WorthPoint
gibeon-meteorite,Beautiful Large 212 Gm Etched Gibeon Meteorite Slice From Namibia,836.1,2019-04-08,212.0,3.94,WorthPoint
gibeon-meteorite,Beautiful Large 132 Gm Etched Gibeon Meteorite Slice From Namibia,629.1,2019-04-08,132.0,4.77,WorthPoint
gibeon-meteorite,GORGEOUS ~158g ETCHED GIBEON IRON METEORITE FULL SLICE W/ BRILLIANT ETCH!!!,720.0,2019-04-08,158.0,4.56,WorthPoint
gibeon-meteorite,GORGEOUS 252g ETCHED GIBEON IRON METEORITE PART SLICE W/ BRILLIANT ETCH!!!,1095.0,2019-04-08,252.0,4.35,WorthPoint
gibeon-meteorite,"Gibeon Meteorite Etched Sphere 51.7 Grams, 23 Mm",81.0,2019-04-05,51.7,1.57,WorthPoint
gibeon-meteorite,"Gibeon Meteorite Etched Sphere 35.7 Grams, 20.2mm",76.0,2019-04-05,35.7,2.13,WorthPoint
gibeon-meteorite,"Gibeon Meteorite Etched Sphere 17.0 Grams, 15.8mm",37.0,2019-04-05,17.0,2.18,WorthPoint
gibeon-meteorite,"Gibeon Meteorite Guitar Pick"" Diamond Cut, ""The Ultimate Rock Star Pick"" Display",169.95,2019-04-02,,,WorthPoint
gibeon-meteorite,Lovely Gibeon Meteorite Specimen On Stand- 10.1 Grams- Vintage Estate Find.,102.5,2019-04-01,10.1,10.15,WorthPoint
gibeon-meteorite,Beautiful Large 112 Gm Etched Gibeon Meteorite End Cut From Namibia,329.0,2019-03-31,112.0,2.94,WorthPoint
gibeon-meteorite,Fantastic ! Gibeon Meteorite. 3.36kilos.,621.0,2019-03-27,,,WorthPoint
gibeon-meteorite,MINTY QUARTER SIZE 9.3gm ETCHED GIBEON METEORITE PENDANT COIN SLICE 23.7 X 3.4mm,80.0,2019-03-24,9.3,8.6,WorthPoint
gibeon-meteorite,GIBEON Meteorite KILLER Etched Coin Slice 1.1 G. 9x2 Mm,11.0,2019-03-24,1.1,10.0,WorthPoint
gibeon-meteorite,Gibeon Iron Meteorite 10.12g Natural Patina Individual,20.0,2019-03-23,10.12,1.98,WorthPoint
gibeon-meteorite,Beautiful Huge 2490 Gm Gibeon Museum Grade Meteorite From Namibia ; 5.5+ Pounds,3560.76,2019-03-22,2490.0,1.43,WorthPoint
gibeon-meteorite,Beautiful Large 162 Gm Etched Gibeon Meteorite Slice From Namibia,629.1,2019-03-22,162.0,3.88,WorthPoint
gibeon-meteorite,GORGEOUS 20g ETCHED GIBEON IRON METEORITE ROUND BEAUTIFUL ETCH 4 JEWELRY!,79.95,2019-03-15,20.0,4.0,WorthPoint
gibeon-meteorite,Starborn Creations Genuine Gibeon Meteorite Dust Filled Pendant EP00203,39.0,2019-03-13,,,WorthPoint
gibeon-meteorite,Beautiful Huge 2490 Kgm Gibeon Meteorite From Namibia ; 5.5 Pounds,3400.0,2019-03-12,,,WorthPoint
gibeon-meteorite,Beautiful Large 100 Gm Etched Gibeon Meteorite Slice From Namibia,404.1,2019-03-09,100.0,4.04,WorthPoint
gibeon-meteorite,GIBEON Meteorite KILLER Etched Coin Slice 4.0 G. 13x4 Mm,30.0,2019-03-07,4.0,7.5,WorthPoint
gibeon-meteorite,"Killer Gibeon Meteorite Slice! 12 Grams, Nice Etch, Perfect For Jewelry, Namibia",59.99,2019-03-06,12.0,5.0,WorthPoint
gibeon-meteorite,GIBEON Meteorite KILLER Etched Coin Slice 14.6 G. 23x3-6 Mm,75.0,2019-03-03,14.6,5.14,WorthPoint
gibeon-meteorite,Gibeon Meteorite Pendant Made By Meteorites Plus Sterling Silver Backing,52.0,2019-03-03,,,WorthPoint
gibeon-meteorite,BEAUTIFUL PERFECT 3.3gm ETCHED GIBEON METEORITE NAMIBIA PENDANT SLICE 18x7mm NEW,90.0,2019-03-02,3.3,27.27,WorthPoint
gibeon-meteorite,GIBEON Meteorite KILLER Etched Coin Slice 1.2 G. 9x2 Mm,11.0,2019-03-02,1.2,9.17,WorthPoint
gibeon-meteorite,"Gibeon Meteorite, THICK Part Slice! 365.9g, Stunning Etch! Stabilized!",595.0,2019-03-01,365.9,1.63,WorthPoint
gibeon-meteorite,GIBEON Meteorite KILLER Etched Coin Slice 4.8 G. 25x1 Mm,50.0,2019-03-01,4.8,10.42,WorthPoint
gibeon-meteorite,"Gibeon Meteorite, Large Part Slice! 52.8g, Stunning Etch!",85.0,2019-02-27,52.8,1.61,WorthPoint
gibeon-meteorite,"Gibeon Meteorite, THICK Part Slice! 253.8g, Stunning Etch! Stabilized!",350.0,2019-02-26,253.8,1.38,WorthPoint
gibeon-meteorite,730 Gram - GIBEON METEORITE INDIVIDUAL - GREAT FOR JEWELRY!,1050.0,2019-02-26,730.0,1.44,WorthPoint
gibeon-meteorite,350 Gram - GIBEON METEORITE FULL SLICE - GREAT FOR JEWELRY!,450.0,2019-02-24,350.0,1.29,WorthPoint
gibeon-meteorite,GIBEON Meteorite KILLER Etched Coin Slice 1.1 G. 12x1 Mm,12.0,2019-02-20,1.1,10.91,WorthPoint
gibeon-meteorite,Gorgeous Etched Gibeon Iron Meteorite Thin Slice #109 Beautiful Etch 4 Jewelry!,169.0,2019-02-19,,,WorthPoint
gibeon-meteorite,GIBEON Meteorite KILLER Etched Coin Slice 1.3 G. 9x2 Mm,12.0,2019-02-18,1.3,9.23,WorthPoint
gibeon-meteorite,Beautiful Large 133 Gram Etched Gibeon Meteorite Slice,200.0,2019-02-16,133.0,1.5,WorthPoint
gibeon-meteorite,GIBEON Meteorite KILLER Etched Coin Slice 1.0 G. 10x1 Mm,11.0,2019-02-16,1.0,11.0,WorthPoint
gibeon-meteorite,Beautiful Large 312 Gm Etched Gibeon Meteorite Slice From Namibia,701.1,2019-02-15,312.0,2.25,WorthPoint
gibeon-meteorite,Beautiful Large 88 Gm Etched Gibeon Meteorite Slice From Namibia,349.0,2019-02-04,88.0,3.97,WorthPoint
gibeon-meteorite,Beautiful And Unique GIBEON IRON NICKEL METEORITE RING.,50.0,2019-01-18,,,WorthPoint
gibeon-meteorite,GIBEON METEORITE - INCREDIBLE MUSEUM QUALITY - COLLECTOR SIZE (364.6 Grams),800.0,2019-01-06,364.6,2.19,WorthPoint
gibeon-meteorite,Gibeon Iron Ladies Grade AAA+Meteorite Quartz Watch VERY UNIQUE~~Widmanst√§tten!,99.0,2019-01-03,,,WorthPoint
gibeon-meteorite,AMAZING Gibeon Iron Meteorite Cube ETCHED SLICE WIDMANSTATTEN Specimen Carving,106.25,2018-12-31,,,WorthPoint
gibeon-meteorite,Beautiful Large 78 Gm Etched Gibeon Meteorite Slice From Namibia,349.0,2018-12-31,78.0,4.47,WorthPoint
gibeon-meteorite,Gibeon Meteroite,8125.0,2018-12-15,,,WorthPoint
gibeon-meteorite,Dinosaur Bone & Gibeon Meteorite Dagger,2125.0,2018-12-15,,,WorthPoint
gibeon-meteorite,Beautiful Large 58 Gm Etched Gibeon Meteorite Slice From Namibia,239.0,2018-12-10,58.0,4.12,WorthPoint
gibeon-meteorite,A Gentleman''s Wristwatch Inlaid With A Gold-Plated Gibeon Meteorite Slice,937.5,2018-12-09,,,WorthPoint
gibeon-meteorite,GIBEON Meteorite KILLER Etched Coin Slice 3.86 G. 4x12 Mm,28.0,2018-12-09,3.86,7.25,WorthPoint
gibeon-meteorite,"Boker Rare Collectors Knife (1 Of 75) ""Gibeon"" Meteorite, 25th Commerative Anniv",374.99,2018-12-06,,,WorthPoint
gibeon-meteorite,Gorgeous Etched Gibeon Iron Meteorite Thin Slice #104 Beautiful Etch 4 Jewelry!,159.0,2018-12-04,,,WorthPoint
gibeon-meteorite,1280 Gram Gibeon Meteorite With Nice Shape And Scoop - Namibia Whole Individual,2500.0,2018-12-03,1280.0,1.95,WorthPoint
gibeon-meteorite,Beautiful 292 Gm Etched Gibeon Meteorite Lot Of Cut Pieces From Namibia,499.0,2018-12-02,292.0,1.71,WorthPoint
gibeon-meteorite,Beautiful Large 176 Gm Etched Gibeon Meteorite Slice From Namibia,631.2,2018-11-22,176.0,3.59,WorthPoint
gibeon-meteorite,"Meteorite Knife - Gibeon, Widmanstatten Pattern, 1836 Namibia, Hardwood Handle",445.0,2018-11-20,,,WorthPoint
gibeon-meteorite,Beautiful Large 191 Gm Etched Gibeon Meteorite Slice From Namibia,599.2,2018-11-19,191.0,3.14,WorthPoint
gibeon-meteorite,HERITAGE Natural History Auction ‚Äì Fluorite Gibeon Meteorite Fossil Garfish Gree,19.95,2018-11-19,,,WorthPoint
gibeon-meteorite,Incredible GIBEON METEORITE (11 Pounds 13.6 Oz) 5375.16 Grams,3000.0,2018-11-16,5375.16,0.56,WorthPoint
gibeon-meteorite,Gibeon Meteorite Etched Slab,17.0,2018-11-14,,,WorthPoint
gibeon-meteorite,Gibeon Meteorite Jewelry Meteorite Pendant Spmt 1042-A,149.6,2018-11-09,,,WorthPoint
gibeon-meteorite,Gibeon Meteorite Bracelet,199.0,2018-11-08,,,WorthPoint
gibeon-meteorite,Gibeon Meteorite Displaying Crystal Structure,40.0,2018-11-07,,,WorthPoint
gibeon-meteorite,"Gibeon Meteorite, 8713g Uncut, Particularly Nice 3D Sculptural Form, Sits 4 Ways",10000.0,2018-10-30,8713.0,1.15,WorthPoint
gibeon-meteorite,"9.7 Gram Gibeon Meteorite - Etched Slice - From Namibia, South Africa",25.5,2018-10-24,9.7,2.63,WorthPoint
gibeon-meteorite,Gibeon Meteorite Slice 161 Gr,321.0,2018-10-23,161.0,1.99,WorthPoint
gibeon-meteorite,Lovely Gibeon Meteorite Slice From Africa- 13.1 Grams- Vintage Estate Find,28.0,2018-10-20,13.1,2.14,WorthPoint
gibeon-meteorite,"10.1 Gram Gibeon Meteorite - Etched Slice - From Namibia, South Africa",25.5,2018-10-18,10.1,2.52,WorthPoint
gibeon-meteorite,WüòÄW!! FANTASTIC ETCHED GIBEON METEORITE 40 Gr SLICE,150.0,2018-10-11,40.0,3.75,WorthPoint
gibeon-meteorite,"Gibeon Meteorite. 1900 Gr ,cut On 2 Sides, Nice Pattern, Old Collection $1.50/gr",2850.0,2018-10-10,1900.0,1.5,WorthPoint
gibeon-meteorite,"10.9 Gram Gibeon Meteorite - Etched Slice - From Namibia, South Africa",20.0,2018-10-07,10.9,1.83,WorthPoint
gibeon-meteorite,"11.4 Gram Gibeon Meteorite - Etched Slice - From Namibia, South Africa",30.0,2018-10-07,11.4,2.63,WorthPoint
gibeon-meteorite,"13.7 Gram Gibeon Meteorite - Etched Slice - From Namibia, South Africa",30.0,2018-10-07,13.7,2.19,WorthPoint
gibeon-meteorite,"128.2 Gram Gibeon Meteorite - Etched Thick Circle - From Namibia, South Africa",250.0,2018-10-06,128.2,1.95,WorthPoint
gibeon-meteorite,Gibeon Iron Meteorite Cabochon WIDMANSTATTEN PATTERN Jewelry Wire-Wrap Pendant,63.75,2018-09-30,,,WorthPoint
gibeon-meteorite,Gibeon Meteorite Jewelry Meteorite Pendant #7,113.0,2018-09-28,,,WorthPoint
gibeon-meteorite,GIBEON Meteorite KILLER Etched Coin Slice 2.55 G. 3x11 Mm,20.0,2018-09-27,2.55,7.84,WorthPoint
gibeon-meteorite,Beautiful 13 Gm Etched Gibeon Meteorite Triple Cut From Namibia,39.0,2018-09-27,13.0,3.0,WorthPoint
gibeon-meteorite,"20.5 Gram Gibeon Meteorite - Etched Slice - From Namibia, South Africa",40.0,2018-09-24,20.5,1.95,WorthPoint
gibeon-meteorite,Beautiful Large 139 Gm Etched Gibeon Meteorite Slice From Namibia,511.2,2018-09-17,139.0,3.68,WorthPoint
gibeon-meteorite,Beautiful 13 Gm Etched Gibeon Meteorite Slice From Namibia,39.0,2018-09-17,13.0,3.0,WorthPoint
gibeon-meteorite,Gibeon Iron Meteorite 10.57g Natural Patina Individual,20.0,2018-09-15,10.57,1.89,WorthPoint
gibeon-meteorite,Beautiful Large 232 Gm Etched Gibeon Meteorite Slice From Namibia,509.0,2018-09-12,232.0,2.19,WorthPoint
gibeon-meteorite,Gibeon Polished And Etched Meteorite Space Ball Sphere From Namibia 38 Grams,230.0,2018-09-02,38.0,6.05,WorthPoint
gibeon-meteorite,Nice Gibeon Iron Meteorite 4 Gram Mineral Specimen Shooting Star Asteroid #B,19.99,2018-08-31,4.0,5.0,WorthPoint
gibeon-meteorite,Beautiful Large 290 Gm Etched Gibeon Meteorite Slice From Namibia,639.0,2018-08-30,290.0,2.2,WorthPoint
gibeon-meteorite,Beautiful And Unique GIBEON IRON NICKEL METEORITE RING A2,26.0,2018-08-25,,,WorthPoint
gibeon-meteorite,Gibeon Iron Meteorite-found In Nambia-stunning Widmanstatten Etch,119.5,2018-08-24,,,WorthPoint
gibeon-meteorite,18mm Gibeon Meteorite Flower Of Life 925 Sterling Silver Pendant Flor De La Vida,155.0,2018-08-23,,,WorthPoint
gibeon-meteorite,Beautiful Large 320 Gm Etched Gibeon Meteorite End Cut From Namibia,799.2,2018-08-20,320.0,2.5,WorthPoint
gibeon-meteorite,Gibeon Iron Meteorite ~ Crystal Structure!,10.0,2018-08-19,,,WorthPoint
gibeon-meteorite,Woolly Mammoth Tooth & Gibeon Meteorite Knife,2125.0,2018-08-18,,,WorthPoint
gibeon-meteorite,Gibeon Meteorite Dog Tag Pendant,575.0,2018-08-18,,,WorthPoint
gibeon-meteorite,Sculptural Gibeon Meteorite,6875.0,2018-08-18,,,WorthPoint
gibeon-meteorite,Beautiful And Unique GIBEON IRON NICKEL METEORITE RING W6 Final Sale,110.0,2018-07-31,,,WorthPoint
gibeon-meteorite,Certified Iron-nickel Polished & Acid Etched Gibeon Meteorite 1.0 Gram (gm1-6),50.0,2018-07-30,1.0,50.0,WorthPoint
gibeon-meteorite,Beautiful And Unique GIBEON IRON NICKEL METEORITE RING W12 FINAL SALE,110.0,2018-07-30,,,WorthPoint
gibeon-meteorite,36 X 24mm ROSE CROSS GIBEON METEORITE 925 STERLING SILVER PENDANT,169.0,2018-07-29,,,WorthPoint
gibeon-meteorite,36 X 24mm CROSS GIBEON METEORITE 925 STERLING SILVER PENDANT,169.0,2018-07-29,,,WorthPoint
gibeon-meteorite,"4.34 Gram GIBEON METEORITE SLICE, LIGHT ETCHING, FREE SHIPPING",14.5,2018-07-24,4.34,3.34,WorthPoint
gibeon-meteorite,Gibeon Meteorite Superb Octahederal Crystal!,28.0,2018-07-22,,,WorthPoint
gibeon-meteorite,"Gibeon Meteorite! 157.6g, Thick, Etched Part Slice With Crust, Sealed!",249.0,2018-07-20,157.6,1.58,WorthPoint
gibeon-meteorite,Gibeon Iron Meteorite 18.75g Natural Patina Individual,35.0,2018-07-14,18.75,1.87,WorthPoint
gibeon-meteorite,Gibeon Iron Meteorite 6.24g Natural Patina Individual,18.5,2018-07-07,6.24,2.96,WorthPoint
gibeon-meteorite,Gibeon Meteorite Sculpted Individuall!,10.01,2018-07-06,,,WorthPoint
gibeon-meteorite,Gibeon Iron Meteorite With Fork!,10.99,2018-07-06,,,WorthPoint
gibeon-meteorite,Gentleman''s Gibeon Meteorite Bracelet,212.5,2018-07-05,,,WorthPoint
gibeon-meteorite,Ladies Gibeon Meteorite Bracelet,275.0,2018-07-05,,,WorthPoint
gibeon-meteorite,Gibeon Meteorite THICK Octahederal Crystal!,16.0,2018-07-04,,,WorthPoint
gibeon-meteorite,"HUGE Raw Gibeon Meteorite Slab! 590g Slice, Wholesale Price! Great For Jewelry.",725.0,2018-07-01,590.0,1.23,WorthPoint
gibeon-meteorite,Gibeon Meteorite. Iron From Namibia. 360 Grams,1050.0,2018-06-30,360.0,2.92,WorthPoint
gibeon-meteorite,"Gibeon Meteorite, Namibia - 11.1 Grams 1-1/4""",29.99,2018-06-28,11.1,2.7,WorthPoint
gibeon-meteorite,Gibeon Meteorite Etched Part Slice 16.4 Grams!,41.0,2018-06-25,16.4,2.5,WorthPoint
gibeon-meteorite,GIBEON METEORITE 925 STERLING SILVER PENDANT - Mystery,119.0,2018-06-21,,,WorthPoint
gibeon-meteorite,"Gibeon Meteorite - Endcut With Widmanst√§tten Pattern - 80,7 (g)",195.0,2018-06-19,,,WorthPoint
gibeon-meteorite,Natural Gibeon Meteorite Rectangle Silver Plated Pendant 25x17x3 Mm 9 Grams,115.0,2018-06-19,9.0,12.78,WorthPoint
gibeon-meteorite,Gibeon Meteorite Perfect Octahederal Crystal!,17.48,2018-06-18,,,WorthPoint
gibeon-meteorite,Beautiful Large 538 Gm Etched Gibeon Meteorite Slice From Namibia,879.2,2018-06-18,538.0,1.63,WorthPoint
gibeon-meteorite,Gibeon Meteorite Etched Part Slice 18.5 Grams!,33.0,2018-06-09,18.5,1.78,WorthPoint
gibeon-meteorite,Gibeon Meteorite Etched Part Slice 19.6 Grams!,35.0,2018-06-06,19.6,1.79,WorthPoint
gibeon-meteorite,Beautiful Large 74 Gm Etched Gibeon Meteorite Slice From Namibia,239.2,2018-06-05,74.0,3.23,WorthPoint
gibeon-meteorite,Beautiful Large 742 Gm 9mm Thick Cut Gibeon Meteorite Slice From Namibia,1120.0,2018-06-04,742.0,1.51,WorthPoint
gibeon-meteorite,Gibeon Meteorite Etched Part Slice 13.3 Grams!,25.0,2018-06-02,13.3,1.88,WorthPoint
gibeon-meteorite,Gibeon Meteorite - Octahedrite (IVAB) From Namibia,14.5,2018-05-31,,,WorthPoint
gibeon-meteorite,Gibeon Meteorite Etched Part Slice 16 Grams!,29.0,2018-05-31,16.0,1.81,WorthPoint
gibeon-meteorite,Gibeon Meteorite Etched Part Slice 13.2 Grams!,25.0,2018-05-30,13.2,1.89,WorthPoint
gibeon-meteorite,Gibeon Meteorite Etched Part Slice 15.1 Grams!,28.0,2018-05-27,15.1,1.85,WorthPoint
gibeon-meteorite,Beautiful Large 92 Gm Etched Gibeon Meteorite Slice From Namibia,295.2,2018-05-24,92.0,3.21,WorthPoint
gibeon-meteorite,6 Grams Natural Gibeon Meteorite Magatama Dot Shape Pendant 20x11mm,48.0,2018-05-23,6.0,8.0,WorthPoint
gibeon-meteorite,Gibeon Meteorite Etched Part Slice 20.2 Grams!,36.0,2018-05-23,20.2,1.78,WorthPoint
gibeon-meteorite,Gibeon Meteorite Sweet Flight Sculptingl!,17.0,2018-05-23,,,WorthPoint
gibeon-meteorite,"36mm, 1.42 Inch Gibeon Meteorite Sphere 195 Grams Solid Metal Needs Etching",500.0,2018-05-20,195.0,2.56,WorthPoint
gibeon-meteorite,Natural Gibeon Meteorite Moldavite Tube 925 Sterling Silver Pendant,229.0,2018-05-20,,,WorthPoint
gibeon-meteorite,Gibeon Iron Meteorite 42.67g Awesome Etched Part Slice,125.0,2018-05-19,42.67,2.93,WorthPoint
gibeon-meteorite,Beautiful Large 148 Gm Etched Gibeon Meteorite Slice From Namibia,519.2,2018-05-18,148.0,3.51,WorthPoint
gibeon-meteorite,"GIBEON METEORITE 8mm 24 Beads Bracelet 7"" Iron Nickel Aerolite Moon White Gold",299.0,2018-05-17,,,WorthPoint
gibeon-meteorite,100% Natural Gibeon Meteorite Magatama Dot Pendant 12.5 Grams 28x19mm,89.0,2018-05-16,12.5,7.12,WorthPoint
gibeon-meteorite,Starborn Creations Meteorite Gibeon Ring Band Unisex Size 9.5 New Unique Rare !,126.4,2018-05-12,,,WorthPoint
gibeon-meteorite,BEAUTIFUL RARE HUGE 8.995 KGM GIBEON METEORITE FROM NAMIBIA (19.75 Pounds!),15000.0,2018-05-11,8995.0,1.67,WorthPoint
gibeon-meteorite,Gibeon Meteorite Etched Part Slice 14.9 Grams!,23.8,2018-05-11,14.9,1.6,WorthPoint
gibeon-meteorite,Armlet Bangle Jewelry Meteorite Gibeon Bracelet / New,15.9,2018-05-10,,,WorthPoint
gibeon-meteorite,"GIBEON - Meteorite - Etched Widmanst√§tten Pattern - 22,9 (g)",55.0,2018-05-08,,,WorthPoint
gibeon-meteorite,Beautiful And Unique GIBEON IRON NICKEL METEORITE RING W11 FINAL SALE,130.0,2018-05-08,,,WorthPoint
gibeon-meteorite,Gibeon Meteorite Etched Part Slice 15.5 Grams!,29.0,2018-05-08,15.5,1.87,WorthPoint
gibeon-meteorite,Gibeon Meteorite Etched Part Slice 16.2 Grams!,30.0,2018-05-07,16.2,1.85,WorthPoint
gibeon-meteorite,Gibeon Meteorite Etched Part Slice 19.9 Grams!,29.75,2018-05-05,19.9,1.49,WorthPoint
gibeon-meteorite,Gibeon Meteorite Etched Part Slice 20 Grams!,35.0,2018-05-04,20.0,1.75,WorthPoint
gibeon-meteorite,Gibeon Meteorite Earrings,187.5,2018-05-03,,,WorthPoint
gibeon-meteorite,Beautiful And Unique GIBEON IRON NICKEL METEORITE RING AAA6 Final Sale,199.0,2018-05-03,,,WorthPoint
gibeon-meteorite,Beautiful Large 396 Gm Etched Gibeon Meteorite Slice From Namibia,1199.2,2018-05-03,396.0,3.03,WorthPoint
gibeon-meteorite,Gibeon Meteorite Etched Part Slice 9.7 Grams!,19.55,2018-05-03,9.7,2.02,WorthPoint
gibeon-meteorite,Gibeon Meteorite Etched Part Slice 19.4 Grams!,35.0,2018-05-01,19.4,1.8,WorthPoint
gibeon-meteorite,Gibeon Meteorite Etched Part Slice 10.4 Grams!,23.0,2018-05-01,10.4,2.21,WorthPoint
gibeon-meteorite,Gibeon Meteorite Awesome Crystaline Schrapnel!,13.0,2018-04-29,,,WorthPoint
gibeon-meteorite,Gibeon Meteorite Sweet Crystaline Schrapnel!,10.0,2018-04-28,,,WorthPoint
gibeon-meteorite,Old Collection Gibeon Meteorite,600.0,2018-04-28,,,WorthPoint
gibeon-meteorite,"AMAZING 48g GIBEON Meteorite Slice, Rare Shocked Pattern!! BEAUTIFUL Etch!",195.0,2018-04-27,48.0,4.06,WorthPoint
gibeon-meteorite,Beautiful Large 468 Gm Etched Gibeon Meteorite Slice From Namibia,700.0,2018-04-24,468.0,1.5,WorthPoint
gibeon-meteorite,Gibeon Meteorite Etched Part Slice 22.9 Grams!,40.0,2018-04-23,22.9,1.75,WorthPoint
gibeon-meteorite,Gibeon Meteorite Etched Part Slice 5.9 Grams!,17.0,2018-04-23,5.9,2.88,WorthPoint
gibeon-meteorite,Gibeon Meteorite Etched Part Slice 15.8 Grams!,29.0,2018-04-23,15.8,1.84,WorthPoint
gibeon-meteorite,Gibeon Meteorite Etched Part Slice 11.9 Grams!,23.0,2018-04-23,11.9,1.93,WorthPoint
gibeon-meteorite,Gibeon Meteorite Etched Part Slice 12.8 Grams!,25.0,2018-04-23,12.8,1.95,WorthPoint
gibeon-meteorite,Gibeon Meteorite Etched Part Slice 22.5 Grams!,39.0,2018-04-21,22.5,1.73,WorthPoint
gibeon-meteorite,Gibeon Meteorite Etched End Cut 19 Grams!,34.0,2018-04-21,19.0,1.79,WorthPoint
gibeon-meteorite,Gibeon Meteorite Etched Part Slice 13.1 Grams!,25.0,2018-04-20,13.1,1.91,WorthPoint
gibeon-meteorite,Gibeon Meteorite Etched End Cut 23.6 Grams!,41.0,2018-04-20,23.6,1.74,WorthPoint
gibeon-meteorite,9mm One Bead Natural Gibeon Iron Meteorite Round Bead 2.8Grams,39.99,2018-04-19,2.8,14.28,WorthPoint
gibeon-meteorite,Gibeon Meteorite Etched End Cut 13.9 Grams!,26.0,2018-04-18,13.9,1.87,WorthPoint
gibeon-meteorite,Gibeon Meteorite Etched Part Slice 20.3 Grams!,36.0,2018-04-17,20.3,1.77,WorthPoint
gibeon-meteorite,Gibeon Meteorite Etched Part Slice 20.4 Grams!,36.0,2018-04-17,20.4,1.76,WorthPoint
gibeon-meteorite,Gibeon Meteorite Stunning Crystaline Schrapnel!,27.0,2018-04-14,,,WorthPoint
gibeon-meteorite,Beautiful Large 392 Gm Etched Gibeon Meteorite Slice From Namibia,615.2,2018-04-11,392.0,1.57,WorthPoint
gibeon-meteorite,"Gibeon Meteorite Slice Beautifully Etched - 16 Grams 1.75"" Long",38.5,2018-04-09,16.0,2.41,WorthPoint
gibeon-meteorite,"Gibeon Meteorite Etched End Cut 1,583 Grams",3181.0,2018-04-09,583.0,5.46,WorthPoint
gibeon-meteorite,Gibeon Meteorite Stunning Octahederal Pyramid,24.0,2018-04-07,,,WorthPoint
gibeon-meteorite,Gibeon Meteorite 2 Piece Cut And Etched Fragment And Raw Frag In Collectors Box,29.99,2018-04-04,,,WorthPoint
gibeon-meteorite,Gibeon Iron Meteorite Beautiful Specimen,15.0,2018-04-01,,,WorthPoint
gibeon-meteorite,Gibeon Meteorite Etched End Cut 7.6 Grams,24.0,2018-03-30,7.6,3.16,WorthPoint
gibeon-meteorite,Beautiful 262 Gm Etched Gibeon Meteorite Cube From Namibia,631.2,2018-03-26,262.0,2.41,WorthPoint
gibeon-meteorite,Beautiful Large 514 Gm Etched Gibeon Meteorite Slice From Namibia,1519.2,2018-03-25,514.0,2.96,WorthPoint
gibeon-meteorite,Beautiful 496 Gm Etched Gibeon Meteorite Cube From Namibia,1596.0,2018-03-25,496.0,3.22,WorthPoint
gibeon-meteorite,Gibeon Iron Meteorite Octahederal Crystal,26.0,2018-03-24,,,WorthPoint
gibeon-meteorite,Gibeon Iron Meteorite Stunning Octahederal,36.0,2018-03-21,,,WorthPoint
gibeon-meteorite,Beautiful 29 Gm Etched Gibeon Meteorite Quad Cut From Namibia,87.2,2018-03-21,29.0,3.01,WorthPoint
gibeon-meteorite,Beautiful Large 280 Gm Etched Gibeon Meteorite Slice From Namibia,399.2,2018-03-20,280.0,1.43,WorthPoint
gibeon-meteorite,Beautiful Huge 7540 Kgm Gibeon Meteorite From Namibia ; 16.5 Pounds,16995.8,2018-03-14,,,WorthPoint
gibeon-meteorite,Beautiful And Unique GIBEON IRON NICKEL METEORITE RING W8,160.0,2018-03-11,,,WorthPoint
gibeon-meteorite,Beautiful 13.3 Gm Etched Gibeon Meteorite Quad Cut From Namibia,47.2,2018-03-10,13.3,3.55,WorthPoint
gibeon-meteorite,Gibeon Iron Meteorite Octahederal Crystal Individual,23.0,2018-03-09,,,WorthPoint
gibeon-meteorite,Beautiful Unique 218 Gm Etched Gibeon Meteorite Slice From Namibia,695.2,2018-03-05,218.0,3.19,WorthPoint
gibeon-meteorite,Beautiful 6.3 Gm Etched Gibeon Meteorite Slice From Namibia,27.2,2018-03-04,6.3,4.32,WorthPoint
gibeon-meteorite,GIBEON Meteorite KILLER Etched Slice 1.32 G. Round Coin 10x2 Mm ETCHED Cabochon,14.0,2018-03-01,1.32,10.61,WorthPoint
gibeon-meteorite,Beautiful 14 Gm Etched Gibeon Meteorite Pendant Slice From Namibia,39.2,2018-03-01,14.0,2.8,WorthPoint
gibeon-meteorite,Beautiful Thin 12.4 Gm Etched Gibeon Meteorite Slice From Namibia,39.2,2018-02-27,12.4,3.16,WorthPoint
gibeon-meteorite,Beautiful Round 12.4 Gm Etched Gibeon Meteorite Pendant Slice From Namibia,49.0,2018-02-27,12.4,3.95,WorthPoint
gibeon-meteorite,Gibeon Meteorite Pendant,166.5,2018-02-26,,,WorthPoint
gibeon-meteorite,Beautiful Thin 21.3 Gm Etched Gibeon Meteorite Slice From Namibia,71.2,2018-02-25,21.3,3.34,WorthPoint
gibeon-meteorite,Beautiful 154 Gm Etched Gibeon Meteorite Quad Cut From Namibia,375.2,2018-02-24,154.0,2.44,WorthPoint
gibeon-meteorite,Beautiful Thin 26.4 Gm Etched Gibeon Meteorite Slice From Namibia,79.2,2018-02-24,26.4,3.0,WorthPoint
gibeon-meteorite,Beautiful Thin 20.6 Gm Etched Gibeon Meteorite Slice From Namibia,71.2,2018-02-23,20.6,3.46,WorthPoint
gibeon-meteorite,Beautiful Thin 25.3 Gm Etched Gibeon Meteorite Slice From Namibia,79.2,2018-02-22,25.3,3.13,WorthPoint
gibeon-meteorite,Beautiful Thin 23.3 Gm Etched Gibeon Meteorite Slice From Namibia,71.2,2018-02-22,23.3,3.06,WorthPoint
gibeon-meteorite,Beautiful 1532 Gm Etched Gibeon Meteorite End Cut From Namibia,3596.0,2018-02-20,1532.0,2.35,WorthPoint
gibeon-meteorite,AMAZING 107g ETCHED GIBEON METEORITE FULL SLICE W/ BRILLIANT ETCH!!! BEAUTIFUL!,425.0,2018-02-05,107.0,3.97,WorthPoint
gibeon-meteorite,Beautiful Large 703 Gm Etched Gibeon Meteorite Slice From Namibia,1999.0,2018-01-27,703.0,2.84,WorthPoint
gibeon-meteorite,"Gibeon Iron Meteorite ""Banana"" Individual",11.0,2018-01-25,,,WorthPoint
gibeon-meteorite,240 Gram Etched Gibeon Meteorite - Quad Cut - STUNNING,595.0,2018-01-25,240.0,2.48,WorthPoint
gibeon-meteorite,Beautiful And Unique GIBEON IRON NICKEL METEORITE RING W2,200.0,2018-01-17,,,WorthPoint
gibeon-meteorite,GIBEON Meteorite KILLER Etched Slice 1.60 G. Round Coin 9x3 Mm ETCHED,16.0,2018-01-15,1.6,10.0,WorthPoint
gibeon-meteorite,GIBEON Meteorite KILLER Etched Slice 2.27 G. Round Coin 11x3 Mm ETCHED,23.0,2018-01-15,2.27,10.13,WorthPoint
gibeon-meteorite,GIBEON Meteorite KILLER Etched Slice 1.58 G. Round Coin 10x2 Mm ETCHED,16.0,2018-01-15,1.58,10.13,WorthPoint
gibeon-meteorite,Gibeon Meteorite Octahederal Crystal,12.26,2018-01-13,,,WorthPoint
gibeon-meteorite,GIBEON METEORITE 925 STERLING SILVER PENDANT - Delight,199.0,2018-01-10,,,WorthPoint
gibeon-meteorite,Beautiful And Unique GIBEON IRON NICKEL METEORITE RING W4,36.0,2018-01-04,,,WorthPoint
gibeon-meteorite,Beautiful 178 Gm Etched Gibeon Meteorite Quarter Cut From Namibia,439.2,2018-01-04,178.0,2.47,WorthPoint
gibeon-meteorite,Gibeon Meteorite Etched Unique Shape 7.1 Grams,23.0,2018-01-03,7.1,3.24,WorthPoint
gibeon-meteorite,"250 Grams GIBEON Meteorite Specimens In ""as Found Condition"" With Natural Patina",250.0,2017-12-27,250.0,1.0,WorthPoint
gibeon-meteorite,Beautiful And Unique GIBEON IRON NICKEL METEORITE RING W5,41.0,2017-12-25,,,WorthPoint
gibeon-meteorite,Beautiful 130 Gm Etched Gibeon Meteorite Quad Cut From Namibia,319.2,2017-12-23,130.0,2.46,WorthPoint
gibeon-meteorite,"Gibeon Meteorite, Great Namaqualand, Africa, Group IVA Iron Meteorite",19.99,2017-12-20,,,WorthPoint
gibeon-meteorite,Gibeon Meteorite 0.75 Inch Square Pendant On A 20-inch Jewelry Wire,45.99,2017-12-15,,,WorthPoint
gibeon-meteorite,Beautiful Large 358 Gm Etched Gibeon Meteorite Slice From Namibia,1119.2,2017-12-14,358.0,3.13,WorthPoint
gibeon-meteorite,Beautiful Unique 107 Gm Etched Gibeon Meteorite Slice From Namibia,279.99,2017-12-12,107.0,2.62,WorthPoint
gibeon-meteorite,GIBEON Meteorite KILLER Etched Slice 0.94 G. Round Coin 12x1 Mm ETCHED,10.0,2017-12-10,0.94,10.64,WorthPoint
gibeon-meteorite,GIBEON Meteorite KILLER Etched Slice 1.06 G. Round Coin 11x1 Mm ETCHED,10.5,2017-12-10,1.06,9.91,WorthPoint
gibeon-meteorite,Gibeon Meteorite Slice On A Key Ring - 1 Inch By 0.5 Inch Rectangle Specimen,39.99,2017-12-09,,,WorthPoint
gibeon-meteorite,GIBEON Meteorite KILLER Etched Slice 0.99 G. Round Coin 10x1-2 Mm ETCHED,10.0,2017-12-09,0.99,10.1,WorthPoint
gibeon-meteorite,Beautiful 720 Gm Etched Gibeon Meteorite Slice From Namibia,1999.2,2017-12-07,720.0,2.78,WorthPoint
gibeon-meteorite,Gibeon Meteorite Cube 500 Grams Etched From Namibia,499.0,2017-12-06,500.0,1.0,WorthPoint
gibeon-meteorite,Beautiful Large 228 Gm Etched Gibeon Meteorite Slice From Namibia,719.2,2017-12-01,228.0,3.15,WorthPoint
gibeon-meteorite,Beautiful Large 242 Gm Etched Gibeon Meteorite Slice From Namibia,959.0,2017-12-01,242.0,3.96,WorthPoint
gibeon-meteorite,Armlet Bangle Jewelry Meteorite Gibeon / Bracelet / New,15.9,2017-12-01,,,WorthPoint
gibeon-meteorite,GIBEON Meteorite KILLER Etched Slice 1.35 G. Round Coin 12x1-2 Mm ETCHED,13.5,2017-11-29,1.35,10.0,WorthPoint
gibeon-meteorite,GIBEON Meteorite KILLER Etched Slice 1.61 G. Round Coin 10x2 Mm ETCHED,16.0,2017-11-29,1.61,9.94,WorthPoint
gibeon-meteorite,Custom Knife - Prehistoric Gibeon Meteorite / Dino Bone Lot 57,350.0,2017-11-21,,,WorthPoint
gibeon-meteorite,Vintage Gibeon Meteorite 23.2 Grams + Others,31.0,2017-11-11,23.2,1.34,WorthPoint
gibeon-meteorite,"Rare GIBEON METEORITE Mounted Display Specimen 10.55 Grams,One Of A Kind!!!",44.95,2017-11-05,10.55,4.26,WorthPoint
gibeon-meteorite,"Complete Gibeon Meteorite - An Extraterrestrial ""Turkey Leg""",9500.0,2017-11-04,,,WorthPoint
gibeon-meteorite,Unique Gibeon Meteorite Guitar Pick /Necklace/Bracelet -NO RESERVE!,74.95,2017-11-03,,,WorthPoint
gibeon-meteorite,GORGEOUS Gibeon Meteorite Namibia 20 Grams,100.0,2017-10-31,20.0,5.0,WorthPoint
gibeon-meteorite,Gibeon Meteorite Slice On A Key Ring - 1.5-inch By 1.0-inch Rectangle Specimen,64.99,2017-10-25,,,WorthPoint
gibeon-meteorite,"GORGEOUS SS Wire Wrapped Gibeon Meteorite Namibia Pendant 24"" Chain",149.59,2017-10-23,,,WorthPoint
gibeon-meteorite,Beautiful 174 Gm Etched Gibeon Meteorite Slice From Namibia,559.2,2017-10-20,174.0,3.21,WorthPoint
gibeon-meteorite,"GIBEON MUSEUM GRADE METEORITE W/ COA, Very Clean, 16.676 Lbs, 7.58 Kg.",10000.0,2017-10-18,7580.0,1.32,WorthPoint
gibeon-meteorite,Beautiful Huge 8560 Gm Gibeon Museum Grade Meteorite From Namibia ; 19 Pounds,12000.0,2017-10-18,8560.0,1.4,WorthPoint
gibeon-meteorite,Gibeon Meteorite Slice Beatifully Etched.,100.0,2017-10-17,,,WorthPoint
gibeon-meteorite,Gibeon Meteorite - 445g - Nicely Etched - Almost 1 POUND! ~NO RESERVE!~,330.0,2017-10-15,445.0,0.74,WorthPoint
gibeon-meteorite,Beautiful 70 Gm Etched Gibeon Meteorite Slice From Namibia,223.2,2017-10-14,70.0,3.19,WorthPoint
gibeon-meteorite,Custom Knife - Prehistoric Gibeon Meteorite W/ Lapis Lot 131A,350.0,2017-10-13,,,WorthPoint
gibeon-meteorite,Beautiful 120 Gm Etched Gibeon Meteorite End Cut From Namibia,255.2,2017-10-11,120.0,2.13,WorthPoint
gibeon-meteorite,"Rare GIBEON METEORITE Mounted Display Specimen 9.26 Grams, One Of A Kind!!!",29.95,2017-10-10,9.26,3.23,WorthPoint
gibeon-meteorite,Beautiful 105 Gm Etched Gibeon Meteorite Slice From Namibia,343.2,2017-10-10,105.0,3.27,WorthPoint
gibeon-meteorite,Beautiful Unique 122 Gm Etched Gibeon Meteorite Slice From Namibia,383.2,2017-10-10,122.0,3.14,WorthPoint
gibeon-meteorite,Beautiful Large 240 Gm Etched Gibeon Meteorite Slice From Namibia,767.2,2017-10-08,240.0,3.2,WorthPoint
gibeon-meteorite,Gibeon Meteorite Etched Unique Shapes 7.8 Grams,24.0,2017-10-08,7.8,3.08,WorthPoint
gibeon-meteorite,GIBEON Meteorite KILLER Etched Slice 3.02 G. Round Coin 11x4 Mm ETCHED,25.0,2017-09-29,3.02,8.28,WorthPoint
gibeon-meteorite,Gibeon Crystal Collection 100% Pristine Top Quality Complete Solid Specimens!!!!,1700.0,2017-09-29,,,WorthPoint
gibeon-meteorite,Beautiful 206 Gm Etched Gibeon Meteorite Slice From Namibia,580.0,2017-09-29,206.0,2.82,WorthPoint
gibeon-meteorite,60.8 Gram Etched GIBEON METEORITE- Etched Specimen Perfect For Jewelry,179.0,2017-09-29,60.8,2.94,WorthPoint
gibeon-meteorite,Magnificent Genuine GIBEON Rose METEORITE Ring With Orissa Rhodo Garnets Size 7,175.0,2017-09-27,,,WorthPoint
gibeon-meteorite,Gibeon Meteorite Etched Unique Shapes 5.9 Grams,19.0,2017-09-24,5.9,3.22,WorthPoint
gibeon-meteorite,Beautiful Huge 14.220 Kgm Gibeon Meteorite From Namibia ; 31.3 Pounds,18695.8,2017-09-23,14220.0,1.31,WorthPoint
gibeon-meteorite,Beautiful 236 Gm Etched Gibeon Meteorite Slice From Namibia,650.0,2017-09-23,236.0,2.75,WorthPoint
gibeon-meteorite,Beautiful Huge 3690 Gm Gibeon Museum Grade Meteorite From Namibia ; 8.1+ Pounds,5500.0,2017-09-21,3690.0,1.49,WorthPoint
gibeon-meteorite,Beautiful Collection 914 Gm Etched Gibeon Meteorite Slice From Namibia,2500.0,2017-09-21,914.0,2.74,WorthPoint
gibeon-meteorite,Gibeon Meteorite Etched Wedge Slice Knife Dagger 73.70g Blade Rare,135.0,2017-09-18,73.7,1.83,WorthPoint
gibeon-meteorite,Beautiful 47 Gm Etched Gibeon Meteorite Triple Cut From Namibia,183.2,2017-09-17,47.0,3.9,WorthPoint
gibeon-meteorite,Gibeon Meteorite Etched End Cut 9.9 Grams,29.0,2017-09-17,9.9,2.93,WorthPoint
gibeon-meteorite,+++ Classic Gibeon Meteorite Slice (rectangle Shape 20.15 Grams) +++,195.0,2017-09-14,20.15,9.68,WorthPoint
gibeon-meteorite,Beautiful 118 Gm Etched Gibeon Meteorite Slice From Namibia,375.2,2017-09-08,118.0,3.18,WorthPoint
gibeon-meteorite,25.5 Gram Etched GIBEON METEORITE- Etched Specimen Perfect For Jewelry,105.0,2017-09-08,25.5,4.12,WorthPoint
gibeon-meteorite,Gibeon Meteorite Slice - 10.5 Grams - Iron Meteorite Namibia,50.0,2017-09-06,10.5,4.76,WorthPoint
gibeon-meteorite,Beautiful 114 Gm Etched Gibeon Meteorite Slice From Namibia,340.0,2017-09-05,114.0,2.98,WorthPoint
gibeon-meteorite,GIBEON Meteorite KILLER Etched Slice 1.38 G. Round Coin 11x2 Mm ETCHED,14.0,2017-09-05,1.38,10.14,WorthPoint
gibeon-meteorite,GIBEON Meteorite KILLER Etched Slice 0.99 G. Round Coin 9x2 Mm ETCHED,10.0,2017-09-05,0.99,10.1,WorthPoint
gibeon-meteorite,GIBEON Meteorite KILLER Etched Slice 2.52 G. Round Coin 12x3 Mm ETCHED,24.0,2017-09-05,2.52,9.52,WorthPoint
gibeon-meteorite,AMAZING Gibeon Iron Meteorite Cube ETCHED WIDMANSTATTEN Specimen Carving 4.3 Oz!,480.0,2017-08-29,121.905,3.94,WorthPoint
gibeon-meteorite,GIBEON Meteorite KILLER Etched Slice 1.55 G. Round Coin 12x1 Mm ETCHED,16.0,2017-08-27,1.55,10.32,WorthPoint
gibeon-meteorite,Beautiful And Unique GIBEON IRON NICKEL METEORITE RING W3,240.0,2017-08-26,,,WorthPoint
gibeon-meteorite,Gibeon Meteorite Etched Unique Shapes 8.5 Grams,26.0,2017-08-21,8.5,3.06,WorthPoint
gibeon-meteorite,Beautiful Huge 1620 Gm Gibeon Meteorite From Namibia ; 3.6 Pounds,2500.0,2017-08-16,1620.0,1.54,WorthPoint
gibeon-meteorite,GIBEON Meteorite KILLER Etched Slice 1.66 G. Round Coin 12x2 Mm ETCHED,17.0,2017-08-15,1.66,10.24,WorthPoint
gibeon-meteorite,Gibeon Meteorite Etched End Cut 10.5 Grams,27.0,2017-08-14,10.5,2.57,WorthPoint
gibeon-meteorite,GIBEON Meteorite KILLER Etched Slice 1.93 G. Round Coin 12x3 Mm ETCHED,19.0,2017-08-10,1.93,9.84,WorthPoint
gibeon-meteorite,GIBEON Meteorite KILLER Etched Slice 1.81 G. Round Coin 12x2 Mm ETCHED,18.0,2017-08-10,1.81,9.94,WorthPoint
gibeon-meteorite,Beautiful 110 Gm Etched Gibeon Meteorite End Cut From Namibia,359.2,2017-08-09,110.0,3.27,WorthPoint
gibeon-meteorite,Gibeon Iron Meteorite 881 Grams,1050.0,2017-08-06,881.0,1.19,WorthPoint
gibeon-meteorite,17.4 Gram Etched GIBEON METEORITE- Etched Specimen Perfect For Jewelry,65.0,2017-07-31,17.4,3.74,WorthPoint
gibeon-meteorite,Gibeon Meteorite Etched End Cut 13.4 Grams,33.0,2017-07-28,13.4,2.46,WorthPoint
gibeon-meteorite,Gibeon Meteorite Etched End Cut 10.4 Grams,27.0,2017-07-27,10.4,2.6,WorthPoint
gibeon-meteorite,GORGEOUS 74g ETCHED GIBEON METEORITE PART SLICE W/ BRILLIANT ETCH!!! BEAUTIFUL!,290.0,2017-07-24,74.0,3.92,WorthPoint
gibeon-meteorite,NATURAL 14 X 10MM GIBEON METEORITE STERLING SILVER MENS RING SIZE 8,20.0,2017-07-24,,,WorthPoint
gibeon-meteorite,Beautiful Rare 118 Gm Gibeon Meteorite From Namibia Complete Meteorite,339.15,2017-07-18,118.0,2.87,WorthPoint
gibeon-meteorite,Gibeon Iron Meteorite ETCHED SPHERE Carving WIDMANSTATTEN Pattern Specimen,200.0,2017-07-18,,,WorthPoint
gibeon-meteorite,GIBEON Meteorite KILLER Etched Slice 1.52 G. Round Coin 12x2 Mm ETCHED,15.0,2017-07-15,1.52,9.87,WorthPoint
gibeon-meteorite,Gibeon Meteorite Etched Part Slice 5.3 Grams,16.15,2017-07-12,5.3,3.05,WorthPoint
gibeon-meteorite,Gibeon Meteorite Etched End Cut 3.6 Grams,11.9,2017-07-11,3.6,3.31,WorthPoint
gibeon-meteorite,GIBEON Meteorite KILLER Etched Slice 2.58 G. Round Coin 10x4 Mm ETCHED,22.0,2017-07-09,2.58,8.53,WorthPoint
gibeon-meteorite,Meteorite Etched Gibeon Lot 751,380.0,2017-07-09,,,WorthPoint
gibeon-meteorite,GIBEON Meteorite KILLER Etched Slice 1.39 G. Round Coin 11x2 Mm ETCHED,10.0,2017-07-08,1.39,7.19,WorthPoint
gibeon-meteorite,Gibeon Meteorite - 119 Grams,150.0,2017-07-07,119.0,1.26,WorthPoint
gibeon-meteorite,LOVELY 39g ETCHED GIBEON METEORITE PART SLICE W/ BRILLIANT ETCH!!! BEAUTIFUL!,135.0,2017-07-07,39.0,3.46,WorthPoint
gibeon-meteorite,Gibeon Meteorite - 47 Grams,50.0,2017-07-04,47.0,1.06,WorthPoint
gibeon-meteorite,GIBEON Meteorite KILLER Etched Slice 2.15 G. Round Coin 12x2 Mm ETCHED,18.0,2017-07-04,2.15,8.37,WorthPoint
gibeon-meteorite,RARE Gibeon Iron Meteorite Cabochon WIDMANSTATTEN Jewelry Wire-Wrap Pendant,41.25,2017-07-01,,,WorthPoint
gibeon-meteorite,Gibeon Meteorite - 109 Grams,110.0,2017-06-30,109.0,1.01,WorthPoint
gibeon-meteorite,Gibeon Meteorite - 85 Grams,90.0,2017-06-30,85.0,1.06,WorthPoint
gibeon-meteorite,Gibeon Meteorite - 68 Grams,90.0,2017-06-30,68.0,1.32,WorthPoint
gibeon-meteorite,GIBEON Meteorite KILLER Etched Slice 7.69 G. Round Coin 19x4 Mm ETCHED,70.0,2017-06-28,7.69,9.1,WorthPoint
gibeon-meteorite,GORGEOUS 48g ETCHED GIBEON METEORITE PART SLICE W/ BRILLIANT ETCH!!! BEAUTIFUL!,189.95,2017-06-27,48.0,3.96,WorthPoint
gibeon-meteorite,Gibeon Meteorite - 51 Grams,55.0,2017-06-27,51.0,1.08,WorthPoint
gibeon-meteorite,Beautiful And Unique GIBEON IRON NICKEL METEORITE RING 6mm WIDE BAND AAA7,230.0,2017-06-25,,,WorthPoint
gibeon-meteorite,Gibeon Meteorite Slice Weighing 295 Grams - Free Shipping,560.0,2017-06-24,295.0,1.9,WorthPoint
gibeon-meteorite,GIBEON Meteorite KILLER Etched Slice 1.39 G. Round Coin 12x2 Mm ETCHED,10.59,2017-06-24,1.39,7.62,WorthPoint
gibeon-meteorite,Beautiful 1038 Gm Gibeon Meteorite From Namibia ; 2.3 Pounds; Terrific Price,1400.0,2017-06-24,1038.0,1.35,WorthPoint
gibeon-meteorite,Gibeon Meteorite Etched End Cut 19.8 Grams,39.95,2017-06-19,19.8,2.02,WorthPoint
gibeon-meteorite,21.14 Gram Etched GIBEON METEORITE- Etched Specimen Perfect For Jewelry,75.0,2017-06-19,21.14,3.55,WorthPoint
gibeon-meteorite,GIBEON Meteorite KILLER Etched Slice 1.76 G. Round Coin 12x2 Mm ETCHED,10.0,2017-06-15,1.76,5.68,WorthPoint
gibeon-meteorite,Gibeon Meteorite Iron/Nickel Large 107g Fragment W/Scorch Marks - Stand Included,60.0,2017-06-14,107.0,0.56,WorthPoint
gibeon-meteorite,Gibeon Meteorite Etched Unique Shapes 3.5 Grams,14.0,2017-06-14,3.5,4.0,WorthPoint
gibeon-meteorite,"Gibeon Meteorite, Cabbing Rough RH7",15.0,2017-06-13,,,WorthPoint
gibeon-meteorite,"Gibeon Meteorite, 10.0 Grams, Includes Background And History In Display Case",19.95,2017-06-11,10.0,1.99,WorthPoint
gibeon-meteorite,"19-gram (3/4-oz.) Etched GIBEON Meteorite Slice, ~4.5 X 5.0-cm (~1¬æ X 2-in)",32.0,2017-06-10,19.0,1.68,WorthPoint
gibeon-meteorite,Gibeon Meteorite Etched Unique Shapes 5.7 Grams,20.0,2017-06-09,5.7,3.51,WorthPoint
gibeon-meteorite,GORGEOUS 62g ETCHED GIBEON METEORITE PART SLICE W/ BRILLIANT ETCH!!! BEAUTIFUL!,245.0,2017-06-09,62.0,3.95,WorthPoint
gibeon-meteorite,GIBEON Meteorite KILLER Etched Slice 2.53 G. Round Coin 17x1-2 Mm ETCHED,25.0,2017-06-04,2.53,9.88,WorthPoint
gibeon-meteorite,GIBEON Meteorite KILLER Etched Slice 1.30 G. Round Coin 12x1 Mm ETCHED,13.0,2017-06-04,1.3,10.0,WorthPoint
gibeon-meteorite,26.6 Gram Etched GIBEON METEORITE- Etched Specimen Perfect For Jewelry,95.0,2017-06-02,26.6,3.57,WorthPoint
gibeon-meteorite,36.01 Gram Etched GIBEON METEORITE- Etched Specimen Perfect For Jewelry,105.0,2017-06-02,36.01,2.92,WorthPoint
gibeon-meteorite,35.00 Gram Etched GIBEON METEORITE- Etched Specimen Perfect For Jewelry,105.0,2017-06-02,35.0,3.0,WorthPoint
gibeon-meteorite,"9.7 Gram GIBEON Meteorite In ""as Found Condition"" With Natural Patina",20.5,2017-05-28,9.7,2.11,WorthPoint
gibeon-meteorite,"12.05 Gram GIBEON Meteorite In ""as Found Condition"" With Natural Patina",26.0,2017-05-25,12.05,2.16,WorthPoint
gibeon-meteorite,GIBEON Meteorite KILLER Etched Slice 0.71 G. Round Coin 16x1 Mm ETCHED,10.0,2017-05-25,0.71,14.08,WorthPoint
gibeon-meteorite,Gibeon Meteorite Retangle Pendant Necklace On A 23-inch Gunmetal Ball Chain,65.99,2017-05-25,,,WorthPoint
gibeon-meteorite,Gibeon Meteorite Etched Unique Shapes .5 Grams,10.0,2017-05-24,5.0,2.0,WorthPoint
gibeon-meteorite,"Rare GIBEON METEORITE Mounted Display Specimen 10.15 Grams, One Of A Kind!!!",35.0,2017-05-23,10.15,3.45,WorthPoint
gibeon-meteorite,Beautiful Huge 6580 Gm Gibeon Meteorite From Namibia ; 14.5 Pounds,10195.8,2017-05-22,6580.0,1.55,WorthPoint
gibeon-meteorite,Gibeon Meteorite Etched End Cut 11.1 Grams,28.0,2017-05-22,11.1,2.52,WorthPoint
gibeon-meteorite,GIBEON Meteorite KILLER Etched Slice 1.56 G. Round Coin 12x2 Mm ETCHED,15.5,2017-05-17,1.56,9.94,WorthPoint
gibeon-meteorite,GIBEON Meteorite KILLER Etched Slice 2.43 G. Round Coin 9x4 Mm ETCHED,24.0,2017-05-16,2.43,9.88,WorthPoint
gibeon-meteorite,"Rare GIBEON METEORITE Mounted Display Specimen 8.97 Grams, One Of A Kind!!!",35.0,2017-05-13,8.97,3.9,WorthPoint
gibeon-meteorite,"6.83 Gram GIBEON Meteorite In ""as Found Condition"" With Natural Patina",31.2,2017-05-13,6.83,4.57,WorthPoint
gibeon-meteorite,New Zealand Bound Toki Pendant GORGEOUS Gibeon Meteorite 21 Grams,202.39,2017-05-08,21.0,9.64,WorthPoint
gibeon-meteorite,5.27 Grams GIBEON Rare To See As Found Individual 25x14mm Wide Gibeon Meteorite,10.0,2017-05-06,5.27,1.9,WorthPoint
gibeon-meteorite,Gibeon Meteorite Slice- 41 Grams - Iron Meteorite Namibia - Found 1836 - W/Cert.,79.99,2017-05-04,41.0,1.95,WorthPoint
gibeon-meteorite,GORGEOUS 332g ETCHED GIBEON METEORITE FULL SLICE W/ BRILLIANT ETCH!!!,1175.0,2017-05-04,332.0,3.54,WorthPoint
gibeon-meteorite,Gibeon Meteorite Pocket Watch,812.5,2017-04-30,,,WorthPoint
gibeon-meteorite,"9.85 Gram GIBEON Meteorite In ""as Found Condition"" With Natural Patina",59.0,2017-04-30,9.85,5.99,WorthPoint
gibeon-meteorite,"10.32 Gram GIBEON Meteorite In ""as Found Condition"" With Natural Patina",59.0,2017-04-30,10.32,5.72,WorthPoint
gibeon-meteorite,Gibeon Meteorite Slice - 41.73 Grams,90.0,2017-04-28,41.73,2.16,WorthPoint
gibeon-meteorite,Starborn Creations Large Face Gibeon Meteorite Watch - Titanium / Black Leather,298.0,2017-04-27,,,WorthPoint
gibeon-meteorite,30 Grams GIBEON Rare To See As Found Individual 46x30x10mm Gibeon Meteorite,49.0,2017-04-26,30.0,1.63,WorthPoint
gibeon-meteorite,GORGEOUS 32g ETCHED GIBEON METEORITE PART SLICE W/ BRILLIANT ETCH!!! BEAUTIFUL!,129.95,2017-04-21,32.0,4.06,WorthPoint
gibeon-meteorite,Gibeon Meteorite Etched Part Slice 15.8 Grams,38.0,2017-04-20,15.8,2.41,WorthPoint
gibeon-meteorite,GIBEON Meteorite KILLER Etched Slice 1.60 G. Round Coin 10x3 Mm ETCHED,16.0,2017-04-19,1.6,10.0,WorthPoint
gibeon-meteorite,GIBEON Meteorite KILLER Etched Slice 1.39 G. Round Coin 9x3 Mm ETCHED,14.0,2017-04-19,1.39,10.07,WorthPoint
gibeon-meteorite,Amazing 905 Gm. Gibeon Etched Meteorite Slice Professionally Etched!!,2239.2,2017-04-18,905.0,2.47,WorthPoint
gibeon-meteorite,Gibeon Meteorite Etched Unique Shapes 5.5 Grams,19.0,2017-04-17,5.5,3.45,WorthPoint
gibeon-meteorite,Gibeon Meteorite Etched Unique Shape 7.8 Grams,24.0,2017-04-16,7.8,3.08,WorthPoint
gibeon-meteorite,"5.49 Gram GIBEON Meteorite In ""as Found Condition"" With Natural Patina",29.0,2017-04-12,5.49,5.28,WorthPoint
gibeon-meteorite,Gibeon Meteorite Etched End Cut 11 Grams,28.0,2017-04-11,11.0,2.55,WorthPoint
gibeon-meteorite,Gibeon Meteorite Etched Unique Shapes 2 Grams,11.0,2017-04-11,2.0,5.5,WorthPoint
gibeon-meteorite,8.79 Grams GIBEON Rare To See As Found Individual 25x12x9mm Gibeon Meteorite,13.99,2017-04-09,8.79,1.59,WorthPoint
gibeon-meteorite,GIBEON Meteorite KILLER Etched Slice 3.79 G. Round Coin 12x4 Mm ETCHED,38.0,2017-04-09,3.79,10.03,WorthPoint
gibeon-meteorite,GIBEON Meteorite KILLER Etched Slice 8.16 G. Round Coin 20x4 Mm ETCHED,75.0,2017-04-08,8.16,9.19,WorthPoint
gibeon-meteorite,Gibeon Meteorite Etched Part Slice 4.1 Grams,15.0,2017-04-08,4.1,3.66,WorthPoint
gibeon-meteorite,GORGEOUS 173g ETCHED GIBEON METEORITE FULL SLICE W/ BRILLIANT ETCH!!! BEAUTIFUL!,725.0,2017-04-07,173.0,4.19,WorthPoint
gibeon-meteorite,8.65 Grams GIBEON Rare To See As Found Individual 26x10x10mm Gibeon Meteorite,13.99,2017-04-06,8.65,1.62,WorthPoint
gibeon-meteorite,Beautiful 1297gm GIBEON METEORITE - Over 2.5 Pounds - Nice!,1150.0,2017-04-06,1297.0,0.89,WorthPoint
gibeon-meteorite,"Gibeon Meteorite, 9.1 Grams, Includes Background And History, In Display Case",21.0,2017-04-05,9.1,2.31,WorthPoint
gibeon-meteorite,GIBEON Meteorite KILLER Etched Slice 1.08 G. Round Coin 10x2 Mm ETCHED,10.0,2017-04-02,1.08,9.26,WorthPoint
gibeon-meteorite,Gibeon Meteorite Etched Unique Shapes 4.7 Grams,17.0,2017-04-02,4.7,3.62,WorthPoint
gibeon-meteorite,Genuine Large Gibeon Meteorite Sphere 533 Grams ( Super Rare),3000.0,2017-04-02,533.0,5.63,WorthPoint
gibeon-meteorite,35.7 Grams GIBEON Rare To See As Found Individual 40x30x10mm Gibeon Meteorite,69.0,2017-04-01,35.7,1.93,WorthPoint
gibeon-meteorite,Gibeon Meteorite Slice - 15.9 Grams - Iron Meteorite Namibia Africa,64.99,2017-04-01,15.9,4.09,WorthPoint
gibeon-meteorite,Gibeon Meteorite Etched Wedge Slice - Killer Pattern - 88.8 Grams,111.0,2017-03-28,88.8,1.25,WorthPoint
gibeon-meteorite,BEAUTIFUL 172g ETCHED GIBEON METEORITE FULL SLICE W/ BRILLIANT ETCH!!!,775.0,2017-03-23,172.0,4.51,WorthPoint
gibeon-meteorite,Gibeon Meteorite Etched End Cut 9.2 Grams,27.0,2017-03-22,9.2,2.93,WorthPoint
gibeon-meteorite,Gibeon Meteorite Etched Part Slice 4.4 Grams,13.6,2017-03-21,4.4,3.09,WorthPoint
gibeon-meteorite,GORGEOUS 46g ETCHED GIBEON METEORITE PART SLICE W/ BRILLIANT ETCH!!! BEAUTIFUL!,185.0,2017-03-20,46.0,4.02,WorthPoint
gibeon-meteorite,5.288 Grams GIBEON Rare As Found Individual 27x13x5mm Wide Gibeon Meteorite,12.5,2017-03-17,5.288,2.36,WorthPoint
gibeon-meteorite,4.473 Grams GIBEON Rare As Found Individual 26x12x5mm Wide Gibeon Meteorite,11.99,2017-03-17,4.473,2.68,WorthPoint
gibeon-meteorite,2.801 Grams GIBEON Rare As Found Individual 26x8x4mm Wide Gibeon Meteorite,11.5,2017-03-17,2.801,4.11,WorthPoint
gibeon-meteorite,Gibeon Meteorite Endcut - 19 Grams - Iron Meteorite Namibia,90.0,2017-03-17,19.0,4.74,WorthPoint
gibeon-meteorite,1.29 Grams GIBEON Rare To See As Found Individual 12x9mm Wide Gibeon Meteorite,10.5,2017-03-16,1.29,8.14,WorthPoint
gibeon-meteorite,Gibeon Meteorite Etched Part Slice 4.7 Grams,17.0,2017-03-15,4.7,3.62,WorthPoint
gibeon-meteorite,Gibeon Meteorite Endcut With Troilite - 29.7 Grams - Iron Meteorite Namibia,170.0,2017-03-15,29.7,5.72,WorthPoint
gibeon-meteorite,GIBEON Meteorite KILLER Etched Slice 1.04 G. Round Coin 9x2 Mm ETCHED,10.0,2017-03-15,1.04,9.62,WorthPoint
gibeon-meteorite,Gibeon Meteorite Etched Part Slice 4.5 Grams,16.0,2017-03-14,4.5,3.56,WorthPoint
gibeon-meteorite,4.292 Grams GIBEON Rare As Found Individual 30x15x3mm Wide Gibeon Meteorite,11.99,2017-03-14,4.292,2.79,WorthPoint
gibeon-meteorite,Gibeon Meteorite Etched End Cut 6.7 Grams,22.0,2017-03-13,6.7,3.28,WorthPoint
gibeon-meteorite,Gibeon Meteorite - 145 Grams - Whole Iron Meteorite Namibia,500.0,2017-03-13,145.0,3.45,WorthPoint
gibeon-meteorite,Gibeon Meteorite Etched Unique Shape 7 Grams,23.0,2017-03-13,7.0,3.29,WorthPoint
gibeon-meteorite,Gibeon Meteorite Etched Unique Shape 14.9 Grams,37.0,2017-03-12,14.9,2.48,WorthPoint
gibeon-meteorite,Gibeon Meteorite Etched Unique Shapes 5.8 Grams,20.0,2017-03-12,5.8,3.45,WorthPoint
gibeon-meteorite,17.2 Grams GIBEON Rare As Found Individual 60x16x9mm Wide Gibeon Meteorite,27.0,2017-03-12,17.2,1.57,WorthPoint
gibeon-meteorite,"Unique Gibeon Meteorite Collectors Specimen, Mounted For Display, 1 Of A Kind!!!",40.0,2017-03-10,,,WorthPoint
gibeon-meteorite,Gibeon Meteorite Etched Unique Shapes 5.2 Grams,19.0,2017-03-10,5.2,3.65,WorthPoint
gibeon-meteorite,Gibeon Meteorite Etched End Cut 11.2 Grams,29.0,2017-03-10,11.2,2.59,WorthPoint
gibeon-meteorite,11.1 Grams GIBEON Rare As Found Individual 30x13x11mm Wide Gibeon Meteorite,19.0,2017-03-08,11.1,1.71,WorthPoint
gibeon-meteorite,RARE Gibeon Iron Meteorite Cabochon CUSTOM LISTING FOR Ebay Id: Etnoma1,15.0,2017-03-08,,,WorthPoint
gibeon-meteorite,Gibeon Meteorite Slice - 15.4 Grams - Iron Meteorite Namibia,90.0,2017-03-08,15.4,5.84,WorthPoint
gibeon-meteorite,GIBEON Meteorite KILLER Etched Slice 2.41 G. Round Coin 11x3 Mm ETCHED,24.0,2017-03-07,2.41,9.96,WorthPoint
gibeon-meteorite,GIBEON Meteorite KILLER Etched Slice 3.79 G. Round Coin 13x3 Mm ETCHED,38.0,2017-03-07,3.79,10.03,WorthPoint
gibeon-meteorite,Gibeon Meteorite Slice - 19.1 Grams - Iron Meteorite Namibia,105.0,2017-03-06,19.1,5.5,WorthPoint
gibeon-meteorite,Gibeon Meteorite Endcut - 9.2 Grams - Iron Meteorite Namibia,50.0,2017-03-05,9.2,5.43,WorthPoint
gibeon-meteorite,Gibeon Meteorite Etched Part Slice 6.6 Grams,22.0,2017-03-03,6.6,3.33,WorthPoint
gibeon-meteorite,Gibeon Meteorite Etched Unique Shape 3.3 Grams,14.0,2017-03-01,3.3,4.24,WorthPoint
gibeon-meteorite,Gibeon Iron Meteorite ETCHED EGG Carving WIDMANSTATTEN Pattern Specimen SOLID,175.0,2017-03-01,,,WorthPoint
gibeon-meteorite,GIBEON Meteorite KILLER Etched Slice 2.37 G. Round Coin 13x2 Mm ETCHED,20.0,2017-02-26,2.37,8.44,WorthPoint
gibeon-meteorite,GIBEON Meteorite KILLER Etched Slice 1.44 G. Round Coin 13x2 Mm ETCHED,14.0,2017-02-26,1.44,9.72,WorthPoint
gibeon-meteorite,GIBEON Meteorite KILLER Etched Slice 1.52 G. Round Coin 10x2 Mm ETCHED,15.0,2017-02-26,1.52,9.87,WorthPoint
gibeon-meteorite,GIBEON Meteorite KILLER Etched Slice 1.88 G. Round Coin 11x2 Mm ETCHED,19.0,2017-02-25,1.88,10.11,WorthPoint
gibeon-meteorite,GIBEON Meteorite KILLER Etched Slice 1.72 G. Round Coin 9x3 Mm ETCHED,17.0,2017-02-25,1.72,9.88,WorthPoint
gibeon-meteorite,GIBEON Meteorite KILLER Etched Slice 5.13 G. Round Coin 13x5 Mm POLETCHED,40.0,2017-02-25,5.13,7.8,WorthPoint
gibeon-meteorite,GIBEON Meteorite KILLER Etched Slice 3.31 G. Round Coin 12x4 Mm ETCHED,33.0,2017-02-25,3.31,9.97,WorthPoint
gibeon-meteorite,Gibeon Meteorite Mounted Specimens,29.0,2017-02-25,,,WorthPoint
gibeon-meteorite,Gibeon Meteorite Silver Spoon Pendant,35.0,2017-02-25,,,WorthPoint
gibeon-meteorite,"6.25 Gram GIBEON Meteorite In ""as Found Condition"" With Natural Patina",29.0,2017-02-20,6.25,4.64,WorthPoint
gibeon-meteorite,Gibeon Meteorite/194 G/Near Full Slice/Older Etch Both Sides/Nice Surface Area*,379.0,2017-02-18,194.0,1.95,WorthPoint
gibeon-meteorite,GIBEON Meteorite KILLER Etched Slice 0.56 G. Round Coin 12x1 Mm ETCHED,10.0,2017-02-14,0.56,17.86,WorthPoint
gibeon-meteorite,GIBEON Meteorite KILLER Etched Slice 1.06 G. Round Coin 10x1 Mm ETCHED,10.0,2017-02-14,1.06,9.43,WorthPoint
gibeon-meteorite,GIBEON Meteorite KILLER Etched Slice 1.18 G. Round Coin 12x1 Mm ETCHED,10.0,2017-02-13,1.18,8.47,WorthPoint
gibeon-meteorite,Gibeon Meteorite Slice On A Key Chain - 1 Inch By 0.5 Inch Rectangle Specimen,39.99,2017-02-10,,,WorthPoint
gibeon-meteorite,Gibeon Meteorite - A 15.7 Gram Specimen,47.1,2017-02-06,15.7,3.0,WorthPoint
gibeon-meteorite,Gibeon Meteorite Slice - 30.92 Grams,72.0,2017-02-04,30.92,2.33,WorthPoint
gibeon-meteorite,Gibeon Meteorite - A 15.4 Gram Specimen,46.2,2017-02-04,15.4,3.0,WorthPoint
gibeon-meteorite,Gibeon Meteorite Dog Tag (Small) On 23 Inch Gunmetal Ball Chain,59.99,2017-01-27,,,WorthPoint
gibeon-meteorite,Gibeon Meteorite End Piece,875.0,2017-01-26,,,WorthPoint
gibeon-meteorite,"7 GIBEON METEORITE BEADS, 10 -12mm, 31gm Total Weight, Natural Color",180.0,2017-01-25,7.0,25.71,WorthPoint
gibeon-meteorite,Museum Quality Gibeon Meteorite 850 Grams,2000.0,2017-01-24,850.0,2.35,WorthPoint
gibeon-meteorite,Gibeon Iron Meteorite Bead STERLING SILVER Plated Drilled Etched Widmanstatten,19.46,2017-01-23,,,WorthPoint
gibeon-meteorite,"Gibeon Meteorite, Thin Slice 15 Grams",25.0,2017-01-15,15.0,1.67,WorthPoint
gibeon-meteorite,Gibeon Meteorite Slice - 9.8 Grams - Iron Meteorite Namibia,60.0,2017-01-14,9.8,6.12,WorthPoint
gibeon-meteorite,Gibeon Letter Opener Dagger Knife 75.8g Anvil Specimen By Meteorite Men Steve,225.0,2017-01-09,75.8,2.97,WorthPoint
gibeon-meteorite,BEAUTIFUL 266g ETCHED GIBEON METEORITE FULL SLICE W/ BRILLIANT ETCH!!!,995.0,2017-01-08,266.0,3.74,WorthPoint
gibeon-meteorite,Gibeon Iron Meteorite Star Glasses,69.0,2017-01-06,,,WorthPoint
gibeon-meteorite,Gibeon Meteorite Dog Tag Necklace (Large) On 23 Inch Gunmetal Ball Chain,69.99,2017-01-05,,,WorthPoint
gibeon-meteorite,Gibeon Meteorite Core Sample 72 Grams,149.0,2017-01-05,72.0,2.07,WorthPoint
gibeon-meteorite,Gibeon Meteorite Slice - 26.7 Grams - Iron Meteorite Namibia,115.0,2017-01-03,26.7,4.31,WorthPoint
gibeon-meteorite,GIBEON Meteorite KILLER Etched Slice 2.57 G. Round Coin 11x4 Mm ETCHED,22.0,2017-01-02,2.57,8.56,WorthPoint
gibeon-meteorite,GIBEON Meteorite KILLER Etched Slice 1.3 G. Round Coin 10x2 Mm ETCHED,13.0,2016-12-30,1.3,10.0,WorthPoint
gibeon-meteorite,Gibeon Meteorite Slice On A Key Chain: 1.5-inch By 1.0-inch Rectangle Specimen,64.99,2016-12-23,,,WorthPoint
gibeon-meteorite,Gibeon Meteorite 4.1 Grams Part Slice!,16.0,2016-12-19,4.1,3.9,WorthPoint
gibeon-meteorite,Gibeon Meteorite Slice - 10.6 Grams - Iron Meteorite Namibia,36.0,2016-12-19,10.6,3.4,WorthPoint
gibeon-meteorite,Gibeon Meteorite Rare Pyramid,165.0,2016-12-18,,,WorthPoint
gibeon-meteorite,Gibeon Meteorite Sphere 1 3/4 Inch 339 G,950.0,2016-12-14,339.0,2.8,WorthPoint
gibeon-meteorite,Gibeon Meteorite/234 Grams/Etched Monolith/44x30x23 Mm,495.0,2016-12-13,234.0,2.12,WorthPoint
gibeon-meteorite,BEAUTIFUL 209g ETCHED GIBEON METEORITE FULL SLICE W/ BRILLIANT ETCH!!!,785.0,2016-12-12,209.0,3.76,WorthPoint
gibeon-meteorite,Gibeon Letter Opener Dagger Knife 38.7g Anvil Specimen By Meteorite Men Steve,135.0,2016-12-04,38.7,3.49,WorthPoint
gibeon-meteorite,BEAUTIFUL 149g ETCHED GIBEON METEORITE FULL SLICE W/ BRILLIANT ETCH!!!,565.0,2016-12-03,149.0,3.79,WorthPoint
gibeon-meteorite,Gibeon Meteorite - A 19.3 Gram Specimen,57.9,2016-12-02,19.3,3.0,WorthPoint
gibeon-meteorite,Gibeon Iron Meteorite 4.29g Awesome Sculpted Beauty,14.5,2016-11-26,4.29,3.38,WorthPoint
gibeon-meteorite,Gibeon Meteorite End Piece - A 1.9 Pound Specimen,1277.25,2016-11-25,,,WorthPoint
gibeon-meteorite,Gibeon Meteorite Slice - 21.6 Grams - Iron Meteorite Namibia,115.0,2016-11-24,21.6,5.32,WorthPoint
gibeon-meteorite,Gibeon Meteorite Slice On A Key Chain - 1.5 Inch By 1.0 Inch Rectangle Specimen,64.99,2016-11-23,,,WorthPoint
gibeon-meteorite,LARGE Gibeon Iron Meteorite PERFECTLY Etched Cabochon Authentic Specimen Jewelry,105.0,2016-11-22,,,WorthPoint
gibeon-meteorite,GIBEON METEORITE 28 Grams WITH COA VERY NICE SPECIMEN,60.0,2016-11-21,28.0,2.14,WorthPoint
gibeon-meteorite,GIBEON Meteorite KILLER Etched Slice 1.44 G. Round Coin 11x2 Mm ETCHED,14.0,2016-11-18,1.44,9.72,WorthPoint
gibeon-meteorite,GIBEON Meteorite KILLER Etched Slice 2.76 G. Round Coin 13x2 Mm ETCHED,21.0,2016-11-18,2.76,7.61,WorthPoint
gibeon-meteorite,Gibeon Meteroite Slice,575.0,2016-11-17,,,WorthPoint
gibeon-meteorite,Gibeon Meteorite Slice 28 Grams,99.0,2016-11-17,28.0,3.54,WorthPoint
gibeon-meteorite,Gibeon Iron Meteorite Cabochon WIDMANSTATTEN Jewelry HEXAGON Pendant AUTHENTIC,77.0,2016-11-17,,,WorthPoint
gibeon-meteorite,Gibeon Meteorite Slice - 10.7 Grams - Iron Meteorite Namibia,60.0,2016-11-16,10.7,5.61,WorthPoint
gibeon-meteorite,Gibeon Metorite,566.0,2016-11-16,,,WorthPoint
gibeon-meteorite,Amazing 280 Gm. Gibeon Etched Meteorite Slice Professionally Etched!!,791.2,2016-11-15,280.0,2.83,WorthPoint
gibeon-meteorite,Amazing 139 Gm. Gibeon Etched Meteorite Slice Professionally Etched!!,391.2,2016-11-15,139.0,2.81,WorthPoint
gibeon-meteorite,Amazing 116 Gm. Gibeon Etched Meteorite Slice Professionally Etched!!,319.2,2016-11-15,116.0,2.75,WorthPoint
gibeon-meteorite,GIBEON Meteorite KILLER Etched Slice 3.88 G. Round Coin 17x2 Mm ETCHED,35.0,2016-11-13,3.88,9.02,WorthPoint
gibeon-meteorite,Gibeon Iron Meteorite -16.3 Grams Of Dust,21.71,2016-11-12,16.3,1.33,WorthPoint
gibeon-meteorite,Amazing 600 Gm. Gibeon Etched Meteorite Triple Cut Professionally Etched!!,1439.2,2016-11-07,600.0,2.4,WorthPoint
gibeon-meteorite,Gibeon Meteorite Slice - 10.0 Grams - Iron Meteorite Namibia,40.0,2016-10-31,10.0,4.0,WorthPoint
gibeon-meteorite,Gibeon Meteorite Slice - 11.2 Grams - Iron Meteorite Namibia,45.0,2016-10-31,11.2,4.02,WorthPoint
gibeon-meteorite,Amazing 290 Gm. Gibeon Etched Meteorite Slice Professionally Etched!!,799.2,2016-10-31,290.0,2.76,WorthPoint
gibeon-meteorite,Amazing 123 Gm. Gibeon Etched Meteorite Slice Professionally Etched!!,343.2,2016-10-31,123.0,2.79,WorthPoint
gibeon-meteorite,GIBEON Meteorite KILLER Etched Slice 1.42 G. Round Coin 10x2 Mm ETCHED,14.0,2016-10-30,1.42,9.86,WorthPoint
gibeon-meteorite,Amazing 740 Gm. Gibeon Etched Meteorite Slice Professionally Etched!!,1999.2,2016-10-28,740.0,2.7,WorthPoint
gibeon-meteorite,GIBEON METEORITE LARGE FACED SPORT WATCH With EXPANDING BAND,75.0,2016-10-28,,,WorthPoint
gibeon-meteorite,GIBEON Meteorite KILLER Etched Slice 1.25 G. Round Coin 11x1 Mm ETCHED,12.0,2016-10-27,1.25,9.6,WorthPoint
gibeon-meteorite,GIBEON Meteorite KILLER Etched Slice 1.44 G. Round Coin 12x1 Mm ETCHED,14.0,2016-10-22,1.44,9.72,WorthPoint
gibeon-meteorite,Gibeon Meteorite Slice - 18.8 Grams - Iron Meteorite Namibia,75.0,2016-10-17,18.8,3.99,WorthPoint
gibeon-meteorite,Starborn Creations Small Face Gibeon Meteorite Watch - Titanium / Brown Leather,248.0,2016-10-11,,,WorthPoint
gibeon-meteorite,"Gibeon Meteorite Mounted Specimen, 18.76 Grams!!!",49.0,2016-10-08,18.76,2.61,WorthPoint
gibeon-meteorite,Gibeon Meteorite Knife Guard For Custom Made Knives 16.25 Grams,45.0,2016-10-08,16.25,2.77,WorthPoint
gibeon-meteorite,Gibeon Meteorite - A 19.4 Gram Specimen,58.2,2016-10-06,19.4,3.0,WorthPoint
gibeon-meteorite,Gibeon Meteorite Slice - 53.8 Grams,135.0,2016-10-02,53.8,2.51,WorthPoint
gibeon-meteorite,Amazing 130 Gm. Gibeon Etched Meteorite Slice Professionally Etched!!,359.2,2016-10-01,130.0,2.76,WorthPoint
gibeon-meteorite,Awesome 58.98 Gram Etched Gibeon Meteorite Slice From Namibia For Colelction,159.99,2016-09-30,58.98,2.71,WorthPoint
gibeon-meteorite,Gibeon Meteorite 10 Grams Part Slice!,24.61,2016-09-25,10.0,2.46,WorthPoint
gibeon-meteorite,Gibeon Meteorite 9.7 Grams Part Slice!,25.0,2016-09-24,9.7,2.58,WorthPoint
gibeon-meteorite,Gibeon Meteorite 11.6 Grams Part Slice,28.0,2016-09-24,11.6,2.41,WorthPoint
gibeon-meteorite,Amazing 78 Gm. Gibeon Etched Meteorite Slice Professionally Etched!!,215.2,2016-09-15,78.0,2.76,WorthPoint
gibeon-meteorite,Beautiful Huge 1400 Gm Gibeon Meteorite From Namibia ; 3+ Pounds,2545.75,2016-09-08,1400.0,1.82,WorthPoint
gibeon-meteorite,Gibeon Meteorite Slice - 33.7 Grams,81.0,2016-09-08,33.7,2.4,WorthPoint
gibeon-meteorite,GIBEON Meteorite KILLER Etched Slice 3.29 G. Round Coin 15x2 Mm POLETCHED Crust,30.0,2016-09-07,3.29,9.12,WorthPoint
gibeon-meteorite,Gibeon Meteorite Rectangle Specimen On A Key Chain - 1 Inch By 0.5 Inch,39.99,2016-09-02,,,WorthPoint
gibeon-meteorite,XL Gibeon Meteorite - 881 Grams - Widmanstatten Pattern - Uncut,1800.0,2016-08-30,881.0,2.04,WorthPoint
gibeon-meteorite,LOT OF GIBEON METEORITES - Nice Specimens And A Lucite Egg!,153.85,2016-08-28,,,WorthPoint
gibeon-meteorite,GIBEON Meteorite KILLER Etched Slice 2.60 G. Round Coin 15x1-2 Mm POLETCHED,25.0,2016-08-21,2.6,9.62,WorthPoint
gibeon-meteorite,Gibeon Meteorite Slice - A 19.7 Gram Specimen,59.1,2016-08-19,19.7,3.0,WorthPoint
gibeon-meteorite,GIBEON Meteorite KILLER Etched Slice 3.58 G. Round Coin 16x2 Mm POL-ETCHED,28.0,2016-08-18,3.58,7.82,WorthPoint
gibeon-meteorite,Gibeon Meteorite 7.1 Grams Part Slice!,22.0,2016-08-17,7.1,3.1,WorthPoint
gibeon-meteorite,GIBEON Meteorite KILLER Etched Slice 0.95 G. Round Coin 8x3 Mm POL-ETCHED,10.0,2016-08-15,0.95,10.53,WorthPoint
gibeon-meteorite,Gibeon Letter Opener Dagger Knife 55.5g Anvil Specimen By Meteorite Men Steve,153.0,2016-08-14,55.5,2.76,WorthPoint
gibeon-meteorite,"Excellent 12mm (.4"") - 1.5 Gram Etched Iron Nickel Gibeon Iron Meteorite Disc 06",32.19,2016-08-10,1.5,21.46,WorthPoint
gibeon-meteorite,"Excellent 10mm (.4"") - 1.2 Gram Etched Iron Nickel Gibeon Iron Meteorite Disc 08",23.79,2016-08-10,1.2,19.82,WorthPoint
gibeon-meteorite,Beautiful Museum Grade Huge 9970 Gm Gibeon Meteorite From Namibia ; 21.9 Pounds,13595.8,2016-08-10,9970.0,1.36,WorthPoint
gibeon-meteorite,Boker Gibeon Meteorite Damascus Lockblade Knife 2005 MIB 1 Of 75 A KNOCKOUT! NR,955.0,2016-08-05,,,WorthPoint
gibeon-meteorite,Gibeon Letter Opener Dagger Knife 27.5g Anvil Specimen By Meteorite Men Steve,99.0,2016-08-03,27.5,3.6,WorthPoint
gibeon-meteorite,Gibeon Meteorite Specimen On A Key Chain - 1 Inch By 0.5 Inch Rectangle,39.99,2016-08-01,,,WorthPoint
gibeon-meteorite,SOLID Iron Meteorite CUBE Gibeon Carved ETCHED WIDMANSTATTEN Crystal AUTHENTIC!!,260.0,2016-07-30,,,WorthPoint
gibeon-meteorite,Gibeon Meteorite 9 Grams Part Slice!,23.54,2016-07-26,9.0,2.62,WorthPoint
gibeon-meteorite,"Huge Gibeon (?) Meteorite Slab, Take A Look!!",611.57,2016-07-26,,,WorthPoint
gibeon-meteorite,Amazing 33 Gm. Gibeon Etched Meteorite Quad Cut Professionally Etched!!,111.2,2016-07-24,33.0,3.37,WorthPoint
gibeon-meteorite,Gibeon Meteorite 6.4 Grams Part Slice!,18.0,2016-07-22,6.4,2.81,WorthPoint
gibeon-meteorite,14 Pound GIBEON IRON METEORITE,8200.0,2016-07-19,,,WorthPoint
gibeon-meteorite,Amazing 48 Gm. Gibeon Etched Meteorite Slice Professionally Etched!!,135.2,2016-07-16,48.0,2.82,WorthPoint
gibeon-meteorite,Beautiful Huge 8550 Gm Gibeon Meteorite From Namibia ; 18.8 Pounds,11045.8,2016-07-15,8550.0,1.29,WorthPoint
gibeon-meteorite,Beautiful Huge 7100 Gm Gibeon Meteorite From Namibia ; 15.7 Pounds,9345.75,2016-07-15,7100.0,1.32,WorthPoint
gibeon-meteorite,Amazing 62 Gm. Gibeon Etched Meteorite Cube Professionally Etched!!,199.2,2016-07-13,62.0,3.21,WorthPoint
gibeon-meteorite,Amazing 46 Gm. Gibeon Etched Meteorite Multi Cut Professionally Etched!!,151.2,2016-07-12,46.0,3.29,WorthPoint
gibeon-meteorite,Amazing 205 Gm. Gibeon Etched Meteorite Slice Professionally Etched!!,559.2,2016-07-12,205.0,2.73,WorthPoint
gibeon-meteorite,Gibeon Meteorite Etched,46.0,2016-07-09,,,WorthPoint
gibeon-meteorite,Beautiful Huge 970 Gm Gibeon Meteorite From Namibia ; 2.2+ Pounds,1695.75,2016-07-09,970.0,1.75,WorthPoint
gibeon-meteorite,Gibeon Iron Meteorite ETCHED Polished Cabochon Specimen Authenticity Guarenteed,68.0,2016-07-06,,,WorthPoint
gibeon-meteorite,"Gibeon Meteorite Etched Display Speciman Unique Exotic Wood Stand, 51.88 Grams",150.0,2016-07-02,51.88,2.89,WorthPoint
gibeon-meteorite,GIBEON Meteorite KILLER Etched Slice 1.56 G. Round Coin 10x3 Mm,15.0,2016-07-01,1.56,9.62,WorthPoint
gibeon-meteorite,GIBEON Meteorite Dealer/Jewelery Lot OVER HALF KILO IVA Iron,1284.0,2016-06-24,,,WorthPoint
gibeon-meteorite,Gibeon Iron Meteorite 5.09g Awesome Sculpted Beauty,15.0,2016-06-23,5.09,2.95,WorthPoint
gibeon-meteorite,GIBEON Meteorite KILLER Etched Slice 2.27 G. Round Coin 12x2 Mm POL-ETCHED,17.0,2016-06-21,2.27,7.49,WorthPoint
gibeon-meteorite,Amazing 96 Gm. Gibeon Etched Meteorite Slice Professionally Etched!!,311.2,2016-06-19,96.0,3.24,WorthPoint
gibeon-meteorite,Amazing 22.5 Gm. Gibeon Etched Meteorite Quad Cut Professionally Etched!!,71.2,2016-06-17,22.5,3.16,WorthPoint
gibeon-meteorite,Gibeon Meteorite Display Specimens 21.69 Grams,29.95,2016-06-14,21.69,1.38,WorthPoint
gibeon-meteorite,GIBEON Meteorite KILLER Etched Slice 5.05 G. Round Coin 16x3-2 Mm POLETCHED,40.0,2016-06-12,5.05,7.92,WorthPoint
gibeon-meteorite,AUTHENTIC Gibeon Iron Meteorite CRYSTAL RARE Individual Specimen Natural Patina,92.0,2016-06-08,,,WorthPoint
gibeon-meteorite,Amazing 315 Gm. Gibeon Etched Meteorite Slice Professionally Etched!!,799.2,2016-06-08,315.0,2.54,WorthPoint
gibeon-meteorite,Gibeon Meteorite 11.1 Grams Part Slice!,27.0,2016-06-07,11.1,2.43,WorthPoint
gibeon-meteorite,Gibeon Meteorite Titanium Ring With Bevels,300.0,2016-06-03,,,WorthPoint
gibeon-meteorite,Gibeon Meteorite 21 Grams Part Slice!,49.0,2016-06-01,21.0,2.33,WorthPoint
gibeon-meteorite,Amazing 109 Gm. Gibeon Etched Meteorite Slice Professionally Etched!!,351.2,2016-06-01,109.0,3.22,WorthPoint
gibeon-meteorite,"366g Gibeon Meteorite Full Slice, From Anvil Specimen By Meteorite Men Steve",515.0,2016-05-31,366.0,1.41,WorthPoint
gibeon-meteorite,AUTHENTIC Gibeon Iron Meteorite Individual Specimen Natural Patina NAMIBIA,13.5,2016-05-30,,,WorthPoint
gibeon-meteorite,GIBEON Meteorite KILLER Etched Slice 1.23 G. Round Coin 10x2 Mm,12.0,2016-05-28,1.23,9.76,WorthPoint
gibeon-meteorite,GIBEON Meteorite KILLER Etched Slice 1.24 G. Round Coin 9x2 Mm,12.0,2016-05-28,1.24,9.68,WorthPoint
gibeon-meteorite,GIBEON Meteorite KILLER Etched Slice 5.81 G. Razer Thin Slice 53x25x1 Mm,50.0,2016-05-28,5.81,8.61,WorthPoint
gibeon-meteorite,Gibeon Meteorite 12.9 Grams Part Slice!,31.0,2016-05-22,12.9,2.4,WorthPoint
gibeon-meteorite,Amazing 65 Gm. Gibeon Etched Meteorite Slice Professionally Etched!!,183.2,2016-05-20,65.0,2.82,WorthPoint
gibeon-meteorite,GIBEON Meteorite KILLER Etched Slice 5.37 G. Round Coin 15x3 Mm POLETCHED,42.0,2016-05-08,5.37,7.82,WorthPoint
gibeon-meteorite,Gibeon Meteorite Slice 15 G With COA,65.0,2016-05-08,15.0,4.33,WorthPoint
gibeon-meteorite,GIBEON Meteorite KILLER Etched Slice 1.21 G. Round Coin 8x3 Mm,12.0,2016-05-06,1.21,9.92,WorthPoint
gibeon-meteorite,"Meteorite, Gibeon Cube (1cm) 7.4 Grams",34.95,2016-05-04,7.4,4.72,WorthPoint
gibeon-meteorite,Amazing 163 Gm. Gibeon Etched Meteorite Large Slab Professionally Etched!!,455.2,2016-05-03,163.0,2.79,WorthPoint
gibeon-meteorite,AMAZING 44 GRAM Gibeon Carved Iron Meteorite ETCHED CUBE WIDMANSTATTEN Specimen,260.0,2016-05-02,44.0,5.91,WorthPoint
gibeon-meteorite,Gibeon Meteorite 23.3 Grams Part Slice,55.0,2016-05-01,23.3,2.36,WorthPoint
gibeon-meteorite,GIBEON Meteorite KILLER Etched Slice 0.98 G. Round Coin 10x1 Mm,10.0,2016-04-30,0.98,10.2,WorthPoint
gibeon-meteorite,Amazing 22.5 Gm. Gibeon Etched Meteorite Cube Professionally Etched!!,71.2,2016-04-30,22.5,3.16,WorthPoint
gibeon-meteorite,GIBEON Meteorite KILLER Etched Slice 5.65 G. Round Coin 16x3-4 Mm POLETCHED,45.0,2016-04-28,5.65,7.96,WorthPoint
gibeon-meteorite,Gibeon Iron Meteorite ETCHED SLICE WIDMANSTATTEN Cabochon Diamond Gemstone Shape,64.0,2016-04-27,,,WorthPoint
gibeon-meteorite,GIBEON Meteorite KILLER Etched Slice 5.81 G. Round Coin 14x4 Mm,30.0,2016-04-26,5.81,5.16,WorthPoint
gibeon-meteorite,"Gibeon Meteorite Iva Individual, Unique Shape Regmaglypted Iron Nickel Meteorite",1000.0,2016-04-22,,,WorthPoint
gibeon-meteorite,GIBEON Meteorite KILLER Etched Slice 3.78 G. Round Coin 20x1-2 Mm POLETCHED,35.0,2016-04-19,3.78,9.26,WorthPoint
gibeon-meteorite,Amazing 184 Gm. Gibeon Etched Meteorite Large Slab Professionally Etched!!,439.2,2016-04-17,184.0,2.39,WorthPoint
gibeon-meteorite,Starborn Creations Sterling Silver Gibeon Meteorite Loop Unisex Pendant EP0009,138.0,2016-04-15,,,WorthPoint
gibeon-meteorite,Beautiful Huge 12340 Gm Gibeon Meteorite From Namibia ; 27.2 Pounds,14445.8,2016-04-13,12340.0,1.17,WorthPoint
gibeon-meteorite,One Of A Kind 1780 Gm. Gibeon Etched Meteorite Pair Professionally Etched!!,3199.99,2016-04-11,1780.0,1.8,WorthPoint
gibeon-meteorite,Gibeon Iron Meteorite 3.32g Awesome Sculpted Beauty,13.0,2016-04-10,3.32,3.92,WorthPoint
gibeon-meteorite,Amazing 37.75 Gm. Gibeon Etched Meteorite Cube Professionally Etched!!,127.2,2016-04-09,37.75,3.37,WorthPoint
gibeon-meteorite,NWT Starborn Creations Sterling Silver Gibeon Meteorite Loop Unisex Pendant-EP09,138.0,2016-04-08,,,WorthPoint
gibeon-meteorite,Gibeon Meteorite 42.9 Grams Part Slice,98.0,2016-04-08,42.9,2.28,WorthPoint
gibeon-meteorite,BEAUTIFUL 364g ETCHED GIBEON METEORITE END CUT W/ BRILLIANT ETCH!!!,1095.0,2016-04-08,364.0,3.01,WorthPoint
gibeon-meteorite,BEAUTIFUL 184g ETCHED GIBEON METEORITE FULL SLICE W/ BRILLIANT ETCH!!!,555.0,2016-04-06,184.0,3.02,WorthPoint
gibeon-meteorite,Small Gibeon Meteorite Slice,13.0,2016-04-06,,,WorthPoint
gibeon-meteorite,Gibeon Meteorite 16.7 Grams Part Slice!,40.0,2016-04-06,16.7,2.4,WorthPoint
gibeon-meteorite,Beautiful Huge 12550 Gm Gibeon Meteorite From Namibia ; 27.6 Pounds,14445.8,2016-04-04,12550.0,1.15,WorthPoint
gibeon-meteorite,Amazing 39 Gm. Gibeon Etched Meteorite Slice Professionally Etched!!,127.2,2016-04-02,39.0,3.26,WorthPoint
gibeon-meteorite,GIBEON Meteorite KILLER Etched Slice 10.18 G. Round Coin 19x4 Mm,40.0,2016-03-31,10.18,3.93,WorthPoint
gibeon-meteorite,GIBEON Meteorite KILLER Etched Slice 16.97 G. Round Coin 29x4 Mm BIG,60.0,2016-03-31,16.97,3.54,WorthPoint
gibeon-meteorite,Gibeon Meteorite 25.3 Grams Part Slice!,59.0,2016-03-31,25.3,2.33,WorthPoint
gibeon-meteorite,Gibeon Meteorite 11.2 Grams Part Slice!,28.0,2016-03-26,11.2,2.5,WorthPoint
gibeon-meteorite,Gibeon Meteorite 24.3 Grams Part Slice!,57.0,2016-03-25,24.3,2.35,WorthPoint
gibeon-meteorite,Gibeon Meteorite 18.4 Grams Part Slice!,44.0,2016-03-25,18.4,2.39,WorthPoint
gibeon-meteorite,Amazing 157 Gm. Gibeon Etched Meteorite Large Slab Professionally Etched!!,439.2,2016-03-22,157.0,2.8,WorthPoint
gibeon-meteorite,Gibeon Meteorite Free Form Slice - 16.5 Grams - Namibia Iron Meteorite,60.0,2016-03-21,16.5,3.64,WorthPoint
gibeon-meteorite,Gibeon Meteorite 8 Grams Part Slice!,22.0,2016-03-21,8.0,2.75,WorthPoint
gibeon-meteorite,Gibeon Meteorite 9.6 Grams Part Slice!,25.0,2016-03-19,9.6,2.6,WorthPoint
gibeon-meteorite,Gibeon Iron Meteorite Cabochon Jewelry Specimen Authentic PROFESSIONALLY Etched,34.5,2016-03-17,,,WorthPoint
gibeon-meteorite,Gibeon Meteorite 21.3 Grams Part Slice!,50.0,2016-03-16,21.3,2.35,WorthPoint
gibeon-meteorite,Gibeon Meteorite 3.8 Grams Part Slice!,14.0,2016-03-12,3.8,3.68,WorthPoint
gibeon-meteorite,Amazing 28 Gm. Gibeon Etched Meteorite Slice Professionally Etched!!,92.0,2016-03-11,28.0,3.29,WorthPoint
gibeon-meteorite,"Gibeon Meteorite Specimen With Jump Ring On Key Chain - 1"" X 1/2"" Rectangle",39.99,2016-03-03,,,WorthPoint
gibeon-meteorite,Amazing 26.4 Gm. Gibeon Etched Meteorite Quad Cut Professionally Etched!!,87.2,2016-03-02,26.4,3.3,WorthPoint
gibeon-meteorite,GIBEON Meteorite KILLER Etched Slice 3.02 G. Round Coin 14x2 Mm POLETCHED,30.0,2016-03-01,3.02,9.93,WorthPoint
gibeon-meteorite,GIBEON Meteorite KILLER Etched Slice 3.93 G. Round Coin 14x3-4 Mm POLETCHED,30.0,2016-03-01,3.93,7.63,WorthPoint
gibeon-meteorite,5 Pcs Gibeon Carved Iron Meteorite ETCHED SPHERE BEAD WIDMANSTATTEN LOT Beads,450.0,2016-03-01,,,WorthPoint
gibeon-meteorite,Gibeon Meteorite Etched Sphere - 41.7 Grams - Namibia Iron Meteorite,250.0,2016-02-29,41.7,6.0,WorthPoint
gibeon-meteorite,GIBEON Meteorite KILLER Etched Slice 17.97 G. Round Coin 33x3 Mm BIG,65.0,2016-02-28,17.97,3.62,WorthPoint
gibeon-meteorite,"Gibeon Meteorite Specimen Attached To A Keychain - 1"" X 1/2"" Rectangle",39.99,2016-02-28,,,WorthPoint
gibeon-meteorite,Men's Gibeon Meteorite Ring,92.0,2016-02-21,,,WorthPoint
gibeon-meteorite,GIBEON Meteorite KILLER Etched Slice 1.10 G. Round Coin 10x2 Mm,10.0,2016-02-18,1.1,9.09,WorthPoint
gibeon-meteorite,Space Moon GIBEON Meteorite KILLER Etched Sphere 3.09 G. 9 Mm,29.0,2016-02-16,3.09,9.39,WorthPoint
gibeon-meteorite,GIBEON Meteorite KILLER Etched Slice 5.63 G. Round Coin 19x2 Mm,28.0,2016-02-16,5.63,4.97,WorthPoint
gibeon-meteorite,Gibeon Iron Meteorite 2.54g Awesome Sculpted Beauty,15.5,2016-02-13,2.54,6.1,WorthPoint
gibeon-meteorite,RARE Gibeon Iron Meteorite ETCHED SLICE WIDMANSTATTEN Specimen Heart GIFT NR!,68.0,2016-02-13,,,WorthPoint
gibeon-meteorite,Gibeon Meteorite 8.3 Grams Part Slice!,22.0,2016-02-11,8.3,2.65,WorthPoint
gibeon-meteorite,"Gibeon Meteorite ""blade"" Pendant",54.99,2016-02-11,,,WorthPoint
gibeon-meteorite,Gibeon Meteorite 15.2 Grams Part Slice!,37.0,2016-02-09,15.2,2.43,WorthPoint
gibeon-meteorite,"Excellent 12mm (.5"") - 2.5 Gram Etched Iron Nickel Gibeon Iron Meteorite Disc",24.99,2016-02-09,2.5,10.0,WorthPoint
gibeon-meteorite,Gibeon Iron Meteorite PERFECTLY Etched Cabochon Jewelry Specimen Authentic,19.5,2016-02-07,,,WorthPoint
gibeon-meteorite,Gibeon Meteorite 14.4 Grams Part Slice!,35.0,2016-02-07,14.4,2.43,WorthPoint
gibeon-meteorite,Gibeon Iron Meteorite 3.05g Awesome Sculpted Beauty,10.0,2016-02-06,3.05,3.28,WorthPoint
gibeon-meteorite,Amazing 120 Gm. Gibeon Etched Meteorite Triple Cut Professionally Etched!!,319.2,2016-02-06,120.0,2.66,WorthPoint
gibeon-meteorite,"Genuine Gibeon Meteorite Dust Vial Pendant On Black Cotton Cord, EP0019",25.0,2016-02-05,,,WorthPoint
gibeon-meteorite,GIBEON Meteorite KILLER Etched Slice 3.53 G. Round Coin 16x2 Mm,24.5,2016-02-03,3.53,6.94,WorthPoint
gibeon-meteorite,Amazing 41 Gm. Gibeon Etched Meteorite Cube Professionally Etched!!,169.0,2016-01-31,41.0,4.12,WorthPoint
gibeon-meteorite,Amazing 23.75 Gm. Gibeon Etched Meteorite Slice Professionally Etched!!,95.0,2016-01-30,23.75,4.0,WorthPoint
gibeon-meteorite,"Gibeon Meteorite 56.8g Part Slice, From Anvil Specimen By Meteorite Men Steve",130.0,2016-01-28,56.8,2.29,WorthPoint
gibeon-meteorite,AMAZING Gibeon Carved Iron Meteorite ETCHED SPHERE BEAD WIDMANSTATTEN Specimen,39.95,2016-01-25,,,WorthPoint
gibeon-meteorite,GIBEON Meteorite KILLER Etched Slice 6.50 G. Round Coin 15x4 Mm,45.0,2016-01-24,6.5,6.92,WorthPoint
gibeon-meteorite,Amazing 175 Gm. Gibeon Etched Meteorite Cube Professionally Etched!!,559.2,2016-01-24,175.0,3.2,WorthPoint
gibeon-meteorite,Amazing 15.5 Gm. Gibeon Etched Meteorite Slice Professionally Etched!!,49.6,2016-01-21,15.5,3.2,WorthPoint
gibeon-meteorite,Amazing 38 Gm. Gibeon Etched Meteorite Cube Professionally Etched!!,127.2,2016-01-21,38.0,3.35,WorthPoint
gibeon-meteorite,133 Pound GIBEON IRON METEORITE,48000.0,2016-01-19,,,WorthPoint
gibeon-meteorite,Gibeon Iron Meteorite Sphere ETCHED WIDMANSTATTEN Marble Natural Silver Color,19.5,2016-01-18,,,WorthPoint
gibeon-meteorite,Amazing 19.2 Gm. Gibeon Etched Meteorite Quad Cut Professionally Etched!!,63.2,2016-01-16,19.2,3.29,WorthPoint
gibeon-meteorite,Amazing 13.3 Gm. Gibeon Etched Meteorite Slice Professionally Etched!!,44.0,2016-01-13,13.3,3.31,WorthPoint
gibeon-meteorite,Amazing 11.1 Gm. Gibeon Etched Meteorite Slice Professionally Etched!!,36.0,2016-01-13,11.1,3.24,WorthPoint
gibeon-meteorite,GIBEON Meteorite KILLER Etched Slice 3.62 G. Round Coin 13x2 Mm,28.0,2016-01-11,3.62,7.73,WorthPoint
gibeon-meteorite,Amazing 81 Gm. Gibeon Etched Meteorite Cube Professionally Etched!!,263.2,2016-01-11,81.0,3.25,WorthPoint
gibeon-meteorite,Amazing 16.1 Gm. Gibeon Etched Meteorite Slice Professionally Etched!!,52.0,2016-01-02,16.1,3.23,WorthPoint
gibeon-meteorite,Amazing 20 Gm. Gibeon Etched Meteorite Slice Professionally Etched!!,80.0,2015-12-31,20.0,4.0,WorthPoint
gibeon-meteorite,Amazing 110 Gm. Gibeon Etched Meteorite Large Slab Professionally Etched!!,399.0,2015-12-31,110.0,3.63,WorthPoint
gibeon-meteorite,"278g Gibeon Meteorite Full Slice, From Anvil Specimen By Meteorite Men Steve",555.0,2015-12-30,278.0,2.0,WorthPoint
gibeon-meteorite,Amazing 18.75 Gm. Gibeon Etched Meteorite Slice Professionally Etched!!,76.0,2015-12-29,18.75,4.05,WorthPoint
gibeon-meteorite,Amazing 17.5 Gm. Gibeon Etched Meteorite Slice Professionally Etched!!,70.0,2015-12-28,17.5,4.0,WorthPoint
gibeon-meteorite,Gibeon Meteorite & Black Onyx 925 Sterling Silver Pendant Jewelry SP78111,22.0,2015-12-27,,,WorthPoint
gibeon-meteorite,Gibeon Meteorite 925 Sterling Silver Ring Jewelry S.8 SR63761,12.5,2015-12-26,,,WorthPoint
gibeon-meteorite,Amazing 1160 Gm. Gibeon Etched Meteorite End Cut Professionally Etched!!,1899.0,2015-12-25,1160.0,1.64,WorthPoint
gibeon-meteorite,Amazing 16.45 Gm. Gibeon Etched Meteorite Slice Professionally Etched!!,66.0,2015-12-25,16.45,4.01,WorthPoint
gibeon-meteorite,Amazing 14.5 Gm. Gibeon Etched Meteorite Slice Professionally Etched!!,58.0,2015-12-24,14.5,4.0,WorthPoint
gibeon-meteorite,4.77 Gram GIBEON Rare To See As Found Individuals Gibeon Meteorite,11.0,2015-12-23,4.77,2.31,WorthPoint
gibeon-meteorite,7.52 Gram GIBEON Rare To See As Found Individuals Gibeon Meteorite,17.0,2015-12-23,7.52,2.26,WorthPoint
gibeon-meteorite,Gibeon Meteorite 925 Sterling Silver Ring Jewelry S.7.5 SR64556,13.38,2015-12-19,,,WorthPoint
gibeon-meteorite,Amazing 13.1 Gm. Gibeon Etched Meteorite Slice Professionally Etched!!,67.0,2015-12-19,13.1,5.11,WorthPoint
gibeon-meteorite,"Sterling Silver 1-3/4"" Gibeon Meteorite Pendant Necklace P152601",159.99,2015-12-19,,,WorthPoint
gibeon-meteorite,Gibeon Meteorite Free Form Slice - 17.5 Grams - Namibia Iron Meteorite,70.0,2015-12-19,17.5,4.0,WorthPoint
gibeon-meteorite,Gibeon Meteorite 7.9 Grams Part Slice,21.0,2015-12-17,7.9,2.66,WorthPoint
gibeon-meteorite,Amazing 16.75 Gm. Gibeon Etched Meteorite Slice Professionally Etched!!,74.0,2015-12-17,16.75,4.42,WorthPoint
gibeon-meteorite,Amazing 15.4 Gm. Gibeon Etched Meteorite Slice Professionally Etched!!,69.0,2015-12-17,15.4,4.48,WorthPoint
gibeon-meteorite,Amazing 32.5 Gm. Gibeon Etched Meteorite Slice Professionally Etched!!,129.0,2015-12-17,32.5,3.97,WorthPoint
gibeon-meteorite,Amazing 14.1 Gm. Gibeon Etched Meteorite Slice Professionally Etched!!,69.0,2015-12-17,14.1,4.89,WorthPoint
gibeon-meteorite,Amazing 109 Gm. Gibeon Etched Meteorite Large Slab Professionally Etched!!,399.0,2015-12-17,109.0,3.66,WorthPoint
gibeon-meteorite,AMAZING 65gram Gibeon Carved Iron Meteorite ETCHED SPHERE WIDMANSTATTEN Specimen,385.0,2015-12-16,65.0,5.92,WorthPoint
gibeon-meteorite,AMAZING 4 1/2 OZ Gibeon Carved Iron Meteorite ETCHED CUBE WIDMANSTATTEN Specimen,740.0,2015-12-15,56.7,13.05,WorthPoint
gibeon-meteorite,Amazing 175 Gm. Gibeon Etched Meteorite Large Slab Professionally Etched!!,609.0,2015-12-14,175.0,3.48,WorthPoint
gibeon-meteorite,Gibeon Meteorite Blade Blank Namibia Africa Dagger Double Edge Antler Handle,400.0,2015-12-13,,,WorthPoint
gibeon-meteorite,"Gibeon Meteorite, Natural Patina - 81 Grams",77.5,2015-12-13,81.0,0.96,WorthPoint
gibeon-meteorite,Gibeon Meteorite 15.6 Grams Part Slice,38.0,2015-11-22,15.6,2.44,WorthPoint
gibeon-meteorite,Amazing 164 Gm. Gibeon Etched Meteorite Large Slab Professionally Etched!!,499.0,2015-11-21,164.0,3.04,WorthPoint
gibeon-meteorite,Amazing 124 Gm. Gibeon Etched Meteorite Large Slab Professionally Etched!!,439.0,2015-11-21,124.0,3.54,WorthPoint
gibeon-meteorite,Gibeon Iron Meteorite 6.13 Grams Individual As Found!,12.0,2015-11-19,6.13,1.96,WorthPoint
gibeon-meteorite,Gibeon Meteorite 925 Sterling Silver Ring Jewelry S.7.5 SR39286,24.5,2015-11-15,,,WorthPoint
gibeon-meteorite,Gibeon Meteorite 6.5 Grams Part Slice,18.0,2015-11-14,6.5,2.77,WorthPoint
gibeon-meteorite,"""Sacred Angel Wings"" Gibeon Meteorite 925 Silver Pendant Jewelry SP62225",14.99,2015-11-13,,,WorthPoint
gibeon-meteorite,Smoky Topaz & Gibeon Meteorite 925 Sterling Silver Pendant Jewelry SP32579,23.5,2015-11-13,,,WorthPoint
gibeon-meteorite,Gibeon Meteorite 19.2 Grams Part Slice!,46.0,2015-11-12,19.2,2.4,WorthPoint
gibeon-meteorite,5.52 Gram GIBEON Polished Individual 28x13x8mm Wide Gibeon Meteorite,14.99,2015-11-12,5.52,2.72,WorthPoint
gibeon-meteorite,18g Native American Reproduction Gibeon Meteorite 925 Silver Bracelet BA509,14.19,2015-10-08,18.0,0.79,WorthPoint
gibeon-meteorite,Invicta # 5759 Men's Lupah Gibeon Meteorite Dial Automatic Watch,345.0,2015-10-05,,,WorthPoint
gibeon-meteorite,Gibeon Iron Meteorite,2750.0,2015-10-04,,,WorthPoint
gibeon-meteorite,Gibeon Crystal,175.0,2015-10-04,,,WorthPoint
gibeon-meteorite,Gibeon Slice,237.5,2015-10-01,,,WorthPoint
gibeon-meteorite,Gibeon Iron,137.5,2015-09-24,,,WorthPoint
gibeon-meteorite,GIBEON METEORITE STARDUST X 2 Gibeon SRC 4 & 7 Meteor Space Nestle,7.53,2015-03-07,2.0,3.77,WorthPoint
gibeon-meteorite,Gibeon Meteorite Stardust SRC 4 Meteor Nestle - Sealed In Original Packaging,5.83,2015-02-21,,,WorthPoint
gibeon-meteorite,Gibeon Meteorite 9.1 Grams Part Slice!,16.0,2014-11-26,9.1,1.76,WorthPoint
gibeon-meteorite,Gibeon Meteorite 25.4 Grams Part Slice!,45.0,2014-11-26,25.4,1.77,WorthPoint
gibeon-meteorite,Gibeon Meteorite 16.4 Grams Part Slice!,31.0,2014-11-26,16.4,1.89,WorthPoint
gibeon-meteorite,Gibeon Meteorite 16.9 Grams Part Slice!,31.0,2014-11-26,16.9,1.83,WorthPoint
gibeon-meteorite,Gibeon Meteorite: 27.5 Gram Etched Slice,49.0,2014-11-22,27.5,1.78,WorthPoint
gibeon-meteorite,Lot Of Three Small Bright Etched GIBEON Meteorite Slices! 15.26gr,49.99,2014-11-22,15.26,3.28,WorthPoint
gibeon-meteorite,Meteorite Gibeon Sphere 3.9 Grams (10 Mm) Meteorite,15.57,2014-11-21,3.9,3.99,WorthPoint
gibeon-meteorite,Meteorite Gibeon Sphere 3. Grams (9mm) Meteorite,10.5,2014-11-21,3.0,3.5,WorthPoint
gibeon-meteorite,Gibeon Meteorite: 9.1 Gram Etched Slice,21.21,2014-11-18,9.1,2.33,WorthPoint
gibeon-meteorite,Gibeon Meteorite 5.5 Grams Part Slice!,16.0,2014-11-15,5.5,2.91,WorthPoint
gibeon-meteorite,Gibeon Meteorite: 21.5 Gram Etched Slice,49.0,2014-11-15,21.5,2.28,WorthPoint
gibeon-meteorite,Gibeon Iron Meteorite 14.02g Awesome Sculpted Beauty,19.0,2014-11-15,14.02,1.36,WorthPoint
gibeon-meteorite,An Etched GIBEON Meteorite End Cut Or Slice! 5.1gr,12.99,2014-11-11,5.1,2.55,WorthPoint
gibeon-meteorite,Gibeon Meteorite: 18.6 Gram Etched Slice,33.0,2014-11-11,18.6,1.77,WorthPoint
gibeon-meteorite,Gibeon Meteorite: 54.9 Gram Etched Corner Cut,76.01,2014-11-08,54.9,1.38,WorthPoint
gibeon-meteorite,Gibeon Iron Meteorite 15.74g Awesome Sculpted Beauty,22.0,2014-11-08,15.74,1.4,WorthPoint
gibeon-meteorite,Gibeon Meteorite 7.4 Grams Part Slice!,19.0,2014-11-08,7.4,2.57,WorthPoint
gibeon-meteorite,"4.9g Whole Specimin Gibeon Meteorite, Great Namaqualand, Namibia",10.0,2014-11-07,4.9,2.04,WorthPoint
gibeon-meteorite,A Small And Complete 100% Natural GIBEON Meteorite 5.5gr,19.99,2014-11-07,5.5,3.63,WorthPoint
gibeon-meteorite,A Bright Etched GIBEON Meteorite Slice! 16.4gr,39.99,2014-11-03,16.4,2.44,WorthPoint
gibeon-meteorite,Gibeon Meteorite 12.7 Grams Part Slice!!,25.0,2014-11-02,12.7,1.97,WorthPoint
gibeon-meteorite,Gibeon Meteorite: 37.2 Gram Etched Block,28.76,2014-11-01,37.2,0.77,WorthPoint
gibeon-meteorite,GIBEON METEORITE STARDUST SRC 4 Meteor Space Nestle,8.06,2014-10-30,,,WorthPoint
gibeon-meteorite,GIBEON METEORITE STARDUST SRC 6 Meteor Space Nestle,8.06,2014-10-30,,,WorthPoint
gibeon-meteorite,GIBEON METEORITE STARDUST SRC 2 Meteor Space Nestle,8.06,2014-10-30,,,WorthPoint
gibeon-meteorite,GIBEON METEORITE STARDUST SRC 8 Meteor Space Nestle,8.06,2014-10-30,,,WorthPoint
gibeon-meteorite,GIBEON METEORITE STARDUST SRC 3 Meteor Space Nestle,8.06,2014-10-30,,,WorthPoint
gibeon-meteorite,Gibeon Meteorite: 18.5 Gram Etched Slice,25.39,2014-10-25,18.5,1.37,WorthPoint
gibeon-meteorite,Gibeon Meteorite: 9.6 Gram Etched Slice,13.59,2014-10-21,9.6,1.42,WorthPoint
gibeon-meteorite,Gibeon Meteorite Etched Sphere - 30 Grams - Namibia Iron Meteorite,180.0,2014-10-21,30.0,6.0,WorthPoint
gibeon-meteorite,Gibeon Meteorite: 20.7 Gram Etched Slice,28.0,2014-10-18,20.7,1.35,WorthPoint
gibeon-meteorite,Gibeon Iron Meteorite 10.97g Awesome Sculpted Beauty,20.0,2014-10-16,10.97,1.82,WorthPoint
gibeon-meteorite,Gibeon Meteorite: 9.1 Gram Etched Corner Cut,11.61,2014-10-14,9.1,1.28,WorthPoint
gibeon-meteorite,"+++ Sharp Gibeon Meteorite Gibeon, Namibia 268.2 Grams +++",350.0,2014-10-02,268.2,1.3,WorthPoint
gibeon-meteorite,Gibeon Meteorite 6.2kg,4061.0,2014-09-28,6200.0,0.66,WorthPoint
gibeon-meteorite,Slice Of Gibeon: From The Deserts Of Namibia,1375.0,2014-09-28,,,WorthPoint
gibeon-meteorite,Guitar Pick Gibeon Meteorite Iron Nickel Etched Widmanstatten Pattern 4.77 Grams,159.99,2014-08-20,4.77,33.54,WorthPoint
gibeon-meteorite,ETCHED 230 GM. GIBEON METEORITE END CUT*Widmanst√§tten Patterns,163.5,2014-07-05,230.0,0.71,WorthPoint
gibeon-meteorite,"Meteorite Bead, Gibeon Iron. 12mm / 6. Gram's",24.95,2014-07-03,6.0,4.16,WorthPoint
gibeon-meteorite,DAMASCUS Steel Pendant Or Necklace 30% GIBEON METEORITE!,89.99,2014-07-03,,,WorthPoint
gibeon-meteorite,Large Gibeon Iron Authentic Meteorite,1741.17,2014-07-02,,,WorthPoint
gibeon-meteorite,"GIBEON METEORITE SLICE 64 GRAMS, Oak Base Namibia Africa",99.0,2014-07-01,64.0,1.55,WorthPoint
gibeon-meteorite,Gibeon Meteorite 53.3 Grams Slice!,89.04,2014-06-28,53.3,1.67,WorthPoint
gibeon-meteorite,Gibeon Meteorite 45.1 Grams Slice!,76.32,2014-06-28,45.1,1.69,WorthPoint
gibeon-meteorite,Gibeon Meteorite 54.7 Grams Slice!,91.16,2014-06-28,54.7,1.67,WorthPoint
gibeon-meteorite,Gibeon Meteorite 47 Grams Slice!,79.5,2014-06-28,47.0,1.69,WorthPoint
gibeon-meteorite,Gibeon Meteorite 25.3 Grams Slice!,57.24,2014-06-28,25.3,2.26,WorthPoint
gibeon-meteorite,Gibeon Meteorite 45.8 Grams Slice!,77.38,2014-06-28,45.8,1.69,WorthPoint
gibeon-meteorite,Gibeon Meteorite 71.4 Grams Slice!,116.6,2014-06-28,71.4,1.63,WorthPoint
gibeon-meteorite,Gibeon Meteorite 52.2 Grams Slice!,86.92,2014-06-28,52.2,1.67,WorthPoint
gibeon-meteorite,Gibeon Meteorite As Found 12.85 Grams Old Stock,12.0,2014-06-24,12.85,0.93,WorthPoint
gibeon-meteorite,Gibeon Meteorite 39.5 Grams Slice!,45.05,2014-06-24,39.5,1.14,WorthPoint
gibeon-meteorite,"Gibeon, Etched Slice, Museum Piece, 1 Kg",892.0,2014-06-23,1000.0,0.89,WorthPoint
gibeon-meteorite,Gibeon Iron Meteorite 13.56g Awesome Sculpted Beauty,20.5,2014-06-21,13.56,1.51,WorthPoint
gibeon-meteorite,Small Face Gibeon Meteorite Watch - Titanium / Black Leather,248.0,2014-06-20,,,WorthPoint
gibeon-meteorite,Gibeon Iron Nickel Meteorite 228 Grams,101.81,2014-06-18,228.0,0.45,WorthPoint
gibeon-meteorite,Gibeon Iron Meteorite 31.18g Awesome Sculpted Beauty,43.0,2014-06-14,31.18,1.38,WorthPoint
gibeon-meteorite,An Etched GIBEON Meteorite Slice 11.8 Gr!,54.99,2014-06-12,11.8,4.66,WorthPoint
gibeon-meteorite,Gibeon Iron Meteorite 10.78g Awesome Sculpted Beauty,15.0,2014-06-07,10.78,1.39,WorthPoint
gibeon-meteorite,Bright Etched GIBEON METEORITE Slice NECKLACE !! Wear A Falling Star!! Gn1,49.99,2014-06-07,,,WorthPoint
gibeon-meteorite,Beautiful Natural Etched Slab Of A Gibeon Meteorite Iron From Namibia 88.9 G,175.0,2014-06-04,88.9,1.97,WorthPoint
gibeon-meteorite,Gibeon Meteorite 18 Grams Slice!,27.03,2014-06-03,18.0,1.5,WorthPoint
gibeon-meteorite,Gibeon Meteorite 33.8 Grams Slice!,48.65,2014-06-03,33.8,1.44,WorthPoint
gibeon-meteorite,Gibeon Iron Meteorite 11.31g Awesome Sculpted Beauty,24.5,2014-05-31,11.31,2.17,WorthPoint
gibeon-meteorite,12.77lb Gibeon Meteorite Museum Quality Specimen With Hole!,4200.0,2014-05-30,5792.472,0.73,WorthPoint
gibeon-meteorite,Gibeon Nickel-iron Meteorite,65.0,2014-05-26,,,WorthPoint
gibeon-meteorite,A Bright Etched GIBEON Meteorite Slice! 12.4gr,49.99,2014-05-26,12.4,4.03,WorthPoint
gibeon-meteorite,Sterling Silver Caged Gibeon Meteorite Pendant - EP0002,89.0,2014-05-22,,,WorthPoint
gibeon-meteorite,A Bright Etched GIBEON Meteorite Slice! 18.0gr,79.99,2014-05-21,18.0,4.44,WorthPoint
gibeon-meteorite,23.79 Gram **GIBEON METEORITE**,32.0,2014-04-22,23.79,1.35,WorthPoint
gibeon-meteorite,A BIG Etched GIBEON Meteorite End Cut With REGMAGLYPTS! 373.7gr,699.99,2014-04-20,373.7,1.87,WorthPoint
gibeon-meteorite,Meteorite Pocket Watch Gibeon Face 2,235.0,2014-04-17,,,WorthPoint
gibeon-meteorite,GIBEON MeTeOrItE Specimen MATCHED PAIR! For Earrings Jewelry 26mm X 6mm X 2.5mm,19.0,2014-04-16,,,WorthPoint
gibeon-meteorite,Meteorite GIBEON With - Etched Slice 114.2 G With Widmanstatten Pattern,142.5,2014-04-14,114.2,1.25,WorthPoint
gibeon-meteorite,Gibeon Meteorite 55.3 Grams Slice!,93.28,2014-04-14,55.3,1.69,WorthPoint
gibeon-meteorite,Gibeon Meteorite Rare Cut,150.0,2014-04-13,,,WorthPoint
gibeon-meteorite,6.45 Gram **GIBEON METEORITE**,13.0,2014-04-12,6.45,2.02,WorthPoint
gibeon-meteorite,GIBEON Iron Meteorite Resin Ring Size 5 3/4 ID 17mm,26.0,2014-04-12,,,WorthPoint
gibeon-meteorite,10.45 Gram **GIBEON METEORITE**,14.5,2014-04-09,10.45,1.39,WorthPoint
gibeon-meteorite,Small Complete GIBEON Meteorite Individual ! 7.7gr,24.99,2014-04-09,7.7,3.25,WorthPoint
gibeon-meteorite,A Bright Etched GIBEON Meteorite Slice! 5.9gr,39.99,2014-04-08,5.9,6.78,WorthPoint
gibeon-meteorite,TT9 AAA Excellently Rare Precious Gibeon Silver Meteorite Bead 6mm,20.0,2014-04-01,,,WorthPoint
gibeon-meteorite,Gibeon Iron Meteorite 24.67g Awesome Sculpted Beauty,47.0,2014-03-30,24.67,1.91,WorthPoint
gibeon-meteorite,Small Complete GIBEON Meteorite Individual ! 9.7gr,29.99,2014-03-29,9.7,3.09,WorthPoint
gibeon-meteorite,A Bright Etched GIBEON Meteorite Slice! 6.3gr,34.99,2014-03-26,6.3,5.55,WorthPoint
gibeon-meteorite,2 Gibeon Meteorites Etched With Cherry Display Box Great Gift Or Keeper ~15,20.0,2014-03-23,2.0,10.0,WorthPoint
gibeon-meteorite,An Etched GIBEON Meteorite Slice 14.2 Gr!,59.99,2014-03-20,14.2,4.22,WorthPoint
gibeon-meteorite,1.72 Gram GIBEON Meteorite As Found INDIVIDUAL The Small Ones Getting Very Rare,11.0,2014-03-20,1.72,6.4,WorthPoint
gibeon-meteorite,7.99 Gram **GIBEON METEORITE**,11.0,2014-03-17,7.99,1.38,WorthPoint
gibeon-meteorite,7.36 Gram **GIBEON METEORITE**,11.0,2014-03-17,7.36,1.49,WorthPoint
gibeon-meteorite,"Meteorite: 1836 Gibeon, Africa 12.1 Grams + Free Label",32.0,2014-03-16,1836.0,0.02,WorthPoint
gibeon-meteorite,9.91 Gram **GIBEON METEORITE**,15.49,2014-03-14,9.91,1.56,WorthPoint
gibeon-meteorite,13.72 Gram **GIBEON METEORITE**,13.05,2014-03-11,13.72,0.95,WorthPoint
gibeon-meteorite,1.67 Gram **GIBEON METEORITE**,10.5,2014-03-11,1.67,6.29,WorthPoint
gibeon-meteorite,Gibeon Iron Meteorite; Perfect Etched Letter Opener! 1 End Showed Original Crust,149.0,2014-03-09,,,WorthPoint
gibeon-meteorite,Gibeon Meteorite 57.8 Gram Etched Cube,69.99,2014-03-08,57.8,1.21,WorthPoint
gibeon-meteorite,Gibeon Iron Meteorite 25.27g Awesome Sculpted Beauty,35.0,2014-03-08,25.27,1.39,WorthPoint
gibeon-meteorite,2 Gibeon Iron Meteorites Etched With Cherry Display Box Space Rocks ~12,20.0,2014-03-05,2.0,10.0,WorthPoint
gibeon-meteorite,"Meteorite: 1836 Gibeon, Namibia Africa 13.6 Grams",40.0,2014-03-03,1836.0,0.02,WorthPoint
gibeon-meteorite,Gibeon Iron Meteorite 34.50g Awesome Sculpted Beauty,59.0,2014-03-01,34.5,1.71,WorthPoint
gibeon-meteorite,Gibeon Iron Meteorite (wedding) Ring Size 12,100.0,2014-02-28,,,WorthPoint
gibeon-meteorite,10.87 Gram **GIBEON METEORITE**,26.0,2014-02-27,10.87,2.39,WorthPoint
gibeon-meteorite,LARGE Gibeon Iron Meteorite - IVA Fine Octahedrite - 7.8 Pounds / 3500+ Grams,3450.0,2014-02-27,,,WorthPoint
gibeon-meteorite,"Gibeon Meteorite, 2.257 Lbs.",661.0,2014-02-24,,,WorthPoint
gibeon-meteorite,Bright Etched GIBEON Meteorite Slice With A BIG! REGMAGLYPT HOLE! 21.7gr,119.99,2014-02-23,21.7,5.53,WorthPoint
gibeon-meteorite,9.69 Gram **GIBEON METEORITE**,19.5,2014-02-21,9.69,2.01,WorthPoint
gibeon-meteorite,Gibeon Meteorite 17.5 Grams Shape!,40.28,2014-02-19,17.5,2.3,WorthPoint
gibeon-meteorite,12.77 Gram **GIBEON METEORITE**,15.5,2014-02-18,12.77,1.21,WorthPoint
gibeon-meteorite,Gibeon Meteorite 26.8 Grams Slice!,36.04,2014-02-18,26.8,1.34,WorthPoint
gibeon-meteorite,"Namibian Gibeon FeNi Meteorite 81g 40mm X 30mm X 10mm Thk Polished, Etched",66.92,2014-02-17,81.0,0.83,WorthPoint
gibeon-meteorite,14.25 Gram **GIBEON METEORITE**,14.5,2014-02-12,14.25,1.02,WorthPoint
gibeon-meteorite,"1.5"" X 1.5"" Etched Gibeon Meteorite Cube Please See Video",1080.0,2014-02-11,,,WorthPoint
gibeon-meteorite,Gibeon Iron Meteorite 10.81g Awesome Sculpted Beauty,20.0,2014-02-05,10.81,1.85,WorthPoint
gibeon-meteorite,An Etched GIBEON Meteorite Slice With A Tiny Troilite Nodule! 9.5 Gr,29.99,2014-02-05,9.5,3.16,WorthPoint
gibeon-meteorite,A Neat And Complete! GIBEON Meteorite Individual ! 10.4gr,19.99,2014-02-01,10.4,1.92,WorthPoint
gibeon-meteorite,"Namibian Gibeon FeNi Meteorite 48g Polished, Etched Widmanstatten Structure",74.26,2014-01-26,48.0,1.55,WorthPoint
gibeon-meteorite,22.78 GRAM Gibeon Iron Meteorite Nice Etching FREE SHIPPING Don't Miss This One,30.0,2014-01-07,22.78,1.32,WorthPoint
gibeon-meteorite,42 GRAM LOT Of 2 Gibeon Iron Meteorites Etched FREE Shipping!! Slabs Sweet,50.0,2014-01-06,42.0,1.19,WorthPoint
gibeon-meteorite,43 GRAM Gibeon Iron Meteorite Nice Etching FREE SHIPPING,52.0,2014-01-06,43.0,1.21,WorthPoint
gibeon-meteorite,52 GRAM Gibeon Iron Meteorite Nice Etching FREE SHIPPING Troilite Inclusion,60.0,2014-01-06,52.0,1.15,WorthPoint
gibeon-meteorite,45 GRAM Gibeon Iron Meteorite Nice Etching FREE SHIPPING Great Space Rock!!!!!,50.0,2014-01-06,45.0,1.11,WorthPoint
gibeon-meteorite,"68 GRAM Gibeon Iron Meteorite Etched .99 Cents A Gram Crusty, Rusty, And Scooped",67.0,2014-01-06,68.0,0.99,WorthPoint
gibeon-meteorite,135 GRAM Gibeon Iron Meteorite Etching FREE SHIPPING Crusty And Scooped,122.0,2014-01-06,135.0,0.9,WorthPoint
gibeon-meteorite,145 GRAM BIG Gibeon Iron Meteorite Etching FREE SHIPPING Crusty And Rusty = COOL,140.0,2014-01-06,145.0,0.97,WorthPoint
gibeon-meteorite,74 GRAM Gibeon Iron Meteorite TOWER Etched FREE SHIPPING Nice Troilite Inclusion,72.0,2014-01-06,74.0,0.97,WorthPoint
gibeon-meteorite,Gibeon Meteorite 11.9 Grams Slice!,18.92,2014-01-06,11.9,1.59,WorthPoint
gibeon-meteorite,155 GRAM Gibeon Iron Meteorite Etching FREE SHIPPING! How About $1 A Gram,155.0,2014-01-06,155.0,1.0,WorthPoint
gibeon-meteorite,220 GRAM BIG Gibeon Iron Meteorite Etching FREE SHIPPING Nice Troilite Inclusion,188.0,2014-01-06,220.0,0.85,WorthPoint
gibeon-meteorite,120 GRAM Gibeon Iron Meteorite Etching SALE Troilite Inclusion + Crust,108.0,2014-01-06,120.0,0.9,WorthPoint
gibeon-meteorite,21.87 GRAM Gibeon Iron Meteorite Nice Etching FREE SHIPPING Don't Miss This One,26.0,2014-01-05,21.87,1.19,WorthPoint
gibeon-meteorite,3 Gibeon Meteorites Etched Over 28 Grams GREAT For Christmas!! #1,26.0,2014-01-04,3.0,8.67,WorthPoint
gibeon-meteorite,50 GRAM Gibeon Iron Meteorite Etched FREE SHIPPING,56.0,2014-01-04,50.0,1.12,WorthPoint
gibeon-meteorite,"+++ Sharp Gibeon Meteorite Pattern Slice Gibeon, Namibia +++",65.0,2014-01-02,,,WorthPoint
gibeon-meteorite,Sterling Silver Gibeon Meteorite Pendant With Slide Bail EP0005,138.0,2014-01-01,,,WorthPoint
gibeon-meteorite,18.3 Gram Gibeon Meteorite Side Cut - Etched - Nice Widmanstatten Namibia,45.0,2013-12-31,18.3,2.46,WorthPoint
gibeon-meteorite,2 Gibeon Meteorites Etched With Cherry Display Box PERFECT FOR CHRISTMAS!! ~11,20.0,2013-12-30,2.0,10.0,WorthPoint
gibeon-meteorite,Gibeon Meteorite 6.9 Grams Slice!,13.78,2013-12-29,6.9,2.0,WorthPoint
gibeon-meteorite,Gibeon Iron Meteorite 21.14g Fantastic Sculpted Beauty,40.0,2013-12-25,21.14,1.89,WorthPoint
gibeon-meteorite,58.5 GRAM LOT Of 13 Gibeon Iron Meteorites Etched FREE Shipping!! Money Maker!,58.0,2013-12-24,58.5,0.99,WorthPoint
gibeon-meteorite,9 Gibeon Meteorites Lot Etched 42 Grams GREAT For Christmas!! #23 Free Shipping,26.0,2013-12-24,9.0,2.89,WorthPoint
gibeon-meteorite,15.5 Gram Gibeon Meteorite Side Cut - Etched - Nice Widmanstatten Namibia,45.0,2013-12-24,15.5,2.9,WorthPoint
gibeon-meteorite,A Neat Shaped GIBEON Meteorite Slice ! 9.6gr,23.99,2013-12-23,9.6,2.5,WorthPoint
gibeon-meteorite,91 GRAM Gibeon Meteorite TOWER Etched Crust Good Etching FREE SHIPPING!,75.0,2013-12-22,91.0,0.82,WorthPoint
gibeon-meteorite,66 GRAM Gibeon Meteorite TOWER Etched Crust Good Etching FREE SHIPPING!,55.0,2013-12-22,66.0,0.83,WorthPoint
gibeon-meteorite,93 GRAM Gibeon Iron Meteorite TOWER Etched FREE SHIPPING 3 Troilite Inclusions,74.4,2013-12-22,93.0,0.8,WorthPoint
gibeon-meteorite,47 GRAM Gibeon Iron Meteorite Nice Etching FREE SHIPPING Great Space Rock!!!!!,37.6,2013-12-22,47.0,0.8,WorthPoint
gibeon-meteorite,64 GRAM Gibeon Iron Meteorite Nice Etching FREE SHIPPING Great Space Rock!!!!!,51.2,2013-12-22,64.0,0.8,WorthPoint
gibeon-meteorite,200 GRAM LOT Of 9 Gibeon Iron Meteorites Etched FREE Shipping!! Money Maker!,160.0,2013-12-22,200.0,0.8,WorthPoint
gibeon-meteorite,19 GRAM Gibeon Meteorite Troilite Inclusion NICE Etching FREE SHIPPING! Etched,21.0,2013-12-22,19.0,1.11,WorthPoint
gibeon-meteorite,66 GRAM Gibeon Meteorite Troilite Inclusion NICE Etching FREE SHIPPING! Etched,44.88,2013-12-22,66.0,0.68,WorthPoint
gibeon-meteorite,24 GRAM Gibeon Meteorite Troilite Inclusion Etched Etching FREE SHIPPING!,21.0,2013-12-22,24.0,0.88,WorthPoint
gibeon-meteorite,21 GRAM Gibeon Meteorite Square Etched Crust Good Etching FREE SHIPPING!,21.0,2013-12-22,21.0,1.0,WorthPoint
gibeon-meteorite,85 GRAM Gibeon Iron Meteorite Etched With Crust Scoop Good FREE SHIPPING!,58.78,2013-12-22,85.0,0.69,WorthPoint
gibeon-meteorite,6 Gibeon Meteorites Lot Etched 31 Grams GREAT For Christmas!! #21 Free Shipping,15.0,2013-12-22,6.0,2.5,WorthPoint
gibeon-meteorite,Gibeon Meteorite 9.4 Grams Slice!,17.0,2013-12-22,9.4,1.81,WorthPoint
gibeon-meteorite,Gibeon Meteorite 21 Grams Slice!,35.0,2013-12-21,21.0,1.67,WorthPoint
gibeon-meteorite,Gibeon Meteorite 8.1 Grams Slice!,15.0,2013-12-20,8.1,1.85,WorthPoint
gibeon-meteorite,15 Gibeon Meteorites Etched LOT Rusted Over 84 Grams Money Maker After U Clean,60.0,2013-12-20,15.0,4.0,WorthPoint
gibeon-meteorite,7 Gibeon Meteorites Etched Over 30 Grams GREAT For Christmas!! #4,30.99,2013-12-20,7.0,4.43,WorthPoint
gibeon-meteorite,7 Gibeon Meteorites Lot Etched 3 Grams GREAT For Christmas!! #22 Free Shipping,23.49,2013-12-20,7.0,3.36,WorthPoint
gibeon-meteorite,Bright GIBEON METEORITE NECKLACE !! A Falling Star! G9,59.99,2013-12-17,,,WorthPoint
gibeon-meteorite,13 Gibeon Meteorites Etched LOT Rusted Over 97 Grams Money Maker After U Clean,34.0,2013-12-17,13.0,2.62,WorthPoint
gibeon-meteorite,19 Gibeon Meteorites Etched But Rusted Over 97 Grams Money Maker After U Clean,51.0,2013-12-15,19.0,2.68,WorthPoint
gibeon-meteorite,3 Gibeon Meteorites Etched Over 30 Grams GREAT For Christmas!! #3,15.0,2013-12-15,3.0,5.0,WorthPoint
gibeon-meteorite,4 Gibeon Meteorites Etched Over 28 Grams GREAT For Christmas!! Lot #2,20.0,2013-12-15,4.0,5.0,WorthPoint
gibeon-meteorite,A Long Skinny Bright Etched GIBEON Meteorite Slice! 4.1 Gr!,29.99,2013-12-14,4.1,7.31,WorthPoint
gibeon-meteorite,Gibeon Meteorite 14.3 Grams Shape!,63.75,2013-12-09,14.3,4.46,WorthPoint
gibeon-meteorite,Bright Etched GIBEON METEORITE Slice NECKLACE !! A Falling Star!! Gb7,39.99,2013-12-09,,,WorthPoint
gibeon-meteorite,Large Face Gibeon Meteorite Watch - Titanium / Black Leather,298.0,2013-12-08,,,WorthPoint
gibeon-meteorite,Bright Etched GIBEON METEORITE NECKLACE !! Gb1,49.99,2013-12-08,,,WorthPoint
gibeon-meteorite,Gibeon Meteorite 19 Grams Part Slice!,27.2,2013-12-08,19.0,1.43,WorthPoint
gibeon-meteorite,Gibeon Meteorite Sphere - 21 Grams,40.0,2013-12-07,21.0,1.9,WorthPoint
gibeon-meteorite,The Great NAMA LAND Gibeon Meteorite (1830) -Kennedy Space Center,19.99,2013-12-04,,,WorthPoint
gibeon-meteorite,316 Gram Bright Etch Gibeon Meteorite Complete Rare Slice,400.0,2013-12-04,316.0,1.27,WorthPoint
gibeon-meteorite,Nice Etched GIBEON METEORITE Slice NECKLACE !! Wear A Falling Star!! W 2,49.99,2013-11-25,,,WorthPoint
gibeon-meteorite,Etched GIBEON METEORITE Slice NECKLACE !! Wear A Falling Star!! Gn9,59.99,2013-11-24,,,WorthPoint
gibeon-meteorite,15.3 Gram Gibeon Meteorite Slice - Etched - Nice Widmanstatten Namibia,40.0,2013-11-22,15.3,2.61,WorthPoint
gibeon-meteorite,Gibeon Meteorite (iron Meteorite) With Deformed Widmanst√§tten Pattern !!!,57.5,2013-11-18,,,WorthPoint
gibeon-meteorite,Gibeon Meteorite Heart Necklace,100.0,2013-11-15,,,WorthPoint
gibeon-meteorite,Gibeon Meteorite 6.5 Grams Shape!,36.0,2013-11-15,6.5,5.54,WorthPoint
gibeon-meteorite,Gibeon Meteorite 13 Grams Part Slice!,26.0,2013-11-10,13.0,2.0,WorthPoint
gibeon-meteorite,Gibeon Meteorite Cube - 108g,180.73,2013-11-09,108.0,1.67,WorthPoint
gibeon-meteorite,Gibeon Meteorite - Great Shape And Scoops - By Catchafallingstar.com,5600.0,2013-11-08,,,WorthPoint
gibeon-meteorite,Gibeon Meteorite 16.7 Grams Shape!,37.0,2013-11-08,16.7,2.22,WorthPoint
gibeon-meteorite,Gibeon Meteorite 43.6 Grams Part Slice!,68.0,2013-11-06,43.6,1.56,WorthPoint
gibeon-meteorite,Gibeon Meteorite 51.3 Grams Slice!,96.0,2013-11-06,51.3,1.87,WorthPoint
gibeon-meteorite,Gibeon Meteorite 17.7 Grams Shape!,92.0,2013-10-28,17.7,5.2,WorthPoint
gibeon-meteorite,Gibeon Meteorite 8.6 Grams Shape!,46.0,2013-10-26,8.6,5.35,WorthPoint
gibeon-meteorite,Gibeon Iron Meteorite 6.25g Awesome Sculpted Beauty,10.0,2013-10-26,6.25,1.6,WorthPoint
gibeon-meteorite,15.4 Gram Gibeon Meteorite Side Cut - Etched - Nice Widmanstatten Namibia,45.0,2013-10-23,15.4,2.92,WorthPoint
gibeon-meteorite,16.5 Gram Gibeon Meteorite Side Cut - Etched - Nice Widmanstatten Namibia,40.0,2013-10-23,16.5,2.42,WorthPoint
gibeon-meteorite,"GIBEON Meteorite, Etched Button/Disc",10.74,2013-10-22,,,WorthPoint
gibeon-meteorite,Small Bright Etched GIBEON Meteorite Slice And It Is Free Standing 7.3 Gr!,24.99,2013-10-20,7.3,3.42,WorthPoint
gibeon-meteorite,11.0 Gram Gibeon Meteorite Side Cut - Etched - Nice Widmanstatten Namibia,30.0,2013-10-20,11.0,2.73,WorthPoint
gibeon-meteorite,Gibeon Meteorite - Two Sides To Every Outerspace Story,4062.5,2013-10-20,,,WorthPoint
gibeon-meteorite,Gibeon Meteorite - A Fine Example With Great Character,1250.0,2013-10-20,,,WorthPoint
gibeon-meteorite,Unbelievable Gibeon Meteorite With Huge Natural Hole,23750.0,2013-10-20,,,WorthPoint
gibeon-meteorite,Gibeon - Slice Of The Quintessential African Meteorite,2750.0,2013-10-20,,,WorthPoint
gibeon-meteorite,2.82 Gram GIBEON Meteorite As Found INDIVIDUAL Small Ones Getting Very Rare,10.0,2013-10-08,2.82,3.55,WorthPoint
gibeon-meteorite,Gibeon Meteorite 74 Grams Slice!,150.0,2013-10-08,74.0,2.03,WorthPoint
gibeon-meteorite,Gibeon Iron Meteorite 16.53g Awesome Sculpted Beauty,40.0,2013-10-08,16.53,2.42,WorthPoint
gibeon-meteorite,Gibeon Meteorite 23.5 Grams Slice!,50.0,2013-10-07,23.5,2.13,WorthPoint
gibeon-meteorite,Bright Etched Free Standing GIBEON Meteorite Cut Slice! 16.9 Gr,34.99,2013-10-06,16.9,2.07,WorthPoint
gibeon-meteorite,Large Face Gibeon Meteorite Watch - Titanium / Brown Leather,258.0,2013-09-21,,,WorthPoint
gibeon-meteorite,"Namibian Gibeon FeNi Meteorite 61g Polished, Etched Widmanstatten Structure",64.0,2013-09-21,61.0,1.05,WorthPoint
gibeon-meteorite,137 Gram Etched GIBEON Meteorite - Full Slice!,96.57,2013-09-20,137.0,0.7,WorthPoint
gibeon-meteorite,"Gibeon Meteorite Pieces, IVA From Namibia",10.94,2013-09-08,,,WorthPoint
gibeon-meteorite,Gibeon Meteorite 13.6 Grams Slice!,19.0,2013-09-07,13.6,1.4,WorthPoint
gibeon-meteorite,EXTRA THIN GIBEON Meteorite - 117.43 GRAMS - ETCHED FULL SLICE!,149.99,2013-09-07,117.43,1.28,WorthPoint
gibeon-meteorite,Gibeon Meteorite 9.2 Grams Part Slice!,21.0,2013-09-07,9.2,2.28,WorthPoint
gibeon-meteorite,Small Bright Etched GIBEON Meteorite Slice! 7.2 Gr!,29.99,2013-09-07,7.2,4.17,WorthPoint
gibeon-meteorite,"Meteorite: 1836; Gibeon, Namibia Africa 14 Grams From Mark Bostick Collection",22.25,2013-09-06,14.0,1.59,WorthPoint
gibeon-meteorite,"Meteorite: 1836; Gibeon, Africa 252 Grams From The Mark Bostick Collection",224.01,2013-09-06,252.0,0.89,WorthPoint
gibeon-meteorite,"Meteorite: 1836; Gibeon, Namibia Africa 21.3 Grams From Mark Bostick Collection",28.25,2013-09-06,21.3,1.33,WorthPoint
gibeon-meteorite,Gibeon Meteorite Bowie Knife,3000.0,2013-09-02,,,WorthPoint
gibeon-meteorite,"Namibian Gibeon FeNi Meteorite 66g Polished, Etched Widmanstatten Structure",61.88,2013-09-01,66.0,0.94,WorthPoint
gibeon-meteorite,Gibeon Meteorite From Namibia,47.0,2013-08-28,,,WorthPoint
gibeon-meteorite,Gibeon Meteorite 17.1 Grams Slice!,23.0,2013-08-25,17.1,1.35,WorthPoint
gibeon-meteorite,Gibeon Meteorite 7.4 Grams Shape!,40.0,2013-08-21,7.4,5.41,WorthPoint
gibeon-meteorite,12.7 Grams GIBEON Meteorite As Found INDIVIDUAL Small Ones Getting Very Rare,20.0,2013-08-19,12.7,1.57,WorthPoint
gibeon-meteorite,Bright Etched GIBEON Meteorite Cut Slice! 6.0 Gr,24.99,2013-08-18,6.0,4.17,WorthPoint
gibeon-meteorite,Bright Etched GIBEON Meteorite Slice 6.2 Gr!,24.99,2013-08-18,6.2,4.03,WorthPoint
gibeon-meteorite,"Namibian Gibeon FeNi Meteorite 77g Polished, Etched Widmanstatten Structure",100.93,2013-08-11,77.0,1.31,WorthPoint
gibeon-meteorite,Gibeon Meteorite Cube - 54.53g - Etched,139.75,2013-08-10,54.53,2.56,WorthPoint
gibeon-meteorite,15mm Rose Natural Gibeon Meteorite Star Of David 925 Sterling Silver Pendant,99.0,2013-08-09,,,WorthPoint
gibeon-meteorite,32 X 21mm Tag Knife Gibeon Meteorite 925 Sterling Silver Pendant,229.0,2013-07-19,,,WorthPoint
gibeon-meteorite,Gibeon Iron Meteorite 6.84g Fantastic Sculpted Beauty,15.0,2013-07-14,6.84,2.19,WorthPoint
gibeon-meteorite,GIBEON IRON IVA METEORITE 3.806 Grams ETCHED ~ JUST BEAUTIFUL (31),14.5,2013-07-14,3.806,3.81,WorthPoint
gibeon-meteorite,Gibeon Iron Meteorite - 93.7 Gram Etched Slice,112.5,2013-07-14,93.7,1.2,WorthPoint
gibeon-meteorite,10.7 Gram Gibeon Meteorite Etched Specimen,16.15,2013-07-13,10.7,1.51,WorthPoint
gibeon-meteorite,GIBEON Iron Meteorite Ring With Silver Size 5 3/4,10.0,2013-07-13,,,WorthPoint
gibeon-meteorite,Bright Etched GIBEON Meteorite Free Standing Slice 5.9 Gr!,18.99,2013-07-11,5.9,3.22,WorthPoint
gibeon-meteorite,GIBEON Meteorite KILLER Etched Slice Set Of 2 (2.11 1.70) G. Round Coin 12X2 Mm,50.0,2013-07-11,,,WorthPoint
gibeon-meteorite,Gibeon Meteorite 3.7 Grams Shape!,18.7,2013-07-10,3.7,5.05,WorthPoint
gibeon-meteorite,3.1 Gram Gibeon Meteorite Etched Specimen,21.19,2013-07-10,3.1,6.84,WorthPoint
gibeon-meteorite,GIBEON Meteorite KILLER Etched Slice 2.11 G. Round Coin 12X2 Mm,21.0,2013-07-09,2.11,9.95,WorthPoint
gibeon-meteorite,Gibeon Iron Meteorite 4.06g Fantastic Sculpted Beauty,10.0,2013-07-09,4.06,2.46,WorthPoint
gibeon-meteorite,GIBEON Meteorite KILLER Etched Slice 1.70 G. Round Coin 12X2 Mm,17.0,2013-07-09,1.7,10.0,WorthPoint
gibeon-meteorite,Gibeon Meteorite 18.7 Grams Shape!,41.0,2013-07-09,18.7,2.19,WorthPoint
gibeon-meteorite,GIBEON Meteorite KILLER Etched Slice 0.95 G. Round Coin 15X0.7 Mm,12.0,2013-07-07,0.95,12.63,WorthPoint
gibeon-meteorite,GIBEON Meteorite KILLER Etched Slice 0.88 G. Round Coin X Mm,12.0,2013-07-07,0.88,13.64,WorthPoint
gibeon-meteorite,GIBEON Meteorite KILLER Etched Slice 1.00 G. Round Coin 12X1 Mm,12.0,2013-07-07,1.0,12.0,WorthPoint
gibeon-meteorite,GIBEON Meteorite KILLER Etched Slice 1.12 G. Round Coin 12X1 Mm,12.0,2013-07-07,1.12,10.71,WorthPoint
gibeon-meteorite,5 Gram Gibeon Meteorite Etched Specimen,13.5,2013-07-06,5.0,2.7,WorthPoint
gibeon-meteorite,15.4 Gram Gibeon Meteorite Etched Specimen,15.5,2013-07-06,15.4,1.01,WorthPoint
gibeon-meteorite,A Nice Etched GIBEON Meteorite Cut Slice 8.0gr,29.99,2013-07-05,8.0,3.75,WorthPoint
gibeon-meteorite,Bright Etched GIBEON Meteorite Cut Slice! 10.6 Gr,24.99,2013-07-05,10.6,2.36,WorthPoint
gibeon-meteorite,BIG Etched Square GIBEON Meteorite End Cut With A Regmaglypt HOLE! 145.6gr,389.99,2013-07-04,145.6,2.68,WorthPoint
gibeon-meteorite,Natural Gibeon Iron Meteorite Stainless Steel Pendant,79.0,2013-07-01,,,WorthPoint
gibeon-meteorite,GIBEON Meteorite KILLER Etched Slice 2.79 G. Coin,22.0,2013-06-30,2.79,7.89,WorthPoint
gibeon-meteorite,GIBEON Meteorite KILLER Etched Slice 3.38 G. Coin,27.0,2013-06-30,3.38,7.99,WorthPoint
gibeon-meteorite,Gibeon Iron Meteorite 8.96g Fantastic Sculpted Beauty,13.0,2013-06-29,8.96,1.45,WorthPoint
gibeon-meteorite,42 Gram Gibeon Meteorite Etched Specimen,47.23,2013-06-26,42.0,1.12,WorthPoint
gibeon-meteorite,GIBEON Meteorite KILLER Etched Slice 6.66 G.,45.0,2013-06-25,6.66,6.76,WorthPoint
gibeon-meteorite,GIBEON Meteorite KILLER Etched Slice 4.91 G. Round Coin 26 X 1 Mm,49.0,2013-06-23,4.91,9.98,WorthPoint
gibeon-meteorite,6.8 Gram Gibeon Meteorite Etched Specimen,15.5,2013-06-22,6.8,2.28,WorthPoint
gibeon-meteorite,16.1 Gram Gibeon Meteorite Etched Specimen,27.0,2013-06-22,16.1,1.68,WorthPoint
gibeon-meteorite,Etched Square Shaped GIBEON Meteorite Cut Slice 8.5 Gr,24.99,2013-06-22,8.5,2.94,WorthPoint
gibeon-meteorite,Gibeon Iron Meteorite 43.66g Awesome Sculpted Beauty,67.78,2013-06-22,43.66,1.55,WorthPoint
gibeon-meteorite,Gibeon Meteorite 31.8 Grams Etched Slice!,67.0,2013-06-21,31.8,2.11,WorthPoint
gibeon-meteorite,Small Complete GIBEON Meteorite Individual ! 14.6gr,24.99,2013-06-20,14.6,1.71,WorthPoint
gibeon-meteorite,25.0 Gram Gibeon Meteorite Etched Disk Round - Nice Widmanstatten Namibia,95.0,2013-06-20,25.0,3.8,WorthPoint
gibeon-meteorite,30.3 Gram Gibeon Meteorite Etched Specimen,28.67,2013-06-19,30.3,0.95,WorthPoint
gibeon-meteorite,6.5 Gram Gibeon Meteorite Etched Specimen,11.5,2013-06-19,6.5,1.77,WorthPoint
gibeon-meteorite,7.8 Gram Gibeon Meteorite Etched Specimen,11.5,2013-06-19,7.8,1.47,WorthPoint
gibeon-meteorite,7.0 Gram Gibeon Meteorite Etched Specimen,10.5,2013-06-19,7.0,1.5,WorthPoint
gibeon-meteorite,Gibeon Iron Meteorite 7.62g Fantastic Sculpted Beauty,16.0,2013-06-19,7.62,2.1,WorthPoint
gibeon-meteorite,14.4 Gram Gibeon Meteorite Etched Specimen,13.24,2013-06-19,14.4,0.92,WorthPoint
gibeon-meteorite,3.8 Gram Gibeon Meteorite Etched Specimen,26.0,2013-06-15,3.8,6.84,WorthPoint
gibeon-meteorite,27.4 Gram Gibeon Meteorite Side Cut - Etched - Nice Widmanstatten Namibia,65.0,2013-06-12,27.4,2.37,WorthPoint
gibeon-meteorite,14.1 Gram Gibeon Meteorite Slice Stick - Etched - Nice Widmanstatten Namibia,20.0,2013-06-12,14.1,1.42,WorthPoint
gibeon-meteorite,4.9 Gram Gibeon Meteorite Etched Specimen,26.69,2013-06-12,4.9,5.45,WorthPoint
gibeon-meteorite,3.9 Gram Gibeon Meteorite Etched Specimen,22.39,2013-06-12,3.9,5.74,WorthPoint
gibeon-meteorite,Gibeon Iron Meteorite 23.95g Awesome Sculpted Beauty,55.0,2013-06-12,23.95,2.3,WorthPoint
gibeon-meteorite,21.4 Gram Gibeon Meteorite Etched Disc Round - Nice Widmanstatten Namibia,100.0,2013-06-10,21.4,4.67,WorthPoint
gibeon-meteorite,5.8 Gram Gibeon Meteorite Etched Specimen,20.0,2013-06-08,5.8,3.45,WorthPoint
gibeon-meteorite,5.3 Gram Gibeon Meteorite Etched Specimen,16.5,2013-06-05,5.3,3.11,WorthPoint
gibeon-meteorite,Gibeon Meteorite 2155 Grams Etched Full Slice! EX ASU Specimen! KILLER ETCH!,3260.0,2013-06-05,2155.0,1.51,WorthPoint
gibeon-meteorite,3.4 Gram Gibeon Meteorite Etched Specimen,11.5,2013-06-02,3.4,3.38,WorthPoint
gibeon-meteorite,GIBEON Meteorite KILLER Etched Slice 3.24 G. Coin 13.75 X 2.9 MM,26.0,2013-06-02,3.24,8.02,WorthPoint
gibeon-meteorite,14.3 Gram Gibeon Meteorite Slice Stick - Etched - Nice Widmanstatten Namibia,20.5,2013-05-29,14.3,1.43,WorthPoint
gibeon-meteorite,23.2 Gram Gibeon Meteorite Partial Endcut - Etched - Nice Widmanstatten Namibia,30.0,2013-05-29,23.2,1.29,WorthPoint
gibeon-meteorite,Gibeon Meteorite 7.6 Grams Slice!,14.0,2013-05-27,7.6,1.84,WorthPoint
gibeon-meteorite,Gibeon Meteorite 10.2 Grams End Cut!..,18.0,2013-05-25,10.2,1.76,WorthPoint
gibeon-meteorite,Gibeon Iron Meteorite 17.21g Fantastic Sculpted Beauty,27.0,2013-05-25,17.21,1.57,WorthPoint
gibeon-meteorite,GIBEON Meteorite KILLER Etched Slice 3.51 G. Coin,28.0,2013-05-25,3.51,7.98,WorthPoint
gibeon-meteorite,12.2 Gram Gibeon Meteorite Side Cut - Etched - Nice Widmanstatten Namibia,41.0,2013-05-22,12.2,3.36,WorthPoint
gibeon-meteorite,38.5 Gram Gibeon Meteorite Side Cut - Etched - Nice Widmanstatten Namibia,65.0,2013-05-22,38.5,1.69,WorthPoint
gibeon-meteorite,54.9 Gram Gibeon Meteorite Partial Slice - Etched - Nice Widmanstatten Namibia,100.0,2013-05-22,54.9,1.82,WorthPoint
gibeon-meteorite,Gibeon Meteorite 7.2 Grams End Cut!..,14.0,2013-05-22,7.2,1.94,WorthPoint
gibeon-meteorite,Gibeon Meteorite 16.8 Grams Etched End Cut!,37.0,2013-05-19,16.8,2.2,WorthPoint
gibeon-meteorite,Gibeon Meteorite 12.8 Grams Shape!,29.0,2013-05-17,12.8,2.27,WorthPoint
gibeon-meteorite,Gibeon Meteorite 8 Grams Shape!,19.0,2013-05-17,8.0,2.38,WorthPoint
gibeon-meteorite,9.3 Gram Gibeon Meteorite Etched Specimen,11.0,2013-05-15,9.3,1.18,WorthPoint
gibeon-meteorite,Gibeon Meteorite 18.3 Grams Slice!,58.0,2013-05-13,18.3,3.17,WorthPoint
gibeon-meteorite,11.7 Gram Gibeon Meteorite Etched Specimen,25.0,2013-05-11,11.7,2.14,WorthPoint
gibeon-meteorite,Gibeon Iron Meteorite 13.11g Fantastic Sculpted Beauty,18.0,2013-05-11,13.11,1.37,WorthPoint
gibeon-meteorite,GIBEON Meteorite KILLER Etched Slice 2.33 G. Coin,20.0,2013-05-09,2.33,8.58,WorthPoint
gibeon-meteorite,Gibeon Meteorite 10.2 Grams End Cut!,24.0,2013-05-09,10.2,2.35,WorthPoint
gibeon-meteorite,Gibeon Meteorite 10.1 Grams Slice!,24.0,2013-05-07,10.1,2.38,WorthPoint
gibeon-meteorite,Gibeon Meteorite 15 Grams Slice!,33.0,2013-05-06,15.0,2.2,WorthPoint
gibeon-meteorite,Natural Gibeon Meteorite Sun 925 Sterling Silver Pendant,161.0,2013-05-06,,,WorthPoint
gibeon-meteorite,Sterling Silver Caged Gibeon Meteorite Pendant,89.0,2013-05-01,,,WorthPoint
gibeon-meteorite,Etched Gibeon Iron Meteorite 5.06 Grams Namibia Africa,21.0,2013-05-01,5.06,4.15,WorthPoint
gibeon-meteorite,GIBEON Meteorite KILLER Etched Slice 3.47 G. Coin,27.0,2013-05-01,3.47,7.78,WorthPoint
gibeon-meteorite,Bright Etched GIBEON Meteorite Slab Or Slice ! 8.4gr,25.99,2013-05-01,8.4,3.09,WorthPoint
gibeon-meteorite,"2"" Heavy Cross Natural Gibeon Meteorite 925 Sterling Silver Pendant",199.0,2013-04-25,,,WorthPoint
gibeon-meteorite,GIBEON Meteorite KILLER Etched Slice 28.51 G.,175.0,2013-04-23,28.51,6.14,WorthPoint
gibeon-meteorite,GIBEON Meteorite KILLER Etched Slice 3.78 G. Round Coin X Mm,30.0,2013-04-21,3.78,7.94,WorthPoint
gibeon-meteorite,GIBEON Meteorite KILLER Etched Slice 2.81 G. Coin 13X3 Mm,25.0,2013-04-21,2.81,8.9,WorthPoint
gibeon-meteorite,GIBEON Meteorite KILLER Etched Slice 2.64 G. Coin 13X2 Mm,25.0,2013-04-21,2.64,9.47,WorthPoint
gibeon-meteorite,METEORITE- A Fantastic Meteorite Blade Letter Opener From Gibeon Iron Meteorite,599.0,2013-04-20,,,WorthPoint
gibeon-meteorite,10.6 Gram Gibeon Meteorite Etched Specimen,10.5,2013-04-17,10.6,0.99,WorthPoint
gibeon-meteorite,"Beautiful 670 Gm. Etched Gibeon Meteorite Pair, Unusual Shape!!",719.2,2013-04-17,670.0,1.07,WorthPoint
gibeon-meteorite,Bright Etched GIBEON Meteorite Slab Or Slice ! 9.3gr,23.99,2013-04-16,9.3,2.58,WorthPoint
gibeon-meteorite,Gibeon Iron Meteorite 16.19g Fantastic Sculpted Beauty,35.0,2013-04-15,16.19,2.16,WorthPoint
gibeon-meteorite,Large Gibeon Meteorite Sphere 48.19 Mm Diameter 459.8 Grams,510.0,2013-04-14,459.8,1.11,WorthPoint
gibeon-meteorite,GIBEON Meteorite KILLER Etched Slice 2.82 G.,19.0,2013-04-13,2.82,6.74,WorthPoint
gibeon-meteorite,GIBEON Meteorite KILLER Etched Slice 4.90 G.,40.0,2013-04-13,4.9,8.16,WorthPoint
gibeon-meteorite,GIBEON Meteorite KILLER Etched Slice 4.05 G. Round Coin X Mm,36.0,2013-04-13,4.05,8.89,WorthPoint
gibeon-meteorite,10.7 Gram GIBEON ETCHED METEORITE,14.27,2013-04-12,10.7,1.33,WorthPoint
gibeon-meteorite,5.2 Gram Gibeon Meteorite Etched Specimen,13.0,2013-04-11,5.2,2.5,WorthPoint
gibeon-meteorite,16.4 Gram GIBEON METEORITE - ETCHED SPHERE!,20.5,2013-04-10,16.4,1.25,WorthPoint
gibeon-meteorite,BIG Bright GIBEON METEORITE NECKLACE !! A Falling Star! G9,59.99,2013-04-10,,,WorthPoint
gibeon-meteorite,GIBEON Meteorite KILLER Etched Slice 5.65 G. Round Coin X Mm,35.0,2013-04-10,5.65,6.19,WorthPoint
gibeon-meteorite,22.3 Gram GIBEON METEORITE - ETCHED SPHERE!,50.69,2013-04-08,22.3,2.27,WorthPoint
gibeon-meteorite,Small Bright Etched GIBEON Meteorite End Cut And It Is Free Standing 6.4 Gr!,18.99,2013-04-07,6.4,2.97,WorthPoint
gibeon-meteorite,Thick GIBEON Meteorite Slice 9.8 Gr,19.99,2013-04-07,9.8,2.04,WorthPoint
gibeon-meteorite,A Nice Etched GIBEON Meteorite Cut Slice 9.4gr,29.99,2013-04-06,9.4,3.19,WorthPoint
gibeon-meteorite,Gibeon Iron Meteorite 5.91g Fantastic Sculpted Beauty,12.0,2013-04-06,5.91,2.03,WorthPoint
gibeon-meteorite,Gibeon Iron Meteorite 192g Etched Complete Slice,225.0,2013-04-03,192.0,1.17,WorthPoint
gibeon-meteorite,Free Standing Etched GIBEON Meteorite Thick Cut Or Slice 8.7 Gr!,24.99,2013-04-01,8.7,2.87,WorthPoint
gibeon-meteorite,Gibeon Iron Meteorite 24.53g Awesome Sculpted Beauty,50.01,2013-03-30,24.53,2.04,WorthPoint
gibeon-meteorite,Bright Etched GIBEON Meteorite Slice With A Natural Regmaglypt HOLE ! 9.4gr,99.99,2013-03-29,9.4,10.64,WorthPoint
gibeon-meteorite,Etched GIBEON Meteorite Cut Slice With A Troilite Nodule ! 8.8gr,29.99,2013-03-29,8.8,3.41,WorthPoint
gibeon-meteorite,17.3 Gram GIBEON ETCHED METEORITE,15.0,2013-03-28,17.3,0.87,WorthPoint
gibeon-meteorite,Gibeon Meteorite-30.5 Gram- IMCA,25.0,2013-03-28,30.5,0.82,WorthPoint
gibeon-meteorite,"Meteorite Gibeon From Namibia, Iron Octahedrite, Nice-whole Specimen As Found",23.5,2013-03-25,,,WorthPoint
gibeon-meteorite,GIBEON Meteorite KILLER Etched Slice 2.06 G.,20.0,2013-03-23,2.06,9.71,WorthPoint
gibeon-meteorite,121 Gram GIBEON Meteorite Cleaned INDIVIDUAL 45mm X 39mm X 18mm,120.0,2013-03-23,121.0,0.99,WorthPoint
gibeon-meteorite,GIBEON Meteorite KILLER Etched Slice 3.63 G. Round Coin X Mm,32.0,2013-03-21,3.63,8.82,WorthPoint
gibeon-meteorite,Gibeon Meteorite End Piece 714 Gram,500.0,2013-03-19,714.0,0.7,WorthPoint
gibeon-meteorite,Gibeon Meteorite 22 Grams,15.0,2013-03-18,22.0,0.68,WorthPoint
gibeon-meteorite,155 Gram GIBEON Meteorite Cleaned INDIVIDUAL 50mm X 44mm X 22mm,124.99,2013-03-17,155.0,0.81,WorthPoint
gibeon-meteorite,Gibeon Meteorite 29 Grams,27.0,2013-03-17,29.0,0.93,WorthPoint
gibeon-meteorite,Etched Triangle Shaped GIBEON Meteorite Cut Slice 6.1 Gr,29.99,2013-03-17,6.1,4.92,WorthPoint
gibeon-meteorite,Bright Etched GIBEON Meteorite Slice 10.9 Gr!,29.99,2013-03-16,10.9,2.75,WorthPoint
gibeon-meteorite,Neat Widmanstatten Pattern And Shape On This GIBEON Meteorite Slice 6.8 Gr,29.99,2013-03-16,6.8,4.41,WorthPoint
gibeon-meteorite,Free Standing Etched GIBEON Meteorite Cut Or Slice 9.9 Gr!,24.99,2013-03-16,9.9,2.52,WorthPoint
gibeon-meteorite,Gibeon Meteorite 87 Grams,50.0,2013-03-15,87.0,0.57,WorthPoint
gibeon-meteorite,Gibeon Meteorite 32 Grams Etched Sphere!,115.0,2013-03-11,32.0,3.59,WorthPoint
gibeon-meteorite,9.7 Gram Gibeon Meteorite Etched Specimen,23.5,2013-03-11,9.7,2.42,WorthPoint
gibeon-meteorite,Gibeon Meteorite 61 Grams Etched Part Slice!,110.0,2013-03-11,61.0,1.8,WorthPoint
gibeon-meteorite,15.5 Gram Gibeon Meteorite Etched Specimen,18.29,2013-03-09,15.5,1.18,WorthPoint
gibeon-meteorite,Gibeon Iron Meteorite 86.09g Sculpted Beauty,169.0,2013-03-09,86.09,1.96,WorthPoint
gibeon-meteorite,Tai Chi Natural 18mm Gibeon Meteorite 925 Sterling Silver Pendant,189.0,2013-03-09,,,WorthPoint
gibeon-meteorite,GIBEON Meteorite KILLER Etched Slice 10.58 G. Coin 25X3 Mm,95.0,2013-03-08,10.58,8.98,WorthPoint
gibeon-meteorite,Bright Etched GIBEON Meteorite Slice With A Big Natural HOLE ! 21.7gr,119.99,2013-03-07,21.7,5.53,WorthPoint
gibeon-meteorite,Gibeon Iron Meteorite 5.07g Sculpted Beauty,15.0,2013-03-05,5.07,2.96,WorthPoint
gibeon-meteorite,16.5 Gram Gibeon Meteorite Etched Specimen,28.0,2013-03-05,16.5,1.7,WorthPoint
gibeon-meteorite,Etched And Thick GIBEON Meteorite Cut Or Slice 8.8 Gr!,20.99,2013-03-03,8.8,2.39,WorthPoint
gibeon-meteorite,2.05 Gram GIBEON Meteorite As Found INDIVIDUAL Small Ones Getting Very Rare,10.0,2013-03-03,2.05,4.88,WorthPoint
gibeon-meteorite,Bright Etched GIBEON Meteorite Slice 8.1 Gr!,29.99,2013-03-02,8.1,3.7,WorthPoint
gibeon-meteorite,Bright Etched GIBEON Meteorite Cut Slice With A Few Troilite Nodules ! 7.2gr,29.99,2013-03-02,7.2,4.17,WorthPoint
gibeon-meteorite,Gibeon Iron Meteorite 27.18g Sculpted Beauty,53.0,2013-03-02,27.18,1.95,WorthPoint
gibeon-meteorite,TT15 8mm Top Grade Natural Rarest Precious Gibeon Silver Meteorite Bracelet Bead,649.0,2013-03-01,,,WorthPoint
gibeon-meteorite,Silvery Grey Gibeon Meteorite 22mm Polished Sphere,117.0,2013-02-27,,,WorthPoint
gibeon-meteorite,GIBEON Meteorite KILLER Etched Slice 9.55 G.,95.0,2013-02-26,9.55,9.95,WorthPoint
gibeon-meteorite,Etched Square Shaped GIBEON Meteorite Cut Slice 6.3 Gr,26.99,2013-02-26,6.3,4.28,WorthPoint
gibeon-meteorite,Natural 25mm Gibeon Meteorite Tai Chi 925 Sterling Silver Pendant,189.0,2013-02-23,,,WorthPoint
gibeon-meteorite,BIG Bright Etched GIBEON Meteorite Slice With An Awesome Shape! 203.4gr,599.99,2013-02-23,203.4,2.95,WorthPoint
gibeon-meteorite,Gibeon Iron Meteorite 19.04g Sculpted Beauty,39.0,2013-02-23,19.04,2.05,WorthPoint
gibeon-meteorite,5.6 Gram Gibeon Meteorite Etched Specimen,10.5,2013-02-22,5.6,1.88,WorthPoint
gibeon-meteorite,TT16 Top Quality AAA Rarest Precious Gibeon Silver Meteorite Bracelet Beads 12mm,1118.0,2013-02-21,,,WorthPoint
gibeon-meteorite,TT17 Top Grade AAA Rarest Natural Precious Gibeon Silver Meteorite Bracelet 12MM,1099.0,2013-02-21,,,WorthPoint
gibeon-meteorite,32 X 21mm Tag Gibeon Meteorite 925 Sterling Silver Pendant,229.0,2013-02-18,,,WorthPoint
gibeon-meteorite,TTD15 High Quality Precious Natural Powerful Gibeon Silver Meteorite Pendant,258.0,2013-02-18,,,WorthPoint
gibeon-meteorite,Gibeon Meteorite Slice 8.92g,18.02,2013-02-17,8.92,2.02,WorthPoint
gibeon-meteorite,15.3 Gram Gibeon Meteorite Etched Specimen,22.01,2013-02-16,15.3,1.44,WorthPoint
gibeon-meteorite,Gibeon Iron Meteorite 4.61g Sculpted Beauty,12.0,2013-02-16,4.61,2.6,WorthPoint
gibeon-meteorite,Gibeon Iron Meteorite 13.48g Sculpted Beauty,30.0,2013-02-16,13.48,2.23,WorthPoint
gibeon-meteorite,Neat Widmanstatten Pattern On This GIBEON Meteorite Slice 8.2 Gr,18.99,2013-02-15,8.2,2.32,WorthPoint
gibeon-meteorite,Custom Damascus Gibeon Meteorite Folding Knife Zowada / Magic Mountain,465.0,2013-02-13,,,WorthPoint
gibeon-meteorite,"SALE! Meteorite: GIBEON, Namibia (52.0g) Octahedrite IVA - Widmanstatten Pattern",40.0,2013-02-13,52.0,0.77,WorthPoint
gibeon-meteorite,Gibeon Meteorite Slice 13.32g,39.59,2013-02-11,13.32,2.97,WorthPoint
gibeon-meteorite,12mm Ball Sphere Natural Gibeon Meteorite 925 Sterling Silver Pendant,199.0,2013-02-10,,,WorthPoint
gibeon-meteorite,Etched Triangle Shaped GIBEON Meteorite Cut Slice 7.5 Gr,19.99,2013-02-07,7.5,2.67,WorthPoint
gibeon-meteorite,Gibeon Meteorire Complete Slice 742 Gram,1100.0,2013-02-06,742.0,1.48,WorthPoint
gibeon-meteorite,Bright Etched GIBEON Meteorite Cut Slice With A REGMAGLYPT Dimple 8.8 Gr,39.99,2013-01-31,8.8,4.54,WorthPoint
gibeon-meteorite,"Gibeon Meteorite, 567g With Display Stand",77.0,2013-01-31,567.0,0.14,WorthPoint
gibeon-meteorite,Gibeon Meteorite Sphere - 207.75g,377.98,2013-01-30,207.75,1.82,WorthPoint
gibeon-meteorite,Gibeon Meteorite Cube - 144.4g,182.19,2013-01-29,144.4,1.26,WorthPoint
gibeon-meteorite,Bright Etched GIBEON Meteorite Thick Slice And Free Standing 8.7 Gr!,25.99,2013-01-26,8.7,2.99,WorthPoint
gibeon-meteorite,Gibeon Meteorite Sphere - 220.2g,403.05,2013-01-26,220.2,1.83,WorthPoint
gibeon-meteorite,Bright Etched Triangle Shaped GIBEON Meteorite Cut Slice 8.9 Gr,19.99,2013-01-25,8.9,2.25,WorthPoint
gibeon-meteorite,Bright Etched GIBEON Meteorite Slab Or Slice 10.6gr,29.99,2013-01-24,10.6,2.83,WorthPoint
gibeon-meteorite,S.V.F - Gibeon Meteorite Specimen - 6.56 Grams,10.76,2013-01-24,6.56,1.64,WorthPoint
gibeon-meteorite,.551 Gram GIBEON Meteorite As Found Rare Small INDIVIDUAL,15.01,2013-01-23,551.0,0.03,WorthPoint
gibeon-meteorite,SOLID 25 X 13mm RECTANGLE TAG GIBEON METEORITE 925 STERLING SILVER PENDANT,139.0,2013-01-22,,,WorthPoint
gibeon-meteorite,Meteorite Henbury Gibeon Whole Individuals Combo,12.0,2013-01-19,,,WorthPoint
gibeon-meteorite,15.06g Gibeon Anvil Part Slice Iron Historic Aritifact By Meteorite Men's Steve,89.99,2013-01-13,15.06,5.98,WorthPoint
gibeon-meteorite,Gibeon Meteorite Cylinder - 44.12g,96.75,2013-01-13,44.12,2.19,WorthPoint
gibeon-meteorite,Gibeon Meteorite Egg- 180.19g,335.4,2013-01-13,180.19,1.86,WorthPoint
gibeon-meteorite,Gibeon Meteorite Cube - 145.67g,269.29,2013-01-13,145.67,1.85,WorthPoint
gibeon-meteorite,Gibeon Meteorite Sphere - 258.45g,482.14,2013-01-13,258.45,1.87,WorthPoint
gibeon-meteorite,Gibeon Meteorite Cube - 70.52g,137.06,2013-01-13,70.52,1.94,WorthPoint
gibeon-meteorite,Natural 30mm Gibeon Meteorite Tai Chi 925 Sterling Silver Pendant,215.0,2013-01-07,,,WorthPoint
gibeon-meteorite,26mm Natural Gibeon Meteorite Star Of David 925 Sterling Silver Pendant,152.0,2013-01-03,,,WorthPoint
gibeon-meteorite,Gibeon Meteorite End Piece 417 Gram,207.5,2013-01-02,417.0,0.5,WorthPoint
gibeon-meteorite,Gibeon Meteorite Etched Slice 10.6 Grams With Display Box,47.14,2013-01-01,10.6,4.45,WorthPoint
gibeon-meteorite,Rose Natural Gibeon Meteorite Sun 925 Sterling Silver Pendant,179.0,2013-01-01,,,WorthPoint
gibeon-meteorite,Gibeon Meteorite Sphere 98 Gram No Reserve 0.99,205.0,2012-12-31,98.0,2.09,WorthPoint
gibeon-meteorite,OLD COLLECTION ESTATE Gibeon Iron Meteorite Crystal Specimen Namibia W/ PATINA,29.5,2012-12-30,,,WorthPoint
gibeon-meteorite,"Gibeon Iron Meteorite, Over 3 Lb Pound, Big, Approximatly 1400 Grams",758.0,2012-12-23,1400.0,0.54,WorthPoint
gibeon-meteorite,Etched GIBEON Meteorite Cut Slice 7.8 Gr!,19.99,2012-12-23,7.8,2.56,WorthPoint
gibeon-meteorite,Etched Triangle Shaped GIBEON Meteorite Cut Slice 9.1 Gr!,22.99,2012-12-20,9.1,2.53,WorthPoint
gibeon-meteorite,Neat Widmanstatten Pattern On This GIBEON Meteorite Slice 10.1 Gr,24.99,2012-12-19,10.1,2.47,WorthPoint
gibeon-meteorite,Gibeon Meteorite Slice 20.12g,32.24,2012-12-17,20.12,1.6,WorthPoint
gibeon-meteorite,Full Uncut Gibeon Meteorite - Nearly 7 Lbs - (3100) Grams,800.0,2012-12-16,3175.2,0.25,WorthPoint
gibeon-meteorite,Gibeon Meteorite Slice 15.33g,33.84,2012-12-16,15.33,2.21,WorthPoint
gibeon-meteorite,Gibeon Meteorite Slice 15.77g,33.84,2012-12-16,15.77,2.15,WorthPoint
gibeon-meteorite,Gibeon Meteorite Slice 18.11g,34.9,2012-12-16,18.11,1.93,WorthPoint
gibeon-meteorite,GIBEON IRON METEORITE: Sphere 269 G 40 Mm,670.0,2012-12-15,269.0,2.49,WorthPoint
gibeon-meteorite,*** GIBEON Meteorite 1 Kilo! Ex. W. Taylor W/ Label!,816.0,2012-12-13,,,WorthPoint
gibeon-meteorite,Gibeon Meteorite Pieces 100 Grams!!!!!,114.0,2012-12-13,100.0,1.14,WorthPoint
gibeon-meteorite,Gibeon Meteorite Pieces 100 Grams!! Good For Jewerly,114.0,2012-12-13,100.0,1.14,WorthPoint
gibeon-meteorite,Gibeon Meteorite Pieces 100 Grams!! Good Pieces For Jewerly,114.0,2012-12-13,100.0,1.14,WorthPoint
gibeon-meteorite,S.V.F - Gibeon Meteorite Specimen - 14.53 Grams,25.73,2012-12-12,14.53,1.77,WorthPoint
gibeon-meteorite,S.V.F - Gibeon Meteorite Specimen - 18.48 Grams,32.72,2012-12-12,18.48,1.77,WorthPoint
gibeon-meteorite,12mm Natural Gibeon Meteorite 925 Sterling Silver Stud Earrings,159.0,2012-12-10,,,WorthPoint
gibeon-meteorite,Gibeon Meteorite Cube - 73.09g,136.17,2012-12-09,73.09,1.86,WorthPoint
gibeon-meteorite,Long Etched GIBEON METEORITE Slice NECKLACE !! Wear A Falling Star!!,39.99,2012-12-09,,,WorthPoint
gibeon-meteorite,Gibeon Meteorite Egg- 195.94g,352.44,2012-12-09,195.94,1.8,WorthPoint
gibeon-meteorite,Gibeon Meteorite Sphere - 240g,432.54,2012-12-09,240.0,1.8,WorthPoint
gibeon-meteorite,Gibeon Meteorite Sphere - 140.81g,254.72,2012-12-09,140.81,1.81,WorthPoint
gibeon-meteorite,Big Bright Etched GIBEON METEORITE Slice NECKLACE !! Wear A Falling Star!! Z7,79.99,2012-12-08,,,WorthPoint
gibeon-meteorite,Bright Etched GIBEON Meteorite Slice 9.8 Gr!,34.99,2012-12-07,9.8,3.57,WorthPoint
gibeon-meteorite,Iron Meteorite Sphere 43 G 22 Mm Gibeon,174.5,2012-12-02,43.0,4.06,WorthPoint
gibeon-meteorite,Etched Triangle Shaped GIBEON Meteorite Cut Slice 5.8 Gr,24.99,2012-11-29,5.8,4.31,WorthPoint
gibeon-meteorite,Gibeon Meteorite 494 Grams,200.0,2012-11-25,494.0,0.4,WorthPoint
gibeon-meteorite,Gibeon Meteorite 126 Grams,65.0,2012-11-25,126.0,0.52,WorthPoint
gibeon-meteorite,Gibeon Meteorite Sphere - 236.85g,424.32,2012-11-25,236.85,1.79,WorthPoint
gibeon-meteorite,Gibeon Meteorite 116 Grams,61.0,2012-11-25,116.0,0.53,WorthPoint
gibeon-meteorite,Gibeon Meteorite Slice 10.9g,25.49,2012-11-22,10.9,2.34,WorthPoint
gibeon-meteorite,22x13mm Natural Gibeon Meteorite 925 Sterling Silver Pendant,169.0,2012-11-21,,,WorthPoint
gibeon-meteorite,Etched Nice Shaped GIBEON Meteorite Cut Slice 8.3 Gr!,22.99,2012-11-20,8.3,2.77,WorthPoint
gibeon-meteorite,Gibeon Meteorite Slice 14.2g,31.69,2012-11-19,14.2,2.23,WorthPoint
gibeon-meteorite,Gibeon Meteorite Pieces 63.8 Grams!! Good Pieces For Jewerly,74.0,2012-11-13,63.8,1.16,WorthPoint
gibeon-meteorite,Gibeon Meteorite Pendant Necklace Space Dust/Cuttings,14.99,2012-11-13,,,WorthPoint
gibeon-meteorite,Gibeon Meteorite Pieces 100 Grams! Great For Jewelry,114.0,2012-11-07,100.0,1.14,WorthPoint
gibeon-meteorite,Gibeon Meteorite Pieces 100 Grams!,114.0,2012-11-07,100.0,1.14,WorthPoint
gibeon-meteorite,Etched Triangle Shaped GIBEON Meteorite Cut Slice 8.6 Gr,24.99,2012-11-07,8.6,2.91,WorthPoint
gibeon-meteorite,32 X 21mm Rose Tag Gibeon Meteorite 925 Sterling Silver Pendant,229.0,2012-11-05,,,WorthPoint
gibeon-meteorite,Moon & Star Natural 18 X 8mm Gibeon Meteorite 925 Sterling Silver Pendant,169.0,2012-10-31,,,WorthPoint
gibeon-meteorite,Bright Etched GIBEON Meteorite Slab Or Slice 7.4gr,24.99,2012-10-29,7.4,3.38,WorthPoint
gibeon-meteorite,Bright Etched GIBEON Meteorite Thick Slice 10.8 Gr!,29.99,2012-10-28,10.8,2.78,WorthPoint
gibeon-meteorite,Gibeon Meteorite Etched Slice 7.99 Grams With Display Box,38.64,2012-10-27,7.99,4.84,WorthPoint
gibeon-meteorite,"Gibeon Meteorite; Polished And Etched, 142 Grams, Nice Widmanstatten Pattern",133.5,2012-10-25,142.0,0.94,WorthPoint
gibeon-meteorite,22x17MM NATURAL GIBEON METEORITE 925 STERLING SILVER PENDANT,189.0,2012-10-25,,,WorthPoint
gibeon-meteorite,12.2g Gibeon Anvil Part Slice Iron Historic Aritifact By Meteorite Men's Steve,59.99,2012-10-19,12.2,4.92,WorthPoint
gibeon-meteorite,Etched Triangle Shaped GIBEON Meteorite Cut Slice 8.3 Gr!,22.99,2012-10-15,8.3,2.77,WorthPoint
gibeon-meteorite,Gibeon Meteorite - The Consequent Of Terrestrialization: A Spicular Example,1375.0,2012-10-14,,,WorthPoint
gibeon-meteorite,Gibeon Meteorite - Tabletop Sculpture From Outer Space,17500.0,2012-10-14,,,WorthPoint
gibeon-meteorite,Gibeon Meteorite - Tabletop Sculptural Specimen,10000.0,2012-10-14,,,WorthPoint
gibeon-meteorite,Gibeon Meteorite - Leaf-shaped End Piece,6250.0,2012-10-14,,,WorthPoint
gibeon-meteorite,Gibeon Meteorite - Matchless Natural Sculpture From Outer Space,46875.0,2012-10-14,,,WorthPoint
gibeon-meteorite,Gibeon Meteorite Crystal,1187.5,2012-10-14,,,WorthPoint
gibeon-meteorite,Gibeon Meteorite - Arrowhead-shaped Specimen On Pedestal,2750.0,2012-10-14,,,WorthPoint
gibeon-meteorite,Gibeon Meteorite Etched Slice 7.8 Grams,33.91,2012-10-01,7.8,4.35,WorthPoint
gibeon-meteorite,Gibeon Iron Meteorite Silver Pendant / Necklace,30.0,2012-09-26,,,WorthPoint
gibeon-meteorite,TT9 AAA Excellently Rare Precious Gibeon Silver Meteorite Bracelet Beads 6.5-7mm,420.0,2012-09-23,,,WorthPoint
gibeon-meteorite,"74.5g Gibeon Anvil Iron 1/4 Slice 3B, MUST SEE Historic By Meteorite Men's Steve",219.99,2012-09-13,74.5,2.95,WorthPoint
gibeon-meteorite,S.V.F - Gibeon Meteorite Specimen - 10.93 Grams,19.35,2012-09-13,10.93,1.77,WorthPoint
gibeon-meteorite,Gibeon Meteorite Etched Slice 6.2 Grams,30.23,2012-09-06,6.2,4.88,WorthPoint
gibeon-meteorite,Gibeon Meteorite Individual 17.6g,21.48,2012-09-06,17.6,1.22,WorthPoint
gibeon-meteorite,Solid 26 X 17mm Tag Gibeon Meteorite 925 Sterling Silver Pendant,199.0,2012-08-30,,,WorthPoint
gibeon-meteorite,OUTSTANDING SCULPTED IRON GIBEON METEORITE From NAMIBIA 212 Gms,167.5,2012-08-26,212.0,0.79,WorthPoint
gibeon-meteorite,"3"" Huge 52mm Natural Gibeon Meteorite 925 Sterling Silver Star Of David Pendant",650.0,2012-08-14,,,WorthPoint
gibeon-meteorite,"Gibeon Iron Meteorite! Crusted, Nice Etch 25.9 Gr Beautiful!",39.0,2012-08-14,25.9,1.51,WorthPoint
gibeon-meteorite,Nice GIBEON Meteorite Round 17mm Etched Sphere 23.3 Grams,53.0,2012-08-13,23.3,2.27,WorthPoint
gibeon-meteorite,FOUR Little Troilite Nodules On This GIBEON Meteorite Slice 10.2 Gr,29.99,2012-08-13,10.2,2.94,WorthPoint
gibeon-meteorite,Bright GIBEON METEORITE NECKLACE !! A Falling Star!,49.99,2012-08-11,,,WorthPoint
gibeon-meteorite,Neat Widmanstatten Pattern On This GIBEON Meteorite Cube 9.7 Gr,39.99,2012-07-30,9.7,4.12,WorthPoint
gibeon-meteorite,Natural 22mm Gibeon Meteorite 925 Sterling Silver Star Of David Pendant,149.0,2012-07-30,,,WorthPoint
gibeon-meteorite,Gibeon Meteorite Watches From Namibia Omax Japan,850.0,2012-07-25,,,WorthPoint
gibeon-meteorite,Gibeon Iron Meteorite Crusted Slice! Nice Etch18.4 Gr Beautiful!,28.0,2012-07-18,18.4,1.52,WorthPoint
gibeon-meteorite,18x13MM NATURAL GIBEON METEORITE SAPPHIRE 925 STERLING SILVER PENDANT,189.0,2012-07-17,,,WorthPoint
gibeon-meteorite,Gibeon Iron Meteorite Complete Slice! Nice Etch 102.1 Gr Beautiful!,150.0,2012-07-16,102.1,1.47,WorthPoint
gibeon-meteorite,18mm Ball Sphere Natural Gibeon Meteorite 925 Sterling Silver Pendant,329.0,2012-07-09,,,WorthPoint
gibeon-meteorite,22mm Natural Gibeon Meteorite 925 Sterling Silver Star Pendant,169.0,2012-07-07,,,WorthPoint
gibeon-meteorite,GIBEON Meteorite Bead 14mm Wide Etched Sphere 11.5 Grams,57.0,2012-06-30,11.5,4.96,WorthPoint
gibeon-meteorite,GIBEON Meteorite Bead 10mm Etched Sphere 3.83 Grams,41.0,2012-06-30,3.83,10.7,WorthPoint
gibeon-meteorite,Bright Etched GIBEON Meteorite Slab Or Slice With Regmaglypt Edge 7.2gr,29.99,2012-06-24,7.2,4.17,WorthPoint
gibeon-meteorite,"Gibeon Iron Meteorite! Complete Slice, Nice Etch 41.8 Gr Beautiful!",63.0,2012-06-17,41.8,1.51,WorthPoint
gibeon-meteorite,Neat Widmanstatten Pattern On This GIBEON Meteorite Slice 9.3 Gr,39.99,2012-06-11,9.3,4.3,WorthPoint
gibeon-meteorite,Bright Etched GIBEON Meteorite Slice 6.9 Gr,19.99,2012-06-02,6.9,2.9,WorthPoint
gibeon-meteorite,TT14 Top Grade Rare Precious Natural Gibeon Silver Meteorite Bracelet Beads 12mm,1180.0,2012-06-01,,,WorthPoint
gibeon-meteorite,Gibeon Meteorite End Piece - Intriguing Study Of The Internal And External Structure Of An Iron Meteorite,4375.0,2012-05-20,,,WorthPoint
gibeon-meteorite,BIG Etched GIBEON METEORITE Slice NECKLACE !! Wear A Falling Star!!,49.99,2012-04-18,,,WorthPoint
gibeon-meteorite,Gibeon Meteorite Dagger! Hand Crafted Wow!,1200.0,2012-04-17,,,WorthPoint
gibeon-meteorite,GIBEON Meteorite 35mm X 30mm X 2mm Thin Etched 9.93 Grams,67.0,2012-04-13,9.93,6.75,WorthPoint
gibeon-meteorite,GIBEON Meteorite Bead 9mm Etched Sphere 3.73 Grams,22.5,2012-04-13,3.73,6.03,WorthPoint
gibeon-meteorite,2.9 Gram Small GIBEON METEORITE,16.5,2012-04-11,2.9,5.69,WorthPoint
gibeon-meteorite,GIBEON Meteorite Bead 9mm Etched Sphere 3.21 Grams,16.0,2012-04-03,3.21,4.98,WorthPoint
gibeon-meteorite,Big Nice GIBEON Meteorite 23mm Wide Etched Sphere 16 Grams,36.0,2012-04-02,16.0,2.25,WorthPoint
gibeon-meteorite,GIBEON Meteorite Bead 8mm Etched Sphere 2.37 Grams,15.0,2012-03-23,2.37,6.33,WorthPoint
gibeon-meteorite,GIBEON Meteorite Bead 10mm Etched Sphere 4.73 Grams,20.0,2012-03-23,4.73,4.23,WorthPoint
gibeon-meteorite,"Gibeon Iron Meteorite! Slice, Nice Etch 18.2 Gr Beautiful!",28.0,2012-03-21,18.2,1.54,WorthPoint
gibeon-meteorite,Top Quality AAA Rare Precious Gibeon Silver Meteorite Bracelet Beads 10mm,689.0,2012-01-03,,,WorthPoint
gibeon-meteorite,Top Quality Rare Precious Natural Gibeon Silver Meteorite Pendant,60.0,2011-12-29,,,WorthPoint
gibeon-meteorite,Bright Etched GIBEON Meteorite Slice 7.2 Gr,29.99,2011-12-29,7.2,4.17,WorthPoint
gibeon-meteorite,GIBEON Meteorite Round 8mm Etched Sphere 2.46 Grams,15.0,2011-12-27,2.46,6.1,WorthPoint
gibeon-meteorite,GIBEON Meteorite Bead 10mm Etched Sphere 3.56 Grams,16.0,2011-12-27,3.56,4.49,WorthPoint
gibeon-meteorite,100% Natural GIBEON Meteorite Individual 17.6 Gr Famous Namibian Fall !,54.99,2011-12-25,17.6,3.12,WorthPoint
gibeon-meteorite,"Lot Of FIVE ""5"" Jewery Grade Bright Etched GIBEON Meteorite Slices",114.99,2011-12-23,,,WorthPoint
gibeon-meteorite,Gibeon IVA Iron Meteorite 106.8 Gram Slice (very Stable Condition),84.0,2011-12-19,106.8,0.79,WorthPoint
gibeon-meteorite,RARE LARGE Gibeon Iron Meteorite Crystal Complete Individual Namibia S. Africa ~,36.5,2011-12-18,,,WorthPoint
gibeon-meteorite,GIBEON Meteorite Bead 8 Mm Etched Sphere 2.68 Grams,17.16,2011-12-18,2.68,6.4,WorthPoint
gibeon-meteorite,Bright Etched GIBEON Meteorite Slice With A Very Uniqe Shape 5.6 Gr,29.99,2011-12-18,5.6,5.36,WorthPoint
gibeon-meteorite,Meteorite Gibeon Polished Slab-widmanstatten Pattern Both Sides- 153 Grams,150.0,2011-12-15,153.0,0.98,WorthPoint
gibeon-meteorite,Bright Etched GIBEON Meteorite Famous Namibian Fall! 7.7gr,39.99,2011-12-15,7.7,5.19,WorthPoint
gibeon-meteorite,Gibeon Iron Meteorite With Natural Exterior Crust,29.99,2011-12-12,,,WorthPoint
gibeon-meteorite,Bright Little Etched GIBEON Meteorite Cut Slice 6.1 Gr,22.99,2011-12-12,6.1,3.77,WorthPoint
gibeon-meteorite,Bright Etched GIBEON Meteorite Slice 7.7 Gr,28.99,2011-12-12,7.7,3.76,WorthPoint
gibeon-meteorite,Gibeon Meteorite Endcut With Etched Face - Beautiful Display Specimen !!!!!!!!!!,1000.0,2011-12-10,,,WorthPoint
gibeon-meteorite,"GIBEON Iron Meteorite Womens' Watch, Rectangular Slice",89.0,2011-12-10,,,WorthPoint
gibeon-meteorite,Gibeon Iron Meteorite: Perfect Etched Sphere,74.95,2011-09-29,,,WorthPoint
gibeon-meteorite,Bright Etched GIBEON Meteorite Slice With Small Troilite Nodule 8.6 Gr,29.99,2011-09-28,8.6,3.49,WorthPoint
gibeon-meteorite,Bright Etched GIBEON Meteorite Slice 22.9 Gr,54.99,2011-09-15,22.9,2.4,WorthPoint
gibeon-meteorite,Bright Etched GIBEON Meteorite With Troilite 26.7 Gr,59.99,2011-09-13,26.7,2.25,WorthPoint
gibeon-meteorite,Gibeon Iron Meteorite: Etched Complete Full Slice Crust,59.95,2011-09-10,,,WorthPoint
gibeon-meteorite,Gibeon Iron Meteorite: Perfect Etched Sphere / Bead,79.95,2011-08-07,,,WorthPoint
gibeon-meteorite,Gibeon Iron Meteorite: Complete Etched Slice W/ Crust,189.95,2011-08-03,,,WorthPoint
gibeon-meteorite,"Gibeon Meteorite ""Guitar Pick"" Etched Iron Nickel",65.0,2011-08-01,,,WorthPoint
gibeon-meteorite,12 Round Gibeon Iron Meteorite Slices,48.0,2011-07-28,,,WorthPoint
gibeon-meteorite,GIBEON Meteorite Nice Egg Shaped 41mm X 30mm 183 Grams,375.0,2011-07-23,183.0,2.05,WorthPoint
gibeon-meteorite,20 Gram Bright Etched Gibeon Meteorite,25.0,2011-07-23,20.0,1.25,WorthPoint
gibeon-meteorite,9 Gram Bright Etched Gibeon Meteorite,19.77,2011-07-23,9.0,2.2,WorthPoint
gibeon-meteorite,GIBEON Meteorite Bead 14mm Etched Sphere 15.2 Grams,51.0,2011-07-23,15.2,3.36,WorthPoint
gibeon-meteorite,GIBEON Meteorite Round 12mm Etched Sphere 7.38 Grams,36.0,2011-07-23,7.38,4.88,WorthPoint
gibeon-meteorite,Irregular Pattern - Gibeon Iron Meteorite - End Piece,149.95,2011-07-21,,,WorthPoint
gibeon-meteorite,GIBEON Meteorite Bead 9mm Etched Sphere 2.56 Grams,10.99,2011-07-21,2.56,4.29,WorthPoint
gibeon-meteorite,GIBEON Meteorite Round 8mm Etched Sphere 2.36 Grams,14.5,2011-07-19,2.36,6.14,WorthPoint
gibeon-meteorite,Etched GIBEON Meteorite 21 Grams,47.35,2011-07-18,21.0,2.25,WorthPoint
gibeon-meteorite,Gibeon Iron Meteorite: Perfect Etched End Cut Crust,159.95,2011-07-14,,,WorthPoint
gibeon-meteorite,Etched GIBEON Meteorite REGMAGLYPT HOLE !! -- 24 Gr --,99.99,2011-07-10,24.0,4.17,WorthPoint
gibeon-meteorite,Gibeon Meteorite Etched End Piece 10.8 Grams!,14.0,2011-07-09,10.8,1.3,WorthPoint
gibeon-meteorite,Rare Reference Book And Gibeon Meteorite Look,47.0,2011-07-09,,,WorthPoint
gibeon-meteorite,NEAT Free Standing Etched GIBEON Meteorite Slice 28 Gr!,79.99,2011-07-09,28.0,2.86,WorthPoint
gibeon-meteorite,35 Gram Bright Etched Gibeon Meteorite,42.13,2011-07-07,35.0,1.2,WorthPoint
gibeon-meteorite,Gibeon Iron Meteorite: Perfect Etched Guitar Picks,42.95,2011-07-06,,,WorthPoint
gibeon-meteorite,Genuine Gibeon Meteorite 9-9.5mm Round Bead G700,21.99,2011-07-05,,,WorthPoint
gibeon-meteorite,Gibeon Iron Meteorite:hand Made Bead :irregular Pattern,39.95,2011-07-04,,,WorthPoint
gibeon-meteorite,GIBEON Meteorite Round 15mm Etched Sphere 15.8 Grams,43.99,2011-07-04,15.8,2.78,WorthPoint
gibeon-meteorite,GIBEON Meteorite Bead 9mm Etched Sphere 3.19 Grams,26.99,2011-07-04,3.19,8.46,WorthPoint
gibeon-meteorite,GIBEON Meteorite Round 22mm Etched Sphere 52 Grams,179.0,2011-07-01,52.0,3.44,WorthPoint
gibeon-meteorite,Gibeon Meteorite: 3.3 Gram Sealed Etched Slice,13.13,2011-06-21,3.3,3.98,WorthPoint
gibeon-meteorite,GIBEON Meteorite Looks A Little Over Cleaned 46.7 Grams,59.99,2011-06-16,46.7,1.28,WorthPoint
gibeon-meteorite,GIBEON Meteorite Bead 15mm Etched Sphere 13.8 Grams,36.05,2011-06-16,13.8,2.61,WorthPoint
gibeon-meteorite,GIBEON Meteorite Round 9mm Etched Sphere 2.98 Grams,21.39,2011-06-14,2.98,7.18,WorthPoint
gibeon-meteorite,Gibeon - Interior And Exterior Of An Iron Meteorite Revealed In Aesthetic Specimen,2390.0,2011-06-12,,,WorthPoint
gibeon-meteorite,Gibeon End Piece - The Internal And External Features Of A Fine Meteorite Revealed,14340.0,2011-06-12,,,WorthPoint
gibeon-meteorite,Awesome Etched GIBEON Meteorite Slice -- 24 Gram --,59.99,2011-06-11,24.0,2.5,WorthPoint
gibeon-meteorite,GIBEON Meteorite Round 23 Mm Etched Sphere 53 Grams,139.0,2011-06-07,53.0,2.62,WorthPoint
gibeon-meteorite,GIBEON Meteorite Round 26mm Etched Sphere 83 Grams,220.0,2011-06-07,83.0,2.65,WorthPoint
gibeon-meteorite,Gibeon Meteorite Sphere Large 49 Grams 23 Mm.,107.75,2011-06-06,49.0,2.2,WorthPoint
gibeon-meteorite,Gibeon Iron Meteorite: Heavy Duty: Perfect Etched Disk,77.95,2011-05-30,,,WorthPoint
gibeon-meteorite,Awesome Etched GIBEON Meteorite Slice -- 21.8 Gram --,59.99,2011-05-30,21.8,2.75,WorthPoint
gibeon-meteorite,GIBEON Meteorite Round 24mm Etched Sphere 60 Grams,99.99,2011-05-29,60.0,1.67,WorthPoint
gibeon-meteorite,Gibeon Iron Meteorite: Hand Made: Etched Sphere/bead,89.95,2011-05-28,,,WorthPoint
gibeon-meteorite,GIBEON Meteorite Round 9mm Etched Sphere 3.02 Grams,26.6,2011-05-26,3.02,8.81,WorthPoint
gibeon-meteorite,GIBEON Meteorite Bead 8mm Etched Sphere 2.46 Grams,31.33,2011-05-26,2.46,12.74,WorthPoint
gibeon-meteorite,Gibeon Meteorite 925 Sterling Silver Earrings,17.47,2011-05-25,,,WorthPoint
gibeon-meteorite,GIBEON IRON METEORITE: ETCHED LETTER OPENER W/ CRUST,168.95,2011-05-25,,,WorthPoint
gibeon-meteorite,Rare Gibeon Meteorite Slice Handmade Awakening Pendant,63.99,2011-05-15,,,WorthPoint
gibeon-meteorite,Gibeon Meteorite Pendant 17x12 Mm 39.5 Ct,17.1,2011-05-14,7.9,2.16,WorthPoint
gibeon-meteorite,IRON METEORITE GIBEON FINE ETCHED SPECIMEN 106 Gm,121.56,2011-05-14,106.0,1.15,WorthPoint
gibeon-meteorite,Gibeon Meteorite 925 Sterling Silver Pendant,29.95,2011-05-09,,,WorthPoint
gibeon-meteorite,GIBEON Iron Meteorite Earrings 8mm X 5mm,25.0,2011-05-06,,,WorthPoint
gibeon-meteorite,459 Gr Lg Gibeon Meteorite Etched Slab Namibia Africa !,469.99,2011-05-02,459.0,1.02,WorthPoint
gibeon-meteorite,Gibeon Meteorite Sphere 89 Grams Nice Widmanstaaten NR,126.0,2011-04-30,89.0,1.42,WorthPoint
gibeon-meteorite,"10 Gram GIBEON Meteorite - ""As Found"" Original Patina",12.99,2011-04-28,10.0,1.3,WorthPoint
gibeon-meteorite,GIBEON Meteorite Bead 9mm Etched Sphere 3.25 Grams,12.0,2011-04-27,3.25,3.69,WorthPoint
gibeon-meteorite,84 Gram GIBEON Meteorite Individual,87.0,2011-04-26,84.0,1.04,WorthPoint
gibeon-meteorite,Nicely Etched GIBEON Meteorite 16 Grams END CUT,16.02,2011-04-24,16.0,1.0,WorthPoint
gibeon-meteorite,"18 Gram GIBEON Meteorite - ""As Found"" Original Patina",17.27,2011-04-24,18.0,0.96,WorthPoint
gibeon-meteorite,925 Sterling Silver Gibeon Meteorite Ring,39.99,2011-04-23,,,WorthPoint
gibeon-meteorite,Gorgeous 37.7 Gram Etched GIBEON Meteorite Specimen,36.33,2011-04-17,37.7,0.96,WorthPoint
gibeon-meteorite,Gibeon Meteorite Part Slice! 18.9 Grams!,28.0,2011-04-15,18.9,1.48,WorthPoint
gibeon-meteorite,Gibeon Meteorite Part Slice! 32.2 Grams!,41.04,2011-04-15,32.2,1.27,WorthPoint
gibeon-meteorite,Gibeon Meteorite Part Slice! 28.0 Grams!,16.03,2011-04-15,28.0,0.57,WorthPoint
gibeon-meteorite,Encased Gibeon Meteorite Slice-- Approx. 350gms,275.0,2011-04-14,350.0,0.79,WorthPoint
gibeon-meteorite,Gibeon Iron Meteorite Slice,10.5,2011-04-13,,,WorthPoint
gibeon-meteorite,Gibeon Iron Meteorite Slice! Nice Etch 24.6 Gr,41.0,2011-04-12,24.6,1.67,WorthPoint
gibeon-meteorite,Gibeon Iron Meteorite Slice! Nice Etch 39.5 Gr,59.0,2011-04-12,39.5,1.49,WorthPoint
gibeon-meteorite,Gibeon Iron Meteorite Slice! Nice Etch 32.1 Gr,66.51,2011-04-12,32.1,2.07,WorthPoint
gibeon-meteorite,GIBEON Meteorite 17mm Etched Sphere 21.1 Grams,49.0,2011-04-11,21.1,2.32,WorthPoint
gibeon-meteorite,Gibeon Meteorite Part Slice! 16.7 Grams!,13.01,2011-04-11,16.7,0.78,WorthPoint
gibeon-meteorite,Gibeon Meteorite Part Slice! 20.2 Grams!,13.0,2011-04-11,20.2,0.64,WorthPoint
gibeon-meteorite,Gibeon Iron Meteorite End Cut With Crust,41.25,2011-04-10,,,WorthPoint
gibeon-meteorite,Gibeon Meteorite 1.3 Grams 4d Triangle Specimen,25.0,2011-04-10,1.3,19.23,WorthPoint
gibeon-meteorite,Gibeon Meteorite Disc Fresh Etch 1.0 Gram Specimen,15.0,2011-04-10,1.0,15.0,WorthPoint
gibeon-meteorite,Gibeon Meteorite Stick Pendant 1.2 Grams 3d Specimen,15.0,2011-04-10,1.2,12.5,WorthPoint
gibeon-meteorite,Gibeon Meteorite Fresh Etch 8.1 Grams 3d Specimen,35.0,2011-04-10,8.1,4.32,WorthPoint
gibeon-meteorite,GIBEON Meteorite Bead 14mm Etched Sphere 12.8 Grams,30.99,2011-04-06,12.8,2.42,WorthPoint
gibeon-meteorite,Gibeon Iron Meteorite: Full Perfect Etched Slice,229.95,2011-04-05,,,WorthPoint
gibeon-meteorite,Gibeon Meteorite Pendant 30x12 Mm 24.5 Ct,49.0,2011-04-02,4.9,10.0,WorthPoint
gibeon-meteorite,Gibeon Meteorite Pendant Stainless Steel Silver Plated,95.0,2011-04-01,,,WorthPoint
gibeon-meteorite,GIBEON Meteorite 22mm Etched Sphere 47 Grams,90.0,2011-03-30,47.0,1.91,WorthPoint
gibeon-meteorite,925 Sterling Silver Gibeon Iron Meteorite Ring Size #13,99.95,2011-03-30,,,WorthPoint
gibeon-meteorite,Namibia Africa Gibeon Meteorite (33 Pounds),6000.0,2011-03-27,,,WorthPoint
gibeon-meteorite,Gibeon Meteorite Fresh Etch 7.5 Grams 3d Specimen,12.0,2011-03-26,7.5,1.6,WorthPoint
gibeon-meteorite,Gibeon Meteorite Fresh Etch 13.8 Grams 3d Specimen,19.0,2011-03-26,13.8,1.38,WorthPoint
gibeon-meteorite,Gibeon Meteorite Fresh Etch 65.8 Grams 3d Specimen,105.0,2011-03-26,65.8,1.6,WorthPoint
gibeon-meteorite,Gibeon Meteorite Fresh Etch 7.2 Grams 3d Specimen,14.0,2011-03-26,7.2,1.94,WorthPoint
gibeon-meteorite,Gibeon Iron Meteorite 20mm Sphere,24.95,2011-03-26,,,WorthPoint
gibeon-meteorite,GIBEON Meteorite Bead 7 Mm Etched Sphere 2.43 Grams,28.32,2011-03-26,2.43,11.65,WorthPoint
gibeon-meteorite,Gibeon Iron Meteorite Guitar Pic,16.5,2011-03-26,,,WorthPoint
gibeon-meteorite,Gibeon Iron Meteorite Slice With Crust,18.0,2011-03-26,,,WorthPoint
gibeon-meteorite,Gibeon Iron Meteorite 26mm Sphere,63.88,2011-03-26,,,WorthPoint
gibeon-meteorite,Gibeon Meteorite Fresh Etch 6.1 Grams 3d Specimen,11.0,2011-03-24,6.1,1.8,WorthPoint
gibeon-meteorite,Gibeon Meteorite Full Slice! 61.8 Grams! WOW!,93.0,2011-03-24,61.8,1.5,WorthPoint
gibeon-meteorite,Gibeon Iron Meteorite Slice! Nice Etch 9.1 Gr,18.0,2011-03-23,9.1,1.98,WorthPoint
gibeon-meteorite,Gibeon Iron Meteorite Slice! Nice Etch 18.6 Gr,28.0,2011-03-23,18.6,1.51,WorthPoint
gibeon-meteorite,Gibeon Iron Meteorite Slice! Nice Etch 18.7 Gr,40.99,2011-03-23,18.7,2.19,WorthPoint
gibeon-meteorite,Gibeon Iron Meteorite Slice! Nice Etch 17.8 Gr,27.0,2011-03-23,17.8,1.52,WorthPoint
gibeon-meteorite,Gibeon Iron Meteorite Slice! Nice Etch 20.0 Gr,30.0,2011-03-23,20.0,1.5,WorthPoint
gibeon-meteorite,Gibeon Iron Meteorite Slice! Nice Etch 30.7 Gr,46.0,2011-03-23,30.7,1.5,WorthPoint
gibeon-meteorite,GIBEON Meteorite Bead 15mm Etched Sphere 12.4 Grams,39.0,2011-03-22,12.4,3.15,WorthPoint
gibeon-meteorite,GIBEON Meteorite 9mm Etched Sphere 2.33 Grams,26.0,2011-03-22,2.33,11.16,WorthPoint
gibeon-meteorite,Gibeon Iron Meteorite: Etched Sphere: Unique Structure,94.95,2011-03-20,,,WorthPoint
gibeon-meteorite,GIBEON Meteorite Round 18 Mm Etched Sphere 28.5 Grams,37.51,2011-03-20,28.5,1.32,WorthPoint
gibeon-meteorite,Gibeon Meteorite End Piece! 102.5 Grams! WOW!,154.0,2011-03-18,102.5,1.5,WorthPoint
gibeon-meteorite,Gibeon Meteorite Fresh Etch 8.3 Gram Specimen,10.0,2011-03-17,8.3,1.2,WorthPoint
gibeon-meteorite,Gibeon Meteorite Etched Piece! 245.6 Grams! WOW!,270.0,2011-03-17,245.6,1.1,WorthPoint
gibeon-meteorite,Gibeon Meteorite Etched Piece! 78.6 Grams! WOW!,86.0,2011-03-17,78.6,1.09,WorthPoint
gibeon-meteorite,Gibeon Meteorite Etched Piece! 208.5 Grams! WOW!,229.0,2011-03-17,208.5,1.1,WorthPoint
gibeon-meteorite,Gibeon Iron Meteorite: Perfect Etched Letter Opener,124.95,2011-03-16,,,WorthPoint
gibeon-meteorite,Gibeon Iron Meteorite Slice! Nice Etch 9.9 Gr,15.5,2011-03-15,9.9,1.57,WorthPoint
gibeon-meteorite,Gibeon Meteorite Full Slice! 65.2 Grams! WOW!,98.0,2011-03-13,65.2,1.5,WorthPoint
gibeon-meteorite,Gibeon Meteorite Full Slice! 63.9 Grams! WOW!,96.0,2011-03-13,63.9,1.5,WorthPoint
gibeon-meteorite,Gibeon Meteorite Full Slice! 21.7 Grams! WOW!,33.0,2011-03-13,21.7,1.52,WorthPoint
gibeon-meteorite,Gibeon Meteorite Full Slice! 31.4 Grams! WOW!,47.0,2011-03-13,31.4,1.5,WorthPoint
gibeon-meteorite,Gibeon Meteorite Full Slice! 42.1 Grams! WOW!,63.0,2011-03-13,42.1,1.5,WorthPoint
gibeon-meteorite,Gibeon Meteorite Full Slice! 39.7 Grams! WOW!,60.0,2011-03-13,39.7,1.51,WorthPoint
gibeon-meteorite,Gibeon Meteorite Full Slice! 51.9 Grams! WOW!,78.0,2011-03-13,51.9,1.5,WorthPoint
gibeon-meteorite,Gibeon Meteorite Full Slice! 25.8 Grams! WOW!,39.0,2011-03-13,25.8,1.51,WorthPoint
gibeon-meteorite,Gibeon Meteorite Full Slice! 44.9 Grams! WOW!,67.0,2011-03-13,44.9,1.49,WorthPoint
gibeon-meteorite,Gibeon Meteorite Fresh Etch 7.6 Grams 3d Specimen,20.0,2011-03-08,7.6,2.63,WorthPoint
gibeon-meteorite,Gibeon Meteorite Fresh Etch 1.8 Grams Stick Specimen,12.0,2011-03-08,1.8,6.67,WorthPoint
gibeon-meteorite,Gibeon Meteorite Fresh Etch 4.9 Grams 3d Specimen,15.0,2011-03-08,4.9,3.06,WorthPoint
gibeon-meteorite,GIBEON METEORITE 18K GOLD PLATED TRIANGLE PENDANT 10 Gs,32.0,2011-03-08,10.0,3.2,WorthPoint
gibeon-meteorite,Gibeon Meteorite Disc Fresh Etch 12.7 Gram Specimen,38.0,2011-03-08,12.7,2.99,WorthPoint
gibeon-meteorite,Gibeon Meteorite Fresh Etch 21.9 Grams 4d Specimen,49.0,2011-03-07,21.9,2.24,WorthPoint
gibeon-meteorite,Gibeon Meteorite Fresh Etch 7.4 Grams Block Specimen,16.0,2011-03-07,7.4,2.16,WorthPoint
gibeon-meteorite,Gibeon Meteorite Fresh Etch 11 Grams 3d Specimen,27.0,2011-03-07,11.0,2.45,WorthPoint
gibeon-meteorite,Gibeon Iron Meteorite End Slice! Nice Etch 20.6 Gr,31.0,2011-03-07,20.6,1.5,WorthPoint
gibeon-meteorite,Gibeon Iron Meteorite Slice! Nice Etch 34.3 Gr,51.0,2011-03-07,34.3,1.49,WorthPoint
gibeon-meteorite,Gibeon Iron Meteorite Slice! Nice Etch 12.5 Gr,21.05,2011-03-07,12.5,1.68,WorthPoint
gibeon-meteorite,Gibeon Iron Meteorite Slice! Nice Etch 31.2 Gr,56.0,2011-03-07,31.2,1.79,WorthPoint
gibeon-meteorite,Gibeon Iron Meteorite Slice! Nice Etch 13.6 Gr,22.5,2011-03-07,13.6,1.65,WorthPoint
gibeon-meteorite,Gibeon Iron Meteorite Slice! Nice Etch 11.4 Gr,26.0,2011-03-07,11.4,2.28,WorthPoint
gibeon-meteorite,Gibeon Meteorite Full Slice! 90.3 Grams! WOW!,135.0,2011-03-06,90.3,1.5,WorthPoint
gibeon-meteorite,Gibeon Meteorite Full Slice! 69.1 Grams! WOW!,104.0,2011-03-06,69.1,1.51,WorthPoint
gibeon-meteorite,Gibeon Meteorite Full Slice! 78.1 Grams! WOW!,117.0,2011-03-06,78.1,1.5,WorthPoint
gibeon-meteorite,Gibeon Meteorite Full Slice 62.2 Grams,62.0,2011-03-06,62.2,1.0,WorthPoint
gibeon-meteorite,Gibeon Meteorite Full Slice 81.7 Grams,82.0,2011-03-06,81.7,1.0,WorthPoint
gibeon-meteorite,GIBEON Meteorite Bead 14 Mm Etched Sphere 12 Grams,43.75,2011-03-01,12.0,3.65,WorthPoint
gibeon-meteorite,"Etched GIBEON Meteorite 12 Grams, Octahedral Form",29.85,2011-02-28,12.0,2.49,WorthPoint
gibeon-meteorite,GIBEON Meteorite Bead 8mm Etched Sphere 2.22 Grams,29.5,2011-02-27,2.22,13.29,WorthPoint
gibeon-meteorite,Gibeon Meteorite Beautiful Sample 4 Grams ETCHED,16.52,2011-02-26,4.0,4.13,WorthPoint
gibeon-meteorite,Gibeon Meteorite Full Slice! 90.5 Grams! WOW!,136.0,2011-02-26,90.5,1.5,WorthPoint
gibeon-meteorite,10 Gram GIBEON Meteorite - Nice Shape!,12.18,2011-02-25,10.0,1.22,WorthPoint
gibeon-meteorite,8 Gram GIBEON Meteorite - Cool Shape!,10.5,2011-02-25,8.0,1.31,WorthPoint
gibeon-meteorite,Etched 10 Gram GIBEON Meteorite - Cool Shape!,24.5,2011-02-25,10.0,2.45,WorthPoint
gibeon-meteorite,GIBEON Meteorite Nice Etched Perfect Pyramid 173 Grams,280.0,2011-02-24,173.0,1.62,WorthPoint
gibeon-meteorite,Gibeon Meteorite Pendant & Earrings 925 Sterling Silver,79.95,2011-02-23,,,WorthPoint
gibeon-meteorite,14 Gram GIBEON Meteorite - Cool Shape!,12.3,2011-02-23,14.0,0.88,WorthPoint
gibeon-meteorite,Etched 17 Gram GIBEON Meteorite - Nice Shape!,20.21,2011-02-23,17.0,1.19,WorthPoint
gibeon-meteorite,GIBEON Meteorite Bead 15 Mm Etched Sphere 14.5 Grams,25.0,2011-02-23,14.5,1.72,WorthPoint
gibeon-meteorite,GIBEON Meteorite Nice Etched Perfect Circle 83.4 Grams,125.0,2011-02-23,83.4,1.5,WorthPoint
gibeon-meteorite,Gibeon Meteorite Full Slice! 85.8 Grams! WOW!,129.0,2011-02-21,85.8,1.5,WorthPoint
gibeon-meteorite,7 Gram GIBEON Meteorite - Nice Shape!,20.5,2011-02-20,7.0,2.93,WorthPoint
gibeon-meteorite,Etched 21 Gram GIBEON Meteorite - Cool Shape!,46.0,2011-02-20,21.0,2.19,WorthPoint
gibeon-meteorite,Gibeon Meteorite Ring 925 Sterling Silver,25.0,2011-02-18,,,WorthPoint
gibeon-meteorite,Gibeon Meteorite 21.6 Gr Etched Slice,36.25,2011-02-18,21.6,1.68,WorthPoint
gibeon-meteorite,Gibeon Meteorite Etched Piece! 86.9 Grams! WOW!,96.0,2011-02-18,86.9,1.1,WorthPoint
gibeon-meteorite,17 Gram GIBEON Meteorite Individual - Nice Shape!,28.5,2011-02-16,17.0,1.68,WorthPoint
gibeon-meteorite,14 Gram GIBEON Meteorite Individual - Nice Shape!,32.0,2011-02-16,14.0,2.29,WorthPoint
gibeon-meteorite,GIBEON METEORITE Nice Inclusion Circle Slice - Namibia,11.11,2011-02-15,,,WorthPoint
gibeon-meteorite,Cool 16 Gram Etched GIBEON Meteorite Slice,15.25,2011-02-13,16.0,0.95,WorthPoint
gibeon-meteorite,4 Gram GIBEON Meteorite Individual -,15.75,2011-02-13,4.0,3.94,WorthPoint
gibeon-meteorite,Beautiful Gibeon Meteorite Crustpiece 350 G. Unpolished,365.0,2011-02-13,350.0,1.04,WorthPoint
gibeon-meteorite,Gibeon Meteorite 7g Polished & Etched. Great Details!,17.2,2011-02-13,7.0,2.46,WorthPoint
gibeon-meteorite,Etched 10 Gram GIBEON Meteorite - Nice Shape!,21.0,2011-02-13,10.0,2.1,WorthPoint
gibeon-meteorite,Gibeon Meteorite Slice / Crust 22.8g Polished & Etched,26.57,2011-02-13,22.8,1.17,WorthPoint
gibeon-meteorite,Gibeon Meteorite Slice / Crust 28.1g Polished & Etched,20.5,2011-02-13,28.1,0.73,WorthPoint
gibeon-meteorite,Gibeon Meteorite Rare Cornerpiece 20.7g Polished&etched,36.57,2011-02-13,20.7,1.77,WorthPoint
gibeon-meteorite,Etched 35 Gram GIBEON Meteorite - Nice Shape!,66.25,2011-02-13,35.0,1.89,WorthPoint
gibeon-meteorite,4 Gram GIBEON Meteorite - Nice Shape!,14.5,2011-02-13,4.0,3.62,WorthPoint
gibeon-meteorite,9 Gram GIBEON Meteorite - Cool Shape!,18.5,2011-02-13,9.0,2.06,WorthPoint
gibeon-meteorite,Cool 13 Gram Etched GIBEON Meteorite Slice,11.99,2011-02-12,13.0,0.92,WorthPoint
gibeon-meteorite,Gibeon Meteorite Beautiful Sample 3 Grams ETCHED,13.0,2011-02-12,3.0,4.33,WorthPoint
gibeon-meteorite,Cool 5 Gram GIBEON Meteorite Individual -,12.99,2011-02-12,5.0,2.6,WorthPoint
gibeon-meteorite,Cool 10 Gram Etched GIBEON Meteorite Slice,10.99,2011-02-11,10.0,1.1,WorthPoint
gibeon-meteorite,"GIBEON Iron Meteorite Womens' Watch, Glow In Dark Hands",89.0,2011-02-11,,,WorthPoint
gibeon-meteorite,Gibeon Meteorite 18k Gold Plated Stick 9 Grams Natural,32.0,2011-02-04,9.0,3.56,WorthPoint
gibeon-meteorite,GIBEON Meteorite Bead 14mm Etched Sphere 12.5 Grams,27.0,2010-11-16,12.5,2.16,WorthPoint
gibeon-meteorite,Gibeon Meteorite Fresh Etch 21 Grams Natural 3d Cut,38.0,2010-11-15,21.0,1.81,WorthPoint
gibeon-meteorite,Gibeon Iron Meteorite Crystal Complete Individual ROCK,50.5,2010-11-12,,,WorthPoint
gibeon-meteorite,"GIBEON Meteorite, Etched Slab 15.3 Grams",34.57,2010-11-10,15.3,2.26,WorthPoint
gibeon-meteorite,Gibeon Meteorite Etched Slice Slab 167 Grams Bolster,166.95,2010-11-10,167.0,1.0,WorthPoint
gibeon-meteorite,GIBEON Iron Meteorite Earrings 7mm X 7mm,25.0,2010-11-05,,,WorthPoint
gibeon-meteorite,Nice Etched GIBEON Meteorite With A Stand And Label !,47.49,2010-11-05,,,WorthPoint
gibeon-meteorite,"GIBEON (ETCHED) --- IRON, IVA METEORITE --- 5.000 G",12.95,2010-11-05,5.0,2.59,WorthPoint
gibeon-meteorite,Gibeon Meteorite Specimen Tablet Slab 22 Grams Etched,45.0,2010-11-02,22.0,2.05,WorthPoint
gibeon-meteorite,Gibeon Meteorite Etched Slice Slab 239 Grams Bolster,238.95,2010-10-30,239.0,1.0,WorthPoint
gibeon-meteorite,Meteorite/ Gibeon/ Iron Octahedrite,75.0,2010-10-28,,,WorthPoint
gibeon-meteorite,Beautiful Etched GIBEON Meteorite 3 Beads 5.00 Grams,17.99,2010-08-12,5.0,3.6,WorthPoint
gibeon-meteorite,GIBEON METEORITE FREEFORM STICK PENDANT CUT 8.85 Gms,30.0,2010-08-06,8.85,3.39,WorthPoint
gibeon-meteorite,GIBEON Meteorite Lighty Tumbled And Etched 2.05 Grams,10.0,2010-08-06,2.05,4.88,WorthPoint
gibeon-meteorite,GIBEON Meteorite Pendent With A Hole 7.45 Grams,15.5,2010-08-03,7.45,2.08,WorthPoint
gibeon-meteorite,GIBEON METEORITE SLAB/ TABLET CUT 21.26 Grams,35.0,2010-07-31,21.26,1.65,WorthPoint
gibeon-meteorite,Gibeon Meteorite Freeform Sticks Cut 20 Grams,35.0,2010-07-23,20.0,1.75,WorthPoint
gibeon-meteorite,Gibeon Meteorite Platinum Coated Disc Pendant 9.96 Gms,60.0,2010-07-17,9.96,6.02,WorthPoint
gibeon-meteorite,GIBEON Meteorite Etched Coin Disk 17x2mm 3.7 G.,22.0,2010-07-15,3.7,5.95,WorthPoint
gibeon-meteorite,Gibeon Meteorite Semi-disc Pendant Cut 15.01 Grams,35.0,2010-07-12,15.01,2.33,WorthPoint
gibeon-meteorite,GIBEON Meteorite Pendent With A Hole 14.7 Grams,16.16,2010-06-25,14.7,1.1,WorthPoint
gibeon-meteorite,GIBEON Meteorite Etched Coin Disk 14x1mm 1.8 G.,10.5,2010-06-23,1.8,5.83,WorthPoint
gibeon-meteorite,GIBEON Meteorite Etched Coin Disk 14x1mm 1.7 G.,10.5,2010-06-23,1.7,6.18,WorthPoint
gibeon-meteorite,Beautiful Etched GIBEON Meteorite 3 Beads 6.00 Grams,24.99,2010-06-23,6.0,4.17,WorthPoint
gibeon-meteorite,Beautiful Etched GIBEON Meteorite 2 Beads 6.00 Grams,24.99,2010-06-23,6.0,4.17,WorthPoint
gibeon-meteorite,Beautiful Etched GIBEON Meteorite 2 Beads 7.00 Grams,28.99,2010-06-23,7.0,4.14,WorthPoint
gibeon-meteorite,Beautiful Etched GIBEON Meteorite 2 Beads 4.00 Grams,16.99,2010-06-23,4.0,4.25,WorthPoint
gibeon-meteorite,GIBEON METEORITE EARING PAIR 2 DISC CUTS 5.35 Grams,20.0,2010-06-19,5.35,3.74,WorthPoint
gibeon-meteorite,925SV GIBEON-METEORITE Greenman's Gift,35.0,2010-06-17,,,WorthPoint
gibeon-meteorite,GIBEON METEORITE FANTASY CUT SLAB SPECIMEN 57.66 Grams,45.0,2010-06-09,57.66,0.78,WorthPoint
gibeon-meteorite,Gibeon Meteorite - Complete Slice,776.75,2010-06-06,,,WorthPoint
gibeon-meteorite,Gibeon Meteorite End Piece - Internal And External Character Revealed In A Superb Iron Meteorite,2629.0,2010-06-06,,,WorthPoint
gibeon-meteorite,GIBEON METEORITE DISC NECKLACE PENDANT CUT 8 Grams,24.0,2010-06-04,8.0,3.0,WorthPoint
gibeon-meteorite,Beautiful Etched GIBEON Meteorite Bead 3.00 Grams,11.99,2010-06-01,3.0,4.0,WorthPoint
gibeon-meteorite,Beautiful Etched GIBEON Meteorite Bead 4.00 Grams,12.99,2010-06-01,4.0,3.25,WorthPoint
gibeon-meteorite,Beautiful Etched GIBEON Meteorite Bead 6.00 Grams,11.99,2010-06-01,6.0,2.0,WorthPoint
gibeon-meteorite,Gibeon Meteorite Discs Coins Cut/discs 170.32 Grams,159.0,2010-05-29,170.32,0.93,WorthPoint
gibeon-meteorite,GIBEON METEORITE LOT 10 WANDS/ STICKS 81 Grms,99.0,2010-05-25,81.0,1.22,WorthPoint
gibeon-meteorite,GIBEON Meteorite 6.6 Grams,29.19,2010-05-25,6.6,4.42,WorthPoint
gibeon-meteorite,Big Etched GIBEON Meteorite Slice With Regmaglypt Hole!,449.99,2010-05-22,,,WorthPoint
gibeon-meteorite,Gibeon Meteorite Mammoth Slab Amazing Etch 652 Grams,1705.0,2010-05-10,652.0,2.62,WorthPoint
gibeon-meteorite,GIBEON METEORITE NATURAL CUT NECKLACE PENDANT 7 Grams,45.0,2010-05-03,7.0,6.43,WorthPoint
gibeon-meteorite,GIBEON METEORITE TRIANGLE PENDANT CUT 14.21grams,35.0,2010-04-17,14.21,2.46,WorthPoint
gibeon-meteorite,GIBEON METEORITE DISC NECKLACE PENDANT CUT 13.19 Grams,45.0,2010-04-17,13.19,3.41,WorthPoint
gibeon-meteorite,GIBEON METEORITE TRIANGLE PENDANT CUT 12.87grams,25.0,2010-04-16,12.87,1.94,WorthPoint
gibeon-meteorite,GIBEON METEORITE DISC NECKLACE PENDANT CUT 11.61 Grams,45.0,2010-04-16,11.61,3.88,WorthPoint
gibeon-meteorite,GIBEON METEORITE NECKLACE PENDANT CUT 1.61 Grams,15.0,2010-04-15,1.61,9.32,WorthPoint
gibeon-meteorite,"GIBEON Iron Meteorite Ring Open Style Size 1, 12mm ID",15.0,2010-04-13,,,WorthPoint
gibeon-meteorite,GIBEON METEORITE NECKLACE PENDANT CUT 3.55 Grams,15.0,2010-04-12,3.55,4.23,WorthPoint
gibeon-meteorite,Gibeon Iron Meteorite Crystal Complete Individual NR!!!,13.52,2010-04-11,,,WorthPoint
gibeon-meteorite,GIBEON METEORITE FANTASY DISC CUT SPECIMEN 13.67grams,20.0,2010-04-09,13.67,1.46,WorthPoint
gibeon-meteorite,GIBEON METEORITE FANTASY CUT SPECIMEN 11.69grams,20.0,2010-04-04,11.69,1.71,WorthPoint
gibeon-meteorite,GIBEON METEORITE FANTASY CUT SPECIMEN 8.54grams,18.0,2010-04-01,8.54,2.11,WorthPoint
gibeon-meteorite,GIBEON METEORITE FANTASY BAR CUT SPECIMEN 8.30grams,18.0,2010-04-01,8.3,2.17,WorthPoint
gibeon-meteorite,GIBEON METEORITE SLICE 24K GOLD PLATED 46.3g GRG2,49.99,2009-07-18,46.3,1.08,WorthPoint
gibeon-meteorite,Gibeon (IVA) 11.64g Meteorite * Beautiful Part Slice!,14.2,2009-07-17,11.64,1.22,WorthPoint
gibeon-meteorite,***gibeon Polished Meteorite Block 10 Grams***(222),10.0,2009-07-17,10.0,1.0,WorthPoint
gibeon-meteorite,Gibeon Polished Meteorite Focal Bead/sphere 32 Grams,60.0,2009-07-17,32.0,1.88,WorthPoint
gibeon-meteorite,120g IRON-NICKEL METEORITE SLICE SPECIMEN GIBEON #MRG76,122.5,2009-07-16,120.0,1.02,WorthPoint
gibeon-meteorite,***gibeon Polished Meteorite Triangles(5) 9 Grms***252,16.0,2009-07-14,9.0,1.78,WorthPoint
gibeon-meteorite,Gibeon Meteorite Etched Full Slice 32.4 Gm,19.01,2009-07-14,32.4,0.59,WorthPoint
gibeon-meteorite,Gibeon Meteorite Etched Full Slice 53.8 Gm,28.91,2009-07-14,53.8,0.54,WorthPoint
gibeon-meteorite,Gibeon Meteorite Etched Full Slice 32.1 Gm,16.0,2009-07-14,32.1,0.5,WorthPoint
gibeon-meteorite,"5.8"" Gibeon METEORITE Etched Sword Knife Letter Opener",99.0,2009-07-14,,,WorthPoint
gibeon-meteorite,GIBEON METEORITE SLICE 24K GOLD PLATED 77g GRG8,84.0,2009-07-13,77.0,1.09,WorthPoint
gibeon-meteorite,**GIBEON METEORITE LOT 7pcs FANTASY! CUTS 103grams* 105,50.0,2009-07-12,103.0,0.49,WorthPoint
gibeon-meteorite,Pyramid Carved Gibeon IRON METEORITE Polished & Etched,31.87,2009-07-12,,,WorthPoint
gibeon-meteorite,**GIBEON METEORITE LOT 2pcs FANTASY! CUTS 16 Grams* 256,10.0,2009-07-10,16.0,0.62,WorthPoint
gibeon-meteorite,**GIBEON METEORITE LOT 14 PCS FREE CUTS 63 Grams* 257,40.99,2009-07-09,63.0,0.65,WorthPoint
gibeon-meteorite,***gibeon Polished Meteorite Triangles(3) 11 Grms***251,10.0,2009-07-08,11.0,0.91,WorthPoint
gibeon-meteorite,Gibeon Polished Meteorite Slab/slice 42 Grams,25.0,2009-07-08,42.0,0.6,WorthPoint
gibeon-meteorite,***gibeon Polished Meteorite Triangle 13 Grams***255,12.99,2009-07-07,13.0,1.0,WorthPoint
gibeon-meteorite,Gibeon Polished Meteorite Pair Of Sticks 6 Grms***(218),12.0,2009-07-06,6.0,2.0,WorthPoint
gibeon-meteorite,***gibeon Assorted Meteorite 6 Discs 13 Grams*** 226,17.0,2009-07-06,13.0,1.31,WorthPoint
gibeon-meteorite,Whole Gibeon Meteorite 631.6 Grams,210.0,2009-07-06,631.6,0.33,WorthPoint
gibeon-meteorite,Gibeon Polished Meteorite Triangle 18 Grms,30.0,2009-07-02,18.0,1.67,WorthPoint
gibeon-meteorite,***GIBEON METEORITE LOT 4pcs FANTASY CUTS 14grams***232,18.0,2009-07-01,14.0,1.29,WorthPoint
gibeon-meteorite,Gibeon Iron Meteorite Etched Pendant Nice !!! 10g Rm60,24.95,2009-06-30,10.0,2.5,WorthPoint
gibeon-meteorite,GIBEON Meteorite Coin Disk 13mm 1.8,10.0,2009-06-29,,,WorthPoint
gibeon-meteorite,GIBEON METEORITE SLICE 24K GOLD PLATED 74.5g GRG1,145.0,2009-06-23,74.5,1.95,WorthPoint
gibeon-meteorite,Gibeon Meteorite Sphere - Crystalline Structure Of An Iron Meteorite Dramatized In Three Dimensions,3883.75,2009-05-18,,,WorthPoint
gibeon-meteorite,Gibeon Meteorite - Complete Slice Of An Iron Meteorite,1493.75,2009-05-18,,,WorthPoint
gibeon-meteorite,Gibeon Meteorite - Sheriff Of The Solar System,657.25,2009-05-18,,,WorthPoint
gibeon-meteorite,Gibeon Meteorite 5 Freeform Specimens 31 Grams (76),20.0,2009-05-14,31.0,0.65,WorthPoint
gibeon-meteorite,GIBEON METEORITE SLICE 24K GOLD PLATED 38.2g GRG11,89.0,2009-05-14,38.2,2.33,WorthPoint
gibeon-meteorite,GIBEON METEORITE SLICE 24K GOLD PLATED 52.5g GRG7,96.0,2009-05-09,52.5,1.83,WorthPoint
gibeon-meteorite,"6.25"" Gibeon METEORITE Etched Sword Knife Letter Opener",145.0,2009-05-01,,,WorthPoint
gibeon-meteorite,Gibeon Polished Meteorite Slice 15 Grms Best Pattern,22.5,2009-04-28,15.0,1.5,WorthPoint
gibeon-meteorite,Solid Sphere Carved Gibeon METEORITE & Etched FREE S&H!,36.27,2009-04-12,,,WorthPoint
gibeon-meteorite,GIBEON METEORITE SLICE 24K GOLD PLATED 40.2g GRG12,89.0,2009-04-12,40.2,2.21,WorthPoint
gibeon-meteorite,GIBEON METEORITE SLICE 24K GOLD PLATED 92.6g GRG10,190.0,2009-04-07,92.6,2.05,WorthPoint
gibeon-meteorite,GIBEON METEORITE SLICE 24K GOLD PLATED 39.8g GRG17,89.0,2009-04-06,39.8,2.24,WorthPoint
gibeon-meteorite,Iron Nickel Gibeon Meteorite Etched Cube. 39.8 Grams,21.0,2009-03-16,39.8,0.53,WorthPoint
gibeon-meteorite,RON-NICKEL METEORITE SLICE SPECIMEN GIBEON 72.6g MRG43,150.5,2008-12-27,72.6,2.07,WorthPoint
gibeon-meteorite,RON-NICKEL METEORITE SLICE SPECIMEN GIBEON 59g MRG74,125.0,2008-12-26,59.0,2.12,WorthPoint
gibeon-meteorite,RON-NICKEL METEORITE SLICE SPECIMEN GIBEON 56g MRG73,124.5,2008-12-24,56.0,2.22,WorthPoint
gibeon-meteorite,RON-NICKEL METEORITE SLICE SPECIMEN GIBEON 55g MRG71,117.5,2008-12-23,55.0,2.14,WorthPoint
gibeon-meteorite,RON-NICKEL METEORITE SLICE SPECIMEN GIBEON 85g MRG68,176.0,2008-12-23,85.0,2.07,WorthPoint
gibeon-meteorite,Gibeon METEORITE 84.5 Gr. Nice Slice 0232,52.0,2008-12-19,84.5,0.62,WorthPoint
gibeon-meteorite,RON-NICKEL METEORITE SLICE SPECIMEN GIBEON 58.1g MRG32,127.5,2008-12-16,58.1,2.19,WorthPoint
gibeon-meteorite,Iron Nickel Gibeon Meteorite Etched Round Bead 15.3 G.,46.0,2008-12-12,15.3,3.01,WorthPoint
gibeon-meteorite,RON-NICKEL METEORITE SLICE SPECIMEN GIBEON 308.8g MRG31,605.0,2008-12-11,308.8,1.96,WorthPoint
gibeon-meteorite,RON-NICKEL METEORITE SLICE SPECIMEN GIBEON 38.2g MRG35,81.0,2008-12-09,38.2,2.12,WorthPoint
gibeon-meteorite,Iron Nickel Gibeon Meteorite Etched Round Bead 19.6 G.,36.25,2008-12-03,19.6,1.85,WorthPoint
gibeon-meteorite,GIBEON Meteorite Unetched Cuts Natural Back 18.7 Grams,16.19,2008-12-02,18.7,0.87,WorthPoint
gibeon-meteorite,Gibeon Meteorite Shavings/Stardust,20.5,2008-11-29,,,WorthPoint
gibeon-meteorite,Gibeon METEORITE 41gr. Nice End Piece/slice 0187,22.07,2008-11-25,41.0,0.54,WorthPoint
gibeon-meteorite,Gibeon METEORITE 18.42 Gr. Nice Individual 0175,20.51,2008-11-25,18.42,1.11,WorthPoint
gibeon-meteorite,RON-NICKEL METEORITE SLICE SPECIMEN GIBEON 87.4g MRG34,162.5,2008-11-22,87.4,1.86,WorthPoint
gibeon-meteorite,IRON-NICKEL METEORITE SLICE SPECIMEN GIBEON 56.2g MRG13,148.5,2008-09-05,56.2,2.64,WorthPoint
gibeon-meteorite,"METEORITE Beautiful GIBEON, IVA Iron Specimen, 18.65g",22.05,2008-09-03,18.65,1.18,WorthPoint
gibeon-meteorite,IRON-NICKEL METEORITE SLICE SPECIMEN GIBEON 34.4g MRG2,71.0,2008-09-03,34.4,2.06,WorthPoint
gibeon-meteorite,MD-Meteorites Meteorite Gibeon Very Rare Piece !,29.0,2008-08-31,,,WorthPoint
gibeon-meteorite,GIBEON IRON METEORITE INDIVIDUAL 16.7g C40,17.5,2008-08-31,16.7,1.05,WorthPoint
gibeon-meteorite,Iron-nickel Meteorite Slice Specimen Gibeon 31.9 Grams,41.0,2008-08-30,31.9,1.29,WorthPoint
gibeon-meteorite,IRON-NICKEL METEORITE END CUT SPECIMEN GIBEON 27.1g,28.0,2008-08-29,27.1,1.03,WorthPoint
gibeon-meteorite,Gibeon Meteorite Sphere + Herkimer Pendant #189,65.0,2008-08-28,,,WorthPoint
gibeon-meteorite,IRON-NICKEL METEORITE SLICE SPECIMEN GIBEON 10g MRG27,24.99,2008-08-22,10.0,2.5,WorthPoint
gibeon-meteorite,IRON-NICKEL METEORITE SLICE SPECIMEN GIBEON 38.9g MRG30,107.0,2008-08-16,38.9,2.75,WorthPoint
gibeon-meteorite,IRON-NICKEL METEORITE SLICE SPECIMEN GIBEON 32.7g MRG18,89.0,2008-08-12,32.7,2.72,WorthPoint
gibeon-meteorite,IRON-NICKEL METEORITE SLICE SPECIMEN GIBEON 67.3g MRG25,175.5,2008-08-11,67.3,2.61,WorthPoint
gibeon-meteorite,IRON-NICKEL METEORITE SLICE SPECIMEN GIBEON 49.1g MRG28,131.0,2008-08-11,49.1,2.67,WorthPoint
gibeon-meteorite,IRON-NICKEL METEORITE SLICE SPECIMEN GIBEON 61.8g MRG7,158.5,2008-08-10,61.8,2.56,WorthPoint
gibeon-meteorite,IRON-NICKEL METEORITE SLICE SPECIMEN GIBEON 69.7g MRG4,186.0,2008-08-08,69.7,2.67,WorthPoint
gibeon-meteorite,IRON-NICKEL METEORITE SLICE SPECIMEN GIBEON 56.9g MRG21,150.0,2008-08-07,56.9,2.64,WorthPoint
gibeon-meteorite,IRON-NICKEL METEORITE SLICE SPECIMEN GIBEON 72.1g MRG6,233.5,2008-08-07,72.1,3.24,WorthPoint
gibeon-meteorite,IRON-NICKEL METEORITE SLICE SPECIMEN GIBEON 52.9g MRG17,139.0,2008-08-06,52.9,2.63,WorthPoint
gibeon-meteorite,IRON-NICKEL METEORITE SLICE SPECIMEN GIBEON 118g MRG29,232.5,2008-08-02,118.0,1.97,WorthPoint
gibeon-meteorite,Gibeon Iron Nickel Alloy Meteorite Namibia Africa Wow,12.62,2008-07-30,,,WorthPoint
gibeon-meteorite,Iron Nickel Gibeon Meteorite Square Etched Cube 14.3 G,31.0,2008-07-29,14.3,2.17,WorthPoint
gibeon-meteorite,IRON-NICKEL METEORITE SLICE SPECIMEN GIBEON 43.3g MRG26,95.5,2008-07-28,43.3,2.21,WorthPoint
gibeon-meteorite,Iron Meteorite/ Gibeon/octahedron Cleavage,140.0,2008-07-28,,,WorthPoint
gibeon-meteorite,RON-NICKEL METEORITE SLICE SPECIMEN GIBEON 45.1g MRG22,97.5,2008-07-25,45.1,2.16,WorthPoint
gibeon-meteorite,3 Iron Nickel Gibeon Meteorite Etched Round Beads 10 G,59.88,2008-07-17,10.0,5.99,WorthPoint
gibeon-meteorite,IRON-NICKEL METEORITE SLICE SPECIMEN GIBEON 61.1g MRG19,128.0,2008-07-15,61.1,2.09,WorthPoint
gibeon-meteorite,IRON-NICKEL METEORITE SLICE SPECIMEN GIBEON 28.5g MRG15,65.0,2008-07-10,28.5,2.28,WorthPoint
gibeon-meteorite,IRON-NICKEL METEORITE SLICE SPECIMEN GIBEON 79.4g MRG20,172.5,2008-07-09,79.4,2.17,WorthPoint
gibeon-meteorite,RON-NICKEL METEORITE SLICE SPECIMEN GIBEON 52.8g MRG9,112.5,2008-07-09,52.8,2.13,WorthPoint
gibeon-meteorite,IRON-NICKEL METEORITE SLICE SPECIMEN GIBEON 38g MRG10,89.0,2008-07-03,38.0,2.34,WorthPoint
gibeon-meteorite,IRON-NICKEL METEORITE SLICE SPECIMEN GIBEON 75g MRG11,170.0,2008-07-01,75.0,2.27,WorthPoint
gibeon-meteorite,IRON-NICKEL METEORITE SLICE SPECIMEN GIBEON 72.9g MRG12,180.0,2008-06-28,72.9,2.47,WorthPoint
gibeon-meteorite,IRON-NICKEL METEORITE SLICE SPECIMEN GIBEON 83.1g MRG16,197.5,2008-06-28,83.1,2.38,WorthPoint
gibeon-meteorite,Gibeon Meteorite Earrings-beautiful And Affordable,44.95,2008-06-27,,,WorthPoint
gibeon-meteorite,Iron Nickel Gibeon Meteorite Etched Pyramid 10.9 Grams,34.0,2008-06-26,10.9,3.12,WorthPoint
gibeon-meteorite,Iron Nickel Gibeon Meteorite Etched Pyramid 10.5 Grams,58.0,2008-06-18,10.5,5.52,WorthPoint
gibeon-meteorite,RON-NICKEL METEORITE SLICE SPECIMEN GIBEON 83.2g MRG1,255.0,2008-06-14,83.2,3.06,WorthPoint
gibeon-meteorite,"GIBEON Iron Meteorite Womens' Watch, Rectangular Face",99.0,2008-06-14,,,WorthPoint
gibeon-meteorite,Gibeon Meteorite Etched Full Slice 301.5 Grams!,299.0,2008-06-13,301.5,0.99,WorthPoint
gibeon-meteorite,Gibeon Iron Meteorite-landed In Africa-found 1836,19.95,2008-06-12,,,WorthPoint
gibeon-meteorite,Gibeon - Unusual Complete Meteorite,7767.5,2008-06-08,,,WorthPoint
gibeon-meteorite,Mark Terrell Splice #1 Of 10 W/Gibeon Meteorite Knife,290.0,2008-06-05,,,WorthPoint
gibeon-meteorite,Iron Nickel Gibeon Meteorite Sphere 36 Gram Space Ball,72.01,2008-06-03,36.0,2.0,WorthPoint
gibeon-meteorite,Rare Gibeon Meteorite 1 Inch Polished Crystal Sphere,210.0,2008-06-02,,,WorthPoint
gibeon-meteorite,Gibeon Meteorite Men's Ring,40.0,2008-05-26,,,WorthPoint
gibeon-meteorite,Gibeon Meteorite Part Slice Etched 6.9 Grams NR,10.5,2008-05-09,6.9,1.52,WorthPoint
gibeon-meteorite,"My Only GIBEON Meteorite Etched Pendant Necklace, Charm",51.0,2008-05-05,,,WorthPoint
gibeon-meteorite,Gibeon Meteorite Etched End Cut! 27.1 Grams!,29.0,2008-04-29,27.1,1.07,WorthPoint
gibeon-meteorite,Gibeon Meteorite Etched Part Slice! 21.3 Grams!,23.5,2008-04-29,21.3,1.1,WorthPoint
gibeon-meteorite,9 GIBEON Meteorites Etched Different Shapes 9.9 Grams,13.15,2008-04-22,9.0,1.46,WorthPoint
gibeon-meteorite,Meteorites: Gibeon Meteorite Stardust 10 Grams,13.0,2008-04-21,10.0,1.3,WorthPoint
gibeon-meteorite,Gibeon Meteorite Etched End Cut! 67.5 Grams!,71.0,2008-04-17,67.5,1.05,WorthPoint
gibeon-meteorite,Gibeon Meteorite Etched Part Slice! 11.3 Grams!,17.5,2008-04-17,11.3,1.55,WorthPoint
gibeon-meteorite,Gibeon Meteorite Etched Part Slice! 19.5 Grams!,26.0,2008-04-17,19.5,1.33,WorthPoint
gibeon-meteorite,Gibeon Meteorite Etched Part Slice! 34.1 Grams!,35.99,2008-04-15,34.1,1.06,WorthPoint
gibeon-meteorite,Meteorites- Gibeon Iron Meteorite 29.44g Etched Part Sl,26.99,2008-04-14,29.44,0.92,WorthPoint
gibeon-meteorite,Gibeon Meteorite Etched Part Slice! 31 Grams!,35.0,2008-04-14,31.0,1.13,WorthPoint
gibeon-meteorite,Gibeon Meteorite Etched Part Slice! 19.1 Grams!,22.5,2008-04-14,19.1,1.18,WorthPoint
gibeon-meteorite,"GIBEON METEORITE ""The Arrowhead"" 13.5 Lb RARE SPECIMEN",4000.0,2008-04-13,6123.6,0.65,WorthPoint
gibeon-meteorite,Whole Nice Natural As Found GIBEON Meteorite 2.61 Grams,12.5,2008-04-09,2.61,4.79,WorthPoint
gibeon-meteorite,Gibeon Meteorite Full Slab Etched 35.4 Grams NR,51.0,2008-04-09,35.4,1.44,WorthPoint
gibeon-meteorite,Gibeon Meteorite Etched End Piece Meteor Asteroid Star,375.0,2008-04-06,,,WorthPoint
gibeon-meteorite,Gibeon Meteorite Full Slab Etched 22.7 Grams NR,31.0,2008-04-02,22.7,1.37,WorthPoint
gibeon-meteorite,Gibeon Meteorite Etched End Piece! 98.2 Grams!,78.86,2008-03-28,98.2,0.8,WorthPoint
gibeon-meteorite,GIBEON METEORITE COSMIC SCULPTURE 4.5 Lb RARE SPECIMEN,1750.0,2008-03-26,2041.2,0.86,WorthPoint
gibeon-meteorite,1 Whole Nice Uncut GIBEON Meteorite 3.8 Grams,66.0,2008-03-21,3.8,17.37,WorthPoint
gibeon-meteorite,Awesome Looking GIBEON Meteorite Etched 20 Grams,14.49,2008-03-15,20.0,0.72,WorthPoint
gibeon-meteorite,Gibeon Meteorite Etched Part Slice! 73 Grams!,73.0,2008-03-14,73.0,1.0,WorthPoint
gibeon-meteorite,Large Gibeon Meteorite RARE!,920.0,2008-03-13,,,WorthPoint
gibeon-meteorite,Gibeon Meteorite Etched Part Slice! 54.7 Grams!,55.0,2008-03-12,54.7,1.01,WorthPoint
gibeon-meteorite,6 GIBEON Meteorites Etched Coin Like Disks 13 Grams,30.0,2008-03-10,6.0,5.0,WorthPoint
gibeon-meteorite,Gibeon Meteorite Etched Part Slice! 135.3 Grams!,155.0,2008-03-10,135.3,1.15,WorthPoint
gibeon-meteorite,8 GIBEON Meteorites Etched Coin Like Disks 11 Grams,20.5,2008-03-08,8.0,2.56,WorthPoint
gibeon-meteorite,GIBEON Meteorite Coin Disk,15.0,2008-03-07,,,WorthPoint
gibeon-meteorite,Nice Whole Uncut GIBEON Meteorite Just Over 18 Grams,21.5,2008-03-07,18.0,1.19,WorthPoint
gibeon-meteorite,5 GIBEON Meteorites Etched Coin Like Disks 10 Grams,28.65,2008-03-06,5.0,5.73,WorthPoint
gibeon-meteorite,GIBEON 6.7 Gram Meteorite Etched All Over It AWESOME !!,36.0,2008-03-05,6.7,5.37,WorthPoint
gibeon-meteorite,"GIBEON METEORITE, 478 Grams (1+ Pound)",192.39,2008-03-04,478.0,0.4,WorthPoint
gibeon-meteorite,9 GIBEON Meteorites Etched Coin Like Disks 17 Grams $40,54.64,2008-03-03,9.0,6.07,WorthPoint
gibeon-meteorite,"GIBEON Iron Meteorite Mens' Watch, 29mm Dial",139.0,2008-03-02,,,WorthPoint
gibeon-meteorite,1 Whole Nice Uncut GIBEON Meteorite Just Over 70 Grams,62.0,2008-03-01,70.0,0.89,WorthPoint
gibeon-meteorite,"Meteorite Gibeon ,Full Slice Both Sides Etched ~65.3g",76.0,2008-02-26,65.3,1.16,WorthPoint
gibeon-meteorite,6.2g PART SLICE ETCHED GIBEON METEORITE `BEAUTIFUL`,16.0,2008-02-25,6.2,2.58,WorthPoint
gibeon-meteorite,Iron Meteorite/ Gibeon,90.0,2008-02-17,,,WorthPoint
gibeon-meteorite,Gibeon Meteorite Etched Part Slice! 355.7 Grams!,381.25,2008-02-12,355.7,1.07,WorthPoint
gibeon-meteorite,Awesome Looking GIBEON Meteorite Etched 11.8 Grams,10.99,2008-02-04,11.8,0.93,WorthPoint
gibeon-meteorite,Rare Gibeon Meteorite Sphere - Over 1 Pound 10 Ounces,1495.0,2008-02-02,,,WorthPoint
gibeon-meteorite,Gibeon Meteorite Tie Tack,15.25,2008-01-30,,,WorthPoint
gibeon-meteorite,GIBEON 18 Gram Meteorite Unetched / Back Side Natural,26.0,2008-01-06,18.0,1.44,WorthPoint
gibeon-meteorite,5 GIBEON Meteorites Etched Coin Like Disks 17 Grams,21.49,2008-01-04,5.0,4.3,WorthPoint
gibeon-meteorite,8 GIBEON Meteorites Etched Coin Like Disks 27 Grams,26.99,2007-12-27,8.0,3.37,WorthPoint
gibeon-meteorite,31 GIBEON Meteorites All Etched Pieces Of 64 Grams,49.0,2007-12-25,31.0,1.58,WorthPoint
gibeon-meteorite,METEORITE JEWELRY: GIBEON PENDANT 12 Grams,44.0,2007-12-19,12.0,3.67,WorthPoint
gibeon-meteorite,7 GIBEON Meteorites Etched Coin Like Disks 11 Grams,15.5,2007-12-18,7.0,2.21,WorthPoint
gibeon-meteorite,GIBEON 13.7 Gram Meteorite Etched / Back Side Natural,17.51,2007-12-18,13.7,1.28,WorthPoint
gibeon-meteorite,"METEORITE GIBEON OCTAEDRITE IVA / ETCHED SPHERE 32,4 Gr",51.0,2007-12-08,4.0,12.75,WorthPoint
gibeon-meteorite,Awesome GIBEON Meteorite Etched 18.5 Grams,41.0,2007-12-08,18.5,2.22,WorthPoint
gibeon-meteorite,16 GIBEON Meteorite Etched Coin Like Disks 20 Grams,26.0,2007-12-05,16.0,1.62,WorthPoint
gibeon-meteorite,METEORITE JEWELRY: GIBEON EARRINGS 6 Grams,24.0,2007-12-04,6.0,4.0,WorthPoint
gibeon-meteorite,"Gibeon Meteorite Dragon Tanto Knife, Sterling Silver",1099.0,2007-12-03,,,WorthPoint
gibeon-meteorite,GIBEON Meteorite 6.3 Gram,13.79,2007-11-30,6.3,2.19,WorthPoint
gibeon-meteorite,Etched CUBE Made From Gibeon Meteorite - Great Gift,81.0,2007-11-29,,,WorthPoint
gibeon-meteorite,"METEORITE GIBEON OCTAEDRITE IVA / ETCHED SPHERE 37,9 Gr",55.0,2007-11-29,9.0,6.11,WorthPoint
gibeon-meteorite,"METEORITE GIBEON OCTAEDRITE IVA / ETCHED SPHERE 11,7 Gr",33.77,2007-11-29,7.0,4.82,WorthPoint
gibeon-meteorite,Gibeon Meteorite Fr Africa With Crystalline Structure,42.0,2007-11-18,,,WorthPoint
gibeon-meteorite,3 GIBEON Meteorites Etched Coin Disk + 2 Cut 17.4 Grams,10.5,2007-11-13,3.0,3.5,WorthPoint
gibeon-meteorite,7 GIBEON Meteorite Etched Coin Like Disks 30 Grams,21.0,2007-11-13,7.0,3.0,WorthPoint
gibeon-meteorite,GIBEON Meteorite 6.8 Gram,14.89,2007-11-03,6.8,2.19,WorthPoint
gibeon-meteorite,Meteorite Jewelry: Gibeon Pendant,20.5,2007-10-29,,,WorthPoint
gibeon-meteorite,Gibeon Meteorite Etched FULL Slice! 338.8 Grams!,279.0,2007-10-25,338.8,0.82,WorthPoint
gibeon-meteorite,Gibeon Meteorite Etched Slice! 10.8 Grams! WOW!,20.5,2007-10-17,10.8,1.9,WorthPoint
gibeon-meteorite,"Gibeon Iron Meteorite Pyramid Size 2""W Square X 1 1/4""H",365.95,2007-10-17,,,WorthPoint
gibeon-meteorite,Gibeon Meteorite Etched Slice! 32.4 Grams! WOW!,39.0,2007-10-10,32.4,1.2,WorthPoint
gibeon-meteorite,GIBEON 11.16 Gram Meteorite Etched / Back Side Natural,15.5,2007-10-08,11.16,1.39,WorthPoint
gibeon-meteorite,Gibeon Meteorite Etched FULL Slice! 129.5 Grams!,154.73,2007-10-08,129.5,1.19,WorthPoint
gibeon-meteorite,"METEORITE GIBEON OCTAEDRITE IVA ETCHED SPHERE 7,2 Gr.",15.5,2007-08-16,2.0,7.75,WorthPoint
gibeon-meteorite,Gibeon Meteorite Etched Slice! 43.6 Grams! WOW!,29.5,2007-08-15,43.6,0.68,WorthPoint
gibeon-meteorite,Gibeon Meteorite Etched Slice! 34.1 Grams! WOW!,30.0,2007-08-15,34.1,0.88,WorthPoint
gibeon-meteorite,"METEORITE GIBEON OCTAEDRITE IVA ETCHED SPHERE 23,1 Gr.",40.0,2007-08-15,1.0,40.0,WorthPoint
gibeon-meteorite,Gibeon Meteorite Etched Slice! 37.4 Grams! WOW!,37.0,2007-08-13,37.4,0.99,WorthPoint
gibeon-meteorite,Gibeon Meteorite Etched Slice! 32.8 Grams! WOW!,28.0,2007-08-07,32.8,0.85,WorthPoint
gibeon-meteorite,Gibeon Meteorite Etched Slice! 22.6 Grams! WOW!,20.5,2007-08-02,22.6,0.91,WorthPoint
gibeon-meteorite,"Gibeon Meteorite Etched Display Slice, Rare Item",185.0,2007-08-02,,,WorthPoint
gibeon-meteorite,"METEORITE GIBEON OCTAEDRITE IVA ETCHED ENDCUT 86,3 Gr",68.95,2007-08-01,3.0,22.98,WorthPoint
gibeon-meteorite,Gibeon Meteorite From Africa Diminutive Space Sculpture,20.5,2007-07-29,,,WorthPoint
gibeon-meteorite,Gibeon Meteorite Etched Slice! 27.6 Grams! WOW!,23.0,2007-07-26,27.6,0.83,WorthPoint
gibeon-meteorite,Gibeon Meteorite Etched Slice! 53.3 Grams! WOW!,45.0,2007-07-26,53.3,0.84,WorthPoint
gibeon-meteorite,Nice GIBEON Meteorite 26 Grams Etched Piece,12.99,2007-07-15,26.0,0.5,WorthPoint
gibeon-meteorite,NWA 869 / NWA Unclassified / Gibeon Etched,24.95,2007-07-15,,,WorthPoint
gibeon-meteorite,Gibeon Iron Meteorite Nice Small Individual From Africa,35.99,2007-07-15,,,WorthPoint
gibeon-meteorite,7 GIBEONS Of 50 Grams Meteorites Etched Pieces Coins,35.0,2007-07-15,7.0,5.0,WorthPoint
gibeon-meteorite,Nice GIBEON Meteorite 23 Grams Etched Piece,10.49,2007-07-14,23.0,0.46,WorthPoint
gibeon-meteorite,GIBEON 170 Grams Meteorite Etched Full Slice,116.0,2007-07-13,170.0,0.68,WorthPoint
gibeon-meteorite,Iron GIBEON Meteorite 25 Grams Etched Piece,16.49,2007-07-12,25.0,0.66,WorthPoint
gibeon-meteorite,Gibeon Meteorite Etched Slice! 33.2 Grams! WOW!,20.5,2007-07-12,33.2,0.62,WorthPoint
gibeon-meteorite,Gibeon Meteorite Etched Slice! 217.7 Grams! WOW!,185.0,2007-07-01,217.7,0.85,WorthPoint
gibeon-meteorite,Meteorite Great Looking Gibeon Piece Weighs 23.6 Gm,15.0,2007-06-22,23.6,0.64,WorthPoint
gibeon-meteorite,GIBEON 32 Grams Meteorite Etched Flat SQUARE,29.8,2007-06-18,32.0,0.93,WorthPoint
gibeon-meteorite,Gibeon Meteorite Etched Full Slice! 40 Grams! WOW!,53.0,2007-06-18,40.0,1.32,WorthPoint
gibeon-meteorite,GIBEON 28 Grams Meteorite Etched Disk Like Coin,17.3,2007-06-16,28.0,0.62,WorthPoint
gibeon-meteorite,Nice GIBEON Meteorite 29 Grams Etched Piece,27.0,2007-06-15,29.0,0.93,WorthPoint
gibeon-meteorite,10 GIBEONS At 101 Grams Meteorites Etched Pieces,70.0,2007-06-12,10.0,7.0,WorthPoint
gibeon-meteorite,GIBEON 300 Grams Meteorite Etched Full Slice,189.0,2007-06-12,300.0,0.63,WorthPoint
gibeon-meteorite,Meteorite Great Looking Gibeon Piece Weighs 48.8 Gm,31.0,2007-06-04,48.8,0.64,WorthPoint
gibeon-meteorite,GIBEON 73 Grams Meteorite Etched Full Slice,109.5,2007-05-29,73.0,1.5,WorthPoint
gibeon-meteorite,Etched Gibeon 27 Grams,11.13,2007-05-29,27.0,0.41,WorthPoint
gibeon-meteorite,21 GIBEONS At 148 Grams Meteorites Etched Pieces,120.0,2007-05-25,21.0,5.71,WorthPoint
gibeon-meteorite,GIBEON 617 Grams Meteorite Etched FULL No Rust SQUARE,550.0,2007-05-25,617.0,0.89,WorthPoint
gibeon-meteorite,RARE - 2 ETCHED Spheres Made From GIBEON METEORITE,26.75,2007-05-24,,,WorthPoint
gibeon-meteorite,WOW! 7.4 Gram GIBEON Meteorite Etched Coin Like Disk,18.0,2007-05-21,7.4,2.43,WorthPoint
gibeon-meteorite,GIBEON ~ 12.8 Gram Meteorite Etched Coin Like Disk,15.0,2007-05-21,12.8,1.17,WorthPoint
gibeon-meteorite,51 GIBEON Meteorites 200 Grams Of Nice Cut Eched Pieces,133.54,2007-05-19,51.0,2.62,WorthPoint
gibeon-meteorite,GIBEON 8.6 Gram Meteorite Etched Full Dome Like Disk,12.0,2007-05-19,8.6,1.4,WorthPoint
gibeon-meteorite,Meteorite Gibeon Etched Piece!,26.99,2007-05-17,,,WorthPoint
gibeon-meteorite,16 GIBEON Meteorite 82 Grams Of Cut And Eched Pieces,72.0,2007-05-17,16.0,4.5,WorthPoint
gibeon-meteorite,RARE - ETCHED Sphere Made Frm GIBEON METEORITE,47.0,2007-05-17,,,WorthPoint
gibeon-meteorite,53 GIBEON Meteorites 200 Grams Of Nice Cut Eched Pieces,159.0,2007-05-16,53.0,3.0,WorthPoint
gibeon-meteorite,154 Gram Etched Gibeon Meteorite Nice!!,36.0,2007-05-14,154.0,0.23,WorthPoint
gibeon-meteorite,12 GIBEON Meteorite 133 Grams Of Cut And Eched Pieces,80.0,2007-05-14,12.0,6.67,WorthPoint
gibeon-meteorite,18 GIBEON Meteorite 52 Grams Of Cut And Eched Pieces,24.99,2007-05-13,18.0,1.39,WorthPoint
gibeon-meteorite,18 GIBEON Meteorite 68 Grams Of Cut And Eched Pieces,36.51,2007-05-11,18.0,2.03,WorthPoint
gibeon-meteorite,Gibeon Meteorite Etched Slice! 19.7 Grams! WOW!,17.0,2007-05-11,19.7,0.86,WorthPoint
gibeon-meteorite,Gibeon Meteorite Etched Slice 7.9grams! WOW!,17.5,2007-05-10,7.9,2.22,WorthPoint
gibeon-meteorite,Gibeon Meteorite Etched Slice! 32.1 Grams! WOW!,30.05,2007-05-10,32.1,0.94,WorthPoint
gibeon-meteorite,WOW! 24 Grams GIBEON Meteorite Etched Coin Like Disk,20.51,2007-05-08,24.0,0.85,WorthPoint
gibeon-meteorite,4 GIBEON Meteorite 36 Grams Of Cut And Eched Pieces,22.5,2007-05-07,4.0,5.62,WorthPoint
gibeon-meteorite,Gibeon Meteorite Etched Slice! 28.1 Grams! WOW!,66.0,2007-05-07,28.1,2.35,WorthPoint
gibeon-meteorite,8 GIBEON Meteorite 56 Grams Of Cut And Eched Pieces,37.0,2007-05-05,8.0,4.62,WorthPoint
gibeon-meteorite,Gibeon Meteorite Etched Slice! 35.6 Grams! WOW!,31.0,2007-05-04,35.6,0.87,WorthPoint
gibeon-meteorite,Gibeon Meteorite Etched Slice! 62.7 Grams! WOW!,56.87,2007-05-04,62.7,0.91,WorthPoint
gibeon-meteorite,RARE - ETCHED Jewelry Bead Made Frm GIBEON METEORITE,71.05,2007-05-03,,,WorthPoint
gibeon-meteorite,2004 Liberia Silver $10 NWA 267 Meteorite Coin & Gibeon,495.0,2007-05-03,,,WorthPoint
gibeon-meteorite,Gibeon Meteorite Etched Slice! 118.9 Grams! WOW!,119.0,2007-05-03,118.9,1.0,WorthPoint
gibeon-meteorite,Gibeon Meteorite Silver Pendant,41.0,2007-04-29,,,WorthPoint
gibeon-meteorite,Gibeon Meteorite Sphere NR!,54.01,2007-04-29,,,WorthPoint
gibeon-meteorite,Gibeon Meteorite Etched Slice! 37.5 Grams! WOW!,32.0,2007-04-24,37.5,0.85,WorthPoint
gibeon-meteorite,Gibeon Meteorite Etched Slice! 24.8 Grams! WOW!,36.87,2007-04-24,24.8,1.49,WorthPoint
gibeon-meteorite,"Meteorite GIBEON, 1908 G! Individual W. Great Shape! NR",635.88,2007-04-23,1908.0,0.33,WorthPoint
gibeon-meteorite,WOW! 40 Gram GIBEON Meteorite Etched Coin Like Disk,19.99,2007-04-21,40.0,0.5,WorthPoint
gibeon-meteorite,7 GIBEON Meteorites 47 Grams Of Cut And Eched Pieces,26.0,2007-04-21,7.0,3.71,WorthPoint
gibeon-meteorite,Gibeon Meteorite Slice NR!,10.0,2007-04-15,,,WorthPoint
gibeon-meteorite,Gibeon Meteorite Egg 113 Grams NR!,76.45,2007-04-15,113.0,0.68,WorthPoint
gibeon-meteorite,GIBEON Meteorite Etched Coin Disk,23.0,2007-04-14,,,WorthPoint
gibeon-meteorite,Gibeon Meteorite Egg NR!,41.01,2007-04-14,,,WorthPoint
gibeon-meteorite,Gibeon Meteorite Cabochon NR!,15.49,2007-04-14,,,WorthPoint
gibeon-meteorite,5 GIBEON Meteorites 71 Grams Of Cut And Etched Pieces,32.86,2007-04-14,5.0,6.57,WorthPoint
gibeon-meteorite,Gibeon Meteorite Sphere Rare Silicate Inclusion!!! NR,76.0,2007-04-14,,,WorthPoint
gibeon-meteorite,Gibeon Meteorite Slice With Hole 48 Grams NR!!!,20.5,2007-04-12,48.0,0.43,WorthPoint
gibeon-meteorite,6 GIBEON Meteorites 40 Grams Of Cut And Etched Pieces,22.0,2007-04-12,6.0,3.67,WorthPoint
gibeon-meteorite,GIBEON Meteorite 24.3 Gram Awesome Cut And Etched Piece,15.0,2007-04-12,24.3,0.62,WorthPoint
gibeon-meteorite,7 GIBEON Meteorites 66 Grams Of Cut And Etched Pieces,29.99,2007-04-10,7.0,4.28,WorthPoint
gibeon-meteorite,Gibeon Meteorite Round Slice With Hole NR!,15.0,2007-04-09,,,WorthPoint
gibeon-meteorite,Gibeon Meteorites Round Slice With Hole NR!,15.0,2007-04-09,,,WorthPoint
gibeon-meteorite,Gibeon Meteorite Square Slab 15.5g Specimen,20.55,2007-04-04,15.5,1.33,WorthPoint
gibeon-meteorite,"GIBEON METEORITE, 3.9 Kilograms (8.5 Pounds)",995.0,2007-04-04,,,WorthPoint
gibeon-meteorite,"GIBEON METEORITE, 1.1 Kilograms (2.5 Pounds)",305.0,2007-04-04,,,WorthPoint
gibeon-meteorite,10 GIBEON Meteorites 90 Grams Of Cut And Eched Pieces,56.0,2007-03-31,10.0,5.6,WorthPoint
gibeon-meteorite,WOW! 23 Gram GIBEON Meteorite Etched Coin Like Disk,26.99,2007-03-30,23.0,1.17,WorthPoint
gibeon-meteorite,3 GIBEON Meteorites 43.3 Grams Of Cut And Eched Pieces,17.51,2007-03-29,3.0,5.84,WorthPoint
gibeon-meteorite,Gibeon Meteorite Ring,51.03,2007-03-28,,,WorthPoint
gibeon-meteorite,9 GIBEON Meteorites 82.5 Grams Of Cut And Eched Pieces,47.88,2007-03-27,9.0,5.32,WorthPoint
gibeon-meteorite,Gibeon Meteorite 46.7g Etched Slice. Fusion Crust #S8,46.7,2007-03-26,46.7,1.0,WorthPoint
gibeon-meteorite,Gibeon Meteorite Etched Slice! 255.4 Grams! WOW!,255.0,2007-03-26,255.4,1.0,WorthPoint
gibeon-meteorite,3 GIBEON Meteorites 44.4 Grams Of Cut And Eched Pieces,20.11,2007-03-25,3.0,6.7,WorthPoint
gibeon-meteorite,Gibeon Meteorite Slice With Graphite!,16.0,2007-03-24,,,WorthPoint
gibeon-meteorite,Gibeon Sliced End Cut With Fusion Crust!,32.0,2007-03-24,,,WorthPoint
gibeon-meteorite,Gibeon Meteorite Etched Slice! 108.3 Grams! WOW!,108.0,2007-03-23,108.3,1.0,WorthPoint
gibeon-meteorite,"360: Rare Gibeon Meteorite 1"" Shpere -africa",34.0,2007-03-21,,,WorthPoint
gibeon-meteorite,Gibeon Meteorite Etched Slice! 25.6 Grams! WOW!,45.99,2007-03-16,25.6,1.8,WorthPoint
gibeon-meteorite,"Gibeon Meteorite- 24.4 Gram Etched, Polished Slice NR",24.69,2007-03-14,24.4,1.01,WorthPoint
gibeon-meteorite,GIBEON Meteorite 28 Grams Cut And Eched With No Rust,32.22,2007-03-11,28.0,1.15,WorthPoint
gibeon-meteorite,GIBEON Meteorite 50 Grams Cut And Eched With No Rust,22.0,2007-03-11,50.0,0.44,WorthPoint
gibeon-meteorite,9 GIBEON Meteorites 90.8 Grams Cut And Eched Pieces,43.25,2007-03-10,9.0,4.81,WorthPoint
gibeon-meteorite,GIBEON Meteorite BIG Etched Coin Disk,35.0,2007-03-10,,,WorthPoint
gibeon-meteorite,Gibeon Meteorite Etched Slice! 45.1 Grams! WOW!,33.89,2007-03-09,45.1,0.75,WorthPoint
gibeon-meteorite,GIBEON Meteorite 12.22 Gram Cut And Eched With No Rust,10.5,2007-03-07,12.22,0.86,WorthPoint
gibeon-meteorite,Gibeon Meteorite Etched Slice! 96.9 Grams! WOW!,97.0,2007-03-07,96.9,1.0,WorthPoint
gibeon-meteorite,GIBEON Meteorite 7.7 Grams Cut And Eched With No Rust,16.5,2007-03-05,7.7,2.14,WorthPoint
gibeon-meteorite,GIBEON METEORITE - Hard To Find Individual - RARE,15.5,2007-03-01,,,WorthPoint
gibeon-meteorite,GIBEON Meteorite 22.8 Grams Cut And Eched With No Rust,19.25,2007-02-28,22.8,0.84,WorthPoint
gibeon-meteorite,GIBEON Meteorite 36 Grams Cut And Eched With No Rust,21.71,2007-02-25,36.0,0.6,WorthPoint
gibeon-meteorite,GIBEON Iron Meteorite/Silver Ring Size 11 1/2,27.0,2007-02-24,,,WorthPoint
gibeon-meteorite,GIBEON Meteorite 37.5 Gram Cut And Eched With No Rust,18.72,2007-02-19,37.5,0.5,WorthPoint
gibeon-meteorite,10 GIBEON Meteorites132 Grams Cut And Eched Pieces,78.0,2007-02-17,10.0,7.8,WorthPoint
gibeon-meteorite,Gibeon Meteorite Etched Slice! 48.7 Grams! WOW!,36.0,2007-02-16,48.7,0.74,WorthPoint
gibeon-meteorite,Gibeon Meteorite Etched Slice! 28.7 Grams! WOW!,39.0,2007-02-16,28.7,1.36,WorthPoint
gibeon-meteorite,Gibeon Meteorite Etched Slice! 38.9 Grams! WOW!,21.71,2007-02-16,38.9,0.56,WorthPoint
gibeon-meteorite,Very Nice 98 Gram Gibeon Meteorite !,76.01,2007-02-16,98.0,0.78,WorthPoint
gibeon-meteorite,Gibeon Meteorite Etched Slice! 77.2 Grams! WOW!,77.0,2007-02-13,77.2,1.0,WorthPoint
gibeon-meteorite,"16.5g Gibeon Meteorite Cut/ Etched, Multi-Face Polygon",33.99,2007-02-13,16.5,2.06,WorthPoint
gibeon-meteorite,Gibeon Meteorite Etched Slice! 173 Grams! WOW!,173.0,2007-02-13,173.0,1.0,WorthPoint
gibeon-meteorite,GIBEON Meteorite Etched Slice Crusty Top *2 Troilite*,30.0,2007-02-12,,,WorthPoint
gibeon-meteorite,Gibeon Meteorite Etched Widmanstatten Pattern 7 Grams,10.5,2007-02-12,7.0,1.5,WorthPoint
gibeon-meteorite,"Gibeon Meteorite- 9.9 Gram Etched, Polished Slice NR",14.33,2007-02-07,9.9,1.45,WorthPoint
gibeon-meteorite,"25.0g Gibeon Meteorite Etched Slice, Nice Widmanstatten",25.48,2007-02-06,25.0,1.02,WorthPoint
gibeon-meteorite,Gibeon Meteorite Etched Widmanstatten Pattern 19 Grams,19.95,2007-02-06,19.0,1.05,WorthPoint
gibeon-meteorite,Gibeon Meteorite Etched Slice! 795 Grams! WOW!,635.0,2007-02-01,795.0,0.8,WorthPoint
gibeon-meteorite,GIBEON Meteorite Etched Sphere 14.5 G. 15 Mm,36.0,2007-01-27,14.5,2.48,WorthPoint
gibeon-meteorite,Meteorite Jewelry: Gibeon Pendant 134,22.49,2007-01-22,,,WorthPoint
gibeon-meteorite,Gibeon Meteorite 29mm Disk,25.0,2007-01-21,,,WorthPoint
gibeon-meteorite,Meteorite Jewelry: Gibeon Pendant 191,11.5,2007-01-01,,,WorthPoint
gibeon-meteorite,GIBEON Meteorite Etched Sphere With Troilite,42.0,2006-12-24,,,WorthPoint
gibeon-meteorite,"METEORITE Awesome Complete Slice Of Gibeon, IVA, 550g",625.0,2006-12-19,550.0,1.14,WorthPoint
gibeon-meteorite,GIBEON METEORITE - Hard To Find Individual,18.5,2006-12-14,,,WorthPoint
gibeon-meteorite,Meteorite Jewelry: Gibeon Pendant 188,14.0,2006-12-12,,,WorthPoint
gibeon-meteorite,Meteorite Jewelry: Gibeon Pendant 203,24.0,2006-12-12,,,WorthPoint
gibeon-meteorite,Meteorite Jewelry: Gibeon Pendant 193,16.0,2006-12-11,,,WorthPoint
gibeon-meteorite,Meteorite Jewelry: Gibeon Pendant 187,12.0,2006-12-11,,,WorthPoint
gibeon-meteorite,Meteorite Jewelry: Gibeon Earrings,28.23,2006-12-11,,,WorthPoint
gibeon-meteorite,Meteorites: Gibeon Meteorite 37 Grams,23.77,2006-12-11,37.0,0.64,WorthPoint
gibeon-meteorite,Gibeon Meteorite Sphere - 19mm,38.88,2006-12-11,,,WorthPoint
gibeon-meteorite,Gibeon Meteorite Pendant Earring Set,40.0,2006-12-08,,,WorthPoint
gibeon-meteorite,Etched Gibeon Meteorite Slice 167 Grams,76.0,2006-12-06,167.0,0.46,WorthPoint
gibeon-meteorite,"GIBEON Iron Meteorite Men's Watch, 29mm Diameter Dial",76.0,2006-12-04,,,WorthPoint
gibeon-meteorite,Meteorite Jewelry: Gibeon Pendant 199,15.0,2006-12-04,,,WorthPoint
gibeon-meteorite,Meteorite Jewelry: Gibeon Pendant 198,14.0,2006-12-04,,,WorthPoint
gibeon-meteorite,"GIBEON Iron Meteorite Women's Watch, 20mm Diameter Dial",49.0,2006-11-30,,,WorthPoint
gibeon-meteorite,88 Gram Unique Triangle Shaped Etched Gibeon Meteorite,93.85,2006-11-26,88.0,1.07,WorthPoint
gibeon-meteorite,56 Gram Etched Gibeon Meteorite,37.0,2006-11-26,56.0,0.66,WorthPoint
gibeon-meteorite,Meteorites- Gibeon Iron Meteorite 20g Etched Slice,32.1,2006-11-25,20.0,1.6,WorthPoint
gibeon-meteorite,GIBEON Meteorite Etched Disk,15.0,2006-11-25,,,WorthPoint
gibeon-meteorite,14 Gram Etched Gibeon Meteorite,12.49,2006-11-24,14.0,0.89,WorthPoint
gibeon-meteorite,Gibeon Meteorite Polished Slice! 74.7 Grams !,52.57,2006-11-24,74.7,0.7,WorthPoint
gibeon-meteorite,Gibeon Meteorite Etched Slice! 17.8 Grams! WOW!,16.27,2006-11-24,17.8,0.91,WorthPoint
gibeon-meteorite,Gibeon Meteorite Etched Slice! 35.8 Grams! WOW!,31.11,2006-11-24,35.8,0.87,WorthPoint
gibeon-meteorite,Gibeon Meteorite Etched Slice! 102.3 Grams! WOW!,72.0,2006-11-24,102.3,0.7,WorthPoint
gibeon-meteorite,Gibeon Meteorite Etched Slice! 175.5 Grams! WOW!,175.0,2006-11-24,175.5,1.0,WorthPoint
gibeon-meteorite,Gibeon Meteorite Etched Slice! 37.6 Grams !,28.0,2006-11-17,37.6,0.74,WorthPoint
gibeon-meteorite,Gibeon Meteorite Etched Slice! 31.7 Grams !,28.0,2006-11-17,31.7,0.88,WorthPoint
gibeon-meteorite,Gibeon Meteorite Etched Slice! 62.1 Grams !,53.0,2006-11-17,62.1,0.85,WorthPoint
gibeon-meteorite,Beautiful ETCHED Jewelry Bead Made Frm GIBEON METEORITE,23.25,2006-11-16,,,WorthPoint
gibeon-meteorite,WHOLE & COMPLETE Gibeon Meteorite Crystal Diamond Shape,11.5,2006-11-16,,,WorthPoint
gibeon-meteorite,GIBEON Meteorite Etched Square Slice,15.0,2006-11-15,,,WorthPoint
gibeon-meteorite,GIBEON Meteorite Etched Sphere 20.2 G. 17 Mm,50.0,2006-11-15,20.2,2.48,WorthPoint
gibeon-meteorite,GIBEON Meteorite Full Etched On Both Sides Thin Slice,100.0,2006-11-13,,,WorthPoint
gibeon-meteorite,Meteorites- Gibeon Iron Meteorite 29g Etched Slice,26.0,2006-11-11,29.0,0.9,WorthPoint
gibeon-meteorite,Gibeon Meteorite Etched Slice! 292.8 Grams! WOW!,203.49,2006-11-10,292.8,0.69,WorthPoint
gibeon-meteorite,Gibeon Meteorite Etched Slice! 30.7 Grams !,23.5,2006-11-09,30.7,0.77,WorthPoint
gibeon-meteorite,Gibeon Meteorite Etched Slice! 43.7 Grams !,33.0,2006-11-09,43.7,0.76,WorthPoint
gibeon-meteorite,Gibeon Meteorite Etched Slice! 108.5 Grams !,83.99,2006-11-09,108.5,0.77,WorthPoint
gibeon-meteorite,Gibeon Meteorite 4154 Grams (9.14 Lbs) IVA,1950.0,2006-11-06,4154.0,0.47,WorthPoint
gibeon-meteorite,Meteorites- Gibeon Iron Meteorite 28g Etched Slice,21.9,2006-11-04,28.0,0.78,WorthPoint
gibeon-meteorite,46 Gram Etched Gibeon Meteorite,20.5,2006-11-01,46.0,0.45,WorthPoint
indochinite,Indochinite Tektite,84.0,2026-01-15,,,WorthPoint
indochinite,Tektite Indochinite Space Rock Impactite Meteorite Impact Stone Gems 144 Gm Lot,45.0,2026-01-04,144.0,0.31,WorthPoint
indochinite,"Moldavite 3.0 Grams, Indochinite 1.36grams,Libyan 3.9 Grams Copper Pendant",150.0,2025-12-29,3.0,50.0,WorthPoint
indochinite,"18.5g Natural Indochinite Tektite Space Rock Impact Glass, 2 Pcs.",14.0,2025-12-28,18.5,0.76,WorthPoint
indochinite,"""cool Concavity : Indochina Tektite ("""" Indochinite""""); Awesome Formation, China""",10.0,2025-12-20,,,WorthPoint
indochinite,310g LOT INDONESIAN INDOCHINITE TEKTITES LAVA Meteorite STONE TEKTITE,55.0,2025-12-13,310.0,0.18,WorthPoint
indochinite,"""""""tooth-like """" Indochina Tektite ("""" Indochinite""""); Awesome Formation, China""",7.0,2025-12-07,,,WorthPoint
indochinite,TEKTITE METEORITE PIECE METEOR STONE SPACE ROCK ASTEROID INDOCHINITE SHARD 5g,7.95,2025-12-06,5.0,1.59,WorthPoint
indochinite,Western Australia Indochinites Meteorites Tektites .5 Oz,12.99,2025-11-27,141.75,0.09,WorthPoint
indochinite,Indochinite Tektite From China- 7.2 Gram- Australasian Impact- TA10,12.0,2025-11-25,7.2,1.67,WorthPoint
indochinite,"Moldavite 3.9 Grams, Indochinite 3.5 Grams & Libyan 4.5 Grams Pendant & Necklace",160.0,2025-11-22,3.9,41.03,WorthPoint
indochinite,INDOCHINITE TEKTITE Meteorite Impact Impactite Nodule Gemstone GUANGDONG CHINA,19.99,2025-11-20,,,WorthPoint
indochinite,Tektite Var. Indochinite / China / Mineral Specimen,11.99,2025-11-15,,,WorthPoint
indochinite,"24.9g Natural Indochinite Tektite Space Rock Impact Glass Specimen, 1 Pc.",15.0,2025-11-09,24.9,0.6,WorthPoint
indochinite,"Tektite - Indochinite From Thailand, 6.3 Grams",15.0,2025-11-05,6.3,2.38,WorthPoint
indochinite,Indochinite Tektite Meteorite Impact Glass Formations,15.95,2025-11-04,,,WorthPoint
indochinite,69.60 Gram - Large TEKTITE (METEORITE / Indochinite) Specimen - From Thailand,39.0,2025-10-16,69.6,0.56,WorthPoint
indochinite,18.13 Gram - Small TEKTITE (METEORITE / Indochinite) Specimen - From Thailand,9.99,2025-10-05,18.13,0.55,WorthPoint
indochinite,84.72 Gram - Large TEKTITE (METEORITE / Indochinite) Specimen - From Thailand,40.0,2025-10-05,84.72,0.47,WorthPoint
indochinite,50g+ Indochinite Tektite Meteorite Impact Glass Formations,20.95,2025-09-29,50.0,0.42,WorthPoint
indochinite,110.24 Gram - Large TEKTITE (METEORITE / Indochinite) Specimen - From Thailand,50.0,2025-09-18,110.24,0.45,WorthPoint
indochinite,102.00 Gram - Large TEKTITE (METEORITE / Indochinite) Specimen - From Thailand,55.0,2025-09-18,102.0,0.54,WorthPoint
indochinite,106.76 Gram - Large TEKTITE (METEORITE / Indochinite) Specimen - From Thailand,50.0,2025-09-18,106.76,0.47,WorthPoint
indochinite,Udon Thani Thailand TEKTITE Meteorite Impactite Indochinite,18.0,2025-09-02,,,WorthPoint
indochinite,Indochinite Tektite ~ Meteorite Impact ~ 54 Gram ~ Perfect Dumbbell Shape ~ 70mm,165.0,2025-08-30,54.0,3.06,WorthPoint
indochinite,38.4g Indochinite Tektite Tear Drop Rain Drop Impactite Meteorite Crystal Gem,22.0,2025-08-16,38.4,0.57,WorthPoint
indochinite,"""elliptical Shaped Indochina Tektite ("""" Indochinite""""); Awesome Formation""",7.95,2025-08-14,,,WorthPoint
indochinite,52.27 Gram - Large TEKTITE (METEORITE / Indochinite) Specimen - From Thailand,30.0,2025-08-13,52.27,0.57,WorthPoint
indochinite,Indochinite Tektite Spiral Space Rock Impact 32 Gram,19.99,2025-08-10,32.0,0.62,WorthPoint
indochinite,Indochinite Tektite LARGE Dumbbell Shaped From Vietnam 125 Grams,70.0,2025-07-31,125.0,0.56,WorthPoint
indochinite,Indochinite Tektite Meteorite Impact Glass Formations Lot Thailand 58.51 Grams,28.26,2025-07-20,58.51,0.48,WorthPoint
indochinite,Indochinite Tektite Skin Splits & Starburst Rays Guangdong China 109.5 Grams,49.0,2025-07-13,109.5,0.45,WorthPoint
indochinite,Group Of 10 Indochinite Tektite Meteorite Specimens Weighs 327 Grams,19.99,2025-07-09,327.0,0.06,WorthPoint
indochinite,"76g Natural Indochinite Tektite Space Rock Impact Glass Specimen, 2 Pcs.",30.0,2025-06-26,76.0,0.39,WorthPoint
indochinite,"87.5g Natural Indochinite Tektite Space Rock Impact Glass Specimen, 7 Pcs.",32.0,2025-06-26,87.5,0.37,WorthPoint
indochinite,Indochinite Tektite From China- 5.1 Gram- Translucent- Australasian Impact- TA11,9.0,2025-06-26,5.1,1.76,WorthPoint
indochinite,Indochinite Tektites ~ Meteorite Impact ~ Found In Thailand ~ 82 Gram & 65 Gram,25.0,2025-06-14,82.0,0.3,WorthPoint
indochinite,LARGER! Super Symmetrical TEKTITE Or Indochinite 100% Natural China 56.3gr,14.99,2025-06-08,56.3,0.27,WorthPoint
indochinite,Indochinite -- Tektite Glass - 10g - (Root Chakra Cintamani) #TK5.,14.99,2025-06-01,10.0,1.5,WorthPoint
indochinite,Indochinite Tektite With Bubble Blister Guangdong China 65.4 Grams,30.0,2025-06-01,65.4,0.46,WorthPoint
indochinite,Indochinite Tektite With Bubble Blister Guangdong China 77.5 Grams,30.0,2025-06-01,77.5,0.39,WorthPoint
indochinite,Indochinite Tektite Lot Of Six 174 Grams,70.0,2025-05-26,174.0,0.4,WorthPoint
indochinite,"""2 3/4"""" Dumbbell Shaped Indochina Tektite ("""" Indochinite""""); Awesome Formation""",8.95,2025-04-22,,,WorthPoint
indochinite,Udon Thani Thailand Indochinite Tektite Meteorite Impactite,18.0,2025-04-13,,,WorthPoint
indochinite,Large Indochinite Tektite 236 Grams,150.0,2025-04-04,236.0,0.64,WorthPoint
indochinite,Indochinite -- Tektite Glass - 4g - (Root Chakra Cintamani) #TK13.,10.49,2025-04-02,4.0,2.62,WorthPoint
indochinite,Large Tektite Indochinite Meteorite Impactite Glass Stone 64 Grams A32,25.0,2025-03-18,64.0,0.39,WorthPoint
indochinite,"Two Huge Tektites, Indochinites, Asteroid Impactite",59.0,2025-03-07,,,WorthPoint
indochinite,Indochinite Tektite (Meteorite Related) ~ 51.488 Grams ~ A Curious Oddity!,295.0,2025-03-05,51.488,5.73,WorthPoint
indochinite,Indochinite Tektite From China- 3.5 Gram- Australasian Impact- TA5,6.0,2025-02-24,3.5,1.71,WorthPoint
indochinite,"3 Indochinite Tektite, China- 6.5 Grams Translucent- Australasian Impact- TA6",10.0,2025-02-24,6.5,1.54,WorthPoint
indochinite,10g Tektite Indochinite Tear Drop Meteorite Impact Specimen,15.0,2025-02-20,10.0,1.5,WorthPoint
indochinite,Indochinite Tektite From China- 3.6 Gram- Translucent- Australasian Impact- TA1,5.0,2025-02-19,3.6,1.39,WorthPoint
indochinite,Tektite 50.1g (1.8oz) Meteorite Impact Indochinite + Black Kyanite Fan 19g,22.0,2025-02-14,50.1,0.44,WorthPoint
indochinite,Lot Of THREE! TEKTITES Or Indochinites 100% Natural China 67.0gr,15.99,2025-02-10,67.0,0.24,WorthPoint
indochinite,Larger! TEKTITE Or Indochinite 100% Natural From China 73.0gr,19.99,2025-02-10,73.0,0.27,WorthPoint
indochinite,"""2 5/8 """" Tear Drop Indochina Tektite ("""" Indochinite""""); Awesome Formation""",9.95,2025-01-13,,,WorthPoint
indochinite,Indochinite,169.0,2025-01-02,,,WorthPoint
indochinite,USA SALE SEE VIDEO 73g LOT INDONESIAN INDOCHINITE TEKTITES LAVA STONE TEKTITE,34.0,2024-11-25,73.0,0.47,WorthPoint
indochinite,"""disc Shaped Indochina Tektite ("""" Indochinite""""); Cool Formation: See Photos!""",8.99,2024-11-17,,,WorthPoint
indochinite,"""tear Drop Indochina Tektite ("""" Indochinite""""); Awesome Formation: See Photos!""",7.99,2024-11-17,,,WorthPoint
indochinite,Indochinite Tektite From China- 5.7 Gram- Translucent- Australasian Impact- TA4,10.0,2024-11-08,5.7,1.75,WorthPoint
indochinite,Tektite Indochinite Necklace 20.1g Meteorite Impact Glass Natural Gemstone,24.0,2024-11-07,20.1,1.19,WorthPoint
indochinite,Tektite Indochinite 15.3g Necklace Meteorite Impact Glass Gemstone,20.0,2024-11-01,15.3,1.31,WorthPoint
indochinite,"17.7g Tektite Var. Indochinite / Quy Chau, Vietnam / Meteorite Impact Specimen",9.99,2024-11-01,17.7,0.56,WorthPoint
indochinite,"""tear Drop Indochina Tektite ("""" Indochinite""""); Cool Formation: See Photos!""",11.0,2024-10-06,,,WorthPoint
indochinite,"""awesome Indochina Tektite ("""" Indochinite""""); Dumb Bell Formation: See Photos!""",10.5,2024-10-06,,,WorthPoint
indochinite,"10.8g Natural Indochinite Tektite Space Rock Impact Glass, 2 Pcs.",7.99,2024-09-29,10.8,0.74,WorthPoint
indochinite,Big Lot Of TEKTITES Or Indochinites 100% Natural China 159gr,24.99,2024-09-25,159.0,0.16,WorthPoint
indochinite,Lot Of THREE! TEKTITES Or Indochinites 100% Natural China 103gr,16.99,2024-09-22,103.0,0.16,WorthPoint
indochinite,Larger! TEKTITE Or Indochinite 100% Natural From China 42.2gr,17.99,2024-08-08,42.2,0.43,WorthPoint
indochinite,Teardrop Shaped TEKTITE Or Indochinite 100% Natural China 37.9gr,11.99,2024-07-13,37.9,0.32,WorthPoint
indochinite,Tektite Indochinite Dumbell Barbell 68 Grams,75.0,2024-07-08,68.0,1.1,WorthPoint
indochinite,Teardrop Collectible Indochinite Tektite Meteorite,899.99,2024-07-05,,,WorthPoint
indochinite,Lot Of FOUR! Bubble TEKTITES Or Indochinites 100% Natural China 125gr,19.99,2024-06-08,125.0,0.16,WorthPoint
indochinite,Lot Of THREE! Bubble TEKTITES Or Indochinites 100% Natural China 118gr,19.99,2024-06-08,118.0,0.17,WorthPoint
indochinite,Indochinite Tektite Meteorite Impact Glass Formations 79.35 Grams,39.75,2024-05-24,79.35,0.5,WorthPoint
indochinite,"Cool Indochina Tektite ("" Indochinite""); Rare Two-sided Formtion: See Photos!",5.99,2024-04-30,,,WorthPoint
indochinite,Indochinite Tektite (Bicolite),79.0,2024-04-11,,,WorthPoint
indochinite,Tektite Var. Indochinite / 47.51 Gram Mineral Specimen / From China,27.6,2024-04-03,47.51,0.58,WorthPoint
indochinite,Large Tektite Indochinite Meteorite Impactite Glass Stone 99 Grams A16,40.0,2024-03-27,99.0,0.4,WorthPoint
indochinite,Great Deal! Low Price! Great Shape! Incredible Indochinite Tektite! 93.1 Gms,74.25,2024-03-08,93.1,0.8,WorthPoint
indochinite,"Cool Indochina Tektite ("" Indochinite"") Pendant On Silk Cord",6.95,2024-02-28,,,WorthPoint
indochinite,Indochinite Tektite (Meteorite Impact) ~ 30.9g ~ Unusual Aerodynamic Shape ~ AA+,65.0,2024-01-25,30.9,2.1,WorthPoint
indochinite,Lot Of 7 BEAUTIFUL TEKTITE INDOCHINITES Free Shipping,56.0,2024-01-18,,,WorthPoint
indochinite,BEAUTIFUL TEKTITE INDOCHINITE Angel Chime Impact Glass Impactite METEORITE 92gms,8.99,2024-01-14,92.0,0.1,WorthPoint
indochinite,"Tektite ~ (Meteorite Impact Glass) ~ Indochinite ~ ""HAPPY FACE"" ~ 13.567 Grams",140.0,2024-01-08,13.567,10.32,WorthPoint
indochinite,Large Tektite Indochinite Meteorite Impactite Glass Stone 109 Grams A27,50.0,2024-01-06,109.0,0.46,WorthPoint
indochinite,62g Rare Sirian Meteorite Tektite Meteor Impact Glass Indochinite: Indonesia 25T,6.1,2023-12-29,62.0,0.1,WorthPoint
indochinite,Indochinite Tektite Meteorite Impact Glass Formations Thailand 15.96 Grams,14.24,2023-12-24,15.96,0.89,WorthPoint
indochinite,Rare Sirian Indochinite Tektite Meteoric Impact Glass 28g (1T),5.74,2023-12-23,28.0,0.21,WorthPoint
indochinite,Four Major Shapes Of Indochinite Tektites.,155.0,2023-12-13,,,WorthPoint
indochinite,55g+ Indochinite Tektite Meteorite Impact Glass Formations,19.95,2023-12-01,55.0,0.36,WorthPoint
indochinite,RARE Curved Tektite Indochinite ~ Meteorite Impact Glass ~ Ph√∫ Y√™n Provin ~ 11g,55.0,2023-11-13,11.0,5.0,WorthPoint
indochinite,Large Tektite Indochinite Meteorite Impactite Glass Stone 139 Grams A24,54.0,2023-11-06,139.0,0.39,WorthPoint
indochinite,"Indochinite Tektite 73.4 Grams Estate Find 700,000 Year Old Meteorite Impact",19.95,2023-10-30,73.4,0.27,WorthPoint
indochinite,Indochinite Tektite Meteorite Impact Glass Formations 88.40 Grams,42.75,2023-09-13,88.4,0.48,WorthPoint
indochinite,Large Tektite Indochinite Meteorite Impactite Glass Stone 94 Grams A30,37.0,2023-08-04,94.0,0.39,WorthPoint
indochinite,Indochinite Tektites (Group Of 8),312.5,2023-07-22,,,WorthPoint
indochinite,57.44g Bar Shaped Indochinite Tektite. Nice Clean Example With Nice Sculpture,9.0,2023-07-10,57.44,0.16,WorthPoint
indochinite,"Tektite From Thailand- 39.8 Grams- Thailandite, Indochinite - TW21",48.0,2023-06-22,39.8,1.21,WorthPoint
indochinite,Set Of 2 Indochinite Tektites!,10.5,2023-05-28,,,WorthPoint
indochinite,"Raw Natural Black Indochinite Tektite Rock Specimen, U Judge",29.0,2023-05-13,,,WorthPoint
indochinite,"Tektite From Thailand- 38 Grams- Thailandite, Indochinite - TW1",46.0,2023-05-12,38.0,1.21,WorthPoint
indochinite,48g Rare Sirian Meteorite Tektite Meteor Impact Glass Indochinite: Indonesia (5T,10.23,2023-04-11,48.0,0.21,WorthPoint
indochinite,"Indochinite - 15g ""Black Moldavite"" (Root Chakra Tektite Cintamani) #ind15",17.99,2023-03-25,15.0,1.2,WorthPoint
indochinite,"Indochinite - 9g ""Black Moldavite"" (Root Chakra Tektite Cintamani) #ind3",17.99,2023-03-17,9.0,2.0,WorthPoint
indochinite,"Indochinite - 13g ""Black Moldavite"" (Root Chakra Tektite Cintamani) #ind10",16.19,2023-03-17,13.0,1.25,WorthPoint
indochinite,"Indochinite - 10g ""Black Moldavite"" (Root Chakra Tektite Cintamani) #ind9",16.19,2023-03-17,10.0,1.62,WorthPoint
indochinite,"Indochinite - 14g ""Black Moldavite"" (Root Chakra Tektite Cintamani) #ind14",16.19,2023-03-17,14.0,1.16,WorthPoint
indochinite,174 Gram - Large Tektite (Meteorite) Indochinite Space Glass- Round Specimen,77.0,2023-03-11,174.0,0.44,WorthPoint
indochinite,84 Gram - Large Tektite (Meteorite) Indochinite Space Glass- Round Specimen,33.0,2023-03-11,84.0,0.39,WorthPoint
indochinite,182 Gram - Large Tektite (Meteorite) Indochinite Space Glass- Round Specimen,82.0,2023-03-11,182.0,0.45,WorthPoint
indochinite,107.7 Gram - Large Tektite (Meteorite) Indochinite Space Glass- Round Specimen,41.0,2023-03-11,107.7,0.38,WorthPoint
indochinite,107 Gram - Large Tektite (Meteorite) Indochinite Space Glass- Teardrop Specimen,42.75,2023-03-11,107.0,0.4,WorthPoint
indochinite,90.4 Gram - Large Tektite (Meteorite) Indochinite Space Glass- Teardrop Specimen,50.0,2023-03-11,90.4,0.55,WorthPoint
indochinite,31.5 Gram - Large Tektite (Meteorite) Indochinite Space Glass- Teardrop Specimen,65.0,2023-03-11,31.5,2.06,WorthPoint
indochinite,215 Gram - Large Tektite (Meteorite) Indochinite Space Glass- Dumbbell Specimen,40.0,2023-03-11,215.0,0.19,WorthPoint
indochinite,52.7 Gram - Large Tektite (Meteorite) Indochinite Space Glass- Dumbbell Specimen,51.0,2023-03-11,52.7,0.97,WorthPoint
indochinite,42.6 Gram - Large Tektite (Meteorite) Indochinite Space Glass- Dumbbell Specimen,30.0,2023-03-11,42.6,0.7,WorthPoint
indochinite,121.7 Gram - Large Tektite (Meteorite) Indochinite Space Glass- Rounded Specimen,61.0,2023-03-11,121.7,0.5,WorthPoint
indochinite,184.8 Gram - Large Tektite (Meteorite) Indochinite Space Glass- Rounded Specimen,51.0,2023-03-11,184.8,0.28,WorthPoint
indochinite,Large Tektite Indochinite Meteorite Impactite Glass Stone 50 Grams AA13,25.0,2023-02-16,50.0,0.5,WorthPoint
indochinite,28g Rare Sirian Meteorite Tektite Meteor Impact Glass Indochinite: Indonesia (7T,7.47,2023-02-03,28.0,0.27,WorthPoint
indochinite,"Indochinite - 12g ""Black Moldavite"" (Root Chakra Tektite Cintamani) #ind5",17.99,2023-01-04,12.0,1.5,WorthPoint
indochinite,3 Piece Indochinite Tektite Meteoric Impact Glass 50g (27T),11.97,2023-01-01,50.0,0.24,WorthPoint
indochinite,Indochinite Tektite Meteorite Impact Glass Formations 30.76 Grams,15.75,2022-12-14,30.76,0.51,WorthPoint
indochinite,18g Rare Meteorite Black Tektite Meteor Impact Glass Stone Indochinite China (2T,11.49,2022-12-07,18.0,0.64,WorthPoint
indochinite,Indochinite Meteorite Black Tektite Meteoric Impact Glass 16g (4T),9.77,2022-12-04,16.0,0.61,WorthPoint
indochinite,"Indochinite - 18g ""Black Moldavite"" (Root Chakra Tektite Cintamani) #ind4",17.99,2022-11-24,18.0,1.0,WorthPoint
indochinite,54g Rare Meteorite Black Tektites Meteor Impact Glass Indochinite:China (26T),13.67,2022-11-22,54.0,0.25,WorthPoint
indochinite,Rare Very Large Black Indochinite Tektite Stone 86g 431 Carat Museum Quality,69.99,2022-10-24,86.0,0.81,WorthPoint
indochinite,Big Lot Of 100% Natural Tektites Or Indochinites! From China 162gr,39.99,2022-10-04,162.0,0.25,WorthPoint
indochinite,Large 112-gr. (3.9-oz.) Dumbbell TEKTITE Indochinite 10.0 X 3.0-cm (4 X 1¬º-inch),49.95,2022-10-04,112.0,0.45,WorthPoint
indochinite,Indochinite Tektite Meteorite Impact Glass Formations 52.84 Grams,26.75,2022-09-28,52.84,0.51,WorthPoint
indochinite,Indochinite Tektite Set Of 2 Splash Drops Meteorite Impact Glass Formations,12.0,2022-08-29,,,WorthPoint
indochinite,"Tektite Rare LARGE 4.25"" A+ Meteorite Generated Indochinite Tektite - US Seller!",149.99,2022-08-23,,,WorthPoint
indochinite,Indochinite Tektite Meteorite Impact Glass Formations 66.30 Grams,36.75,2022-07-04,66.3,0.55,WorthPoint
indochinite,36g Rare Sirian Meteorite Tektite Meteor Impact Glass Indochinite Indonesia (10T,14.82,2022-05-29,36.0,0.41,WorthPoint
indochinite,Indochinite Tektite Impact Glass Tumbled And Polished Thailand 52.18 Gram Lot,32.75,2022-04-05,52.18,0.63,WorthPoint
indochinite,Indochinite Tektite Meteorite Impact Glass Formations 70.90 Grams,39.75,2022-04-02,70.9,0.56,WorthPoint
indochinite,49.87ct Chinese Tektite Splash Form Indochinite Specimen With Base! (china),26.0,2022-04-02,9.974,2.61,WorthPoint
indochinite,Indochinite Tektite Meteorite Impact Glass Formations 33.99 Grams,17.75,2022-04-02,33.99,0.52,WorthPoint
indochinite,Black Indochinite TEKTITE 5.3 Grams Meteorite Impact 40 X 23 X 10 Mm Complete,16.5,2022-04-02,5.3,3.11,WorthPoint
indochinite,14g Rare Sirian Meteorite Tektite Meteor Impact Glass Indochinite: Indonesia (3T,11.13,2022-03-29,14.0,0.8,WorthPoint
indochinite,Indochinite Tektite Meteorite Impact Glass Formations 29.79 Grams,34.75,2022-03-29,29.79,1.17,WorthPoint
indochinite,Indochinite Tektite Meteorite Impact Glass Formations 66.48 Grams,37.75,2022-03-29,66.48,0.57,WorthPoint
indochinite,Black Indochinite TEKTITE 3.8 Grams Meteorite Impact 33 X 18 X 7 Mm Complete,10.5,2022-03-29,3.8,2.76,WorthPoint
indochinite,Black Indochinite TEKTITE 8.0 Grams Meteorite Impact 37 X 22 X 9 Mm Complete,10.5,2022-02-14,8.0,1.31,WorthPoint
indochinite,2.281 G Thailand Indochinite Tektite W/COA - As Found From Meteorite Impact,6.95,2022-02-06,2.281,3.05,WorthPoint
indochinite,Tektite - Indochinite,10.0,2022-01-24,,,WorthPoint
indochinite,Indochinite -- Tektite Glass - 18g - (Root Chakra Cintamani) #TK16,25.44,2022-01-23,18.0,1.41,WorthPoint
indochinite,"Indochinite - 17g ""Black Moldavite"" (Root Chakra Tektite Cintamani) #ind12",19.99,2021-12-28,17.0,1.18,WorthPoint
indochinite,3.291 G Thailand Indochinite Tektite W/COA - As Found From Meteorite Impact,6.95,2021-12-27,3.291,2.11,WorthPoint
indochinite,"Indochinite - 16g ""Black Moldavite"" (Root Chakra Tektite Cintamani) #ind1",19.99,2021-12-09,16.0,1.25,WorthPoint
indochinite,Indochinite Healing Crystal Mereorite - Drop Shape- Natural Lower Fragment,39.0,2021-12-09,,,WorthPoint
indochinite,4.538 G Thailand Indochinite Tektite W/COA - As Found From Meteorite Impact,6.95,2021-12-03,4.538,1.53,WorthPoint
indochinite,Indochinite Tektite Meteorite Impact Glass Formations 37.25 Grams,18.75,2021-11-18,37.25,0.5,WorthPoint
indochinite,2.370 G Thailand Indochinite Tektite W/COA - As Found From Meteorite Impact,7.0,2021-11-08,2.37,2.95,WorthPoint
indochinite,"Indochinite Tektite Guangdong Province China 700,000 Years Old",10.5,2021-11-08,,,WorthPoint
indochinite,"Black Indochinite Tektite Meteorite Natural Rock / Stone, 64 Grams... 320 Carats",14.99,2021-11-04,64.0,0.23,WorthPoint
indochinite,Black Indochinite TEKTITE 4.9 Grams Meteorite Impact 30 X 14 X 8 Mm Complete,9.5,2021-10-26,4.9,1.94,WorthPoint
indochinite,Indochinite Tektite (Meteorite) Flight Oriented ~ 7.26g ~ Second Tektite FREE,17.0,2021-10-21,7.26,2.34,WorthPoint
indochinite,Indochinite Tektite Meteorite Impact Glass Formations 32.44 Grams,16.75,2021-10-19,32.44,0.52,WorthPoint
indochinite,Tektite - Nice Set Of Indochinite Specimens,20.5,2021-10-18,,,WorthPoint
indochinite,"Black Indochinite Tektite Meteorite Natural Rock / Stone, 51 Grams... 260 Carats",27.0,2021-10-18,51.0,0.53,WorthPoint
indochinite,"Indochinite Tektite, A Collection Of Nine Handpicked Specimens From Thailand.",34.0,2021-10-17,,,WorthPoint
indochinite,Black Indochinite TEKTITE 5.7 Grams Meteorite Impact 39 X 24 X 5mm Complete,9.5,2021-10-04,5.7,1.67,WorthPoint
indochinite,Indochinite Tektite Meteorite Impact Glass Formations 28.21 Grams,14.75,2021-10-03,28.21,0.52,WorthPoint
indochinite,Tektite Indochinite. China. 48g. 2pcs.,6.5,2021-09-20,48.0,0.14,WorthPoint
indochinite,Indochinite Tektite. China. 69g. 2pcs.,5.99,2021-09-20,69.0,0.09,WorthPoint
indochinite,Indochinite Tektite. China. 2 Pcs. 62g.,5.99,2021-09-20,62.0,0.1,WorthPoint
indochinite,Indochinite Tektite. China. 65g. 2pcs.,5.99,2021-09-20,65.0,0.09,WorthPoint
indochinite,Indochinite Tektite Meteorite Impact Glass Crystal,5.0,2021-09-15,,,WorthPoint
indochinite,Indochinite Tektite Meteorite Impact Glass,5.5,2021-09-15,,,WorthPoint
indochinite,Indochinite Tektite Indochina Peninsula 136.7 Grams,40.0,2021-09-14,136.7,0.29,WorthPoint
indochinite,Indochinite Tektite. China. 74g. 2pcs.,5.99,2021-09-13,74.0,0.08,WorthPoint
indochinite,Black Indochinite Tektite Stone 6 Pieces Plastic Box Set Natural Specimen Kit,11.97,2021-09-07,,,WorthPoint
indochinite,Indochinite Tektite. China. 51.9g. 2pcs.,5.99,2021-09-06,51.9,0.12,WorthPoint
indochinite,Indochinite Tektite Meteorite Impact Glass Formation,17.5,2021-09-06,,,WorthPoint
indochinite,Indochinite -- Tektite Glass - 14g - (Root Chakra Cintamani) #TK19,19.99,2021-08-26,14.0,1.43,WorthPoint
indochinite,"Indochinite Tektite.Maoming City,Guangdong Prv,China.SEE NOTES HERE. 2pc.",8.99,2021-08-23,,,WorthPoint
indochinite,Indochinite Tektite Meteorite Impact Glass Formations 50.38 Grams,25.75,2021-08-15,50.38,0.51,WorthPoint
indochinite,Black Indochinite Tektite Stone (9) Total 71.1g,11.0,2021-07-25,71.1,0.15,WorthPoint
indochinite,Indochinite Tektite Meteorite Impact Glass Formations 72 Grams TEK42,34.75,2021-07-23,72.0,0.48,WorthPoint
indochinite,Indochinite Tektite - 53.1g Individual - Meteorite Impact Glass,9.99,2021-06-09,53.1,0.19,WorthPoint
indochinite,Indochinite Tektite Indochina Peninsula 145.6 Grams,45.0,2021-05-05,145.6,0.31,WorthPoint
indochinite,51.57ct Chinese Tektite Splash Form Indochinite Specimen With Base! (china),26.0,2021-04-18,10.314,2.52,WorthPoint
indochinite,Indochinite Tektite Comet Impact - 95.9 Grams - Large Dumbell - Custom Display,49.95,2021-04-04,95.9,0.52,WorthPoint
indochinite,Indochinite -- Tektite Glass - 12g - (Root Chakra Cintamani) #TK1,15.82,2021-03-28,12.0,1.32,WorthPoint
indochinite,Indochinite -- Tektite Glass - 6g - (Root Chakra Cintamani) #TK20,15.82,2021-03-26,6.0,2.64,WorthPoint
indochinite,Indochinite Tektite Individual 71.3 Grams,60.35,2021-02-20,71.3,0.85,WorthPoint
indochinite,"Tektites Indochinite Lot, (51) Tektites, With Drilled Hole For Necklace",20.0,2021-02-20,,,WorthPoint
indochinite,Black Tektite Stone Lot Of 8 Meteorite 105g Total Weight Indochinite Specimen,10.5,2021-01-29,105.0,0.1,WorthPoint
indochinite,Indochinite Tektite A Collection Of Ten Handpicked Specimens From Thailand.,34.0,2020-12-04,,,WorthPoint
indochinite,Indochinite Tektite Dumbbell Display Specimen Collected From Asia,5.5,2020-11-30,,,WorthPoint
indochinite,"Meteorite**Tektite, Indochinite**36.596 Grams, 700,000 Yrs Old!!!",5.5,2020-11-23,36.596,0.15,WorthPoint
indochinite,Indochinite Tektite China 6.9 Grams,8.49,2020-10-15,6.9,1.23,WorthPoint
indochinite,"Indochinites From Guangdong Privince , China - 117.8 Gram Lot",11.61,2020-10-13,117.8,0.1,WorthPoint
indochinite,"Black Dumbbell Indochinite Tektite Stone 42.1 Grams, 3 Inches",24.95,2020-09-07,42.1,0.59,WorthPoint
indochinite,"Black Dumbbell Indochinite Tektite Stone 35.8 Grams, 2.8 Inches",24.95,2020-09-07,35.8,0.7,WorthPoint
indochinite,"Green Stone Pi Xiu Dragon Sculpture Indochinite Jade Tektite Granite 4lbs 9""",80.0,2020-09-05,1814.4,0.04,WorthPoint
indochinite,Indochinite Tektite Meteorite Impact Glass Formations 43 Grams TEK38,23.75,2020-08-05,43.0,0.55,WorthPoint
indochinite,Indochinite Tektite Individual 73.1 Grams,72.0,2020-06-05,73.1,0.98,WorthPoint
indochinite,Indochinite Tektite Lot Of Individuals - 161.8 Grams,26.6,2020-06-02,161.8,0.16,WorthPoint
indochinite,Black Tektite Meteorite Indochinite Rock Rough Raw Palm Stone Crystal 98g (TKI),17.99,2020-05-05,98.0,0.18,WorthPoint
indochinite,TEKTITE Indochinite Dalat Vietnam 35g,11.19,2020-04-04,35.0,0.32,WorthPoint
indochinite,Indochinite Tektite Large Individual Dumbbell - 54.9 Grams,15.5,2020-03-31,54.9,0.28,WorthPoint
indochinite,Indochinite Tektite Large Individual Teardrop - 64.4 Grams,11.5,2020-03-24,64.4,0.18,WorthPoint
indochinite,A Lot Of THREE! 100% Natural Tektites Or Indochinites! From China 70.0gr,10.99,2020-03-11,70.0,0.16,WorthPoint
indochinite,Indochinite Tektite Lot Of 4 Individuals - 149.5 Grams,18.68,2020-03-07,149.5,0.12,WorthPoint
indochinite,Natural Rare Stone Black Indochinite TEKTITE SPECIMEN FROM THAILAND,15.0,2020-02-18,,,WorthPoint
indochinite,A Big Lot Of SIX! 100% Natural BUBBLE Tektites Or Indochinites! From China 177gr,15.99,2020-01-29,177.0,0.09,WorthPoint
indochinite,"Meteorite**Tektite, Indochinite**36.55 Grams, Museum Quality!!!",20.5,2020-01-20,36.55,0.56,WorthPoint
indochinite,Rare Very Large Black Indochinite Tektite Meteorite Stone 152gr Museum Quality,20.0,2020-01-19,152.0,0.13,WorthPoint
indochinite,A Lot Of FIVE! 100% Natural Tektites Or Indochinites! From China 94.2gr,15.99,2020-01-16,94.2,0.17,WorthPoint
indochinite,"Meteorite**Tektite, Indochinite**57.35 Grams, Museum Quality!!!",53.0,2020-01-13,57.35,0.92,WorthPoint
indochinite,Tektite Indochinite. Assorted Lot. 149.8 Total Weight.,17.49,2020-01-05,,,WorthPoint
indochinite,"Tektite Indochinite. Assorted Lot From Maoming City, Guangdong Province, China.",17.49,2019-12-31,,,WorthPoint
indochinite,A Big Lot Of Nice And 100% Natural Tektites Or Indochinites! From China 153gr,21.99,2019-12-28,153.0,0.14,WorthPoint
indochinite,Tektite Indochinite. Assorted Lot. 137.9g Total Weight.,17.99,2019-12-16,137.9,0.13,WorthPoint
indochinite,TEKTITE Indochinite Dalat Vietnam 34g,14.99,2019-12-12,34.0,0.44,WorthPoint
indochinite,"Meteorite**Tektite, Indochinite**58.88 Grams, Museum Quality!!!",39.99,2019-12-06,58.88,0.68,WorthPoint
indochinite,"Meteorite**Tektite, Indochinite**33.12 Grams, Museum Quality!!!",29.99,2019-12-02,33.12,0.91,WorthPoint
indochinite,TEKTITE Indochinite Dalat Vietnam 37g,14.99,2019-11-26,37.0,0.41,WorthPoint
indochinite,"Meteorite**Tektite, Indochinite**34.84 Grams, Museum Quality!!!",49.99,2019-11-10,34.84,1.43,WorthPoint
indochinite,Indochinite Tektites - 254.0 Gram Lot From Thailand,16.26,2019-09-03,254.0,0.06,WorthPoint
indochinite,"Indochinite, Paulin District, Thailand, Tektites, 121.3 Grams",10.0,2019-08-17,121.3,0.08,WorthPoint
indochinite,Indochinite Tektites - 204.5 Gram Lot From Thailand,21.16,2019-08-13,204.5,0.1,WorthPoint
indochinite,Indochinite Tektites - 201.8 Gram Lot From Thailand,18.68,2019-07-23,201.8,0.09,WorthPoint
indochinite,Indochinite Tektites - 201.7 Gram Lot From Thailand,18.25,2019-06-25,201.7,0.09,WorthPoint
indochinite,Indochinite Tektite Meteorite Display Specimen / Indonesia 012,12.0,2019-06-24,,,WorthPoint
indochinite,TEKTITE Indochinite Dalat Vietnam 26g,12.99,2019-06-09,26.0,0.5,WorthPoint
indochinite,Indochinite Tektites - 199.6 Gram Lot From Thailand,31.0,2019-06-04,199.6,0.16,WorthPoint
indochinite,Indochinite Tektite Meteorite Impact Glass Formations 67 Grams TEK44,25.87,2019-05-28,67.0,0.39,WorthPoint
indochinite,Indochinite Tektites - 203.1 Gram Lot From Thailand,18.35,2019-04-30,203.1,0.09,WorthPoint
indochinite,Vintage Thailand TEKTITE As Found From Meteorite Impact Indochinite Space Glass,59.0,2019-04-12,,,WorthPoint
indochinite,Indochinite Tektite Earrings (I) Impact Glass Jewelry By Meteorite Men Steve,10.99,2019-03-20,,,WorthPoint
indochinite,Indochinite Tektites - 201.2 Gram Lot From Thailand,12.5,2019-03-19,201.2,0.06,WorthPoint
indochinite,Indochinite Tektites - 203.7 Gram Lot From Thailand,26.0,2019-03-05,203.7,0.13,WorthPoint
indochinite,Indochinite Tektite (64g),11.85,2019-03-02,64.0,0.19,WorthPoint
indochinite,Tektite - Teardrop Indochinite 54mm,12.0,2019-02-26,,,WorthPoint
indochinite,Indochinite Tektite Individual 99.9 Grams,73.86,2019-02-20,99.9,0.74,WorthPoint
indochinite,Indochinite Tektites - 202.4 Gram Lot From Thailand,15.5,2019-02-19,202.4,0.08,WorthPoint
indochinite,Indochinite Tektites - 196.7 Gram Lot From Thailand,16.5,2019-02-12,196.7,0.08,WorthPoint
indochinite,Indochinite Tektites - 200.0 Gram Lot From Thailand,27.0,2019-02-05,200.0,0.14,WorthPoint
indochinite,79 GRAMS Tektite Flanged Button Natural Black Indochinite Meteorite (RARE),31.51,2019-01-27,79.0,0.4,WorthPoint
indochinite,Indochinite Tektite Meteorite Impact Glass Formations 48 Grams TEK40,23.75,2019-01-26,48.0,0.49,WorthPoint
indochinite,Nininger Indochinite Tektite #32v387 - Vietnam - 4.1 Grams,30.0,2019-01-13,4.1,7.32,WorthPoint
indochinite,20mm INDOCHINITE TEKTITE 9.55g; Thailand; ORGONE;METAPHYSICAL;MAGIC;WICCA #10,11.99,2019-01-06,9.55,1.26,WorthPoint
indochinite,"Indochinite Tektite, China 205 Grams From Mark Bostick (not A Meteorite)",46.5,2018-12-23,205.0,0.23,WorthPoint
indochinite,Nininger Indochinite Tektite #32v197 - Vietnam - 8.8 Grams,50.0,2018-12-11,8.8,5.68,WorthPoint
indochinite,Indochinite Tektite Individual 113.8 Grams,99.0,2018-11-25,113.8,0.87,WorthPoint
indochinite,Mystic Treasures: 17.5ct Natural Indochinite Tektite Hand Forged Pendant .925 SS,59.0,2018-10-23,3.5,16.86,WorthPoint
indochinite,Nininger Indochinite Tektite #14v249 - Vietnam - 9.5 Grams,50.0,2018-10-09,9.5,5.26,WorthPoint
indochinite,Nininger Indochinite Tektite #35v603 - Vietnam - With Writing Sample,120.0,2018-10-09,,,WorthPoint
indochinite,"Meteorite**Tektite, Indochinite**8.30 Gram Individual, High Quality!!!",16.5,2018-09-03,8.3,1.99,WorthPoint
indochinite,25mm INDOCHINITE TEKTITE 12.35g; Thailand; ORGONE;METAPHYSICAL;MAGIC;WICCA #13,11.99,2018-08-02,12.35,0.97,WorthPoint
indochinite,"Large Size, Indochinite Tektite, China 261.6 Grams From Mark Bostick",60.0,2018-06-04,261.6,0.23,WorthPoint
indochinite,Indochinite Tektite Individual 45.9 Grams,42.9,2018-06-02,45.9,0.93,WorthPoint
indochinite,Indochinite Tektite Individual 46.1 Grams,42.9,2018-05-23,46.1,0.93,WorthPoint
indochinite,Indochinite Tektite Individual 25.3 Grams,25.3,2018-05-23,25.3,1.0,WorthPoint
indochinite,TEKTITE Indochinite Dalat Vietnam 45g,11.99,2018-04-30,45.0,0.27,WorthPoint
indochinite,TEKTITE Indochinite Dalat Vietnam 33g,14.99,2018-04-20,33.0,0.45,WorthPoint
indochinite,Indochinite Tektite Individual 50 Grams,42.0,2018-04-19,50.0,0.84,WorthPoint
indochinite,Indochinite Huge Tectite 189.5g #OTHER786,59.0,2018-03-24,189.5,0.31,WorthPoint
indochinite,TEKTITE Indochinite Dalat Vietnam 29g,14.99,2018-03-08,29.0,0.52,WorthPoint
indochinite,Indochinite Tektite Specimen - 21g Stubby Rod,10.5,2018-03-02,21.0,0.5,WorthPoint
indochinite,T-008 / 14.99 Grams. Natural Black Indochinite Tektite Stone From Thailand,12.0,2018-02-16,14.99,0.8,WorthPoint
indochinite,T-004 / 20.33 Grams. Natural Black Indochinite Tektite Stone From Thailand,13.5,2018-02-16,20.33,0.66,WorthPoint
indochinite,Indochinite Tektite Black Meteorite Impact Glass China-Indonesia,10.0,2018-01-28,,,WorthPoint
indochinite,GIANT Tektite Bubble Fragment Indochinite,55.0,2018-01-16,,,WorthPoint
indochinite,Original Indochinite Rock Natural Tektite Fossil Gem Meteorite Black Space Rough,10.5,2018-01-13,,,WorthPoint
indochinite,A-002 / 48.07 Grams. Black Indochinite Tektite Stone From Thailand,29.0,2017-12-22,48.07,0.6,WorthPoint
indochinite,A-004 / 28.70 Grams. Black Indochinite Tektite Stone From Thailand,23.0,2017-12-22,28.7,0.8,WorthPoint
indochinite,A-005 / 57.50 Grams. Black Indochinite Tektite Stone From Thailand,35.0,2017-12-22,57.5,0.61,WorthPoint
indochinite,A-006 / 83.86 Grams. Black Indochinite Tektite Stone From Thailand,45.0,2017-12-22,83.86,0.54,WorthPoint
indochinite,A-008 / 39.99 Grams. Black Indochinite Tektite Stone From Thailand,27.0,2017-12-22,39.99,0.68,WorthPoint
indochinite,A-011 / 54.17 Grams. Black Indochinite Tektite Stone From Thailand,45.0,2017-12-22,54.17,0.83,WorthPoint
indochinite,A-009 / 35.00 Grams. Black Indochinite Tektite Stone From Thailand,25.0,2017-12-22,35.0,0.71,WorthPoint
indochinite,A-007 / 51.27 Grams. Black Indochinite Tektite Stone From Thailand,32.0,2017-12-22,51.27,0.62,WorthPoint
indochinite,196 Grams. Very Large Black Indochinite Tektite Stone From Thailand,450.0,2017-12-20,196.0,2.3,WorthPoint
indochinite,21.3 Grams BLACK NATURAL INDOCHINITE TEKTITE ROUGH METEORITE SPACE ROCK,15.0,2017-11-29,21.3,0.7,WorthPoint
indochinite,"Meteorite**Tektite, Indochinite**29.08 Grams, Translucent!!Grade AAA",18.5,2017-09-15,29.08,0.64,WorthPoint
indochinite,"Meteorite**Tektite, Indochinite**9.62 Grams, Translucent!!",10.49,2017-07-17,9.62,1.09,WorthPoint
indochinite,"Meteorite**Tektite, Indochinite**12.68 Grams, Translucent!!",81.0,2017-07-17,12.68,6.39,WorthPoint
indochinite,"Meteorite**Tektite, Indochinite**34.94 Grams, Translucent!!",16.5,2017-07-09,34.94,0.47,WorthPoint
indochinite,HUGE TEKTITE Meteorite Impact Impactite Rare Dumbbell GUANGDONGCHINA INDOCHINITE,41.25,2017-07-03,,,WorthPoint
indochinite,Apioid (rare Teardrop) Shaped - Tektite (Indochinite) 26.4 Grams,22.65,2017-06-19,26.4,0.86,WorthPoint
indochinite,HUGE TEKTITE Meteorite Impact Impactite Rare Nodule GUANGDONG CHINA INDOCHINITE,50.0,2017-06-13,,,WorthPoint
indochinite,"Tektite, 50g: Thailand Indochinite, Remnant Of 700ka Meteor Impact",14.0,2017-04-10,50.0,0.28,WorthPoint
indochinite,Indochinite Tektite - 126.0 Gram Lot Of 5 Individuals,13.07,2017-02-28,126.0,0.1,WorthPoint
indochinite,Indochinite Tektite - 81.6 Grams,12.5,2016-11-01,81.6,0.15,WorthPoint
indochinite,Nininger Indochinite Tektite #31v162 - Vietnam - With Writing Sample,160.0,2016-10-26,,,WorthPoint
indochinite,Lot Of 10 MIsc Meteorites SOME CHIPS OTHERS A Larger BIGGER Indochinite ECT.....,32.66,2016-10-11,,,WorthPoint
indochinite,COLLECTION OF THAI PREHISTORIC BLACK INDOCHINITE TEKTITES. - Largest: ... Lot 25,40.0,2016-09-17,,,WorthPoint
indochinite,Indochinite Tektite Meteorite Impact Glass Formations 55 Grams TEK43,23.75,2016-08-03,55.0,0.43,WorthPoint
indochinite,Indochinite Tektite Meteorite Impact Glass Formations 47 Grams TEK39,23.75,2016-07-21,47.0,0.51,WorthPoint
indochinite,Indochinite Tektite Meteorite Impact Glass Formations 54 Grams TEK41,23.75,2016-05-01,54.0,0.44,WorthPoint
indochinite,"Awald Collection 33 Mm Tektite, Indochinite Sphere Nice !",26.0,2016-01-11,,,WorthPoint
indochinite,NEW Silver RING 11x9mm 3.55ct Top Black TEKTITE / Genuine METEORITE Indochinite,49.99,2016-01-02,0.71,70.41,WorthPoint
indochinite,DDUK - Indochinite Tektite Meteorite Crystal Whole Stone Flight Shaped Oriented,7.72,2015-08-09,,,WorthPoint
indochinite,Indochinite Tektites From China - 105.5 Gram Lot Of 5,10.5,2014-11-18,105.5,0.1,WorthPoint
indochinite,"Indochinite Tektite Necklace - China, Meteorite Glass Jewelry",11.48,2014-09-05,,,WorthPoint
indochinite,"Indochinite Tektite, A Very Handsome Specimen, 12.64 Grams, Lovely Flight Marks",24.89,2014-08-30,12.64,1.97,WorthPoint
indochinite,Indochinite Tektite Specimen. 15.7 Gms (0.55 Oz).,6.63,2014-08-20,15.7,0.42,WorthPoint
indochinite,Indochinite Tektite Mineral Specimen. 11 Gms (0.39 Oz).,6.81,2014-07-21,11.0,0.62,WorthPoint
indochinite,Indochinite Tektite Specimen. 14.9 Gms (0.53 Oz),6.82,2014-07-15,14.9,0.46,WorthPoint
indochinite,Nininger Indochinite Tektite - 143 Grams - V4571 - Large!,400.0,2014-07-01,143.0,2.8,WorthPoint
indochinite,Flat Stardust Indochinite Tektite 129.91g,14.69,2014-05-27,129.91,0.11,WorthPoint
indochinite,Bird Nest Shape Indochinite Rough Black Natural Tektite 36.24 G,12.29,2014-04-09,36.24,0.34,WorthPoint
indochinite,"Large 36.9 Grams Tektite Indochinite, Tailand, Wards Label",16.5,2014-04-03,36.9,0.45,WorthPoint
indochinite,Indochinite Tektite China 200.5 Grams From Mark Bostick,31.0,2014-04-03,200.5,0.15,WorthPoint
indochinite,"NP: Campo Del Cielo Meteorite, Zhamanshin Impactite & Indochinite Tektite Sample",19.95,2014-03-29,,,WorthPoint
indochinite,Indochinite Tektite From China - 121.3 Grams Lot Of 2,13.5,2014-01-07,121.3,0.11,WorthPoint
indochinite,Indochinite Tektite From Indonesia - 112.3 Gram Lot Of 10 Individuals,20.1,2013-12-17,112.3,0.18,WorthPoint
indochinite,Indochinite Tektite From Indonesia - 113.8 Gram Lot Of 10 Individuals,15.59,2013-11-26,113.8,0.14,WorthPoint
indochinite,Tektite Slashform Indochinite 108.9 Grams,68.0,2013-11-13,108.9,0.62,WorthPoint
indochinite,Indochinite Tektite - Guangdong - 5.2g - Meteorite Impact! Great Shape - IT2,10.0,2013-10-19,5.2,1.92,WorthPoint
indochinite,Tektite Slashform Indochinite 27 Grams,19.0,2013-09-28,27.0,0.7,WorthPoint
indochinite,A Set Of 10 Indochinite Tektites. Ref:(W.TK2),6.24,2013-09-09,,,WorthPoint
indochinite,77g. PERFECT FLAT SMOOTH OVAL -INDOCHINITE TEKTITE (Meteorite)#sa640-stomulet,34.99,2013-08-30,77.0,0.45,WorthPoint
indochinite,17g. IRON TEKTITE MAN- NATURAL INDOCHINITE TEKTITE(Meteorite)#sb761-stomulet,11.49,2013-08-30,17.0,0.68,WorthPoint
indochinite,32g. BIG TRASLUCENT-INDOCHINITE TEKTITE (Meteorite)#sa669-stomulet,21.49,2013-08-27,32.0,0.67,WorthPoint
indochinite,4 OUTSTANDING & WHOLE TEARDROP TEKTITES From N.E. THAILAND INDOCHINITE 220 Gms,49.95,2013-08-18,220.0,0.23,WorthPoint
indochinite,"S.V.F - Indochinite Tektite, 41.13 Grams , China",7.67,2013-07-29,41.13,0.19,WorthPoint
indochinite,54g. CROSS GROOVE-NATURAL INDOCHINITE TEKTITE(Meteorite)#sb757-stomulet,22.49,2013-07-12,54.0,0.42,WorthPoint
indochinite,50pcs. LOT TRANSLUCENT INDOCHINITE TEKTITE (METEORITE)-Thailand #sc175-stomulet,22.49,2013-07-05,,,WorthPoint
indochinite,56g. PERFECT SMOOTH LONG OVAL-INDOCHINITE TEKTITE (Meteorite)#sa642-stomulet,13.2,2013-07-05,56.0,0.24,WorthPoint
indochinite,53g. PERFECT SMOOTH LONG OVAL-INDOCHINITE TEKTITE (Meteorite)#sa648-stomulet,23.32,2013-07-05,53.0,0.44,WorthPoint
indochinite,86g. PERFECT SMOOTH ROUND-INDOCHINITE TEKTITE (Meteorite)#sa631-stomulet,30.8,2013-07-05,86.0,0.36,WorthPoint
indochinite,28.5g. ANDA LIKE-NATURAL INDOCHINITE TEKTITE(Meteorite)#sa327-stomulet,24.64,2013-07-05,28.5,0.86,WorthPoint
indochinite,50pcs. LOT INDOCHINITE TEKTITE (METEORITE)-Thailand #sa585-stomulet,13.2,2013-07-04,,,WorthPoint
indochinite,Tek8- Tektite Asteroid Or Comet Contact With Earth - Indochinite Strewnfield,14.99,2013-07-01,,,WorthPoint
indochinite,Tek14- Tektite Asteroid Or Comet Contact With Earth - Indochinite Strewnfield,14.99,2013-07-01,,,WorthPoint
indochinite,12pcs. LOT TRANSLUCENT INDOCHINITE TEKTITE (METEORITE)-Thailand #sc283-stomulet,10.5,2013-06-28,,,WorthPoint
indochinite,50pcs. LOT INDOCHINITE TEKTITE (METEORITE)-Thailand #sa568-stomulet,19.49,2013-06-18,,,WorthPoint
indochinite,20g. STRANGE TEARDROP-NATURAL INDOCHINITE TEKTITE(Meteorite)#sb781-stomulet,10.5,2013-06-10,20.0,0.53,WorthPoint
indochinite,113g. BIG OVAL GLOSSY SKIN-NATURAL INDOCHINITE TEKTITE(Meteorite)#sb732-stomulet,29.99,2013-06-05,113.0,0.27,WorthPoint
indochinite,154g. BIG JUMBO ROUND -INDOCHINITE TEKTITE (Meteorite)#sa609-stomulet,77.99,2013-05-31,154.0,0.51,WorthPoint
indochinite,102g. MR.FAT MAN-NATURAL INDOCHINITE TEKTITE(Meteorite)#sa322-stomulet,44.99,2013-05-31,102.0,0.44,WorthPoint
indochinite,112g. GIANT SIZE NATURAL INDOCHINITE TEKTITE(Meteorite)#sb758-stomulet,42.99,2013-05-31,112.0,0.38,WorthPoint
indochinite,119g. BIG JUMBO OVAL-NATURAL INDOCHINITE TEKTITE(Meteorite)#sb733-stomulet,44.99,2013-05-31,119.0,0.38,WorthPoint
indochinite,31g. PERFECT SMOOTH ROUND -INDOCHINITE TEKTITE (Meteorite)#sa693-stomulet,22.99,2013-05-29,31.0,0.74,WorthPoint
indochinite,110g. PERFECT A++ ROUND SHAPE -INDOCHINITE TEKTITE (Meteorite)#sa606-stomulet,120.99,2013-05-29,110.0,1.1,WorthPoint
indochinite,Indochinite Black Natural Glass TN Sphere From Australasia Strewn Field S. China,71.0,2013-05-27,,,WorthPoint
indochinite,Indochinite Tektite - Guangdong - 5.8g - Meteorite Impact! Great Shape - IT4,12.0,2013-05-22,5.8,2.07,WorthPoint
indochinite,26g. SMOOTH TEARDROP CURVE -INDOCHINITE TEKTITE (Meteorite)#sa684-stomulet,14.24,2013-05-21,26.0,0.55,WorthPoint
indochinite,90g. ABSOLUTE SMOOTH ROUND-INDOCHINITE TEKTITE (Meteorite)#sa621-stomulet,79.99,2013-05-13,90.0,0.89,WorthPoint
indochinite,54g. ALIEN EYE -NATURAL INDOCHINITE TEKTITE (Meteorite)#sb730-stomulet,25.99,2013-05-11,54.0,0.48,WorthPoint
indochinite,128g. PERFECT BIG FLAT OVAL-INDOCHINITE TEKTITE (Meteorite)#sa616-stomulet,45.49,2013-05-11,128.0,0.36,WorthPoint
indochinite,37g. -- ET FACE -- INDOCHINITE TEKTITE (Meteorite)#sa668-stomulet,49.99,2013-05-07,37.0,1.35,WorthPoint
indochinite,Indochinite Tektite - Guangdong - 40.9g - Great Features - Meteorite Impact!,30.0,2013-04-20,40.9,0.73,WorthPoint
indochinite,95gCHINA JIANGSU INDOCHINITE TEKTITE Meteorite Impact Impactite Nodule Gemstone,10.99,2013-04-06,95.0,0.12,WorthPoint
indochinite,165.8g NO.1 SUPER BIG BALL Indochinite Tektite Set (Meteorite)Lot#sa245-stomulet,89.99,2013-03-30,165.8,0.54,WorthPoint
indochinite,Tek3- Tektite Asteroid Or Comet Contact With Earth - Indochinite Strewnfield,26.0,2013-03-29,,,WorthPoint
indochinite,"S.V.F - Indochinite Tektite, 47.61 Grams , China",9.01,2013-03-08,47.61,0.19,WorthPoint
indochinite,"S.V.F - Indochinite Tektite, 48.87 Grams , China",9.06,2013-03-06,48.87,0.19,WorthPoint
indochinite,"S.V.F - Indochinite Tektite, 44.25 Grams , China",9.06,2013-03-06,44.25,0.2,WorthPoint
indochinite,A Set Of 5 Indochinite Tektites. Ref:A.SK1,8.4,2013-02-23,,,WorthPoint
indochinite,4pcs. 288.8g-CLASSIC SET-BIG Indochinite Tektite (Meteorite) Lot#sa270-stomulet,129.99,2013-02-07,288.8,0.45,WorthPoint
indochinite,"S.V.F - Indochinite Tektite, 44.17 Grams , China",9.39,2013-01-27,44.17,0.21,WorthPoint
indochinite,"S.V.F - Indochinite Tektite, 69.76 Grams , China",9.61,2013-01-06,69.76,0.14,WorthPoint
indochinite,9pcs. 717g-SUPER EXTREME-Indochinite Tektite Set (Meteorite) Lot#sa243-stomulet,189.2,2013-01-05,717.0,0.26,WorthPoint
indochinite,13.1g Natural Indochinite TEKTITE- Cord Pendant W/Necklace-#sb479-stomulet,10.79,2012-12-20,13.1,0.82,WorthPoint
indochinite,10.8g Natural Indochinite TEKTITE- Cord Pendant W/Necklace-#sb482-stomulet,10.79,2012-12-20,10.8,1.0,WorthPoint
indochinite,9.8g Natural Indochinite TEKTITE- Cord Pendant W/Necklace-#sb476-stomulet,10.79,2012-12-19,9.8,1.1,WorthPoint
indochinite,"S.V.F - Indochinite Tektite, 30.95 Grams , China",8.04,2012-12-15,30.95,0.26,WorthPoint
indochinite,12pcs. 363.6g Lot Oval Shape Indochinite Tektite Set (Meteorite) #sa242-stomulet,22.75,2012-12-10,363.6,0.06,WorthPoint
indochinite,12pcs. 85.1g-TRANSLUCENT SET- Indochinite Tektite (Meteorite) Lot#sa274-stomulet,15.75,2012-12-10,85.1,0.19,WorthPoint
indochinite,12pcs. 118g -Smooth Set- Indochinite Tektite (Meteorite) Lot#sa255-stomulet,27.3,2012-12-04,118.0,0.23,WorthPoint
indochinite,12pcs. 39.6g-TRANSLUCENT SET- Indochinite Tektite (Meteorite) Lot#sa275-stomulet,13.99,2012-11-16,39.6,0.35,WorthPoint
indochinite,50pcs. Lot MINI Indochinite Tektite Set (Meteorite)#sa240-stomulet,19.79,2012-11-15,,,WorthPoint
indochinite,"S.V.F - Indochinite Tektite, 43.02 Grams , China",7.93,2012-11-14,43.02,0.18,WorthPoint
indochinite,"S.V.F - Indochinite Tektite, 56.50 Grams , China",9.53,2012-11-10,56.5,0.17,WorthPoint
indochinite,"S.V.F - Indochinite Tektite, 68.17 Grams , China",9.53,2012-11-10,68.17,0.14,WorthPoint
indochinite,5pcs. 298g -QUALITY LARGE SET-Indochinite Tektite (Meteorite)Lot#sa266-stomulet,84.49,2012-11-07,298.0,0.28,WorthPoint
indochinite,"Tektites - When Fragments Of Earth Are Launched Into The Upper Atmosphere: Libyan Desert Glass, Moldavite, And Two Indochinites",2250.0,2012-10-14,,,WorthPoint
indochinite,"S.V.F - Indochinite Tektite, 67.56 Grams , China",9.74,2012-09-23,67.56,0.14,WorthPoint
indochinite,"S.V.F - Indochinite Tektite, 40.87 Grams , China",9.51,2012-09-02,40.87,0.23,WorthPoint
indochinite,"S.V.F - Indochinite Tektite, 57.18 Grams , China",9.38,2012-08-09,57.18,0.16,WorthPoint
indochinite,"S.V.F - Indochinite Tektite, 49.08 Grams , China",7.81,2012-08-09,49.08,0.16,WorthPoint
indochinite,"S.V.F - Indochinite Tektite, 67.03 Grams , China",10.95,2012-08-09,67.03,0.16,WorthPoint
indochinite,"S.V.F - Indochinite Tektite, 24.95 Grams , China",7.78,2012-08-05,24.95,0.31,WorthPoint
indochinite,"S.V.F - Indochinite Tektite, 88.35 Grams , China",10.85,2012-08-03,88.35,0.12,WorthPoint
indochinite,78gr Indochinite Tektite Meteorite Found In Vietnam E268,14.99,2012-07-21,78.0,0.19,WorthPoint
indochinite,"S.V.F - Indochinite Tektite, 48.95 Grams , China",10.88,2012-07-18,48.95,0.22,WorthPoint
indochinite,"S.V.F - Indochinite Tektite, 56.35 Grams , China",9.31,2012-07-16,56.35,0.17,WorthPoint
indochinite,137gr Indochinite Tektite Meteorite E116,16.0,2012-07-10,137.0,0.12,WorthPoint
indochinite,"S.V.F - Indochinite Tektite, 76.84 Grams , China",9.4,2012-07-03,76.84,0.12,WorthPoint
indochinite,"S.V.F - Indochinite Tektite, 58.13 Grams , China",9.4,2012-07-03,58.13,0.16,WorthPoint
indochinite,"S.V.F - Indochinite Tektite, 88.27 Grams , China",10.97,2012-07-03,88.27,0.12,WorthPoint
indochinite,165gr Indochinite Tektite Meteorite R1,20.0,2012-06-09,165.0,0.12,WorthPoint
indochinite,"S.V.F - Large Indochinite Tektite, 19.74g, China",6.04,2012-05-07,19.74,0.31,WorthPoint
indochinite,"Indochinite Tektite, 20.02g, China",6.04,2012-05-07,20.02,0.3,WorthPoint
indochinite,"Indochinite Tektite, 11.41g, China",6.48,2012-04-28,11.41,0.57,WorthPoint
indochinite,"S.V.F - Indochinite Tektite, 20.36g, China",8.06,2012-04-25,20.36,0.4,WorthPoint
indochinite,"S.V.F - Indochinite Tektite, 22.60g, China",5.64,2012-04-21,22.6,0.25,WorthPoint
indochinite,"Indochinite Tektite, 27.13g, China",8.04,2012-04-21,27.13,0.3,WorthPoint
indochinite,"Indochinite Tektite, 12.62g, China",6.33,2012-04-05,12.62,0.5,WorthPoint
indochinite,Wow! Gift From The Space - 125gr Indochinite Tektite,12.99,2012-04-04,125.0,0.1,WorthPoint
indochinite,"S.V.F - Indochinite Tektite, 60.25g, China",9.42,2012-03-25,60.25,0.16,WorthPoint
indochinite,"S.V.F - Indochinite Tektite, 48.43g, China",11.07,2012-03-19,48.43,0.23,WorthPoint
indochinite,"S.V.F - Indochinite Tektite, 62.70g, China",9.4,2012-03-11,62.7,0.15,WorthPoint
indochinite,"S.V.F - Indochinite Tektite, 22.93g, China",7.84,2012-03-08,22.93,0.34,WorthPoint
indochinite,An Indochinite Tektite 39.9g. Ref:2.TK1,6.15,2012-01-19,39.9,0.15,WorthPoint
indochinite,"Indochinite Tektite, 58.01g, China",9.23,2012-01-08,58.01,0.16,WorthPoint
indochinite,"Indochinite Tektite, 50.97g, China",9.23,2012-01-08,50.97,0.18,WorthPoint
indochinite,"Indochinite Tektite, Group Of Six - 29 Grams, China",12.31,2012-01-07,29.0,0.42,WorthPoint
indochinite,"Large Indochinite Tektite, 68.71g, China",6.82,2011-11-09,68.71,0.1,WorthPoint
indochinite,"Large Teardrop Indochinite Tektite, 25.20g, China",7.87,2011-10-13,25.2,0.31,WorthPoint
indochinite,45 Grams Of Black Indochinite Tektites. Ref:(O.BKT),6.08,2011-10-07,45.0,0.14,WorthPoint
indochinite,"Indochinite Tektite,14.07g, China",5.45,2011-10-03,14.07,0.39,WorthPoint
indochinite,"Indochinite Tektite, 25.51g, China",5.45,2011-10-03,25.51,0.21,WorthPoint
indochinite,Meteorite Black Tektite Indochinite Impact Glass 110g,40.0,2011-09-29,110.0,0.36,WorthPoint
indochinite,1 TEKTITE Space Stone NEW 1.8oz Indochinites Magical,17.99,2011-08-02,51.03,0.35,WorthPoint
indochinite,MASSIVE Indochinite Tektite**Patty/Splatform! 163.3g!!!,15.0,2011-07-19,163.3,0.09,WorthPoint
indochinite,"Indochinite Tektite, 113g, Very Large China",14.59,2011-06-11,113.0,0.13,WorthPoint
indochinite,12 X Polished Black Indochinite Tektites. Ref:(F.TK1),16.33,2011-05-27,,,WorthPoint
indochinite,100 Grams Of Black Indochinite Tektites. Ref:E.TK3,17.88,2011-05-26,100.0,0.18,WorthPoint
indochinite,Indochinite Tektite 22.8 G - From China,13.63,2011-05-07,22.8,0.6,WorthPoint
indochinite,"Large Teardrop Indochinite Tektite, 36.81g, China",8.21,2011-04-27,36.81,0.22,WorthPoint
indochinite,"Large Indochinite Tektite, 71.06g, China",8.24,2011-04-23,71.06,0.12,WorthPoint
indochinite,Meteorite Black Tektite Indochinite Impact Glass 160g,40.0,2011-04-15,160.0,0.25,WorthPoint
indochinite,"Large Indochinite Tektite, 78.40g, China",8.19,2011-04-12,78.4,0.1,WorthPoint
indochinite,Tektite-Dumbell Shaped Indochinite,40.99,2011-03-06,,,WorthPoint
indochinite,Tektite Indochinite Vietnam Gem Teardrop Black Necklace,29.99,2011-02-27,,,WorthPoint
indochinite,"41g Meteorite Egg Shaped Indochinite. 700,000 Yrs. Old",27.0,2010-08-11,41.0,0.66,WorthPoint
indochinite,Tektite Indochinite Vietnam Aaaa Gemmy Teardrop Shape,14.9,2010-08-06,,,WorthPoint
indochinite,Aaa Regmaglypt Thumbprint Indochinite Vietnam Tektite,19.99,2009-07-06,,,WorthPoint
indochinite,Fantastic Regmaglypt Fingerprint Indochinite Tektite,22.99,2008-06-04,,,WorthPoint
indochinite,Fantastic Ablated Curtain Shape Indochinite Tektite,22.99,2007-11-10,,,WorthPoint
indochinite,Nice Glass Tektite Indochinite Meteorite From China,10.5,2007-07-25,,,WorthPoint
indochinite,Top Gear Shaped Tektite Thailand Meteorite Indochinite,11.5,2007-07-15,,,WorthPoint
indochinite,Indochinite Tektite Meteorite 92.9ct Cigar,15.0,2007-01-12,18.58,0.81,WorthPoint
indochinite,Indochinite Tektite Meteorite 88.69ct Cigar Low Ship,16.0,2006-12-01,17.738,0.9,WorthPoint
iridium,Kershaw 2038 Iridium Folding Pocket Knife Duralock D2 Plain Blade Grey Handle- -,34.99,2026-01-24,,,WorthPoint
iridium,Vintage FOUNTAIN PEN Iridium Point GERMANY Black & Gold Trim,34.99,2026-01-23,,,WorthPoint
iridium,"Kershaw Iridium Folding Knife 3.5\\\"" D2 Tool Steel Blade Gray Aluminum Handle 2038",49.99,2026-01-23,,,WorthPoint
iridium,LABAN Iridium Fountain Pen Black BEAUTIFUL Ornate,46.0,2026-01-23,,,WorthPoint
iridium,2024 Breyer Horses Freedom ELEMENTS Series IRIDIUM Metal Silver Model NEW +BOX,22.0,2026-01-21,,,WorthPoint
iridium,Kershaw Mini Iridium,35.0,2026-01-21,,,WorthPoint
iridium,Parker 45 Uk Made & Borghini Iridium Point Fountain Pens (vintage),28.0,2026-01-21,,,WorthPoint
iridium,Onishi Seisakusho Celluloid Sckmidt Iridium Fountain Pen Marble Used,100.6,2026-01-21,,,WorthPoint
iridium,Kershaw Iridium 2038R Pocket Knife Dura Lock Plain Edge Blade D2,36.0,2026-01-21,,,WorthPoint
iridium,New Jinhao 9036 Fountain Pen Natural Wood Oak Fine Iridium Nib Writing Gold,18.0,2026-01-20,,,WorthPoint
iridium,NASA Iridium 13th Launch Motorola Satellite Gold Tone Lapel Pin,17.0,2026-01-20,,,WorthPoint
iridium,Kershaw Iridium DuraLock D2 Blade Folding Knife 2038,35.48,2026-01-20,,,WorthPoint
iridium,Conklin Glider Marbled Blue Advertising Fountain Pen With Iridium Point M Nib,19.95,2026-01-19,,,WorthPoint
iridium,Kershaw Knives Iridium DuraLock 2038 KVT D2 Steel Pocket Knife,40.0,2026-01-19,,,WorthPoint
iridium,Set Of 6 Ignition Coil Pack & Iridium Spark Plugs Compatible With 3.0L V6,35.0,2026-01-19,,,WorthPoint
iridium,Vintage L'Plume Navy GT Large Fountain Pen Iridium Nib In A Pouch,24.05,2026-01-18,,,WorthPoint
iridium,Iridium Alloy Contains Palladium Rhodium Trace Amounts Gold Ruthenium 50 Grams,2100.0,2026-01-18,50.0,42.0,WorthPoint
iridium,PARKER Lucky Curve Jack Knife Fountain Pen Lapis Blue 14K Nib W/ Iridium Tip,119.99,2026-01-18,,,WorthPoint
iridium,"Kershaw Mini Iridium Folding Knife 3\\\"" Bronze",52.0,2026-01-17,,,WorthPoint
iridium,Grainmint- 1/10 Grain *Rhodium Iridium Osmium Ruthenium Palladium Gold Platinum*,26.0,2026-01-17,10.0,2.6,WorthPoint
iridium,NEW Kershaw Iridium Red Aluminum D2 Manual Opening Pocket Knife 2038RD Rare Red,38.0,2026-01-16,,,WorthPoint
iridium,Black Iridium Point Pen Company Band-o-White Fountain Pen,24.99,2026-01-15,,,WorthPoint
iridium,Vintage Fountain Pens Lever Filling Platignum Rufford 14 Ct & Edelchrom Iridium,37.7,2026-01-15,2.8,13.46,WorthPoint
iridium,41-110 Iridium Spark Plugs & 9478RR 48322 Spark Plug Wires For 5.3 6.0L 6.2L Che,79.25,2026-01-14,,,WorthPoint
iridium,Vintage Conklin Fountain Pen Mark Twain Cartridge Pen Purple Swirl Iridium Nib,99.99,2026-01-14,,,WorthPoint
iridium,Vintage Conklin Fountain Pen Mark Twain Cartridge Marbled Ruby Iridium Nib,99.99,2026-01-14,,,WorthPoint
iridium,Vintage Fountain Pen Iridium Point Black And Gold Made In Germany,24.0,2026-01-13,,,WorthPoint
iridium,"Iridium(III) 2,4-pentanedionate Alfa Aesar Iridium Element Collection 15635-87-7",114.57,2026-01-12,,,WorthPoint
iridium,Stilo ST4 Visor Iridium Red 70% YA0703,140.0,2026-01-11,,,WorthPoint
iridium,1930s IRIDIUM POINT PEN COMPANY 14k Gold #4 Nib Red Striated Lever Fountain Pen,50.0,2026-01-11,,,WorthPoint
iridium,Megatech Platinum Iridium #3 Glow Plug MTC1626 RC Nitro Engine Lot,89.99,2026-01-11,3.0,30.0,WorthPoint
iridium,Boker Burnley Pocket Knife And Kershaw Iridium,40.0,2026-01-11,,,WorthPoint
iridium,Kershaw Iridium Button Lock Folding Pocket Knife MagnaCut Blade,140.0,2026-01-10,,,WorthPoint
iridium,Iridium 1 Gram Pellet,157.0,2026-01-10,1.0,157.0,WorthPoint
iridium,Kershaw Iridium 2038 D2 Plain Edge Folding Pocket Knife,37.99,2026-01-10,,,WorthPoint
iridium,Motorola IRIDIUM SATELLITE PHONE 9505 With Battery -Blocked,120.0,2026-01-10,,,WorthPoint
iridium,"Eversharp, Sengbusch And German Iridium Tip Nibs (44)",20.5,2026-01-10,,,WorthPoint
iridium,Iridium Point Germany Fountain Pen Wooden Box,10.0,2026-01-10,,,WorthPoint
iridium,"Jinhao Acrylic Fountain Pen Large With Converter, Iridium Nib In Box",18.95,2026-01-10,,,WorthPoint
iridium,8x Ignition Coil Pack And 16x Iridium Spark Plugs For 5.7 V8 HEMI 2009 2010 2011,30.0,2026-01-09,,,WorthPoint
iridium,Rare Retro 51 Fountain Pen In Original Box Marbled Red Black German Iridium Nib,45.0,2026-01-08,,,WorthPoint
iridium,Medium Nib Porcelain White Blue Pattern Fountain Pen Plunger Genius Iridium NOS,18.99,2026-01-08,,,WorthPoint
iridium,Breyer 2024 Iridium Metal Elements Silver Harper Classic Horse New,28.0,2026-01-08,,,WorthPoint
iridium,Tyco Hot Wheels Iridium Slot Car,38.24,2026-01-07,,,WorthPoint
iridium,Ignition Coil Pack And Iridium Spark Plugs Set Of 4 Compatible With Hyundai S,70.99,2026-01-06,,,WorthPoint
iridium,Iridium Metal Pellet Periodic Table Element Collection 1.02 Gram 99.95% Pure,378.39,2026-01-06,1.02,370.97,WorthPoint
iridium,Vintage Iridium Point Germany Black Body Fountain Pen,17.57,2026-01-06,,,WorthPoint
iridium,"Kershaw Mini Iridium Folding Knife 3\\\"" D2 Tool Carbon Steel Blade Aluminum Handle",50.0,2026-01-04,,,WorthPoint
iridium,"Native IRIDIUM Var. OSMIRIDIUM Nugget; Nizhnii Tagil, Russia, Rare Mineral!",40.0,2026-01-04,,,WorthPoint
iridium,#552 Gray Aluminum Kershaw 2038 Iridium D2 KVT Drop Point Duralock Knife,37.0,2026-01-04,552.0,0.07,WorthPoint
iridium,Y2K Oakley A Wire 2.0 Silver Frame Ice Iridium Lens 05-705 Spring Hinges TC E,199.99,2026-01-04,,,WorthPoint
iridium,1940`s NISHIO Urushi Ebonite Tomeshiki Filler Iridium Nib Fountain Pen,31.0,2026-01-03,,,WorthPoint
iridium,VNTG PARKER Vacumatic Fountain Pen And Pensil Nib Marked Iridium Tipped USA,56.0,2026-01-03,,,WorthPoint
iridium,Kershaw Iridium DuraLock 2038 KVT 2 D2 Steel Pocket Knife,39.99,2026-01-03,,,WorthPoint
iridium,Classic Breyer Horse #10072 Iridium Silver Harper Element Series Decorator,10.0,2026-01-02,,,WorthPoint
iridium,"New Black Fountain Pen Medium Gold Iridium Nib. Bottle Ink, Converter + Carts",24.99,2026-01-02,,,WorthPoint
iridium,Hot Wheels Acceleracers IRIDIUM **LOOSE**,35.0,2026-01-02,,,WorthPoint
iridium,Bombay Company FOUNTAIN PEN - IRIDIUM POINT GERMANY - Vintage - NEVER USED,40.0,2026-01-02,,,WorthPoint
iridium,Vintage Fountain Pens Iridium Germany Set Of 2 Untested Hunter Green & Dark Red,35.0,2026-01-02,,,WorthPoint
iridium,"Motorola,Iridium, The 11th Launch, Lapel Pin (374CNA)",15.0,2026-01-01,,,WorthPoint
iridium,"Motorola,Iridium, 6th Launch, Lapel Pin (381CNA)",15.0,2026-01-01,,,WorthPoint
iridium,"Motorola,Iridium, 4th Launch, Lapel Pin (379CNA)",15.0,2026-01-01,,,WorthPoint
iridium,"Motorola,Iridium, 11th Launch, With Four Flags, Lapel Pin (380CNA)",15.0,2026-01-01,,,WorthPoint
iridium,"Motorola,Iridium 9th Launch, Lapel Pin (376CNA)",15.0,2026-01-01,,,WorthPoint
iridium,"Motorola,Iridium, 8th Launch (375CNA)",15.0,2026-01-01,,,WorthPoint
iridium,"Motorola,Iridium, 2nd Launch, Lapel Pin (378CNA)",15.0,2026-01-01,,,WorthPoint
iridium,"Motorola,Iridium, 3rd Launch, Lapel Pin (377CNA)",15.0,2026-01-01,,,WorthPoint
iridium,"Motorola,Iridium, 10th Launch, Lapel Pin, (373CNA)",15.0,2026-01-01,,,WorthPoint
iridium,"Motorola,Iridium, 14th Launch, Lapel Pin (372CNA)",15.0,2026-01-01,,,WorthPoint
iridium,"Motorola,Iridium, 12th Lunch, Lapel Pin (371CNA)",15.0,2026-01-01,,,WorthPoint
iridium,"Motorola,Iridium, 6th Launch, Lapel Pin (369CNA)",15.0,2026-01-01,,,WorthPoint
iridium,"Motorola,Iridium, 13th Launch, Lapel Pin (370CNA)",15.0,2026-01-01,,,WorthPoint
iridium,"Autolite Iridium XP Automotive Replacement Spark Plugs, XP5363 (4 Pack)",17.08,2025-12-31,,,WorthPoint
iridium,Kershaw Knives Iridium DuraLock 2038 D2 Steel Pocket Knife,30.0,2025-12-31,,,WorthPoint
iridium,"Breyer Elements Series (4): Terran, Teak, Iridium, Brandelle",125.0,2025-12-31,,,WorthPoint
iridium,8 Pack NGK Iridium IX Spark Plugs 2007 Chevrolet Silverado 3500 Classic 6.0L V8,78.77,2025-12-30,,,WorthPoint
iridium,Classic Breyer Element Horse #10072 Iridium. Decorator.,15.0,2025-12-30,,,WorthPoint
iridium,Monteverde Fountain Pen Black Silver Blue Iridium Nib With Box Excellent,45.0,2025-12-30,,,WorthPoint
iridium,Vintage Fountain Pen Wearever Lever Fill Gray Silver Marble Iridium Tipped Mediu,39.95,2025-12-30,,,WorthPoint
iridium,Upgraded Ignition Coil Pack And 4X Iridium Spark Plug For 1.4L 1.8L L4 2011-2...,95.93,2025-12-30,,,WorthPoint
iridium,LRP Platinum/Iridium Standard Glow Plug (R4 - Medium) [LRP35041],12.99,2025-12-30,,,WorthPoint
iridium,6 Pc NGK Iridium IX Spark Plugs Compatible With Toyota Highlander 3.0L 3.3L V...,117.98,2025-12-30,,,WorthPoint
iridium,NIB Breyer Freedom Series Elements Iridium #10062,24.99,2025-12-30,,,WorthPoint
iridium,8x Ignition Coil Pack And 16x Iridium Spark Plugs Fit For 5.7 V8 HEMI 2009 20...,169.95,2025-12-29,,,WorthPoint
iridium,Pure 99.9% Iridium Metal .17 Grams Super Rare Platinum Group BEST PRICE ON EBAY,50.0,2025-12-29,17.0,2.94,WorthPoint
iridium,"Breyer Elements COMPLETE SET OF 5 SALE Kai, Brandell, Iridium, Teak, Terran NIB",165.0,2025-12-29,,,WorthPoint
iridium,"""Kershaw Iridium RT Folding Knife 2038R 3.5"""" D2 Carbon Steel""",35.0,2025-12-29,,,WorthPoint
iridium,Iridium Metal 0.52 Gram 99.95% For Jewelry Or Element Collection USA SHIPPING,100.0,2025-12-29,0.52,192.31,WorthPoint
iridium,Iridium Metal 0.4 Gram 99.95% For Jewelry Or Element Collection USA SHIPPING,75.0,2025-12-29,0.4,187.5,WorthPoint
iridium,Iridium Metal 0.42 Gram 99.95% For Jewelry Or Element Collection USA SHIPPING,78.0,2025-12-29,0.42,185.71,WorthPoint
iridium,Iridium Metal 1.55 Gram 99.95% For Jewelry Or Element Collection USA SHIPPING,300.0,2025-12-29,1.55,193.55,WorthPoint
iridium,Iridium Metal 0.62 Gram 99.95% For Jewelry Or Element Collection USA SHIPPING,120.0,2025-12-29,0.62,193.55,WorthPoint
iridium,Iridium Metal 0.46 Gram 99.95% For Jewelry Or Element Collection USA SHIPPING,90.0,2025-12-29,0.46,195.65,WorthPoint
iridium,UF648 Ignition Coil Pack & Iridium Spark Plugs Compatible With Jeep Wrangler .,40.0,2025-12-29,,,WorthPoint
iridium,Fountain Pen Floral Nib SILVER OVERLAY GOLD IRIDIUM POINT WEST GERMANY,149.99,2025-12-29,,,WorthPoint
iridium,Vintage OPTIMAT Germany Striped Blue Gold Plated Iridium Nib Vacuum Fountain Pen,34.0,2025-12-29,,,WorthPoint
iridium,Vtg PEN LOT Aldo Domani BOMBAY IRIDIUM POINT Sherwood Inventure DIPLOMAT,49.95,2025-12-28,,,WorthPoint
iridium,1Pc Black Classic Wing Sung 629 Acrylic Resin Fountain Pen F Iridium Nib 0.5mm,28.57,2025-12-28,,,WorthPoint
iridium,Conklin Nozac Vintage Fountain Pen Red & Silver Chevron Iridium England Tip,190.0,2025-12-28,,,WorthPoint
iridium,"""Kershaw Iridium DuraLock-Black-Aluminum-3.5""""-D2-2038BLK-Reversible Deep Carry""",80.0,2025-12-28,,,WorthPoint
iridium,Kecksburg Acron UFO Incident Inspired 3D Printed Model In Iridium Gold Metallic,14.99,2025-12-28,,,WorthPoint
iridium,Taccia Portuguese Compact Fountain Pen Black Iridium M,46.0,2025-12-27,,,WorthPoint
iridium,Kershaw Iridium 2038 DuraLock Knife Gray Aluminum (3.4‚Äù Satin D2) *New In Box*,46.0,2025-12-27,,,WorthPoint
iridium,2004 Hot Wheels Acceleracers Iridium 4 Of 9 New In Package,50.0,2025-12-27,,,WorthPoint
iridium,Original 2005 Hot Wheels ACCELERACERS SILENCERZ #4 IRIDIUM (Silver W/CM5's),34.99,2025-12-27,,,WorthPoint
iridium,New Kershaw Iridium W/ Carbon Fiber Scales & Reverse Tanto M390 Blade 2038RCF,164.95,2025-12-26,,,WorthPoint
iridium,Vintage Blue And White Ceramic Dragon Fountain Pen - Iridium Point,6.0,2025-12-26,,,WorthPoint
iridium,Kershaw Iridium 2038WMX Folding Pocket Knife New,45.0,2025-12-26,,,WorthPoint
iridium,"""Kershaw Mini Iridium Folding Knife 3"""" D2 Tool Carbon Steel Blade Aluminum Handle""",52.42,2025-12-26,,,WorthPoint
iridium,"""2005 MCDONALD'S ACCELERACERS NITRIUM And IRIDIUM 1:64 DIECAST 2 5/8"""" CARS""",18.88,2025-12-26,,,WorthPoint
iridium,Iridium Metal 0.76 Gram 99.95% For Jewelry Or Element Collection USA SHIPPING,150.0,2025-12-26,0.76,197.37,WorthPoint
iridium,Vintage Marbled Black Pearl Iridium Point German Fountain Pen,30.0,2025-12-26,,,WorthPoint
iridium,"Luxury Fountain Pen Set With 3 Different Nibs, Iridium Extra Fine & Fine Black",16.85,2025-12-26,,,WorthPoint
iridium,Kershaw Iridium 2038BLK D2 Manual Flipper Knife Black Aluminum DuraLock EDC,50.0,2025-12-26,,,WorthPoint
iridium,2025 Hot Wheels Silver Series AcceleRacers Iridium 1/5 -Silver,6.99,2025-12-25,,,WorthPoint
iridium,Kershaw Mini Iridium DuraLock Bronze Aluminum Folding D2 Steel Knife 2051RBRZBW,64.95,2025-12-25,,,WorthPoint
iridium,Breyer Freedom Series #B-FS-10062 Elemental Series Collection Iridium,24.99,2025-12-25,,,WorthPoint
iridium,Kershaw Mini Iridium DuraLock Aluminum Folding Reverse Tanto Knife 2051RBLK,45.0,2025-12-25,,,WorthPoint
iridium,LRP 35051 - Platinum/Iridium R5 Standard Glow Plug,16.51,2025-12-25,,,WorthPoint
iridium,Hot Wheels Silver Series AcceleRacers Iridium 1/5 2025,5.99,2025-12-25,,,WorthPoint
iridium,PHILTOP Set Of 4 Ignition Coil Pack And Iridium Spark Plugs Fits For Subaru 2,69.74,2025-12-24,,,WorthPoint
iridium,"""Guider Raja Ebonite Fountain Pen Black Schmidt Iridium Point """"B"""" Nib Ex-Cond""",49.99,2025-12-24,,,WorthPoint
iridium,Set Of 6 Ignition Coil Packs And Iridium Spark Plug Compatible With Nissan Infin,92.44,2025-12-24,,,WorthPoint
iridium,Iridium Metal 0.32 Gram 99.95% For Jewelry Or Element Collection USA SHIPPING,60.0,2025-12-24,0.32,187.5,WorthPoint
iridium,Iridium Metal 1.46 Gram 99.95% For Jewelry Or Element Collection USA SHIPPING,280.0,2025-12-24,1.46,191.78,WorthPoint
iridium,Iridium Spark Plugs 8 Pack 3186 TR5GP 7397 TR5IX Fit For Chevy Silverado 1500,52.99,2025-12-24,5.0,10.6,WorthPoint
iridium,NGK 6994 IZFR6K-11 Laser Iridium Spark Plugs 6-PCS Fast Ship,60.99,2025-12-23,,,WorthPoint
iridium,AUTHENTIC Iridium NEXT Launch-5 - SPACEX FALCON 9 USAF VAFB COMM SATELLITE PATCH,11.99,2025-12-23,,,WorthPoint
iridium,AUTHENTIC Iridium NEXT Launch- 8- SPACEX FALCON 9 USAF VAFB COMM SATELLITE PATCH,11.99,2025-12-23,,,WorthPoint
iridium,GALA Fountain Pen Black & Gold Tone Vintage Iridium Nib Cartridge Fountain Pen,15.0,2025-12-23,,,WorthPoint
iridium,"""Kershaw Iridium Folding Knife 3.5"""" D2 Tool Steel Blade Black Aluminum Handle""",48.99,2025-12-23,,,WorthPoint
iridium,"Hongdian N2 Fountain Pen, Teal Blue Acrylic, Iridium M Nib, Converter, Box Set",32.9,2025-12-23,,,WorthPoint
iridium,Albert Lee: Live At The Iridium 2-Disc Set CD DVD,20.0,2025-12-23,,,WorthPoint
iridium,Hot Wheels Acceleracers Iridium,64.3,2025-12-23,,,WorthPoint
iridium,ACDelco Professional Iridium Spark Plugs,30.0,2025-12-22,,,WorthPoint
iridium,6PCS Platinum Iridium SP534 SP580 Spark Plugs For Ford Expedition F150 Transit-1,24.83,2025-12-22,,,WorthPoint
iridium,"""Kershaw Iridium Folding Knife 3.5"""" D2 Tool Carbon Steel Blade Aluminum Handle""",50.99,2025-12-22,,,WorthPoint
iridium,Kershaw Iridium In Black Micarta 2038RMC 3.5‚Äù Stonewashed D2 Knife Discontinued,35.0,2025-12-22,,,WorthPoint
iridium,Kershaw Mini Iridium DuraLock Gray Aluminum Folding D2 Reverse Tanto Knife 2051,31.99,2025-12-21,,,WorthPoint
iridium,"Montefiore Iridium Point Fountain Pen, Pencil And Ball Point Pen 4 Piece Set",19.99,2025-12-21,,,WorthPoint
iridium,"""Kershaw Iridium DuraLock Gray 3"""" D2 Stainless Aluminum Folding Knife 2038ST""",69.5,2025-12-21,,,WorthPoint
iridium,Hot Wheels Acceleracers Silencerz Iridium And Mc Iridium Loose,9.99,2025-12-20,,,WorthPoint
iridium,Classic All Wood Fountain Pen Rosewood Pen M Iridium Nib Office,9.0,2025-12-20,,,WorthPoint
iridium,Kershaw Iridium DuraLock Black Aluminum Folding D2 Reverse Tanto Knife 2038RBLK,68.95,2025-12-20,,,WorthPoint
iridium,UF569 Ignition Coil &12622561 Double Iridium Spark Plug For Buick Allure Enclave,77.99,2025-12-20,,,WorthPoint
iridium,Kershaw Knives Iridium DuraLock 2038 KVT Gray Aluminum D2 Steel Pocket Knife,45.0,2025-12-20,,,WorthPoint
iridium,"Lot Of 5 Fountain Pens Pilot Metropolitan, Kaigelu, Rotring Art Pen, Iridium",79.99,2025-12-20,,,WorthPoint
iridium,Montefiore Iridium Point Germany Nib Fountain Pen & Ballpoint Blue Marble,32.0,2025-12-19,,,WorthPoint
iridium,Iridium Point Fountain Pen Vintage,25.0,2025-12-19,,,WorthPoint
iridium,"Handmade* Fountain Pen,Exotic Hardwood,Christian Hdw. Nib: Iridium Point Germany",49.0,2025-12-19,,,WorthPoint
iridium,Vintage / Antique Accurate Iridium Tipped Marble Effect Shank Fountain Pen,40.1,2025-12-19,,,WorthPoint
iridium,Conklin Fountain Pen Mark Twain Signature Ocean Iridium Point Blue New In Box,67.5,2025-12-19,,,WorthPoint
iridium,(5464) BKR5EIX-11 Iridium IX Spark Plug (4 Pack),47.38,2025-12-19,,,WorthPoint
iridium,Pure 99.9% Iridium Metal .23 Grams Super Rare Platinum Group BEST PRICE ON EBAY,62.0,2025-12-19,23.0,2.7,WorthPoint
iridium,Kershaw Iridium 2038 Knife,55.0,2025-12-19,,,WorthPoint
iridium,Montefiore Iridium Point Fountain Pen And Ball Point Pen Set,22.5,2025-12-19,,,WorthPoint
iridium,Vintage Iridium Point Germany Nib Fountain Pen Chrome Geometric Motif,29.99,2025-12-19,,,WorthPoint
iridium,Vintage 5.5‚Äù Iridium Nib Point Germany Fountain Pen Chrome Celtic Motif,20.0,2025-12-19,,,WorthPoint
iridium,Vintage Black And Gold Fountain Pen Iridium Point Germany,34.99,2025-12-18,,,WorthPoint
iridium,ACDelco Iridium Spark Plug For GM Vehicles Excellent Performance And Durability,11.09,2025-12-18,,,WorthPoint
iridium,ECCPP UF681 Ignition Coil Set & 3 Iridium Spark Plugs For Smart Fortwo 1.0L,76.98,2025-12-18,,,WorthPoint
iridium,"8Pcs 41-962 Upgrad Real Iridium Spark Plugs 19299585 For Chevrolet Chevy, GMC,",50.56,2025-12-18,,,WorthPoint
iridium,Kershaw Iridium DuraLock Folding Pocket Knife Dessert Warrior,55.0,2025-12-18,,,WorthPoint
iridium,"""Kershaw Mini Iridium Folding Knife 3"""" CPM S35VN Steel Blade Titanium Handle""",132.49,2025-12-18,,,WorthPoint
iridium,CAMPO MARZIO Brown With Gold Trim Fountain Pen (Mini?) Iridium Point,39.99,2025-12-18,,,WorthPoint
iridium,PARTS4EV 775/9775 Iridium Silver Metallic Touch Up Paint For Mercedes,23.07,2025-12-18,,,WorthPoint
iridium,Kershaw Iridium Micarta D2 Custom Drop Point Knife,70.0,2025-12-17,,,WorthPoint
iridium,Iridium Metal 0.8 Gram 99.95% For Jewelry Or Element Collection USA SHIPPING,161.5,2025-12-17,0.8,201.88,WorthPoint
iridium,Pure 99.9% Iridium Metal 1.55 Grams Super Rare Platinum Group BEST PRICE ON EBAY,295.0,2025-12-17,1.55,190.32,WorthPoint
iridium,Vintage White Oakley Fours W/ Blue Iridium Lenses & Black Soft Case Made In USA,100.0,2025-12-17,,,WorthPoint
iridium,Mixed Metals Iridium Tin Platinum Lead Bullion Bar Over 420 Grams See Pics...,7999.0,2025-12-17,420.0,19.05,WorthPoint
iridium,Breyer Elements METAL IRIDIUM Freedom Series DECORATOR GLOSSY SILVER STOCK HORSE,17.99,2025-12-17,,,WorthPoint
iridium,"NEW FOR GENTEX HGU-55/P, 68/P Flight Helmets Ruby Iridium Bungee Visor",239.0,2025-12-17,,,WorthPoint
iridium,Caran D'ache Fountain Pen Designer Swiss Made Iridium Nib Fine Black Gold,80.0,2025-12-17,,,WorthPoint
iridium,41-110 Iridium Spark Plugs & 48322 Spark Plug Wires For GM Chevy 5.3L 6.0L 6.2L,45.45,2025-12-16,,,WorthPoint
iridium,A-Premium Iridium Platinum Spark Plugs Compatible With Chevrolet Ma... Fast Ship,39.99,2025-12-16,,,WorthPoint
iridium,VTG - New Clip ‚ÄúWARRANTED IRIDIUM POINTED SPECIAL‚Äù Jumbo Fountain Pen - Untested,49.99,2025-12-16,,,WorthPoint
iridium,Hongdian 100 Piston Fountain Pen Silver Steel Iridium Medium Nib Calligraphy,33.36,2025-12-16,,,WorthPoint
iridium,Spacex Authentic Employee Patch Iridium-7 Vadenberg Spacex Falcon 9,20.0,2025-12-16,,,WorthPoint
iridium,Troika Black Iridium Point Fountain Pen,20.16,2025-12-16,,,WorthPoint
iridium,Ginger Baker Signed Drumhead Cream Autograph Classic Rock Iridium Jsa Coa,249.99,2025-12-16,,,WorthPoint
iridium,Kershaw Iridium DuraLock Gray Aluminum Folding D2 Steel Serrated Knife 2038ST,64.95,2025-12-16,,,WorthPoint
iridium,"3PCS Jinhao 65 Silver Fountain Pen Set, Iridium Ultra Fine & Extra Fine & Fine N",14.54,2025-12-15,,,WorthPoint
iridium,DG508 Ignition Coil Pack And Iridium Spark Plugs Set Of 8. Ford 4.6L Or 5.4L,47.99,2025-12-15,,,WorthPoint
iridium,Fountain Pen Iridium Tipping Material ~ Original Sheaffer .026mm ~ 1000+ Pieces,330.0,2025-12-15,,,WorthPoint
iridium,Kershaw Exclusive Iridium Topo Aluminum 14c28n 3.4‚Äù Folding Knife G10 Backspacer,150.0,2025-12-15,,,WorthPoint
iridium,KERSHAW IRIDIUM D2 Spear Point KVT Bearings DuraLock EXCELLENT!,34.99,2025-12-15,,,WorthPoint
iridium,Vintage Les Paul Signature Black Guitar Pick - 2000 Tour Iridium NYC,9.99,2025-12-15,,,WorthPoint
iridium,"The Iridium Jazz Club, New York City, Matchbook With Matches",13.99,2025-12-14,,,WorthPoint
iridium,"""Kershaw Iridium Folding Knife 3.5"""" D2 Tool Steel Blade Gray Aluminum Handle 2038""",54.99,2025-12-14,,,WorthPoint
iridium,"""Kershaw 2038BLK 3.5"""" Iridium Folding Knife Black Aluminum/Steel""",35.0,2025-12-14,,,WorthPoint
iridium,"""Vintage Fountain Pen Germany 5 3/8"""" Black & Gold Iridium Point Nib Untested""",18.0,2025-12-14,,,WorthPoint
iridium,Black And Gold Fountain Pen Iridium Point Germany,35.0,2025-12-14,,,WorthPoint
iridium,Hot Wheels Acceleracers IRIDIUM Chrome Silencerz 2nd Generation Stripped Metal,193.46,2025-12-14,,,WorthPoint
iridium,BDFHYK 93482 Platinum Iridium Spark Plugs Compatible With Subaru 2013-2017 Le,34.99,2025-12-14,,,WorthPoint
iridium,DG508 Ignition Coil SP479 Iridium-Platinum Spark Plug Set 5.4L V8 Fit For Ford E,82.9,2025-12-14,,,WorthPoint
iridium,KERSHAW IRIDIUM D2 Spear Point KVT Bearings DuraLock,20.0,2025-12-14,,,WorthPoint
iridium,NGK Spark Plugs 6Pcs For BMW N54 - Two Step Colder Iridium Performance,46.99,2025-12-13,,,WorthPoint
iridium,For JinHao X159 Acrylic Fountain Pen Fine 0.5mm 40mm Extended Iridium F Nib Gift,12.97,2025-12-13,,,WorthPoint
iridium,NEW 2004 Hot Wheels Acceleracers Iridium Silencez RARE FROM FACTORY SET,110.0,2025-12-13,,,WorthPoint
iridium,Breyer Classic Elements Series Iridium - Nib!,19.0,2025-12-13,,,WorthPoint
iridium,A-Premium Iridium & Platinum Spark Plugs Compatible With Ford F-150... Fast Ship,39.99,2025-12-13,,,WorthPoint
iridium,"BDFHYK 6994 Iridium Spark Plugs Compatible With Acura CSX MDX RL RSX TL TSX,C",39.99,2025-12-13,,,WorthPoint
iridium,Vintage Bulb Filler Fountain Pen Green Marble Iridium Tip Nib,26.13,2025-12-13,,,WorthPoint
iridium,4 Pc DENSO Iridium TT Spark Plugs Compatible With Toyota Prius 1.8L L4 2010-2...,82.99,2025-12-13,,,WorthPoint
iridium,"""Kershaw Iridium Folding Knife 3"""" D2 Tool Carbon Steel Blade Reverse Tanto""",49.99,2025-12-13,,,WorthPoint
iridium,Vtg Lot Of Calligraphy Fountain Pen Nibs Parrot Bank Of England FE Wood Iridium,20.98,2025-12-13,,,WorthPoint
iridium,VTG 1930‚Äôs Morris Dip Pen Desk Set New/old Iridium Fine Nib. Unique Deco Design,28.0,2025-12-12,,,WorthPoint
iridium,"Lot Of Fountain Pens Parker , Iridium Point And 2 On Unknowns",10.5,2025-12-12,,,WorthPoint
iridium,Hot Wheels Acceleracers Iridium Silencerz 2005 Gen 1 MINT CONDITION,23.0,2025-12-12,2005.0,0.01,WorthPoint
iridium,Kershaw Mini Iridium Titanium Folding S35VN Steel Pocket Knife 2051TI,149.95,2025-12-12,,,WorthPoint
iridium,NZG Models 2021 Mercedes Benz EQB Iridium Silver 1:18 Diecast Dealer Version,43.99,2025-12-12,,,WorthPoint
iridium,Green And Black Fountain Pen With Kromaloy Iridium Nib With 500 WORDS RESERVE,30.0,2025-12-12,,,WorthPoint
iridium,Pure 99.9% Iridium Metal 1.28 Grams Super Rare Platinum Group BEST PRICE ON EBAY,250.0,2025-12-12,1.28,195.31,WorthPoint
iridium,Kershaw Mini Iridium DuraLock OD Green Aluminum Folding D2 Steel Knife 2051ROLBW,60.0,2025-12-11,,,WorthPoint
iridium,4 Pack Denso Spark Plug Iridium Power 5311,10.0,2025-12-11,,,WorthPoint
iridium,ROMET Italy EUROPA Fountain Pen GREEN CORAL W/ Iridium Germany Nib *Display Box,39.0,2025-12-11,,,WorthPoint
iridium,"""Kershaw Mini Iridium 3"""" D2 Blade, Blue Aluminum Handle, DuraLock Folding Knife""",54.99,2025-12-10,,,WorthPoint
iridium,"Autolite Iridium XP Automotive Replacement Spark Plugs, XP104 (4 Pack)",9.99,2025-12-10,,,WorthPoint
iridium,41-110 Iridium Spark Plugs & M8-48322 Spark Plug Wires For 5.3 6.0 6.2 Chevy GMC,45.97,2025-12-10,,,WorthPoint
iridium,ACDelco SPARK PLUG Iridium Fits Chevrolet Buick GMC Cadillac Smooth Performance,11.09,2025-12-10,,,WorthPoint
iridium,Vintage Swallow Mabie Todd Black Fountain Pen W/Starling Iridium Tipped Nib,18.95,2025-12-10,,,WorthPoint
iridium,Stipula Castoni Chic Tiger Eye Iridium 0.9 Fine Nib Fountain Pen ST82712,109.97,2025-12-10,,,WorthPoint
iridium,"""Kershaw Mini Iridium 3"""" D2 Blade, Gray Aluminum Handle, DuraLock Folding Knife""",54.99,2025-12-10,,,WorthPoint
iridium,"Fountain Pen Iridium Point Germany Wooden, Vintage, Great EUC Condition",24.95,2025-12-09,,,WorthPoint
iridium,41-110 Iridium Spark Plugs 48322 Spark Plug Wires For 5.3 6.0L Chevy,45.97,2025-12-09,,,WorthPoint
iridium,Retro 1951 Tornado Fountain Pen Chrome & Gold Schmidt Iridium Point,39.0,2025-12-09,,,WorthPoint
iridium,"2025 Hot Wheels Acceleracers Ftr 5 Iridium,Sling Shot,Hollowback,Rd-09,&Revert",24.99,2025-12-09,,,WorthPoint
iridium,Lot Of 24 NASA Space Launch Patches Delta II GPS Iridium Vandenberg Air Force,199.0,2025-12-09,,,WorthPoint
iridium,Kershaw Iridium Olive Green Black Wash D2 Carbon 3.5‚Äù Folding Knife 2038OLBW OD,139.95,2025-12-09,,,WorthPoint
iridium,Kershaw Mini Iridium DuraLock Ice Blue Aluminum Folding D2 Pocket Knife 2051,40.0,2025-12-08,,,WorthPoint
iridium,New Kershaw Iridium Black Reverse Tanto D2 W/Custom Red Aluminum Scale Swap,99.95,2025-12-08,,,WorthPoint
iridium,Black Wing Sung 629 Fountain Pen Iridium Nib F/0.5mm Home/Office Writing,31.99,2025-12-08,,,WorthPoint
iridium,4 Pc NGK Iridium IX Spark Plugs Compatible With Toyota Corolla 1.8L... Fast Ship,71.99,2025-12-08,,,WorthPoint
iridium,2025 JUNL 930 Resin Fountain Pen Iridium EF/F/M Nib Writing Pen With Ink WindoZG,49.28,2025-12-08,,,WorthPoint
iridium,Day-Timers Matterhorn Convertible Fountain Pen Gold Plated Iridium Point New,19.95,2025-12-08,,,WorthPoint
iridium,Vintage OAKLEY STRAIGHT JACKET CANNON RED Sunglasses Red Iridium Lenses,95.1,2025-12-08,,,WorthPoint
iridium,ICM-6 10mm CM6 Iridium Spark Plug For DA DLE Gas Engine OEM Part Old Stock New,11.97,2025-12-08,,,WorthPoint
iridium,Rare Vintage Oakley Minute 2.0 04-085 Metallic Black / BLK Iridium Polarized USA,245.0,2025-12-08,,,WorthPoint
iridium,Laban Vintage Sterling Silver 925 Fountain Pen With Iridium Nib,90.0,2025-12-07,,,WorthPoint
iridium,Wearever Green Marble Fountain Pen & Pencil Combo Iridium Tip Nib C.1940‚Äôs,10.49,2025-12-07,,,WorthPoint
iridium,Pure 99.9% Iridium Metal 1.42 Grams Super Rare Platinum Group BEST PRICE ON EBAY,275.0,2025-12-07,1.42,193.66,WorthPoint
iridium,Monteverde Fountain Pen (M) NIB Iridium Point Germany . Need Ink Tub,26.0,2025-12-07,,,WorthPoint
iridium,"Vintage VASELINE Green Depression Glass Citrus Juicer Reamer, Uranium Iridium",14.99,2025-12-07,,,WorthPoint
iridium,93298 Iridium Spark Plugs 3 Pack - Compatible With Mitsubishi Mirage,30.25,2025-12-06,,,WorthPoint
iridium,6 Ignition Coils With 6 Iridium Spark Plugs For Porsche 2003-2011 Cayenne 3.6,128.96,2025-12-06,,,WorthPoint
iridium,Generic Iridium Coin - 8.7g,1863.0,2025-12-06,8.7,214.14,WorthPoint
iridium,6 Pc DENSO Iridium Power Spark Plugs Compatible With Honda Odyssey 3.5L V6 20...,127.0,2025-12-06,,,WorthPoint
iridium,LRP Platinum/Iridium Standard Glow Plug (R6 - Cold) [LRP35061],13.99,2025-12-06,,,WorthPoint
iridium,Vintage Black Fountain Pen W/ Gold Trim & A Germany Iridium Fine Point Nib-new,8.0,2025-12-06,,,WorthPoint
iridium,Wing Sung 629 Fountain Pen F Iridium Nib 0.5mm Home/Office Writing Gifts,35.19,2025-12-05,,,WorthPoint
iridium,Breyer NEW * Iridium Metal * 2024 Elements Silver Harper Classic Model Horse,23.06,2025-12-05,,,WorthPoint
iridium,4 Pc DENSO Iridium Long Life Spark Plugs Compatible With Toyota Corolla 1.8L L4,103.79,2025-12-05,,,WorthPoint
iridium,KSU Ignition Coil Pack With Iridium Spark Plug For Scion XA XB 1.5L Yaris Toy...,75.93,2025-12-05,,,WorthPoint
iridium,"""Kershaw Mini Iridium Folding Knife 3"""" D2 Blade, Aluminum""",50.0,2025-12-05,,,WorthPoint
iridium,"6PCS Iridium Platinum Spark Plugs Compatible With Buick, Chevrolet, Ford, GMC...",33.92,2025-12-05,,,WorthPoint
iridium,M8-48322 Spark Plug Wires 41-110 Iridium Spark Plugs For Chevy 5.3 6.0L 6.2L,45.97,2025-12-05,,,WorthPoint
iridium,Kershaw Iridium And Heist Folding Pocket Knives Lot Of 2,50.0,2025-12-05,,,WorthPoint
iridium,Acrylic Resin Classic Wing Sung 629 Fountain Pen EF / F Iridium Nib 0.38mm/0.5mm,31.98,2025-12-05,,,WorthPoint
iridium,Iridium Point Germany Fountain Pen Siler Tone Nice Heft Feel,10.0,2025-12-04,,,WorthPoint
iridium,Vintage Fountain Pen Voyager By Fujiyama Iridium Point Black Marble Finish,5.0,2025-12-04,,,WorthPoint
iridium,NGK Iridium IX Spark Plugs Compatible With Chevrolet Silverado 1500 5.3L 6.2L...,72.99,2025-12-04,,,WorthPoint
iridium,#201 Blue Aluminum Kershaw 2051 Mini-Iridium D2 KVT Drop Point Duralock Knife,38.55,2025-12-04,,,WorthPoint
iridium,Vintage Youth 401 Fountain Pen ‚Äì Made In China ‚ÄìIridium Tipped Nib -Original Box,19.99,2025-12-04,,,WorthPoint
iridium,Iridium Metal Pellet Periodic Table Element Collection 1.00 Gram 99.95% Pure,373.53,2025-12-04,1.0,373.53,WorthPoint
iridium,Ignition Coil Pack & Iridium Spark Plugs UF270 For Jeep Dodge Liberty Grand C...,49.0,2025-12-04,,,WorthPoint
iridium,Kershaw Mini Iridium Folding Pocket Knife New 2051WMX,49.99,2025-12-03,,,WorthPoint
iridium,Kershaw Iridium Folding Knife,35.0,2025-12-03,,,WorthPoint
iridium,Kershaw Iridium 2038WMX Folding Pocket Knife New!,39.99,2025-12-03,,,WorthPoint
iridium,Ignition Coils & Iridium Spark Plugs Set UF553 UF595 For Ford Lincoln 3.5L 3.7L,56.99,2025-12-03,,,WorthPoint
iridium,Kershaw 2051TI-Mini Iridium-S35VN PE Blade-Titanium Handles,83.0,2025-12-03,,,WorthPoint
iridium,Set Of 6 Iridium Spark Plugs & Ignition Coils 3.5 EcoBoost V6 Ford F-150,198.95,2025-12-03,,,WorthPoint
iridium,"ECCPP 4 Ignition Coils With 4 Iridium Spark Plugs,UF817,for Hyundai Elantra 2017",100.91,2025-12-03,,,WorthPoint
iridium,Vintage Fountain Pen Iridium Point Made In Italy Brown Marble & Gold Color Trim,14.0,2025-12-03,,,WorthPoint
iridium,2025 Hot Wheels AcceleRacers Silver Series 1/5 IRIDIUM Gray W/Chrome A6 Spokes,14.25,2025-12-03,,,WorthPoint
iridium,"""TYCO/Mattel Slot Car #R6941 Power Speed Raceway ACCELERACERS """"IRIDIUM"""" - RUNS""",35.01,2025-12-03,,,WorthPoint
iridium,6 Pc DENSO Iridium Power Spark Plugs Compatible With Toyota Sienna 3.5L V6 20...,109.99,2025-12-02,,,WorthPoint
iridium,Breyer Classic Elements Series Horses Terran & Iridium Lot Of 2,29.99,2025-12-02,,,WorthPoint
iridium,Norev 2024 Mercedes-Benz G-Class W463A Iridium Silver 1:18 183030,169.99,2025-12-02,,,WorthPoint
iridium,Set Of 2 Breyer Classic Elements Series Horses Terran & Iridium - NEW!,49.99,2025-12-02,,,WorthPoint
iridium,Vintage Fountain Pen - Voyager By MINKA- Black Marble Like Finish IRIDIUM POINT,9.99,2025-12-02,,,WorthPoint
iridium,6 Pc DENSO Iridium TT Spark Plugs Compatible With Toyota Highlander 3.5L V6 2008,112.47,2025-12-02,,,WorthPoint
iridium,Vintage Burgundy Cracked Ice Fountain Pen W/ Kramaloy Iridium Tipped Nib.,9.95,2025-12-02,,,WorthPoint
iridium,"Autolite Iridium XP Automotive Replacement Spark Plugs, XP5682 (4 Pack)",16.13,2025-12-02,,,WorthPoint
iridium,"3 Ea. Cartridge Fountain Pen Nibs, 1- Iridium Med. 1-Dayacom Med. 1-Iridium B",22.95,2025-12-01,,,WorthPoint
iridium,#147 Blue Aluminum Kershaw 2051 Mini-Iridium D2 KVT Drop Point Duralock Knife,45.0,2025-12-01,,,WorthPoint
iridium,*Mint* Diecast Club Mercedes 2016 G500 4x4 - Iridium Silver,50.0,2025-12-01,2016.0,0.02,WorthPoint
iridium,"New, Sealed Hot Wheels Iridium Acceleracers (McDonald's Happy Meal)",19.99,2025-12-01,,,WorthPoint
iridium,Herpa Mercedes Benz E Class Car Iridium Silver 1:87 Scale HO (HO6779),34.99,2025-12-01,,,WorthPoint
iridium,Lot Of 10 Medium Fountain Pen Nib Assembly- Iridium Germany-c,14.95,2025-11-30,,,WorthPoint
iridium,Kershaw Iridium Folding Pocket Knife 3.4 In D2 Steel Blade,30.0,2025-11-30,,,WorthPoint
iridium,"Vintage Skelly Supreme (3) 1 Qt Empty Motor Oil Cans Blue, Gold Iridium, Red",25.5,2025-11-30,,,WorthPoint
iridium,"ECCPP 4 Ignition Coils With 4 Iridium Spark Plugs,UF814,coils Packs,for Mitsubis",99.99,2025-11-30,,,WorthPoint
iridium,Senator Iridium Nib Medium Fountain Pen,20.0,2025-11-30,,,WorthPoint
iridium,BOSCH 96321 OE Fine Wire Double Iridium Spark Plug - Pack Of 4,46.15,2025-11-30,,,WorthPoint
iridium,Authentic Aireon Flight 9 - Iridium-9 - SPACEX Falcon-9 Launch- USSF-VSFB- PATCH,12.95,2025-11-30,,,WorthPoint
iridium,"German FOUNTAIN PEN RESIN, Butterflies, Iridium Point, CONVERTER",42.0,2025-11-30,,,WorthPoint
iridium,"German FOUNTAIN PEN, Iridium Point, CONVERTER",35.0,2025-11-30,,,WorthPoint
iridium,German FOUNTAIN PEN Iridium Point,27.0,2025-11-30,,,WorthPoint
iridium,Cerebrum - Iridium CD 2020 Progressive Metal Transcending Obscurity,9.0,2025-11-29,,,WorthPoint
iridium,Pure 99.9% Iridium Metal .42 Grams Super Rare Platinum Group BEST PRICE ON EBAY,95.0,2025-11-29,42.0,2.26,WorthPoint
iridium,Pure 99.9% Iridium Metal 2.44 Grams Super Rare Platinum Group BEST PRICE ON EBAY,475.0,2025-11-29,2.44,194.67,WorthPoint
iridium,Pure 99.9% Iridium Metal One Full Ounce (31.12 Grams) Super Rare Platinum Group,5550.0,2025-11-29,31.12,178.34,WorthPoint
iridium,41-110 Iridium Spark Plugs And 48322 Spark Plug Wires Compatible With 5.3 6.0L 6,47.99,2025-11-29,,,WorthPoint
iridium,Mercedes Benz E Class Cabriolet 1:18 NOREV - Iridium Silver Metallic,49.95,2025-11-29,,,WorthPoint
iridium,Marquis By Waterford Fountain Pen Prism Iridium Point NIB USA,49.99,2025-11-29,,,WorthPoint
iridium,Iridium Folding Knife D2 Carbon Steel,39.99,2025-11-29,,,WorthPoint
iridium,LRP 35031 - Platinum/Iridium R3 Standard Glow Plug,11.68,2025-11-28,,,WorthPoint
iridium,"Iridium Point Germany Wood Body Pen, Writing Instrument 5.5 In Length",19.98,2025-11-28,,,WorthPoint
iridium,6 Mopar SP149125AE Iridium Spark Plugs For 11-21 Dodge RAM JEEP 3.6L,23.52,2025-11-28,,,WorthPoint
iridium,Iridium Vintage Fountain Pen 14k Tip Green Celluloid Top Hangy Thing (pen28),30.0,2025-11-28,,,WorthPoint
iridium,Kershaw Knife Iridium DuraLock 2038 KVT Gray Aluminum D2 Steel Pocket Knives,38.99,2025-11-28,,,WorthPoint
iridium,KERSHAW IRIDIUM Carbon Fiber M390 Spear Point 2038CFM390 Limited Ed. NEAR MINT!,179.99,2025-11-28,,,WorthPoint
iridium,6 Pc Iridium IX Spark Plugs Compatible With Ford F-150 3.5L V6 ... Fast Ship,65.99,2025-11-28,,,WorthPoint
iridium,Norev 1/18 Mercedes-Benz G-Class 2024 Iridium Silver 183030,169.99,2025-11-28,,,WorthPoint
iridium,Set Of 6 Ignition Coil Pack And Iridium Spark Plugs Compatible With Ford Escape,99.99,2025-11-28,,,WorthPoint
iridium,"Iridium Platinum Spark Plugs Compatible With Audi Q5 2013-2017, Q7, A6",55.98,2025-11-28,,,WorthPoint
iridium,Ignition Coil Pack And Iridium Spark Plugs For 3.5 EcoBoost V6 F150 F-150 Flex T,147.78,2025-11-28,,,WorthPoint
iridium,Vtg 3 Fountain Pens/ Diplomat Germany 1922 M/iridium Germany/waterman France,25.0,2025-11-27,,,WorthPoint
iridium,Set Of 4 Ignition Coil Pack And Iridium Spark Plug For 2.4L 2002-2009 Toyota Cam,108.66,2025-11-27,,,WorthPoint
iridium,Wingback Pocket Fountain Pen Steel Fine Iridium Tipped Nib Silver NWOT Writing,135.0,2025-11-27,,,WorthPoint
iridium,Iridium Spark Plugs And Wires Set For Chevy 5.3L Silverado 1500 Suburban Avalanc,66.55,2025-11-26,,,WorthPoint
iridium,Vtg Iridium Point Nib Cloisonn√© Fountain Pen Chinese Golden Star Original Box,49.0,2025-11-26,,,WorthPoint
iridium,Autolite Iridium XP Spark Plugs 4 Pack Extended Change Interval 100000 Miles,16.59,2025-11-26,,,WorthPoint
iridium,SPACEX Iridium-2 FALCON 9 Launch Satellite Mission Authentic Patch,19.5,2025-11-26,,,WorthPoint
iridium,"""Kershaw Iridium Folding Knife 3.5"""" Bohler M390 Steel Blade Carbon Fiber Handle""",155.89,2025-11-26,,,WorthPoint
iridium,"BIRDSONGS OF THE MESOZOIC The Iridium Controversy, HDCD,Prog",15.0,2025-11-26,,,WorthPoint
iridium,Motorola Iridium 9500 Series Satellite Phone UNTESTED PARTS ONLY,125.0,2025-11-26,,,WorthPoint
iridium,Kershaw 2038BLK Iridium DuraLock D2 Black Anodized Aluminum Folding Knife,44.95,2025-11-26,,,WorthPoint
iridium,16 Piece Iridium Spark Plug Set Compatible With Dodge Jeep Ram 5.7L V8,114.9,2025-11-25,,,WorthPoint
iridium,Parker Parkette Vintage Fountain Pen Iridium Tip Nib Black Red Pearl Gold Trim D,9.99,2025-11-25,,,WorthPoint
iridium,Acrylic Resin Classic Wing Sung 629 Fountain Pen F Iridium Nib 0.5mm Office,31.98,2025-11-24,,,WorthPoint
iridium,"""Kershaw Mini Iridium 3"""" Folding Knife 2051/D2 W/ Ice Blue Aluminum Handle""",59.99,2025-11-24,,,WorthPoint
iridium,NEW 2012 Oakley Goggles Splice Snow Jet Black & Silver Iridium Lens O Frame M/L,125.0,2025-11-24,,,WorthPoint
iridium,Black Titanium Pocket Clip W/Stainless Screws For Kershaw 2038 Iridium Knife,31.44,2025-11-24,,,WorthPoint
iridium,NASA Iridium 15th Launch Motorola Satellite Gold Tone Lapel Pin,13.99,2025-11-23,,,WorthPoint
iridium,"(7544) CR7HIX Iridium IX Spark Plug, Pack Of 1",11.81,2025-11-23,,,WorthPoint
iridium,Set Of 4 Ignition Coil UF652 And Iridium Spark Plug 93815 Compatible With Hyu,57.99,2025-11-23,,,WorthPoint
iridium,Hot Wheels Silver Series Acceleracers 1/5 - Iridium,8.0,2025-11-23,,,WorthPoint
iridium,1/18 GT Spirit Mercedes Benz C63 AMG ( W204 ) From 2008 In Iridium Silver GT462,149.95,2025-11-23,18.0,8.33,WorthPoint
iridium,Pat Travers Band - Live At The Iridium NYC (CD/Italian Import/VG Pre-owned),23.99,2025-11-23,,,WorthPoint
iridium,Ignition Coil Pack And Iridium Spark Plug Compatible With Nissan Altima Rogue Se,89.8,2025-11-23,,,WorthPoint
iridium,UF596 Ignition Coil Pack UF596 & Iridium Spark Plug For 2009 2010 2011 Toyota Co,63.06,2025-11-22,,,WorthPoint
iridium,Kershaw Iridium 2038WMX Folding Pocket Knife ~ BRAND NEW ~ SHIPS FREE,48.99,2025-11-22,,,WorthPoint
iridium,Serviced WEAREVER SUPREME Fountain Pen‚Ä¢Lever‚Ä¢Green Moss Agate‚Ä¢IRIDIUM M Nib,15.5,2025-11-22,,,WorthPoint
iridium,Vintage RARE HERO No.330 Extra Fine Fountain W/Iridium Tipped Ni (Original Case),12.5,2025-11-22,,,WorthPoint
iridium,"Lot Of 5 Knives Kershaw Iridium,Balken,CRKT Fossil,Civivi , Swisstech AUS-8 #",99.99,2025-11-22,,,WorthPoint
iridium,Vintage Minka Black Fountain Pen With Iridium Point Nib Germany,29.95,2025-11-22,,,WorthPoint
iridium,"Lot Of 5 Knives Kershaw Iridium,Civivi Conspirator & Altus,SOG,Swisstech AUS-8 *",99.99,2025-11-22,,,WorthPoint
iridium,A-Premium (Red) Set Of 8 Ignition Coil Pack And Iridium Spark Plugs Compatible W,124.88,2025-11-21,,,WorthPoint
iridium,RC10T Iridium Carbon Fiber Holographic Glitter 5piece Set,62.99,2025-11-21,,,WorthPoint
iridium,Vintage Libelle Fountain Pen Germany Iridium Point,24.49,2025-11-21,,,WorthPoint
iridium,"Lot Of 5 Knives Kershaw Iridium,CRKT M16-01KS,Civivi Elementum,Praxis & Banter 1",99.99,2025-11-21,,,WorthPoint
iridium,"Lot Of 5 Knives Kershaw Iridium,CRKT Pilar ,Civivi Conspirator,Praxis & Atlus 2",99.99,2025-11-21,,,WorthPoint
iridium,"NGK LFR5AIX Iridium IX Buj√≠a, LFR5AIX-11 # 4469, 6 Unidades",71.7,2025-11-21,,,WorthPoint
iridium,"SKAGEN Retro 51 Convertible Fountain Pen Roller Ball Charcol, M Schmidt Iridium",99.99,2025-11-20,,,WorthPoint
iridium,Ignition Coil Pack And Iridium Spark Plugs Compatible For Jeep Cherokee 2014-...,113.58,2025-11-20,,,WorthPoint
iridium,Hermes Fine Refill For Nautilus Fountain Pen Iridium Point 18-carat Gold Nib,350.0,2025-11-20,,,WorthPoint
iridium,"Conklin #4 Nib, Flawed Iridium To One Tine",55.99,2025-11-20,,,WorthPoint
iridium,Beautiful Vintage BUECHE GIROD MINKA Iridium Point Fountain Pen,29.95,2025-11-20,,,WorthPoint
iridium,Kershaw 2038 Iridium D2 Blade Self-defense Everyday Carry Budget High-end Knife,39.74,2025-11-19,,,WorthPoint
iridium,Iridium Point Germany Fountain Pen Silver Tone LNC,24.99,2025-11-19,,,WorthPoint
iridium,Monaggio Bamboo Fountain Calligraphy Pen With Case Luxury Wood Iridium Nib,29.95,2025-11-19,,,WorthPoint
iridium,"Nib Replacement: ESTERBROOK 9556, Durachrome, Firm Fine, Iridium Tip, NOS",35.0,2025-11-19,,,WorthPoint
iridium,"Stratford Regency Fountain Pen (3), IRIDIUM Nib, Green & Black VINTAGE LOT L@@K!",18.0,2025-11-19,,,WorthPoint
iridium,FOUNTAIN PEN NIB (M) ASSEMBLY-Germany Iridium Nib-Model E,6.99,2025-11-19,,,WorthPoint
iridium,1981 Mount Saint Helen‚Äôs Ashes Iridescent Blue & White Iridium‚Äôs Art Glass Vase,45.0,2025-11-19,,,WorthPoint
iridium,Vintage Onward Marbled Multi Color Fountain Pen - Patent Date 101042 Iridium Nib,10.5,2025-11-19,,,WorthPoint
iridium,Montblanc Brocade Silver Fountain Pen With Iridium Tip Germany,51.0,2025-11-19,,,WorthPoint
iridium,Pack Of 6 Duble Iridium 12622561 ILTR6E11 Spark Plugs For Buick All... Fast Ship,34.99,2025-11-18,,,WorthPoint
iridium,Motorevo FD503 Ignition Coils + 3403 Iridium Spark Plugs,104.0,2025-11-18,,,WorthPoint
iridium,Rare 1 Year Only Tyco Slot Car Bodies - Iridium Accele Racer/Hot Wheels #8 L@@K!,69.99,2025-11-18,,,WorthPoint
iridium,Sheaffer 71 Medium & West German Iridium Point Wood Fountain Pen With Box D3,29.95,2025-11-18,,,WorthPoint
iridium,Stipula Adagio Fountain Pen In Seagreen With Medium Iridium Point Nib,150.0,2025-11-18,,,WorthPoint
iridium,"Iridium Spark Plugs 8 Pack 4469 LFR5AIX11 Fit For 5.7 Ram 1500 2500 3500, Dodge",49.94,2025-11-18,,,WorthPoint
iridium,"Set Of 3 NGK 94201 Laser Iridium Spark-plugs For MINI 1.2, 1.5 & BMW 1.5, 3.0",43.9,2025-11-18,,,WorthPoint
iridium,"Kershaw 2038 Iridium DuraLock KVT Folding Knife, D2 Spear Point Blade #14",25.0,2025-11-17,,,WorthPoint
iridium,Iridium IX Spark Plugs 93911 4 Pack Fit Mercedes-Benz Dodge Mitsubishi Vehicles,43.7,2025-11-17,,,WorthPoint
iridium,ACDELCO GM Original Equip Iridium Spark Plug Chevrolet Buick GMC Cadillac 41-114,11.22,2025-11-17,,,WorthPoint
iridium,"Capella Green & Gold Fountain Pen ‚Äì Iridium Point Germany, Includes Case",21.0,2025-11-17,,,WorthPoint
iridium,Vintage Pen Lot MINKA IRIDIUM POINT SPEEDBALL ERO Fountain Pens NIBS USA Germany,20.5,2025-11-16,,,WorthPoint
iridium,"VTG German Iridium Tip Fountain Pen, Acrylic, NEVER FILLED OR USED",39.99,2025-11-16,,,WorthPoint
iridium,Canon Inc. Green Marble Gold Fountain Pen Iridium Point Germany Heavy 1oz+ USED,39.99,2025-11-16,28.35,1.41,WorthPoint
iridium,Montefiore Brown Marbled Color Iridium Point Fountain Pen W/ Gold Tone Accents,14.99,2025-11-16,,,WorthPoint
iridium,Kershaw Iridium Premium M390 Carbon Fiber Knife,150.0,2025-11-16,,,WorthPoint
iridium,Kershaw 2038 Iridium D2,36.0,2025-11-16,,,WorthPoint
iridium,Kershaw Mini Iridium 2051,36.0,2025-11-16,,,WorthPoint
iridium,Lot Of 10 Two Tone Medium Fountain Pen Nib Assembly- Iridium Germany-e,19.95,2025-11-15,,,WorthPoint
iridium,Hot Wheels Acceleracers 2005 Iridium McDonalds Silver Diecast Happy Meal Sealed,5.0,2025-11-15,,,WorthPoint
iridium,4 Pack NGK Iridium IX Spark Plugs 2013-2017 For Honda Accord L4-2.4L,56.77,2025-11-15,,,WorthPoint
iridium,Iridium Point Germany Black And Gold Piston Fountain Pen,18.43,2025-11-15,,,WorthPoint
iridium,"Scriveiner London Fountain Pen ‚Äì Gold Tone, Schmidt Iridium Point, W/ Box",34.79,2025-11-15,,,WorthPoint
iridium,6 Pack NGK Iridium IX Spark Plugs 2011-2014 For Ford Edge 3.7L 3.5L V6,29.77,2025-11-15,,,WorthPoint
iridium,Copper Stainless Steel Torx Screws For Kershaw 2038 Iridium DuraLock Knife,14.44,2025-11-14,,,WorthPoint
iridium,Kershaw Mini Iridium Dessert Warrior 2051DW Folding 3‚Äù Knife D2 Blade Brand New!,109.95,2025-11-14,,,WorthPoint
iridium,"""Team Associated RC10 """"Kinwald"""" Carbon Rear Shock Tower (Iridium) [ASC6751]""",29.74,2025-11-14,,,WorthPoint
iridium,Huashilai 3000 Luxury Brass Fountain Pen W/ Fine Iridium Nib & Diamine Ink,7.95,2025-11-13,,,WorthPoint
iridium,"Schneider Ceod Classic Fountain Pen M (Medium) Iridium Tip, Black Barrel, Eraser",12.73,2025-11-13,,,WorthPoint
iridium,Colibri Mickey Mouse Fountain/Ball Point Convertible Pen Set Iridium Pt.,9.99,2025-11-13,,,WorthPoint
iridium,5pcs 35 X 6mm Replace Fountain Pen Nibs 0.5mm Medium Fine Nib Iridium Tip Gold B,10.51,2025-11-13,,,WorthPoint
iridium,LRP Platinum/Iridium Standard Glow Plug (R3 - Medium/Hot) [LRP35031],9.99,2025-11-13,,,WorthPoint
iridium,#955 Gray GFN Kershaw 2038 Iridium D2 KVT Drop Point Duralock Knife,40.0,2025-11-13,955.0,0.04,WorthPoint
iridium,4 Pack NGK Iridium IX Spark Plugs 2005-2012 For Subaru Legacy 2.5L H4 2.5L,57.77,2025-11-12,,,WorthPoint
iridium,Breyer 2024 New Iridium Metal Elements Silver Harper Classic Horse,30.95,2025-11-12,,,WorthPoint
iridium,Hongdian 6016 Natural Wood Fountain Pen Iridium Fine Nib Writing Pen Metal,28.72,2025-11-12,,,WorthPoint
iridium,Warhammer 40k Tau Empire Bits XV8 Crisis Battlesuit Team Iridium Upgrade Set,17.99,2025-11-12,,,WorthPoint
iridium,"Hongdian T1 Titanium Fountain Pen, Iridium Extra Fine Soft Nib Chinese Knot C...",47.16,2025-11-11,,,WorthPoint
iridium,"Hot Wheels Acceleracers Lot W/ 3 Cards Spinebuster, Iridium Original Release",100.0,2025-11-11,,,WorthPoint
iridium,Kershaw Iridium 2038WMX Folding Pocket Knife,49.99,2025-11-11,,,WorthPoint
iridium,Set Of 6 Ignition Coil Pack UF648 And Iridium Spark Plug Compatible With Chry...,143.83,2025-11-10,,,WorthPoint
iridium,Breyer Classic Elements Series Complete Set Brandell Kai Terran Iridium Teak,175.0,2025-11-10,,,WorthPoint
iridium,Iridium Spark Plugs 6 Pack 94374 LTR6IX Fit For 2011-2020 Ford F150... Fast Ship,43.99,2025-11-10,,,WorthPoint
iridium,Kershaw Knives Iridium DuraLock 2038 KVT D2 Steel Knife NEW With Receipt Ôøº,34.96,2025-11-10,,,WorthPoint
iridium,Metal SIGN 12x18 Gas Station Iridium Spark Plugs Mechanic Garage Sign Wrench,78.4,2025-11-10,18.0,4.36,WorthPoint
iridium,Kershaw Mini Iridium 2051 D2 Stonewashed Blade Aluminum Handle,37.0,2025-11-09,,,WorthPoint
iridium,Kershaw Iridium Full Size Grey Duralock D2 Steel,35.0,2025-11-09,,,WorthPoint
iridium,MONTEVERDE BLACK TIE Deluxe Fountain Pen~ IRIDIUM POINT,25.49,2025-11-09,,,WorthPoint
iridium,A-Premium 4 Packs Iridium Spark Plugs Compatible With Toyota Coroll... Fast Ship,27.99,2025-11-09,,,WorthPoint
iridium,Kershaw 2038BLK Iridium D2 KVT Duralock Blackout Xlnt Condition Factory Edge,32.0,2025-11-09,,,WorthPoint
iridium,Kershaw Iridium DuraLock Bronze Aluminum Folding D2 Pocket Knife 2038BRZBW New,104.95,2025-11-08,,,WorthPoint
iridium,Vintage Iridium Point Fountain Pen Germany,8.88,2025-11-08,,,WorthPoint
iridium,6 Pack Double Iridium Spark Plug Replace 41-109 12622561 Fit For Chevrolet,46.7,2025-11-07,,,WorthPoint
iridium,4pcs Double Iridium Spark Plugs For Hyundai Kia Sonata Optima Tucson Sportage,40.79,2025-11-07,,,WorthPoint
iridium,Montefiore Blue Marbled Color Iridium Point Fountain Pen With Gold Tone Accents,13.99,2025-11-07,,,WorthPoint
iridium,FPR Darjeeling Fountain Pen Revolution W/ Iridium Germany Point Nib * Purple-Red,19.0,2025-11-07,,,WorthPoint
iridium,AUTHENTIC Iridium NEXT Launch-4 - SPACEX FALCON 9 USAF VAFB COMM SATELLITE Pin,9.99,2025-11-07,,,WorthPoint
iridium,Iridium Pellets To Use For Nib Repair.,99.0,2025-11-06,,,WorthPoint
iridium,Ngk Laser Iridium Spark Plug Dilkar7h11gs 96964 (4 Pack) Compatible With Tlx Ilx,32.99,2025-11-06,11.0,3.0,WorthPoint
iridium,Hot Wheels Silver Series AcceleRacers Iridium Rare üî• 1/5 NEW In Protector,13.37,2025-11-06,,,WorthPoint
iridium,Vintage Iridium Point Germany Nib Fountain Pen Black & Chrome Trim VG+,29.99,2025-11-06,,,WorthPoint
iridium,"""Vintage Iridium Tipped Ink Desk Fountain Pen USA 7.6"""" VG Lever Opaque Stem End""",6.0,2025-11-06,,,WorthPoint
iridium,Disney Mickey Mouse Fountain/Ball Point Convertible Set Iridium Pt. By Colibri,30.0,2025-11-06,,,WorthPoint
iridium,"Esterbrook Dollar Pen, Black, Two Hole Clip. Iridium Tip. Nib #3556. (s959)",59.0,2025-11-06,,,WorthPoint
iridium,Brand New ACDelco 41-993 Professional Iridium Spark Plug,19.14,2025-11-05,,,WorthPoint
iridium,ACDelco GM Original Equipment 41-162 (19417055) Iridium Spark Plug,42.5,2025-11-05,,,WorthPoint
iridium,Hongdian Elegant Black Fountain Pen - Iridium Extra Fine Nib & Velvet Gift Bag,25.99,2025-11-05,,,WorthPoint
iridium,.900-.100 PLATINUM IRIDIUM BAND! 2.1g TOTAL! GORGEOUS PIECE! MUST HAVE! NR#G1309,138.5,2025-11-05,2.1,65.95,WorthPoint
iridium,6 Pc NGK Laser Iridium Spark Plugs Compatible With Jeep Gladiator 3.6L V6 202...,181.48,2025-11-05,,,WorthPoint
iridium,"Vintage Unbranded Silvertone Fountain Tip Pen, Iridium Point W Germany, In Box",11.99,2025-11-05,,,WorthPoint
iridium,"Fountain Pen, Iridium Fine Tip, Unused, Excellent Writing Instrument",12.5,2025-11-05,,,WorthPoint
iridium,4 Marbled Pens 1 Iridium Point Germany Fountain Pen & 3 Marbled Ballpoint Pens,45.0,2025-11-04,,,WorthPoint
iridium,Iridium Metal 0.1 Gram 99.95% For Element Collection USA SHIPPING,39.0,2025-11-04,0.1,390.0,WorthPoint
iridium,Vintage Sengbusch 11 Gold Plated #16 Medium Iridium Tip Pen Points Origional Box,23.24,2025-11-04,11.0,2.11,WorthPoint
iridium,Mixed Lot Vintage DIP PEN Calligraphy Inkwell Pens Nibs Gold Iridium Bakelite,65.0,2025-11-04,,,WorthPoint
iridium,Vtg Promo Music Postcard IRIDIUM JAZZ CLUB NYC Les Paul McCoy Tyner Broadway,14.95,2025-11-03,,,WorthPoint
iridium,LABAN Iridium Fountain Pen Black & Gold BEAUTIFUL Ornate With Case & Papers,119.99,2025-11-03,,,WorthPoint
iridium,Iridium Spark Plugs 41-110 & Spark Plug Wires M8-48322 For Chevy 5.3 6.0L 6.2L,26.99,2025-11-03,,,WorthPoint
iridium,Autolite Iridium XP Spark Plugs Pack Of 4 Optimal Performance 100000 Miles,21.09,2025-11-03,,,WorthPoint
iridium,"Vintage Gridium Tipped Fountain Pen, Marbled Light Yellow/Ivory, Iridium Tipped",13.0,2025-11-02,,,WorthPoint
iridium,Vintage AIRBUS INDUSTRIE Sheaffer No Nonsense Fountain Pen Iridium Soft Nib USA,49.99,2025-11-02,,,WorthPoint
iridium,NASA Iridium 6th Launch Motorola Satellite Lapel Pin,16.99,2025-11-02,,,WorthPoint
iridium,"7397 Iridium Platinum Spark Plugs (8 Packs) Compatible With Chevrolet, Buick,...",45.27,2025-11-02,,,WorthPoint
iridium,AUTOart 1:18 Mercedes-Benz G500 4x4 Squared In Iridium Silver Metallic,249.99,2025-11-01,,,WorthPoint
iridium,NASA Iridium 3rd Launch Motorola Satellite Lapel Pin,16.99,2025-11-01,,,WorthPoint
iridium,NEW Kershaw Mini Iridium DuraLock Ice Blue Aluminum Folding D2 Pocket Knife 2051,36.0,2025-11-01,,,WorthPoint
iridium,"Hot Wheels 2025 Silver Series Acceleracers Iridium,sling Shot Etc. 5 Car Set New",30.0,2025-11-01,,,WorthPoint
iridium,BDFHYK Ignition Coils UF603 And Iridium Spark Plug 97390 Compatible With Hond,170.99,2025-10-31,,,WorthPoint
iridium,Upgraded 8x Ignition Coil Pack And 16x Iridium Spark Plug For 5.7L V8 HEMI Do...,213.72,2025-10-31,,,WorthPoint
iridium,"""Kershaw Mini Iridium Folding Knife 3"""" D2 Tool Steel Blade Black Aluminum Handle""",63.89,2025-10-31,,,WorthPoint
iridium,TENMIL - Los Angeles Diecast Club Mercedes Benz G500 4x4 - Iridium Silver,60.0,2025-10-31,,,WorthPoint
iridium,All Natural Iridium Nuggets From Colorado. 1g+ Up To 155g,102.5,2025-10-31,1.0,102.5,WorthPoint
iridium,Unkown Mini Fountain Pen In Sterling Silver Iridium Nib,60.0,2025-10-30,,,WorthPoint
iridium,4 Pc DENSO Iridium Power Spark Plugs Compatible With Toyota RAV4 2.5L L4 2009-20,76.01,2025-10-30,,,WorthPoint
iridium,AUTHENTIC Iridium NEXT Launch 9 - SPACEX FALCON 9 USAF VAFB COMM SATELLITE Pin,9.99,2025-10-30,,,WorthPoint
iridium,6 Pack NGK Iridium IX Spark Plugs 2011-2019 For Ford F-150 V6 3.5L,80.77,2025-10-30,,,WorthPoint
iridium,Iridium Sponge,21250.0,2025-10-30,,,WorthPoint
iridium,"""spacex Iridium-2 Vandenberg Afb F9 Mission Patch 3.95"""" Usa""",26.95,2025-10-29,,,WorthPoint
iridium,Hot Wheels Hw Race Rd03 Rd08 Iridium Battle Spec Lot Of 4,8.99,2025-10-29,,,WorthPoint
iridium,Iridium NEXT SPACEX FALCON 9 Thales Alenia Space Stickers Set Of 7 Plus Decal,14.99,2025-10-29,,,WorthPoint
iridium,Nice ACME Studio Orange Fountain Pen By Karim Rashid W/ Iridium Point Nib,99.95,2025-10-29,,,WorthPoint
iridium,Set Of 2 Breyer Classic Elements Series Horses Kai & Iridium - NEW!,50.0,2025-10-29,,,WorthPoint
iridium,(3764) BKR6EIX-11 Iridium IX Spark Plug (4 Pack),50.17,2025-10-28,,,WorthPoint
iridium,Authentic SPACEX Falcon 9 IRIDIUM ONEWEB EMPLOYEE Mission Patch,71.95,2025-10-28,,,WorthPoint
iridium,Original Sunglasses Oakley Straight Jacket Ii 04-329 White Chrome Red Iridium,11.5,2025-10-27,,,WorthPoint
iridium,Kershaw Iridium 2038 D2 Folding Knife,38.25,2025-10-27,,,WorthPoint
iridium,"Nib Replacement: CONKLIN ENDURA, Fine, 35.4 X 8.5mm,DAMAGED MissingIridiumTiping",57.0,2025-10-27,,,WorthPoint
iridium,"Gold & Brown Marbled Fountain Pen (P159), Iridium Tipped Nib",8.0,2025-10-27,,,WorthPoint
iridium,"VTG Seth Thomas Table Alarm Clock, Key Windup, Iridium, Glowing Hands, 482 CPM",27.3,2025-10-27,,,WorthPoint
iridium,Authentic Aireon Flight 9-Iridium NEXT-9-SPACEX Falcon-9 Launch-USSF-PATCH SET,21.95,2025-10-27,,,WorthPoint
iridium,1930s EVERSHARP Doric Gold & Maroon Shell Iridium Tip Nib Fountain Pen,135.1,2025-10-26,,,WorthPoint
iridium,6 Pc NGK Iridium IX Spark Plugs Compatible With Honda Odyssey 3.5L ... Fast Ship,95.99,2025-10-26,,,WorthPoint
iridium,"""Vintage Wearever Fountain Pen 5.25"""" Gold Black Iridium Tipped Nib""",9.99,2025-10-26,,,WorthPoint
iridium,Hot Wheels Acceleracers Iridium 4 Of 9 NIP VHTF,49.99,2025-10-26,,,WorthPoint
iridium,German FOUNTAIN PEN ENAMEL Iridium Point CONVERTER,39.0,2025-10-26,,,WorthPoint
iridium,Los Angeles Diecast Club - TENMIL - Mercedes Benz G500 4x4 - Iridium Silver,60.0,2025-10-26,,,WorthPoint
iridium,Antique Collectible Fountain Pen CHARLES CHEVIGNON 1957 Brown Iridium Point,60.0,2025-10-25,,,WorthPoint
iridium,LRP Platinum/Iridium Standard Glow Plug (R5 - Medium/Cold) [LRP35051],13.99,2025-10-25,,,WorthPoint
iridium,Iridium-8 (SpaceX) Holographic STICKER Die-Cut Vinyl Decal,10.43,2025-10-25,,,WorthPoint
iridium,4 Pack NGK Iridium IX Spark Plugs 2007-2009 For Mazda CX-7 L4 2.3L,56.77,2025-10-25,,,WorthPoint
iridium,"Vintage Unbranded Fountain Pen Jumbo Vacuum Fill, Iridium Nib",70.0,2025-10-24,,,WorthPoint
iridium,"Nib Replacement: ESTERBROOK 9788 Durachrome Flexible Medium, Iridium Tip, NOS",46.0,2025-10-24,,,WorthPoint
iridium,Vintage Jaguar Gold Faceted Roller & Fountain Pen Set Iridium Point German Made,74.99,2025-10-24,,,WorthPoint
iridium,Kershaw Iridium DuraLock D2 Black Anodized Aluminum Folding Knife 2038BLK,40.0,2025-10-24,,,WorthPoint
iridium,Mattel 2004 HOT WHEELS ACCELERACERS SILENCERZ IRIDIUM 4 OF 9,49.9,2025-10-24,,,WorthPoint
iridium,Set Of 4 Ignition Coil Pack And Iridium Spark Plugs Compatible With Hyundai V...,73.78,2025-10-23,,,WorthPoint
iridium,SCITOO 3 Ignition Coils & 3 Iridium Spark Plugs Set For Smart Fortwo 2006-2015,94.48,2025-10-23,,,WorthPoint
iridium,LRP Platinum/Iridium Standard Glow Plug (R6 - Cold) LRP35061,12.49,2025-10-23,,,WorthPoint
iridium,Kershaw Iridium D2 Blade,41.0,2025-10-23,,,WorthPoint
iridium,Pure 99.9% Iridium Metal Five Gram (5.07 Grams) Super Rare Platinum Group,955.0,2025-10-22,5.07,188.36,WorthPoint
iridium,Hot Wheels Acceleracers SIlencerz Iridium 4 Of 9 G8119,44.44,2025-10-22,9.0,4.94,WorthPoint
iridium,Jeff Beck - Iridium World Tour Poster 2009 - Proof -silkscreen - Richard Biffle,74.99,2025-10-22,,,WorthPoint
iridium,41-110 Iridium Spark Plugs & M8-48322 Spark Plug Wires For Chevy Tahoe Colorado,45.99,2025-10-22,,,WorthPoint
iridium,1/18 2008 GT Spirit Mercedes Benz C63 AMG In Rare Iridium Silver,199.0,2025-10-21,2008.0,0.1,WorthPoint
iridium,4 Pack NGK Iridium IX Spark Plugs 2005-2015 For Toyota Tacoma 2.7L L4,56.77,2025-10-21,,,WorthPoint
iridium,"Kershaw Knife Bundle-Iridium, Natrix CF, Natrix SW, LoneRock, Thistle & Highball",169.0,2025-10-21,,,WorthPoint
iridium,Iridium IX Spark Plugs Compatible With Chevrolet Silverado 1500 5.3L 6.2L V8 ...,102.57,2025-10-21,,,WorthPoint
iridium,Kershaw Mini Iridium Knife DuraLock D2 Blacked Out,49.0,2025-10-20,,,WorthPoint
iridium,~NEW Kershaw Knives Iridium DuraLock 2038 Gray Aluminum D2 Steel Pocket Knife~,49.95,2025-10-20,2038.0,0.02,WorthPoint
iridium,Large Mabie Todd NY #5 Fountain Pen 14KT Nib ~ No Flex ~ Good Iridium ~ Fine,75.28,2025-10-20,,,WorthPoint
iridium,4-pack AutoLite Iridium XP Spark Plugs - XP5701,25.0,2025-10-20,,,WorthPoint
iridium,"Iridium Platinum Spark Plugs Compatible With Hyundai Sonata 2011-2017, Santa ...",37.38,2025-10-20,,,WorthPoint
iridium,Vtg LABAN Celebration Green Marbled Fountain Pen In Original Box *Iridium-M-nib,59.0,2025-10-20,,,WorthPoint
iridium,MARQUIS By Waterford ARISTA PRISM Purple Fountain Pen *Iridium Germany Point Nib,39.0,2025-10-20,,,WorthPoint
iridium,6 Pack NGK Iridium IX Spark Plugs 2001-2006 For BMW 325i 2.5L L6,80.77,2025-10-20,,,WorthPoint
iridium,Kershaw Iridium 2038,33.0,2025-10-20,,,WorthPoint
iridium,"""Kershaw Iridium DuraLock Black 3.5"""" D2 Knife Aluminum Handle Folding Knife 2038R""",34.0,2025-10-19,,,WorthPoint
iridium,Hot Wheels Iridium Accelerators McDonald's Happy Meal Toy Silver 1/64 Diecast,7.45,2025-10-19,,,WorthPoint
iridium,"93175,LKR7DIX11S Spark Plug,KAX Double Iridium Spark Plugs 4 Pack Fit For Civic,",42.37,2025-10-19,,,WorthPoint
iridium,Kershaw Iridium Bronze Reverse Tanto D2 Duralock Knife 2038RBRZBW Blackwash,119.95,2025-10-19,,,WorthPoint
iridium,Wingback Pocket Fountain Pen Black Steel Fine Iridium Tipped Nib Silver NWOT,115.0,2025-10-18,,,WorthPoint
iridium,Kershaw IRIDIUM - BLACK MODEL 2038BLK + Kershaw CINDER MODEL 1025x NEW,47.0,2025-10-18,,,WorthPoint
iridium,Philtop Double Iridium Spark Plug Replacement For Mini Cooper And Countryman,26.49,2025-10-18,,,WorthPoint
iridium,Copper Titanium Pocket Clip W/Stainless Screws For Kershaw 2038 Iridium Knife,28.04,2025-10-18,,,WorthPoint
iridium,Conklin MARK TWAIN Signature Rose Aurora Fountain Pen W/ Iridium Nib Display Box,59.0,2025-10-18,,,WorthPoint
iridium,Kershaw Iridium Reverse Tanto Black Aluminum + Leatherman Style CS Discontinued,56.0,2025-10-17,,,WorthPoint
iridium,Vintage Fountain Pen E. Faber Lever Fill Black Orange Ring Broad Iridium Nib,18.5,2025-10-17,,,WorthPoint
iridium,Vintage Fountain Pen Merit Orange Gray Marble Flexible Iridium Nib Lever Fill,24.99,2025-10-17,,,WorthPoint
iridium,"""Kershaw Iridium Folding Knife 3.5"""" D2 Blade Gray Aluminum 2038 Broken Tip""",18.95,2025-10-17,,,WorthPoint
iridium,"Iridium Germany Fountain Pen And Mechanical Pencil Set, 3 Pcs",19.2,2025-10-17,,,WorthPoint
iridium,"Iridium Point Germany Fountain Pens, Vintage, 2 Pcs",36.0,2025-10-17,,,WorthPoint
iridium,Black Wing Sung 629 Fountain Pen Iridium Nib F/0.5mm Office Writing Gift,31.65,2025-10-17,,,WorthPoint
iridium,Red Jinhao 100 Skeleton Fountain Pen W/gold Plated Fine Iridium Nib & Ink,10.25,2025-10-16,,,WorthPoint
iridium,41-110 Iridium Spark Plugs & 48322 Spark Plug Wires For Chevy 5.3 6.0 6.2L,45.97,2025-10-16,,,WorthPoint
iridium,Montblanc Iridium Point W-Germany M Fountain Pen,92.0,2025-10-16,,,WorthPoint
iridium,Spark Plug Wires M8-48322 & 41-110 Iridium Spark Plugs Fits 5.3 6.0L 6.2L Chevy,45.97,2025-10-16,,,WorthPoint
iridium,Hot Wheels Silver Series ACCELERACERS - IRIDIUM,8.99,2025-10-16,,,WorthPoint
iridium,Iridium Metal .9995 1 Gram Bar Bullion Or Element Collection USA SHIPPING,355.0,2025-10-16,1.0,355.0,WorthPoint
iridium,Vtg Wearever Piston Fill Fountain Pen Pearlized Finish Celluloid? Iridium Nib,10.5,2025-10-15,,,WorthPoint
iridium,Ngk Laser Iridium Spark Plugs 6 Pack Dilzkr7b11g Compatible With Honda V6,137.9,2025-10-15,11.0,12.54,WorthPoint
iridium,Kershaw Iridium Folding Pocket Knife (2038),30.0,2025-10-15,,,WorthPoint
iridium,Minka Iridium Point Black Fountain Pen,7.99,2025-10-15,,,WorthPoint
iridium,Vtg. Green Marble Dolphin Ore Ltd. Mini Fountain Pen-iridium Point Nib Germany,14.95,2025-10-15,,,WorthPoint
iridium,"Pack Of 8 Single Iridium 3186 19256067 3013 Spark Plugs For GMC Yukon Sierra,Che",34.21,2025-10-14,,,WorthPoint
iridium,+ Hot Wheels Cartoon Network AcceleRacers Silencerz Iridium 4 Of 9 G8119,42.0,2025-10-14,9.0,4.67,WorthPoint
iridium,1/18 Gt Spirit Mercedes Benz C63 AMG ( W204 ) - Iridium Silver GT462 Limited,189.95,2025-10-13,18.0,10.55,WorthPoint
iridium,Kershaw Iridium D2 Duralock Knife + Leatherman Rev USA Made Multitool EDC Combo,59.99,2025-10-13,,,WorthPoint
iridium,Complete Pack Of 6 APM Set Of 4 Ignition Coil Pack (2-pin) And Iridium,93.7,2025-10-13,,,WorthPoint
iridium,LRP Platinum/Iridium Standard Glow Plug (R3 - Medium/Hot) LRP35030 OS,10.0,2025-10-13,,,WorthPoint
iridium,"BDFHYK Iridium Spark Plugs 2309 Compatible With Mitsubishi Lancer, Compatible",20.0,2025-10-13,,,WorthPoint
iridium,Vintage Morriset Dip Pen. Fine Iridium Tip Nib. All Excellent.,12.95,2025-10-13,,,WorthPoint
iridium,"Vintage Tropen Germany Fountain Pen With Iridium Nichroma Nip, Working",5.5,2025-10-12,,,WorthPoint
iridium,12 SpaceX Employee Patch Lot Serialized Falcon 9 Heavy CRS Iridium Telstar RARE,83.0,2025-10-12,,,WorthPoint
iridium,Without Tags Oakley OO9208-7238 Mens Radar Ev Path Non-Polarized Iridium Shield,36.0,2025-10-12,,,WorthPoint
iridium,Original Vintage First Ever Michael Jordan Oakley Poster Iridium Vs Air 24x36,51.0,2025-10-12,,,WorthPoint
iridium,41-110 Iridium Spark Plugs And 48322 Spark Plug Wires Fit For 5.3 6.0L 6 Chevy,45.99,2025-10-12,,,WorthPoint
iridium,NEW Lancaster Fountain Pen Made In Italy Iridium Point Germany NIB Gold/Brown,29.99,2025-10-12,,,WorthPoint
iridium,Charlie Watts Stones Drummer 2012 The Iridium Jazz Club New York Used Ticket,17.25,2025-10-11,,,WorthPoint
iridium,Ignition Coils DG549 UF646 Iridium Spark Plugs For 2011-2017 Ford F150 3.5L V6,209.5,2025-10-11,,,WorthPoint
iridium,Kershaw 2051 Mini Iridium Folding Pocket Knife DuraLock Ice Blue NEW,49.95,2025-10-11,,,WorthPoint
iridium,Classic Fountain Pen Iridium Point Germany Wood Look Gold/Silver Tip,45.5,2025-10-11,,,WorthPoint
iridium,Kershaw Mini Iridium Folding Knife CPM S35VN Steel Blade Titanium Handle 2051TI,129.99,2025-10-11,,,WorthPoint
iridium,New 2025 Hot Wheels Silver Series AcceleRacers-IRIDIUM- #1/5 - A Rare Find!,5.49,2025-10-11,,,WorthPoint
iridium,NEW 2004 Hot Wheels Acceleracers Iridium Silencez RARE ‚Ä¢ # 4/9,104.99,2025-10-10,,,WorthPoint
iridium,Sunglasses Oakley New Straight Jacket 04-332 Ice Iridium Made In U.s.a. Rare,149.99,2025-10-09,,,WorthPoint
iridium,Platinum (10% Iridium) And Diamond Engagement Type Ring.,977.5,2025-10-09,,,WorthPoint
iridium,Vintage PM Luft Fountain Pen Ballpoint Pen Set Iridium Gold Nib Germany,17.95,2025-10-08,,,WorthPoint
iridium,Super Bowl LII 52 Champions Hat Phil Eagles New Era 9Forty Iridium Brim Cap,14.99,2025-10-08,,,WorthPoint
iridium,"Vintage Iridium Point Germany Wood Tone, Black & Gold Fountain Pen",6.99,2025-10-08,,,WorthPoint
iridium,Kershaw Leek USA Made Pocket Knife + Kershaw Iridium D2 Duralock EDC Combo,79.99,2025-10-07,,,WorthPoint
iridium,Ignition Coil Pack Of 4 With Iridium Spark Plug Compatible With Toyota Prius ...,71.45,2025-10-07,,,WorthPoint
iridium,Senator Iridium Point Fountain Pen M (Germany) Green/Black,49.98,2025-10-07,,,WorthPoint
iridium,Breyer Iridium Classic Elements Series Metal Free Shipping,24.99,2025-10-07,,,WorthPoint
iridium,Set Of 6 Ignition Coil Pack Iridium Spark Plug 3.5 EcoBoost V6 Compatible With F,204.79,2025-10-07,,,WorthPoint
iridium,Fountain Pen Westminster Cathedral W/ Iridium Nib Point Germany Gold Trim VTG,33.99,2025-10-07,,,WorthPoint
iridium,"""Kershaw Iridium 2038 DuraLock Knife Gray Aluminum (3.5"""" Satin D2)""",45.0,2025-10-07,,,WorthPoint
iridium,LABAN Iridium Fountain Pen & Roller Ball Set Black & Silver 3D Barrel Broad Nib,132.99,2025-10-06,,,WorthPoint
iridium,Kershaw 2038R Iridium Reverse Tanto Folding Pocket Knife NEW,49.95,2025-10-06,,,WorthPoint
iridium,RETRO 51 Tornado Acrylic Pink Fountain Pen W Schmidt Iridium-B Nib Point New Old,89.0,2025-10-06,,,WorthPoint
iridium,New Kershaw Iridium DuraLock Black 2038BLK,63.25,2025-10-05,,,WorthPoint
iridium,Vintage Fountain Pen With 18K GP Iridium Point,75.0,2025-10-05,,,WorthPoint
iridium,Hand Made 6061 Aircraft Grade Aluminum Fountain Pen #6 German Iridium Nib,23.99,2025-10-05,6.0,4.0,WorthPoint
iridium,Hot Wheels 2025 SILVER SERIES Acceleracers Iridium ü©∂ü©∂,6.99,2025-10-05,,,WorthPoint
iridium,3rd LAUNCH IRIDIUM SATELLITE BY LONG MARCH 2C 1998 CHINA SPACE COVER,5.5,2025-10-05,,,WorthPoint
iridium,DR WHO 2017 SPACE IRIDIUM NEXT LAUNCH W11969,11.5,2025-10-04,,,WorthPoint
iridium,Vintage Reform 1745 Green & Black Fountain Pen Iridium Point Piston Filler,30.0,2025-10-04,1745.0,0.02,WorthPoint
iridium,Vtg Motorola Vandenberg Air Force Base Iridium T-Shirt MS-9 Logo 2-Sided Tee L,39.99,2025-10-04,,,WorthPoint
iridium,"Kershaw Iridium D2, SOG Terminus XR S35VN, Cold Steel Engage AUS10A",140.0,2025-10-04,,,WorthPoint
iridium,Oakley Half Jacket 1.0 Black & Red Burgundy Frame Fire Iridium Lens Gen 1 RARE,100.0,2025-10-03,,,WorthPoint
iridium,Vintage Chrome Art Fountain Pen Iridium Point Nib Made In Germany,69.95,2025-10-03,,,WorthPoint
iridium,"""NEW Kershaw Iridium RT Folding Knife - 2038R - 3.5"""" D2 Tool Carbon Steel""",49.95,2025-10-03,,,WorthPoint
iridium,2007 Hot Wheels #115 Track Stars 7/12 IRIDIUM Blue Variant W/Chrome 5Spoke-Varia,9.75,2025-10-03,,,WorthPoint
iridium,"HERO FOUNTAIN PEN 329 NOS BLACK, Iridium Tip Nib",7.5,2025-10-02,,,WorthPoint
iridium,Motorola Iridium 9500 Satellite Phone MS1-10 W/ Charger,102.5,2025-10-02,,,WorthPoint
iridium,Lot Of 6 Six Vintage Iridium Point Fountain Pens Made In Germany No Reserve,38.0,2025-10-02,,,WorthPoint
iridium,12.4 Grams Platinum Iridium Rings Watch Case Jewelry Lot Wear Scrap,524.99,2025-10-02,12.4,42.34,WorthPoint
iridium,"Hot Wheels 07 Iridium Track Star, Orange Malaysia,Asphalt Jungle Deora",5.92,2025-10-01,,,WorthPoint
iridium,Messmer Art 4000 Fountain Pen Gunmetal Black GT Medium GP Iridium Pt Nib Germany,24.0,2025-10-01,,,WorthPoint
iridium,Vintage Fountain Pen Iridium Point Germany Faux Stag Antler Look,9.99,2025-09-30,,,WorthPoint
iridium,Vintage Iridium Point Germany Wood Fountain Pen,9.99,2025-09-30,,,WorthPoint
iridium,LRP Nitro Glow Plug Platinum Iridium Plug 6T #35160 Turbo Medium OS,9.0,2025-09-30,,,WorthPoint
iridium,Kershaw Blade HQ Exclusive Dessert Warrior Mini Iridium - Pink Aluminum Blue NEW,94.36,2025-09-29,,,WorthPoint
iridium,"""Breyer Classic Harper """"Iridium"""" Elements Series 2024 New In Box""",14.99,2025-09-29,,,WorthPoint
iridium,Dale Jarrett Signed Mini Helmet Autographed Autolite Iridium Xp Spark Plugs,25.0,2025-09-29,,,WorthPoint
iridium,Kershaw Mini Iridium DuraLock Gray Titanium Folding S35VN Pocket Knife 2051TI,125.0,2025-09-29,,,WorthPoint
iridium,Hot Wheels Silver Series Acceleracers Cars Set/5 Iridium Sling Shot Revert RD-09,49.0,2025-09-28,,,WorthPoint
iridium,ALMOST REAL 2016 Mercedes Maybach S Class Iridium Silver 1:18*Brand New! *NICE!,155.61,2025-09-28,,,WorthPoint
iridium,"""Kershaw Iridium DuraLock Knife Gray Aluminum (3.5"""" Satin D2) 2038""",36.0,2025-09-28,,,WorthPoint
iridium,Kershaw Iridium Reverse Tanto DuraLock Knife Black Used,34.33,2025-09-28,,,WorthPoint
iridium,"""Kershaw Iridium DuraLock 3.5"""" D2 Black Anodized Aluminum Folding Knife 2038BLK""",60.0,2025-09-27,,,WorthPoint
iridium,Gorgeous Decorative Matte Silver Color Fountain Pen W/ Iridium Point Nib Germany,22.5,2025-09-26,,,WorthPoint
iridium,Monteverde Invinvcia Germany Black Tie Fountain Pen With Iridium Point M In Box,69.99,2025-09-26,,,WorthPoint
iridium,Vintage Banker Clip Fountain Pen Iridium Nib,11.75,2025-09-26,,,WorthPoint
iridium,Authentic IRIDIUM-1 - SPACEX FALCON 9 Launch VAFB SATELLITE Mission PATCH,9.95,2025-09-26,,,WorthPoint
iridium,Vintage Sheaffer Fountain Pen And Pencil In Box White Dot Gold Nib Iridium Point,34.99,2025-09-26,,,WorthPoint
iridium,RARE HISTORIC Native Iridium Platinum-Group Crystals COLOMBIA - Ex. Sherk,160.5,2025-09-26,,,WorthPoint
iridium,8 X Iridium Spark Plugs For Ford 4.6 5.4L V8 Sp1002,89.99,2025-09-26,,,WorthPoint
iridium,Hot Wheels 2004 ACCELERACERS Silencerz IRIDIUM 4 Of 9,90.0,2025-09-25,,,WorthPoint
iridium,Kershaw Iridium 2038r And 2051r,85.0,2025-09-25,,,WorthPoint
iridium,Vintage First Ever Michael Jordan Oakley Collaboration Poster Iridium Vs Air.,150.0,2025-09-23,,,WorthPoint
iridium,Vintage Schmidt Iridium Point Fountain Pen W/ Blue Barrel & Gold Nib,49.0,2025-09-23,,,WorthPoint
iridium,"Iridium Spark Plug OE12621258 41 110 - Pack Of 8, For Chevy GMC Cadillac Buic...",50.1,2025-09-23,,,WorthPoint
iridium,Iridium Point Fountain Pen Vintage Green Gray Marbled Look,8.0,2025-09-23,,,WorthPoint
iridium,"Kershaw Black Iridium Folding Pocket Knife, Sleek 3.4 Inch D2 Steel Blade,",66.43,2025-09-22,,,WorthPoint
iridium,8 Pc NGK Laser Iridium Spark Plugs Compatible With Toyota Tundra 4.6L 5.7L V8...,143.99,2025-09-22,,,WorthPoint
iridium,"""Kershaw Iridium 2038BLK DuraLock Knife Aluminum (3.5"""" Satin D2) Factory Second""",36.0,2025-09-22,,,WorthPoint
iridium,Vintage Wearever Fountain Pen - Iridium Tip,13.5,2025-09-21,,,WorthPoint
iridium,6 Pc NGK Iridium IX Spark Plugs Compatible With Ford F-150 3.5L V6 ... Fast Ship,92.99,2025-09-21,,,WorthPoint
iridium,"Kershaw Iridium Folding Pocket Knife, 3.4 Inch D2 Steel Blade",43.99,2025-09-21,,,WorthPoint
iridium,Kershaw Iridium Reverse Tanto 2038RX,60.0,2025-09-21,,,WorthPoint
iridium,Hot Wheels Acceleracers - Silencerz - Iridium - #4-9,43.0,2025-09-21,,,WorthPoint
iridium,"""Kershaw Iridium 2038R Reverse Tanto DuraLock Knife Black Aluminum (3.5"""" SW D2)""",42.0,2025-09-21,,,WorthPoint
iridium,Hot Wheels - 2025 SILVER SERIES - ACCELERACERS - IRIDIUM,7.99,2025-09-20,,,WorthPoint
iridium,Belmont Fountain Pen Duo-Tip Iridium 14k Gold Plated #6 Red/Brown Marble,24.99,2025-09-20,,,WorthPoint
iridium,6 Pc Champion Iridium Spark Plugs Compatible With Jeep Wrangler 4.0L 4.2L L6 ...,99.84,2025-09-19,,,WorthPoint
iridium,Sets Of 4 UF549 Ignition Coil Pack And 9029 Iridium Spark Plugs Compatible Wi,64.99,2025-09-19,,,WorthPoint
iridium,"93175 LKR7DIX-11S Spark Plugs 6PCS Duble Iridium For Honda Accord Civic,Dodge",27.99,2025-09-18,,,WorthPoint
iridium,VINTAGE SUNGLASSES OAKLEY NEW STRAIGHT JACKET CANNON RED - Red Iridium Lens,91.0,2025-09-18,,,WorthPoint
iridium,Oakley Minute Gen 1 Vintage Sunglasses FMJ Gunmetal Emerald Iridium 1990's,149.97,2025-09-18,,,WorthPoint
iridium,Toyota OEM Spark Plugs SC16HR11 IRIDIUM 90919-01275 Qty. 4,24.5,2025-09-18,,,WorthPoint
iridium,Reform 1745 Fountain Pen Resin Body Iridium Point Vintage Piston Filler,25.0,2025-09-17,,,WorthPoint
iridium,Kershaw Iridium 2038RCF Folding Knife,142.5,2025-09-17,,,WorthPoint
iridium,Esterbrook Camden Silver Fountain Pen Iridium Nib W/ Leather Pouch,55.0,2025-09-17,,,WorthPoint
iridium,Kershaw Iridium Dessert Warrior Knife & Blade Hq Dw Knife Shop Mat + D W Dice,160.0,2025-09-17,,,WorthPoint
iridium,Set Of 4 UF333 Ignition Coil Packs & Iridium Spark Plugs 7092 Compatible With 20,65.68,2025-09-17,,,WorthPoint
iridium,Wood & Silver Tone Filigree Iridium Point Fountain Pen & Twist Ball Pen Set,11.11,2025-09-17,,,WorthPoint
iridium,Vintage Lot 2 Iridium Point Germany Marbled Fountain Pen Multicolor No Ink,31.42,2025-09-17,,,WorthPoint
iridium,Fountain Pen Signed Iridium Point 18k Gp. On Nib Yello Marble Black & Gold Tone,20.5,2025-09-17,,,WorthPoint
iridium,Platinum Resin Fountain Pen 10 Years Iridium Extra Fine Nib Unrestored,45.0,2025-09-17,,,WorthPoint
iridium,0.5mm Iridium Fine F Nib Vintage Jinhao X159 Ink Fountain Pen Acrylic Screw Cap,13.01,2025-09-17,,,WorthPoint
iridium,Vtg LABAN Celebration Oyster Blue Fountain Pen In Original Box *Iridium-M-nib,69.0,2025-09-17,,,WorthPoint
iridium,ARTISTICA Ricco Deruta Porcelain & Metal Fountain Pen Genius Iridium Nib Germany,27.0,2025-09-17,,,WorthPoint
iridium,Kershaw Iridium Folding Knife - Free Shipping,59.95,2025-09-17,,,WorthPoint
iridium,"""Kershaw Iridium D2 3.5"""" 2038 Pocket Knife""",42.99,2025-09-16,,,WorthPoint
iridium,"Art Ensemble Of Chicago - Non-cognitive Aspects Of The City, Live At Iridium - 2",10.5,2025-09-16,,,WorthPoint
iridium,41-110 Iridium Spark Plugs & Spark Plug Wires M8-48322 For Chevy 5.3 6.0L 6.2L,45.97,2025-09-16,,,WorthPoint
iridium,Anthony Braxton - 9 Compositions (iridium) 2006,60.0,2025-09-16,,,WorthPoint
iridium,Rare! Vintage Oakley Minute Sunglasses 04-008PCarbon/Black Iridium Polarized USA,248.99,2025-09-16,,,WorthPoint
iridium,Hot Wheels Silver Series AcceleRacers Iridium Rare üî• 1/5,15.0,2025-09-16,,,WorthPoint
iridium,Kershaw Iridium 2038 D2 Pocket Knife,41.0,2025-09-16,,,WorthPoint
iridium,Eversharp Symphony Burgundy Fountain Pen/ Pencil Set Iridium Medium Nib FP15,22.0,2025-09-15,,,WorthPoint
iridium,Kershaw Iridium DuraLock Knife Bronze Aluminum Reverse Tanto)- BladeHQ Exclusive,120.0,2025-09-15,,,WorthPoint
iridium,"Hot Wheels ACCELERACERS SET (B) SLING SHOT,REVERT,IRIDIUM,NEW IN PACKAGE VHTF!!!",21.5,2025-09-15,,,WorthPoint
iridium,Warhammer 40k T'au Empire XV8 Crisis Battlesuit W/Dual Fusion Blaster Or Iridium,29.95,2025-09-14,,,WorthPoint
iridium,Kershaw Blade HQ Exclusive Iridium - Bronze Ano Aluminum - Black Stonewashed D2,110.0,2025-09-14,,,WorthPoint
iridium,Antique Fountain Pen. Green Marble. Iridium Tipped. Unbranded.,15.0,2025-09-13,,,WorthPoint
iridium,"Vintage *7 FOUNTAIN PEN LOT* Sheaffer Lady Skripsert, Welsharp, Iridium Point",43.0,2025-09-13,,,WorthPoint
iridium,Hot Wheels Acceleracers - Silencerz/Stripped Metal Series - Iridium,81.0,2025-09-13,,,WorthPoint
iridium,Y2k Oakley Monsterdog Sunglasses; Crystal Black/ Mirror Iridium,205.0,2025-09-13,,,WorthPoint
iridium,Stipula Fountain Pen Limited #X/351 V-flex Iridium NIB Size 2 ST62044 Purple,499.0,2025-09-13,,,WorthPoint
iridium,8Pcs Iridium Spark Plugs 41-962 & Spark Plug Wires Set 9748HH Compa... Fast Ship,47.99,2025-09-13,,,WorthPoint
iridium,üêä 45g Gold Silver Platinum Iridium In Quartz Raw Natural Ore Rock Usa,25.0,2025-09-12,45.0,0.56,WorthPoint
iridium,Vintage 30's/40's White Shell Welsharp Iridium 14K Gold Plated Nib Fountain Pen,20.0,2025-09-12,,,WorthPoint
iridium,"2025 Hot Wheels Silver Series Acceleracers Iridium, Sling Shot COMPLETE SET OF 5",49.99,2025-09-12,,,WorthPoint
iridium,Hot Wheels Acceleracers Iridium LOOSE MINT 1/64,45.0,2025-09-11,,,WorthPoint
iridium,NGK (9723) SILZKR7B11 Laser Iridium Spark Plug - Pack Of 4,75.99,2025-09-11,,,WorthPoint
iridium,Kershaw Iridium Carbon Fiber M390 Spear Point Blade 2038CFM390 Limited Edition,209.99,2025-09-11,,,WorthPoint
iridium,4 Pc NGK Iridium IX Spark Plugs Compatible With Honda Accord 2.0L 2.4L L4 2013-2,80.28,2025-09-11,,,WorthPoint
iridium,Monaggio Wood Fountain Pen Gift Set Iridium Germany W/ Case Classic Gift Box,24.99,2025-09-10,,,WorthPoint
iridium,"Denso (3426) FK20HR-11 Iridium Long Life Spark Plug, Pack Of 6",60.0,2025-09-10,,,WorthPoint
iridium,#265 Black Aluminum Kershaw 2038R Iridium D2 KVT Reverse Tanto Duralock Knife,40.0,2025-09-10,,,WorthPoint
iridium,2004 Hot Wheels Acceleracers Silencerz Iridium 4 Of 9,59.99,2025-09-10,,,WorthPoint
iridium,8Pcs Iridium & Platinum Spark Plugs For Chevrolet Silverado GMC Sierra 5.3L,60.99,2025-09-10,,,WorthPoint
iridium,"Iridium Platinum Spark Plugs Compatible With Ford F-150, F-250/350 Super",50.36,2025-09-10,,,WorthPoint
iridium,SpaceX Falcon 9 Iridium NEXT USAF 30 SW Mission Patch 5‚Äù X 3‚Äù Rectangle,9.95,2025-09-10,,,WorthPoint
iridium,Iridium Phone Model 9505A,250.0,2025-09-09,,,WorthPoint
iridium,2005 Hot Wheels AcceleRacers Silenderz Iridium Stripped Metal Series,100.0,2025-09-09,,,WorthPoint
iridium,Hot Wheels Acceleracers Silver Series Iridium Single,17.0,2025-09-09,,,WorthPoint
iridium,Hot Wheels Acceleracers Silver Series Iridium,9.0,2025-09-09,,,WorthPoint
iridium,Hot Wheels Silver Series AcceleRacers Set/Lot Iridium + Hollowback NO REVERT X4,34.99,2025-09-09,,,WorthPoint
iridium,NGK 6994 IZFR6K-11 Laser Iridium Spark Plugs - Set Of 6,55.99,2025-09-09,,,WorthPoint
iridium,"Hartcourt Fountain Pen Lot (5), Iridium Tip, Gold, Silver, Bronze Colored - Used",15.0,2025-09-09,,,WorthPoint
iridium,"Iridium XP Automotive Replacement Spark Plugs, (4 Pack)",35.99,2025-09-08,,,WorthPoint
iridium,"""Kershaw Iridium Folding Knife 3.5"""" D2 Steel Blade Gray Aluminum Handle 2038""",36.0,2025-09-08,,,WorthPoint
iridium,"Iridium 1 Gram, 99.98%, Arc Melted Pellet Produced By SMT Of Austria",265.0,2025-09-08,1.0,265.0,WorthPoint
iridium,Iridium Spark Plug 16pcs Replace Chrysler Dodge Jeep Ram 4.7L 5.7L 6.4L V8,95.24,2025-09-08,,,WorthPoint
iridium,Vintage Tourneau MMXV Iridium Point Fountain Pen - Light Blue Marble Resin,39.99,2025-09-08,,,WorthPoint
iridium,GT Spirit 1:18 Mercedes-Benz C63 AMG (W204) In Iridium Silver Metallic (GT462),179.99,2025-09-08,,,WorthPoint
iridium,Rock Candy Funk Party ‚Äì Takes New York Live At The Iridium - 2 Cd Set,9.99,2025-09-07,,,WorthPoint
iridium,Kershaw 2051 Mini Iridium Knife D2 Stonewashed Ice Blue Aluminum Duralock,43.0,2025-09-07,,,WorthPoint
iridium,"Marbled Brown & Red Fountain Pen ‚Äì Iridium Point Germany, Gold Trim, Vintage",38.5,2025-09-07,,,WorthPoint
iridium,Rare Less Common Vintage 05 1 Year Only Tyco 440x2 Slot Car Iridium Accele Racer,60.0,2025-09-07,,,WorthPoint
iridium,Silver Tone Fountain Pen & Letter Opener Lacquer Wood Box German Iridium Point,14.95,2025-09-07,,,WorthPoint
iridium,2004 Hot Wheels Acceleracers Silencerz - Iridium (Factory Set) - #4 Of 9,59.99,2025-09-07,,,WorthPoint
iridium,Mixed Lot Vtg Morriset Point Replacement Section Fine/Extra Fine Iridium Tips,20.0,2025-09-07,,,WorthPoint
iridium,IRIDIUM-8-SPACEX FALCON-9 VAFB Mission Employee Number 4 Digit PATCH,75.0,2025-09-06,,,WorthPoint
iridium,UF592 Ignition Coils Pack And Iridium Spark Plugs Compatible With BMW 320i 32,112.99,2025-09-06,,,WorthPoint
iridium,Serviced PARK PEN COMBO Fountain Pen Mech Pencil‚Ä¢Lever‚Ä¢1.18mm‚Ä¢Red‚Ä¢IRIDIUM B Nib,5.5,2025-09-06,,,WorthPoint
iridium,Hero 3113 Fountain Pen Black Cap Iridium Nib 0.3mm Extra Fine-Extinct,14.99,2025-09-06,,,WorthPoint
iridium,Authentic/Original USAF VAFB 30SW Spacex Falcon 9 Iridium-5 Launch Patch Set 3pc,34.56,2025-09-06,,,WorthPoint
iridium,Authentic/Original USAF VAFB 2ROPS & Spacex F9 Iridium-2 Mission Launch Patches,24.26,2025-09-06,,,WorthPoint
iridium,Authentic/Original USAF VAFB 30SW Spacex Falcon 9 Iridium-7 Launch Patches & Pin,36.91,2025-09-06,,,WorthPoint
iridium,Hot Wheels Iridium Silver 2005 AcceleRacers 4/9 Rough Shape Doesn't Roll!,11.95,2025-09-06,,,WorthPoint
iridium,Motorola IRIDIUM SATELLITE PHONE 9505 MS1-20 With Battery And Case - UNTESTED,99.95,2025-09-05,,,WorthPoint
iridium,ACDelco Professional Iridium Spark Plug High Performance Engine Replacement,16.89,2025-09-05,,,WorthPoint
iridium,1:18 NZG OEM Mercedes Benz Eqb (H243) 2021 Iridium Silver B66961279 MMC,69.99,2025-09-05,,,WorthPoint
iridium,4 Pc NGK Iridium IX Spark Plugs Compatible With Honda Civic 1.5L 1.6L L4 1992...,97.48,2025-09-05,,,WorthPoint
iridium,Hot Wheels Silver Series Acceleracers Iridium 1/5 Rare üî• Fast Shipping!!!,30.0,2025-09-05,,,WorthPoint
iridium,Ignition Coil And Iridium Spark Plug Set Compatible With 2007-2019 Nissan Alt...,80.99,2025-09-05,,,WorthPoint
iridium,"""2019 Hot Wheels Iridium #77 Orange 1:64 Diecast 2 3/4"""" Car With Blue & Black""",10.99,2025-09-05,,,WorthPoint
iridium,RARE! Monteverde Mountains Of The World Fountain Pen Boulder Brown IRIDIUM NIB,75.0,2025-09-05,,,WorthPoint
iridium,4 Pc NGK Iridium IX Spark Plugs Compatible With Volkswagen GTI 2.0L... Fast Ship,68.99,2025-09-04,,,WorthPoint
iridium,"Vtg Box 12 HERO FOUNTAIN PENS 329 NOS Iridium Tip Nib, Green, Black, Burgundy",32.0,2025-09-04,,,WorthPoint
iridium,Kershaw Iridium DuraLock CF - KS2038RCF,199.0,2025-09-04,,,WorthPoint
iridium,Ignition Coils Pack & Iridium Spark Plugs UF650 For Infiniti QX56 QX80 2011 2...,117.08,2025-09-04,,,WorthPoint
iridium,41-110 Iridium Spark Plugs & 48322 Spark Plug Wires For 5.3 6.0L 6.2L Chevy GMC,45.99,2025-09-04,,,WorthPoint
iridium,Iridium Point Germany Wood Body Fountain Pen ‚Äì Cap Screws Both Ends,34.3,2025-09-04,,,WorthPoint
iridium,Iridium Launch Patches Lauch 1 & 5,14.95,2025-09-04,,,WorthPoint
iridium,#171 Black Aluminum Kershaw 2038BLK Iridium D2 KVT Duralock Knife,36.0,2025-09-03,,,WorthPoint
iridium,6 Pc NGK Laser Iridium Spark Plugs Compatible With GMC Acadia 3.6L V6 2007-2016,124.31,2025-09-03,,,WorthPoint
iridium,Kershaw 10 Knife Lot Scallion Parley Iridium Cryo New In Package,199.99,2025-09-03,,,WorthPoint
iridium,"Kershaw Mini Iridium D2 Black Oxide Coated Reverse Tanto Blade, Crossbar Lock",49.99,2025-09-02,,,WorthPoint
iridium,Hot Wheels AcceleRacers SILENCERZ IRIDIUM 4 Of 9,49.9,2025-09-02,,,WorthPoint
iridium,Vintage Hero Fountain Pens With Iridium Tipped Nib 12 Pens In Original Box MIB,15.0,2025-09-02,,,WorthPoint
iridium,Monty Alexander - Live At The Iridium - Telarc CD - New And Sealed !,15.95,2025-09-02,,,WorthPoint
iridium,"Set Of 8 Iridium Spark Plugs SP515 Compatible With Ford F-150 1997-2010,Exped...",75.99,2025-09-02,,,WorthPoint
iridium,"Scriveiner London Fountain Pen ‚Äì Fine Nib, Schmidt Iridium Point, W/ Box",39.99,2025-09-01,,,WorthPoint
iridium,Classic German Fountain Pen Blue Black Smoky Barrel Iridium,42.0,2025-09-01,,,WorthPoint
iridium,"NEW Genius Iridium Germany Calligraphy Fountain Pen Set W/Ink, 13 Tips & 2 Pens",16.95,2025-09-01,,,WorthPoint
iridium,"Hot Wheels Walmart 2025 AcceleRacers Iridium, RD-09 Silver Series Set Lot Of 5",49.95,2025-09-01,,,WorthPoint
iridium,Vintage Black Yellow Tibaldi Fountain Pen Iridium Point Made In Germany,40.0,2025-09-01,,,WorthPoint
iridium,Green Marble Pattern Fountain Pen Iridium Nib Made In Germany,40.0,2025-09-01,,,WorthPoint
iridium,4 Pc NGK Iridium IX Spark Plugs Compatible With Toyota Tacoma 2.4L 2.7L L4 19...,63.99,2025-09-01,,,WorthPoint
iridium,Scriveiner Fountain Pen Schmidt Iridium Point Fine,24.99,2025-08-31,,,WorthPoint
iridium,16 Pc NGK Laser Iridium Spark Plugs Compatible With Ram 2500 6.4L V8 2014-2020,266.97,2025-08-31,,,WorthPoint
iridium,"""ACME Studio FRANK LLOYD WRIGHT ‚ÄúBrick"""" Fountain Pen Iridium Point Germany PARTS""",29.55,2025-08-31,,,WorthPoint
iridium,Kershaw Red Iridium 2038RD NIB,100.0,2025-08-31,,,WorthPoint
iridium,Iridium Point Germany Wood Body Fountain Pen,9.99,2025-08-30,,,WorthPoint
iridium,Terzetti Crown GREY Metal Fountain Pen- Iridium M Nib+Converter/Gift Box+Pouch,9.95,2025-08-30,,,WorthPoint
iridium,Serviced WEAREVER PACEMAKER Fountain Pen‚Ä¢Button‚Ä¢New Sac‚Ä¢Onyx‚Ä¢GT‚Ä¢IRIDIUM M Nib,6.5,2025-08-30,,,WorthPoint
iridium,Chrome Pocket Fountain Pen W/ Clip Brand Unknown Fine Nib Iridium,25.0,2025-08-30,,,WorthPoint
iridium,Kershaw Iridium Folding Pocket Knife New 2038WMx,49.95,2025-08-30,,,WorthPoint
iridium,Iridium Spark Plugs 4 Pack Compatible With Hyundai Veloster Accent ... Fast Ship,33.99,2025-08-30,,,WorthPoint
iridium,Kershaw Iridium Carbon Fiber Reverse Tanto M390 Blade 2038RCF Rare Exclusive,249.99,2025-08-30,,,WorthPoint
iridium,Bolvaint Aeneid Fountain Pen Set Obsidian Black W/Iridium Nib & Leather Case NEW,24.99,2025-08-30,,,WorthPoint
iridium,Hot Wheels Acceleracers Iridium Silencerz G7784 G8119,49.99,2025-08-30,7784.0,0.01,WorthPoint
iridium,"""Kershaw Iridium Topo Folder 3.4"""" 14C28N Drop Point Aluminum Handles 2038TOPO""",100.0,2025-08-30,,,WorthPoint
iridium,MARQUIS By Waterford ARISTA PRISM Caramel Fountain Pen Iridium Germany Point Nib,39.0,2025-08-29,,,WorthPoint
iridium,"Vintage Pen, Fountain Pen, Iridium Point, Germany, Gold Nib",29.99,2025-08-29,,,WorthPoint
iridium,"4 VTG Dip Fountain Pens - Ottawa Iridium, Lifelong, Parker & Green Wooden Pen",15.0,2025-08-29,,,WorthPoint
iridium,Kershaw Iridium 14c28n DuraLock Toppo Aluminum Scales,50.0,2025-08-29,,,WorthPoint
iridium,Kershaw Iridium DuraLock Knife Dessert Warrior 3.5‚Äù BladeHQ Exclusive ENGRAVED,70.0,2025-08-28,,,WorthPoint
iridium,ADOLFO Green Metal With Gold Trim Fountain Pen; Iridium M Nib; Germany; Heavy,19.99,2025-08-28,,,WorthPoint
iridium,Iridium PointeSuper Star Metal Nib Feed & Section (m987),14.0,2025-08-28,,,WorthPoint
iridium,NIB Campo Marzio Roma Mini Fountain Pen Iridium Tip Made In Germany NOS,79.0,2025-08-27,,,WorthPoint
iridium,Used TNC Male SMA Male Times Microwave Cable 68999 10' Iridium LMR-240 See Pix!!,9.99,2025-08-26,,,WorthPoint
iridium,"Vintage Fountain Pen, PEN QUEST ITALY, Iridium Tip Germany",15.99,2025-08-26,,,WorthPoint
iridium,Bombay Brocade - Vintage Fountain Pen -1999 - #10 Iridium Gld & Silver,39.0,2025-08-26,,,WorthPoint
iridium,"Racers Edge RCESF3 - Sure Fire Platinum / Iridium Glow Plug, Hot / #3 (1)",7.09,2025-08-25,,,WorthPoint
iridium,"Super Glow Plug N3 - Platinum Iridium, Perfect For 5-40% Nitro Fuels - Pack Of 6",60.9,2025-08-25,,,WorthPoint
iridium,1 Oz Iridium .9995% Exotic Bullion Bar,7250.0,2025-08-25,28.35,255.73,WorthPoint
iridium,Wearever Marbled Fountain Pen Green Celluloid? Iridium Tipped Nib Vintage,22.5,2025-08-24,,,WorthPoint
iridium,"""LABAN Fountain Pen Iridium Point Nib """"B"""" Body Type #5 Steel""",22.0,2025-08-24,,,WorthPoint
iridium,Kershaw Mini Iridium Folding Pocket Knife New 2051WMx New Sealed,49.99,2025-08-24,,,WorthPoint
iridium,"""Vintage Germany Pen 5.25"""" Tall, Gold Nib & Trim. Fountain Pen & Iridium Point""",28.0,2025-08-24,,,WorthPoint
iridium,Hot Wheels Acceleracers Silencerz Iridium 4 Of 9 Sealed Card W/game Cards!,31.0,2025-08-24,,,WorthPoint
iridium,Kershaw Mini Iridium DuraLock Knife Ice Blue Anodized Aluminum USED NO BOX!!,43.0,2025-08-23,,,WorthPoint
iridium,Kershaw Pocket Knife New In Box Mini Iridium Bronze,60.0,2025-08-23,,,WorthPoint
iridium,Hot Wheels 2014 Iridium Blue #4 Die-cast Toy Car,5.0,2025-08-23,,,WorthPoint
iridium,Hot Wheels Silver Series AcceleRacers Iridium Rare Find,8.5,2025-08-23,,,WorthPoint
iridium,Kershaw Iridium EDC Black Aluminum Handle Stonewashed D2 Blade NIB W/Fabric Case,41.0,2025-08-23,,,WorthPoint
iridium,SP493 Double Iridium Spark Plugs Fit For Ford F150 F250 F350 E150 E250 E350 E450,63.99,2025-08-23,,,WorthPoint
iridium,Vintage Iridium Point Germany Nib Fountain Pen Woodgrain Cap & Barrel EX+,29.99,2025-08-22,,,WorthPoint
iridium,8 Pc DENSO Iridium Power Spark Plugs Compatible With Lexus GX470 4.7L V8 2003...,135.88,2025-08-22,,,WorthPoint
iridium,Hot Wheels Acceleracers Iridium Silencerz 2005 Gen 1,105.0,2025-08-22,2005.0,0.05,WorthPoint
iridium,Hot Wheels AcceleRacers Silencerz Iridium Gen 2 Stripped Metal,159.95,2025-08-22,,,WorthPoint
iridium,Vintage Diamond Point Fountain Pen Iridium Tipped Nib - Unrestored,27.5,2025-08-22,,,WorthPoint
iridium,Hot Wheels Silver Series Lot 5 Cars Acceleracers Sling Shot 1-5 No Iridium,40.0,2025-08-22,,,WorthPoint
iridium,Iridium 1 Oz Degussa Bar Precious Metal,11000.0,2025-08-20,28.35,388.01,WorthPoint
iridium,IRIDIUM POINT GOLD FOUNTAIN PEN GERMANY Limited Edition,49.0,2025-08-20,,,WorthPoint
iridium,RARAE NASA Iridium Constellation We Did It! Motorola Satellite Lapel Pin,18.0,2025-08-20,,,WorthPoint
iridium,4 Pc DENSO Iridium Power Spark Plugs Compatible With Honda CR V 2.4L L4 2010-201,65.11,2025-08-19,,,WorthPoint
iridium,Kershaw 2038 Iridium D2 Blade Outdoor Military Everyday Carry Camping Knife,37.86,2025-08-19,,,WorthPoint
iridium,Hot Wheels Silver Series AcceleRacers Iridium Rare üî•,20.0,2025-08-19,,,WorthPoint
iridium,Two Ink Pens German Iridium Nib/Screw Out Modern Both Woodgrain Nice,8.99,2025-08-19,,,WorthPoint
iridium,"Vintage Seth Thomas Table Clock Key Windup, Iridium, Glowing Hands, 482 CPM.",10.0,2025-08-18,,,WorthPoint
iridium,SCRAP PLATINUM (10% Iridium) | 7.44g,256.45,2025-08-18,7.44,34.47,WorthPoint
iridium,Lot Of 4 Metal Fountain Pen Black Lot Stainless Iridium 0.5 Mm For Office School,22.0,2025-08-18,,,WorthPoint
iridium,Set Of 4 Ignition Coils Pack UF680 12654078 & 4 PCS Iridium Spark Plugs Compa...,113.21,2025-08-18,,,WorthPoint
iridium,NWT Sniper Style Sports Wire Vintage 2000's Sunglasses With Iridium Sunglasses,29.99,2025-08-18,,,WorthPoint
iridium,Kershaw Pocket Knife Iridium 2038D2,30.0,2025-08-18,,,WorthPoint
iridium,16 Pc NGK Iridium IX Spark Plugs Compatible With Dodge Ram 1500 5.7L V8 2003-...,210.9,2025-08-18,,,WorthPoint
iridium,Oakley Why 3 Silver/Gold Iridium Sunglasses,150.0,2025-08-17,,,WorthPoint
iridium,Kershaw Iridium Revers Tanto S35VN,171.0,2025-08-17,,,WorthPoint
iridium,Hot Wheels Acceleracers Silencerz Iridium #4 Of 9,49.99,2025-08-17,,,WorthPoint
iridium,Kershaw 2038 Iridium D2 Blade Tactical Hiking Compact Travel-Friendly Knife,37.86,2025-08-17,,,WorthPoint
iridium,Kershaw Iridium Folding Knife 8‚Äù D2 Tool Steel Blade Black Aluminum Handle,32.0,2025-08-16,,,WorthPoint
iridium,Kershaw Iridium (2038) & Heist (2037) Folding Knives,75.0,2025-08-16,,,WorthPoint
iridium,Blue Iridium Hot Wheels/ Tyco 440 HO Scale Slot Car,43.0,2025-08-15,,,WorthPoint
iridium,Spacex Authentic Employee Patch Iridium-3 Spacex Falcon 9,35.0,2025-08-14,,,WorthPoint
iridium,6 Pc NGK Iridium IX Spark Plugs Compatible With Toyota 4Runner 4.0L... Fast Ship,92.99,2025-08-14,,,WorthPoint
iridium,A-Premium Iridium Platinum Spark Plugs (Pack Of 4) Compatible With ... Fast Ship,33.99,2025-08-14,,,WorthPoint
iridium,Brand New Flawless Oakley Split Time With Gold Iridium Polarized Prizm Lenses.,75.51,2025-08-13,,,WorthPoint
iridium,UF333 Ignition Coils Pack Iridium Spark Plugs Compatible With Toyota Camry Co,81.99,2025-08-13,,,WorthPoint
iridium,Kershaw Iridium 2038x,55.0,2025-08-13,,,WorthPoint
iridium,"Kershaw Knives Iridium DuraLock 2038 KVT 2 D2 Steel Pocket Knife, Fast Shipping",39.99,2025-08-13,,,WorthPoint
iridium,"""Handmade """"Staghorn Sum"""" Wood Fountain Pen - With An """"Iridium Point"""" M Steel Nib""",65.0,2025-08-12,,,WorthPoint
iridium,Kershaw Iridium OEM Silver Aluminum Backspacer (Knife Not Included),19.99,2025-08-12,,,WorthPoint
iridium,"""Kershaw Iridium Folding Knife 3.5"""" TOPO 14C28N Exclusive Not Made Anymore.""",189.99,2025-08-12,,,WorthPoint
iridium,Vintage Morriset Fine Tip Iridium Fountain Pen Nib USA,8.95,2025-08-12,,,WorthPoint
iridium,"Vintage Pen, Fountain Pen, Iridium Point, Germany Gold Nib & Trim W/ Bronze Body",34.99,2025-08-12,,,WorthPoint
iridium,Resin Piston Absorbs Ink Fountain Pen F/0.5mm Iridium Nib For Wing Sung 629 Z,31.99,2025-08-11,,,WorthPoint
iridium,"Grifos Nero Muse 925 Silver Fountain Pen, Acrylic Cap, M Iridium Point Nib",199.99,2025-08-11,,,WorthPoint
iridium,VTG New Clip Carving Special Iridium Jumbo Fountain Pen,23.5,2025-08-11,,,WorthPoint
iridium,Kershaw Mini Iridium Bronze Handle Gently Used See Below Model 2051BRZBW,50.0,2025-08-10,,,WorthPoint
iridium,Kershaw Mini Iridium D2 Steel,40.0,2025-08-10,,,WorthPoint
iridium,NASA Iridium 12th Launch Motorola Satellite Gold Tone Lapel Pin,15.99,2025-08-10,,,WorthPoint
iridium,NASA Iridium Motorola Satellite Constellation Country Flags Lapel Pin,15.99,2025-08-10,,,WorthPoint
iridium,NASA Iridium 14th Launch Motorola Satellite Gold Tone Lapel Pin,19.9,2025-08-10,,,WorthPoint
iridium,2007 Hot Wheels IRIDIUM Blue 115/180 LOOSE Track Stars PR5 Wheels,6.99,2025-08-10,,,WorthPoint
iridium,Ball Pen Matte Chrome And Iridium Point Germany Vintage Used No Ink,15.0,2025-08-10,,,WorthPoint
iridium,#748 Gray Iridium 2038 SS Kershaw Pocket Knife,33.0,2025-08-10,748.0,0.04,WorthPoint
iridium,Lot Of 2 Bombay Brocade - Vintage Fountain Pens -1999 - #10 Iridium Gld & Silver,24.95,2025-08-08,,,WorthPoint
iridium,8 Pc NGK Laser Iridium Spark Plugs Compatible With Toyota Sequoia 4.7L V8 200...,157.68,2025-08-08,,,WorthPoint
iridium,Iridium Satellite Phone With Antenna And Battery Included.,75.0,2025-08-08,,,WorthPoint
iridium,1940's Wearever Meteor Black & Silver Striped Button Fountain Pen + Iridium Nib,39.93,2025-08-07,,,WorthPoint
iridium,Pair Of Fountain Pens With Iridium Point Nibs & Cases NEW,10.0,2025-08-07,,,WorthPoint
iridium,Ignition Coil Pack UF550 & Iridium Spark Plugs Compatible With 2007-2020 Nissan,101.98,2025-08-07,,,WorthPoint
iridium,Montblanc Meisterstuck Fountain Pen W/ Iridium Point Germany 5 Nib Not Tested,120.5,2025-08-07,,,WorthPoint
iridium,Bosch Double Iridium Spark Plugs 96339 OE Replacement 4 Pack NIB,30.0,2025-08-07,,,WorthPoint
iridium,A-Premium Iridium Platinum Spark Plugs Compatible With Dodge Viper ... Fast Ship,60.99,2025-08-07,,,WorthPoint
iridium,Kershaw Iridium Red 2038RD Folding Knife Axis Lock D2 Blade Red Aluminum Handle,89.99,2025-08-07,,,WorthPoint
iridium,8 Pc NGK Iridium IX Spark Plugs Compatible With Chevrolet Silverado 1500 5.3L...,119.99,2025-08-06,,,WorthPoint
iridium,Terzetti Crown WHITE Metal Fountain Pen- Iridium M Nib+Converter/Gift Box+Pouch,9.95,2025-08-06,,,WorthPoint
iridium,Lot Of 4 Parker Waterman Iridium Fountain Pens 3 Have 18K 750 Gold Tips,230.5,2025-08-05,750.0,0.31,WorthPoint
iridium,Kershaw Iridium Folding Pocket Knife New 2038WMx BRAND NEW FAST SHIP,40.0,2025-08-05,,,WorthPoint
iridium,"Iridium Point Germany Wood Body Fountain Pen, Cap Screws Both Ends W Ink Well",48.99,2025-08-05,,,WorthPoint
iridium,"Ore Specimen: Gold, Rhodium, Iridium, Palladium, Platinum",50.0,2025-08-04,,,WorthPoint
iridium,Kershaw Iridium Red Handle,60.0,2025-08-04,,,WorthPoint
iridium,"Kaigelu 316 Celluloid Blue Fountain Pen, Iridium EF/F/M Nib Beautiful Gift Pen",20.0,2025-08-04,,,WorthPoint
iridium,Jean Pierre Lepine Wood Fountain Pen With Leather Case Iridium Point,29.99,2025-08-03,,,WorthPoint
iridium,4 Ignition Coils And 4 Iridium Spark Plugs For Hyundai Elantra Sonata Kona,64.04,2025-08-03,,,WorthPoint
iridium,Set Of 4 Ignition Coil Pack UF656 And Iridium Spark Plugs 93501 4-Pack Compat...,102.42,2025-08-03,,,WorthPoint
iridium,Duke Black Fountain Pen Double-Nibs Iridium Medium And Fude Calligraphy Nib I...,40.01,2025-08-03,,,WorthPoint
iridium,UF262 Ignition Coils Pack & Double Iridium Spark Plugs & 10.2MM Spark Plug Wires,109.99,2025-08-03,,,WorthPoint
iridium,Vintage Oakley Minute 1.0 Code 90‚Äôs Sunglasses - Blue/Black Iridium With Case,75.0,2025-08-03,,,WorthPoint
iridium,Serviced MONITOR Fountain Pen‚Ä¢Lever‚Ä¢New Sac‚Ä¢Orange Hard Rubber‚Ä¢IRIDIUM EF Nib,6.5,2025-08-03,,,WorthPoint
iridium,Large Laban Platinum Plated Fountain Pen M German 14K Gold Iridium Point,95.99,2025-08-03,,,WorthPoint
iridium,Autolite Iridium XP Spark Plugs 4 Pack Long Life 100000 Miles Enhanced Perfor...,22.09,2025-08-02,,,WorthPoint
iridium,Kershaw Iridium DuraLock 2038BLK Black Aluminum D2 Steel Knife W/ Belt Clip,30.0,2025-08-02,,,WorthPoint
iridium,Kershaw Originals IRIDIUM 2038WMX Everyday Spear Point Gray Folding Pocket Knife,49.99,2025-08-01,,,WorthPoint
iridium,Iridium Powder .5 Grams Sample,70.0,2025-08-01,5.0,14.0,WorthPoint
iridium,Kershaw Originals MINI IRIDIUM 2051WMX Ice Blue Spear Point Folding Pocket Knife,49.99,2025-08-01,,,WorthPoint
iridium,Vintage Buckner Fountain Pen W/ Iridium Nib,12.0,2025-08-01,,,WorthPoint
iridium,Hot Wheels Acceleracers Silencerz - Iridium (Factory Set) - Excellent Card,90.0,2025-08-01,,,WorthPoint
iridium,Vintage (1940-60s Era) Brown Carmel Striated Fountain Pen Iridium Tip--1766.25,89.99,2025-07-31,,,WorthPoint
iridium,Motorola IRIDIUM 9505 MS1-20 Satellite Phone,74.99,2025-07-31,,,WorthPoint
iridium,EDCKershaw Knife Iridium DuraLock 2038X KVT Gray Aluminum D2 Steel Pocket Knives,44.99,2025-07-30,,,WorthPoint
iridium,4 Pc NGK Laser Iridium Spark Plugs Compatible With Toyota Tacoma 2.7L L4 2005...,92.58,2025-07-30,,,WorthPoint
iridium,Used Kershaw Iridium Folding Knife D2 Reverse Tanto Aluminum Handle,52.0,2025-07-29,,,WorthPoint
iridium,Set Of 2 MONTEVERDE ICONA BLUE FOUNTAIN PEN IRIDIUM M NIB And BALLPOINT PEN,50.0,2025-07-29,,,WorthPoint
iridium,Oem 90919-01259 Factory Iridium Spark Plug Set Lexus Es300h 2013-2018 New,30.33,2025-07-28,,,WorthPoint
iridium,Sterling Silver Fine Iridium Point Nib Germany Fountain Pen,20.51,2025-07-27,,,WorthPoint
iridium,Iridium Hot Wheels 2016 Stunt Circuit Series Lime Green OH5 Rims 1:64 Loose,8.49,2025-07-27,,,WorthPoint
iridium,BENU Fountain Pen - Cranberry Tonic - Nib M - Schmidt Iridium Point,99.99,2025-07-27,,,WorthPoint
iridium,Kershaw 2038R Iridium Reverse Tanto D2 KVT Duralock Knife,40.0,2025-07-27,,,WorthPoint
iridium,Iridium Platinum Spark Plugs Compatible With Chevrolet Silverado Pack Of 8,69.25,2025-07-26,,,WorthPoint
iridium,"""Kershaw Iridium 2038WMX 3.4"""" Blade Pocket Knife Aluminum Handle PocketClip""",39.99,2025-07-26,,,WorthPoint
iridium,Bosch Double Iridium Spark Plugs 9619 OE Replacement 4 Pack,25.0,2025-07-26,,,WorthPoint
iridium,Metal Fountain Pen Black Stainless Iridium 0.5 Mm For Office School Lot Of 2 New,9.5,2025-07-25,,,WorthPoint
iridium,1Pc Vintage Wing Sung 629 Acrylic Resin Fountain Pen F Iridium Nib 0.5mm,31.99,2025-07-25,,,WorthPoint
iridium,A-Premium Iridium Platinum Spark Plugs Compatible With Ford Escape ... Fast Ship,33.99,2025-07-25,,,WorthPoint
iridium,Vintage Gold Bond Fountain Pen RED MARBLED IRIDIUM NIB VACUUM FILL,56.33,2025-07-25,,,WorthPoint
iridium,Kershaw Iridium 2038 Folding Knife Duralock 3.4‚Ä≥ D2 Steel Blade Aluminum Handle,42.9,2025-07-25,,,WorthPoint
iridium,"Iridium Platinum Spark Plugs Compatible With Ford Explorer 2014-2019, Escape",31.99,2025-07-25,,,WorthPoint
iridium,Pure 99.9% Iridium Metal 3/4 Gram (.75 Grams) Super Rare Platinum Group,175.0,2025-07-24,4.0,43.75,WorthPoint
iridium,Vtg Conklin METROPOLIS Safari Amber Fountain Pen W/ Conklin USA Iridium-M Nib,44.0,2025-07-23,,,WorthPoint
iridium,"""Vintage UNITED WHELAN 5"""" Purple & Dark Marble Fountain Pen IRIDIUM TIPPED""",10.0,2025-07-23,,,WorthPoint
iridium,Walco Iridium Long Play Semi Perm Gramophone Phonograph Needle Packet,12.0,2025-07-23,,,WorthPoint
iridium,Oakley Teaspoon Light Bronze Frame Persimmon Iridium? Lens Sunglasses Wire RARE,150.0,2025-07-22,,,WorthPoint
iridium,2015 Hot Wheels #163 Hw Race-Super Chromes IRIDIUM Chrome WYellow Wheel Red OH5s,7.36,2025-07-22,,,WorthPoint
iridium,Vintage Icicles Italy Razor Black Matte Fire Iridium Lens Sunglasses B6W (31),29.99,2025-07-21,,,WorthPoint
iridium,Hot Wheels Acceleracers Iridium CM5 Wheels *not Sealed No Trading Cards,20.5,2025-07-21,,,WorthPoint
iridium,ROMET Emperor Fountain Pen CONFETTI In Display Box New Old Schmidt B Iridium Nib,49.0,2025-07-21,,,WorthPoint
iridium,Vintage 1990's Oakley Frogskins Sunglasses 1st Gen Iridium Metal Hinges Japan,99.99,2025-07-21,,,WorthPoint
iridium,Rare Oakley Frogskins Sunglasses Polished White | Ruby Iridium 24-307,200.0,2025-07-21,,,WorthPoint
iridium,"Vintage Burgundy & Black Marbled Fountain Pen ‚Äì Iridium Point Germany, Gold, New",9.99,2025-07-20,,,WorthPoint
iridium,Kershaw Blitz Pocket Knife Iridium DuraLock #3420STX D2 Steel NEW In Package,32.88,2025-07-20,,,WorthPoint
iridium,41-110 Iridium Spark Plugs 48322 Plug Wires For GM Chevy 5.3L 6.0L 6.2L Only 7,40.0,2025-07-20,,,WorthPoint
iridium,VTG 2001 The Bombay Company Iridium Point Germany Ink Pen Gold Colored With Case,24.99,2025-07-20,,,WorthPoint
iridium,Montefiore Pen Set - Ballpoint Pen & Iridium Point Fountain Pen,9.95,2025-07-19,,,WorthPoint
iridium,New! Usgi Issue Wiley X Sg-1 2 Lens Ballistic Glasses Set Iridium Clear,39.0,2025-07-19,,,WorthPoint
iridium,Les Paul Signed Guitar Pickguard Gibson Classic Rock Autograph Iridium Jsa Cert,499.99,2025-07-19,,,WorthPoint
iridium,Kershaw Iridium 2038 DuraLock Knife Dessert Warrior New Without Box,76.0,2025-07-18,,,WorthPoint
iridium,"""Montefiore Iridium Point Germany Nib Fountain Pen Blue Marble GP Trim """"SCK""""""",24.99,2025-07-18,,,WorthPoint
iridium,STYGHY Fountain Pen Iridium Fine Nib,5.0,2025-07-18,,,WorthPoint
iridium,LUXUN Wooden Fountain Pen With Iridium Point Germany Nib ‚Äì With Case,15.0,2025-07-16,,,WorthPoint
iridium,Oakley Store Rare Display Lens Salesman RX Advertising Sample Gold Iridium,10.0,2025-07-15,,,WorthPoint
iridium,Oakley Store FIRE IRIDIUM Rare Display Lens Salesman Puck Advertising Sample,9.75,2025-07-15,,,WorthPoint
iridium,Vintage Sengbusch Iridium Tip Gold Plated Pen In Box No. 45,14.99,2025-07-15,,,WorthPoint
iridium,Hongdian 100 Silver Steel Piston Fountain Pen Iridium Fine Nib Calligraphy Sm...,44.65,2025-07-15,,,WorthPoint
iridium,Iridium Spark Plugs DILKAR6A-11 4PCS For Nissan Altima Rogue Sentra 9029,26.81,2025-07-15,,,WorthPoint
iridium,Pocketknives Lot Of 2 - Vosteed Racoon Kershaw Mini Iridium,78.77,2025-07-14,,,WorthPoint
iridium,FOUNTAIN PEN NIB (M) ASSEMBLY-Germany Iridium Nib-Model B-fit Cross Solo FPen,7.99,2025-07-14,,,WorthPoint
iridium,BDFHYK Set Of 8 Iridium Spark Plug Compatible With 2011-2017 F-150 5.0L V8 20,45.79,2025-07-14,,,WorthPoint
iridium,Toyota Oem Factory Iridium Spark Plug Set 2002-2006 Camry 2.4 90080-91180,33.62,2025-07-13,,,WorthPoint
iridium,Kershaw Blade HQ Exclusive Iridium - OD Grn Ano Aluminum - Black Stonewashed D2,150.0,2025-07-13,,,WorthPoint
iridium,#655 Dark Gray Aluminum Kershaw 2038 Iridium D2 KVT Duralock Knife,40.0,2025-07-13,,,WorthPoint
iridium,üî•2004 Hot Wheels Acceleracers Silencerz Iridium 4 Of 9üî•READ DESCRIPTION,29.99,2025-07-13,,,WorthPoint
iridium,"Denso Iridium Power IK20 Spark Plug, 5304",7.95,2025-07-13,,,WorthPoint
iridium,Hot Wheels Acceleracers Iridium McDonalds 1:64 Silver Diecast Happy Meal Toy Car,8.99,2025-07-13,,,WorthPoint
iridium,2005 Hot Wheels Acceleracers ‚ÄúIridium‚Äù Silencerz Diecast 1:64 Car Loose,28.0,2025-07-13,,,WorthPoint
iridium,6 Pc NGK Laser Iridium Spark Plugs Compatible With Toyota 4Runner 4.0L V6 200...,117.81,2025-07-12,,,WorthPoint
iridium,Esterbrook Fountain Pen Black Resin Iridium Tipped Nib Usa Untested,9.0,2025-07-12,,,WorthPoint
iridium,Iridium Point Germany Wood Fountain Pen In Box,9.0,2025-07-12,,,WorthPoint
iridium,"RICH GOLD, SILVER, IRIDIUM ORE - Boulder County Treasure!",250.0,2025-07-12,,,WorthPoint
iridium,Black & Gold Color Fountain Pen W/ Iridium Point Nib Germany & 1 Ink Cartridge,14.0,2025-07-12,,,WorthPoint
iridium,5pcs 0.5mm Fountain Pen Nibs Medium Nib Tips Iridium Writing Pen Tip Gold D,11.59,2025-07-12,,,WorthPoint
iridium,Hot Wheels Acceleracers Iridium CM5,55.0,2025-07-11,,,WorthPoint
iridium,McDonalds NIP Acceleracers Iridium Happy Meal Toy Hot Wheels 2005 #7,6.95,2025-07-11,,,WorthPoint
iridium,Kenner 1991 Dark Knight Collection Batman Blast Shield Iridium Suit Complete,20.95,2025-07-11,,,WorthPoint
iridium,"""BIRDSONGS OF THE MESOZOIC Iridium Controversy Roger Dean ART POSTER 18""""X12""""""",95.0,2025-07-11,,,WorthPoint
iridium,1Pc Blue Classic Wing Sung 629 Acrylic Resin Fountain Pen F Iridium Nib 0.5mm Mm,32.31,2025-07-11,,,WorthPoint
iridium,ECCPP DG500 6 Ignition Coils With 6 Iridium Spark Plugs For Ford For Mazda Fo...,75.62,2025-07-11,,,WorthPoint
iridium,"Handmade* Fountain Pen,Exotic Wood,Black/Chrome Hdw. Nib: Iridium Point Germany",49.0,2025-07-11,,,WorthPoint
iridium,"Handmade* Fountain Pen, Rose Wood, Gold/Chrome Hdw. Nib: Iridium Point Germany",49.0,2025-07-11,,,WorthPoint
iridium,"""Kershaw MINI IRIDIUM Knife Folding 3"""" KVT Bearings D2 Steel 2051BLK FAST SHIP""",59.47,2025-07-11,,,WorthPoint
iridium,Hot Wheels - AcceleRacers - Silencerz - Iridium - New On Card,56.69,2025-07-10,,,WorthPoint
iridium,Vintage CARTER'S STYLEWRITER Made In USA Black Wooden Dip Pen/iridium Tipped NIB,25.27,2025-07-10,,,WorthPoint
iridium,6 Pc DENSO Iridium TT Spark Plugs Compatible With Toyota Avalon 3.5L V6 2005-...,129.19,2025-07-10,,,WorthPoint
iridium,Qty 5 RXCEL ICM6 10mm IRIDIUM Spark Plug Gas Petrol Powered Engines CM6,65.75,2025-07-09,,,WorthPoint
iridium,Hot Wheels Limited Run AcceleRacers Team Silencerz Iridium #4 Of 9 READ,39.99,2025-07-09,,,WorthPoint
iridium,Vintage Sengbusch 10 Gold Plated #16 Medium Iridium Tip Pen Points Origional Box,25.0,2025-07-08,10.0,2.5,WorthPoint
iridium,Hot Wheels Acceleracers Silencerz Iridium 4/9 5 Spoke,45.0,2025-07-08,,,WorthPoint
iridium,Hot Wheels Acceleracers: Silencerz #4 Iridium Brand New In Box!,36.86,2025-07-08,,,WorthPoint
iridium,Jeff Beck Iridium Nyc 2011 Biffle Concert Poster Silkscreen Original Sale!,39.99,2025-07-08,,,WorthPoint
iridium,Oakley Minute Gen 1 Jet Intake Ports 1.0 Rare Black W Black Iridium Sunglasses,299.99,2025-07-08,,,WorthPoint
iridium,Kershaw Mini Iridium Folding Knife Used,20.0,2025-07-08,,,WorthPoint
iridium,"Iridium Metal Sample--86.8% Pure, Platinum 11.4%, Pb, Zn - 12 Grams Total Weight",405.0,2025-07-08,12.0,33.75,WorthPoint
iridium,ULTRA RARE OAKLEY WHY 1 WIRE SUNGLASSES Pale Amber Frames W/ Gold Iridium Lenses,359.99,2025-07-07,,,WorthPoint
iridium,Gibson Les Paul Pickguard Signed By Les Paul - Signed At The Iridium - JSA,89.0,2025-07-07,,,WorthPoint
iridium,#591 Black Aluminum Kershaw 2038R Iridium Reverse Tanto D2 KVT Duralock Knife,41.0,2025-07-07,,,WorthPoint
iridium,NEW HGU-55/P-68/P-84/P USA Pilot Flight Helmet Ruby Iridium Visor ‚ÄúGENTEX‚Äù,239.0,2025-07-07,,,WorthPoint
iridium,2015 Hot Wheels Rlc Factory Set Race Iridium,5.91,2025-07-07,,,WorthPoint
iridium,Kershaw Iridium DuraLock Gray Aluminum & D2 Steel Partially Serrated,46.0,2025-07-07,,,WorthPoint
iridium,Serviced MATTE BLACK Fountain Pen‚Ä¢ELLINGTON PENS Ink‚Ä¢Spring Clip‚Ä¢IRIDIUM M Nib,26.0,2025-07-06,,,WorthPoint
iridium,ECCPP UF589 4 Ignition Coils With 4 Iridium Spark Plugs For Mitsubishi Outlan...,54.0,2025-07-06,,,WorthPoint
iridium,Authentic Iridium-6 - SPACEX FALCON 9 F-9 VAFB Launch SATELLITE Mission PATCH,7.95,2025-07-05,,,WorthPoint
iridium,"German FOUNTAIN PEN Iridium Point Greek Tragedy, Converter",38.0,2025-07-05,,,WorthPoint
iridium,"Kershaw Mini Iridium 2051 D2, Unused No Box Knife",38.25,2025-07-05,,,WorthPoint
iridium,Vintage Reform Burgundy Fountain Pen Iridium Point Original Case Made In Germany,11.5,2025-07-05,,,WorthPoint
iridium,Denso Iridium Power Spark Plug Pack Of 6 Itv20 5339,35.0,2025-07-05,,,WorthPoint
iridium,1960s Vintage Venus Black Fountain Pen With Gold Iridium Tipped FINE Nib. Works,19.99,2025-07-05,,,WorthPoint
iridium,"Live At The Iridium By Albert Lee (Guitar) (CD, Jan-2014, CD Baby (distributor))",29.9,2025-07-05,,,WorthPoint
iridium,Fountain Pen * Iridium Point M- Nib * With Piston * Free Shipping,14.99,2025-07-04,,,WorthPoint
iridium,Genius Iridium Wood Grain Fountain Pen Vtg Used (C4),5.0,2025-07-04,,,WorthPoint
iridium,Iridium Point Fine Wood Fountain Pen Germany Screws On Both Sides Vintage,14.99,2025-07-04,,,WorthPoint
iridium,Set Of 4 Ignition Coils Pack UF532 MR994642 & 4 PCS Iridium Spark P... Fast Ship,107.99,2025-07-03,,,WorthPoint
iridium,Wingsung 630 Piston Fountain Pen #8 Iridium Fine Nib Resin Writing Pen,25.0,2025-07-03,,,WorthPoint
iridium,"NEW HGU-56/P USA Pilot Flight Helicopter Helmet Chrome Iridium Visor, ‚ÄúGENTEX‚Äù",239.0,2025-07-03,,,WorthPoint
iridium,Vtg American Pencil Autograph Iridium Tip Eversharp Fountain Pen PARTS OR REPAIR,14.99,2025-07-02,,,WorthPoint
iridium,Set Of 4 Ignition Coils Pack UF549 22448-1HM0A & 4 PCS Iridium Spark Plugs Co...,97.99,2025-07-02,,,WorthPoint
iridium,Kershaw Iridium Knife,41.5,2025-07-02,,,WorthPoint
iridium,NEW Kershaw 2051 Mini Iridium Knife D2 Stonewashed Ice Blue Aluminum Duralock,50.0,2025-07-02,,,WorthPoint
iridium,Pure 99.9% Iridium Metal One Gram (1.09 Grams) Super Rare Platinum Group,225.0,2025-07-02,1.09,206.42,WorthPoint
iridium,Set Of 4 Ignition Coil And 4 Iridium Spark Plug Compatible With Nissan Altima...,80.99,2025-07-01,,,WorthPoint
iridium,Vintage New NOS Dip Pen Nibs/points - Swivodex Special Alloy Iridium Medium (2),5.0,2025-07-01,,,WorthPoint
iridium,Vintage Light Wood Fountain Pen Iridium Point Germany,18.0,2025-07-01,,,WorthPoint
iridium,6 Pc DENSO Iridium TT Spark Plugs Compatible With Honda Accord 2.7L 3.0L V6 1...,105.38,2025-07-01,,,WorthPoint
iridium,Vtg Conklin ALL AMERICAN Yellowstone Fountain Pen W/ Iridium Point Germany Nib,54.0,2025-07-01,,,WorthPoint
iridium,Denso Iridium Power Spark Plugs Racing Sticker Decal VTG 12x2.5,9.99,2025-06-30,,,WorthPoint
iridium,Philtop Uf611 Coil Pack & Iridium Plugs Set Fits Hyundai & Kia Models,19.99,2025-06-30,,,WorthPoint
iridium,"Ignition Coil Pack + Iridium Spark Plugs For 2007-2016 Nissan Altima 2.5L L4,...",60.29,2025-06-30,,,WorthPoint
iridium,Lot Of 4 MonteFiore Vintage Pens 3 Fountain 1 Ball Point Iridium Germany Vgc Htf,30.0,2025-06-30,,,WorthPoint
iridium,Iridium Metal 1 Gram 99.95% For Element Collection USA SHIPPING,249.0,2025-06-30,1.0,249.0,WorthPoint
iridium,8.7 Gram .999 Fine IRIDIUM Coin Metallium The Elements UNC .28 Troy Oz Bar Round,2499.99,2025-06-30,8.7,287.36,WorthPoint
iridium,Kershaw Iridium Knife Model 2038x And Keyshawn Airlock 1385x NEW-See Description,40.0,2025-06-30,,,WorthPoint
iridium,"""Kershaw Knives Iridium DuraLock 2038 KVT D2 Steel Pocket Knife """"Open Box""""""",39.0,2025-06-29,,,WorthPoint
iridium,5pcs Fountain Pen Nibs 0.5mm Medium Fine Nib Iridium Tip Gold,11.68,2025-06-29,,,WorthPoint
iridium,"Conklin Ohio Blue Iridium Tipped (M) Fountain Pen, With Box Etc.",39.99,2025-06-28,,,WorthPoint
iridium,4 Pc NGK Laser Iridium Spark Plugs Compatible With Honda Civic 2.4L L4 2012-2...,113.69,2025-06-28,,,WorthPoint
iridium,#491 Dark Gray Aluminum Kershaw 2038 Iridium D2 KVT Duralock Knife,40.0,2025-06-28,,,WorthPoint
iridium,Vintage Early Marbelized Fountain Pen Iridium Tipped,23.0,2025-06-28,,,WorthPoint
iridium,LeBOEUF Pilgrim Ocean Teal Pearl Fountain Pen Medium Iridium Nib W/Box,40.0,2025-06-28,,,WorthPoint
iridium,Kershaw Iridium Knife D2,38.0,2025-06-28,,,WorthPoint
iridium,Conklin Metropolis Iridium Point Purple Marble Fountain Pen,12.5,2025-06-28,,,WorthPoint
iridium,Montefiore Iridium Point - Blue Marble Fountain Pen,9.99,2025-06-28,,,WorthPoint
iridium,Kershaw Mini Iridium 2051D2 Ice Blue Anodized Aluminum,50.0,2025-06-27,,,WorthPoint
iridium,Montblanc Meisterstuck - Vintage Iridium Tip,99.99,2025-06-27,,,WorthPoint
iridium,Vintage Wearever Iridium Tipped Nib Gold / Black Celluloid Fountain Pen RARE!,22.99,2025-06-27,,,WorthPoint
iridium,Vintage Pioneer Fountain Pen Iridium Nib Tip Marbled Pattern Lever Fill,24.97,2025-06-27,,,WorthPoint
iridium,Kershaw Iridium 2038R Reverse Tanto DuraLock Folding Knife,44.99,2025-06-27,,,WorthPoint
iridium,Kershaw Iridium DuraLock EDC Folding Knives‚Äì Spear Point Blade | Blue & Black,49.99,2025-06-26,,,WorthPoint
iridium,Team Associated RC10 Brian Kinwald Rear Iridium Carbon Fiber Shock Tower Vintage,39.99,2025-06-25,,,WorthPoint
iridium,Ignition Coil Pack + Iridium Spark Plugs For Buick Allure Enclave Cadillac ATS,49.99,2025-06-25,,,WorthPoint
iridium,Kershaw Iridium Titanium Reverse Tanto S35VN Blade 2038RTI Limited Edition,189.99,2025-06-25,,,WorthPoint
iridium,Iridium XP Automotive High Performance Replacement Spark Plugs XP3924 Pack Of 4,17.49,2025-06-25,,,WorthPoint
iridium,"""Kershaw Iridium Reverse Tanto DuraLock Knife Black Aluminum (3.5"""" SW D2)""",59.0,2025-06-25,,,WorthPoint
iridium,Ignition Coil Pack + Iridium Spark Plugs For Ford F-150 2011 2012 2013 2014 2...,78.0,2025-06-25,,,WorthPoint
iridium,Yafa Novelty Cccp Soviet Ussr Fountain And Ball Point Pen Set Iridium Nib,19.9,2025-06-24,,,WorthPoint
iridium,Oakley Sapphire Iridium Sunglasses (S1),44.8,2025-06-24,,,WorthPoint
iridium,UF270 Ignition Coil Pack 56028138AD And Iridium Spark Plugs 4504 Set Of 8pcs,110.88,2025-06-24,,,WorthPoint
iridium,Iridium Pen Set Ink And Fountain,6.0,2025-06-24,,,WorthPoint
iridium,Brand New 6x NGK Spark Plugs For BMW N54 - Two Step Colder Iridium Performance,46.99,2025-06-24,,,WorthPoint
iridium,Nib Mint Monteverde Fountain Pen Blue Medium Iridium Nib Mib,40.0,2025-06-24,,,WorthPoint
iridium,Schmidt Fountain Pen With Iridium Point Fine Nib Stainless Barrel,19.99,2025-06-23,,,WorthPoint
iridium,Dale Jarrett Signed 1:3 Mini Helmet Autographed Autolite Iridium Xp Spark Plugs,14.97,2025-06-23,,,WorthPoint
iridium,Sketches Of Miles Davis - Live At The Iridium,10.94,2025-06-23,,,WorthPoint
iridium,41-110 Iridium Spark Plugs & 9478RR 48322 Spark Plug Wires 5.3 6.0L 6.2L Red,43.99,2025-06-23,,,WorthPoint
iridium,Kershaw Iridium Folding Knife D2 Gray Aluminum Handle 2038 - Factory Edge,34.0,2025-06-23,2.0,17.0,WorthPoint
iridium,New Kershaw Iridium (2038) Folding Knife,50.0,2025-06-23,,,WorthPoint
iridium,Mercedes-Benz E-Klasse (W212) Iridium Silver Metallic Schuco [B6 696 0207],130.0,2025-06-21,,,WorthPoint
iridium,Oakley Fives 2.0 Sunglasses With Blue Iridium Lenses Oakley Five Made In USA,69.99,2025-06-21,,,WorthPoint
iridium,Villains & Vigilantes RPG Lot Of 3 Great Iridium Con Pentacle Plot Terror Night,29.99,2025-06-21,3.0,10.0,WorthPoint
iridium,Hot Wheels Acceleracers Silencerz Iridium CM6,11.25,2025-06-21,,,WorthPoint
iridium,Oakley Minute 1.0 Gen 2 Jet Black Frame W Ruby Iridium +box Very Nice Sunglasses,289.99,2025-06-20,1.0,289.99,WorthPoint
iridium,Kershaw Iridium D2 With Custom White Scales And Backspacer 3D Printed,50.0,2025-06-20,,,WorthPoint
iridium,Montblanc Meisterstuck - Vintage Iridium Tip Pen With Ink Cartridges,73.0,2025-06-19,,,WorthPoint
iridium,Kershaw Mini Iridium Knife - NEW IN BOX - D2 Black On Black - 2051BLK,49.99,2025-06-19,,,WorthPoint
iridium,Hot Wheels Acceleracers CM5 Iridium,60.0,2025-06-19,,,WorthPoint
iridium,Scriveiner Luxury EDC Fountain Pen Copper Schmidt Iridium Point Fine NIB W/Box,42.89,2025-06-18,,,WorthPoint
iridium,BEILUNER Luxury Fountain Pen Silver IRIDIUM POINT With 6 Black Ink Refills NIB,8.5,2025-06-18,,,WorthPoint
iridium,Monteverde Invincia Black & White Resin Fountain Pen - Iridium Nib,42.0,2025-06-18,,,WorthPoint
iridium,"Kershaw Iridium Folding Pocket Knife, D2 Steel Blade, Red And Black Working S",99.44,2025-06-17,,,WorthPoint
iridium,"Hot Wheels Acceleracers, Silencerz, Iridium, CM5 Loose 1/64",29.86,2025-06-16,,,WorthPoint
iridium,LRP Platinum/Iridium Standard Glow Plug (R5 Medium Cold LRP35051 Lot Set,28.0,2025-06-16,,,WorthPoint
iridium,16PCS Iridium Spark Plugs 41-110&Spark Plug Wires M8-48322 For Chevy Silverad...,52.99,2025-06-16,,,WorthPoint
iridium,Modern Beiluner Luxury Fountain Pen Iridium Point Metal Red / New In Box,9.95,2025-06-16,,,WorthPoint
iridium,4PCS Ignition Coil Pack With 4PCS Iridium Spark Plug Compatible With Toyota C...,95.79,2025-06-16,,,WorthPoint
iridium,"NEW HGU-56/P USA Pilot Flight Helicopter Helmet Sapphire Iridium Visor, ‚ÄúGENTEX‚Äù",239.0,2025-06-16,,,WorthPoint
iridium,Vintage Iridium Point Germany Wooden Fountain Pen And Roller Pen Set,10.0,2025-06-16,,,WorthPoint
iridium,ROMET EUROPA Yellow & Green Fountain Pen W Schmidt Iridium Nib Point Display Box,69.99,2025-06-16,,,WorthPoint
iridium,Beiluner Stainless Fountain Pen EF Iridium Nib W/ Converter And Original Box,14.99,2025-06-16,,,WorthPoint
iridium,Nahvalur Eclipse Iridium Medium Fountain Pen,85.0,2025-06-15,,,WorthPoint
iridium,Sterling Silver Fine Iridium Point Nib Fountain Pen W/ MONTBLANC Box,60.0,2025-06-15,,,WorthPoint
iridium,"""""""ruby Red"""" Yu Ping #388 Steel Fountain Pen W/fine German Iridium Nib""",6.67,2025-06-15,,,WorthPoint
iridium,Paul Sebastian Fountain Pen German Iridium Point,11.99,2025-06-15,,,WorthPoint
iridium,"""Kershaw Iridium Folding Knife 3.4"""" 2038 D2 Aluminum Handle Carbon Steel Blade""",59.1,2025-06-15,,,WorthPoint
iridium,Motorola Iridium Satellite Phone With Case MS1-10,199.99,2025-06-15,,,WorthPoint
iridium,Stipula Fountain Pen Blue Resin Iridium Medium Point- NIP,65.0,2025-06-14,,,WorthPoint
iridium,The Vatican Museum Red Enamal Fountain Pen Iridium Point Germany Nib,20.51,2025-06-14,,,WorthPoint
iridium,Black Unbranded Fountain Pen With Germany Iridium Gold Nib With Stratford Cap.,12.99,2025-06-14,,,WorthPoint
iridium,Oakley Minute 1.0 Code Blue/Black Iridium Sunglasses 2 Gen W/Hard Case 90s Vtg,49.0,2025-06-14,2.0,24.5,WorthPoint
iridium,Colibri Disney Mickey Mouse Fountain Ball Point Convertible Red Pen Set Iridium,67.99,2025-06-14,,,WorthPoint
iridium,Kershaw 2038 Iridium D2 Custom,60.0,2025-06-14,,,WorthPoint
iridium,6 Pc NGK Iridium IX Spark Plugs Compatible With Toyota Tacoma 4.0L ... Fast Ship,81.99,2025-06-14,,,WorthPoint
iridium,4 Pc DENSO Iridium Power Spark Plugs Compatible With Mazda 3 2.0L 2.3L 2.5L L...,65.49,2025-06-14,,,WorthPoint
iridium,Nice FOUNTAIN PEN MARKED ON NIB IRIDIUM POINT GERMANY VINTAGE,39.99,2025-06-13,,,WorthPoint
iridium,2007 Hot Wheels #115 Track Stars 7/12 IRIDIUM Dark Red W/Chrome OH5 Spokes,8.31,2025-06-13,,,WorthPoint
iridium,LOOSE HotWheels Acceleracers Silencerz Iridium,15.0,2025-06-12,,,WorthPoint
iridium,Vintage PARKER V.S. Fountain Pen Morriset Fine Iridium Tip,20.0,2025-06-12,,,WorthPoint
iridium,Moore Pen Company Fountain Desk Set Pearloid Iridium Duo Tip 6 FOR RESTORATION,50.0,2025-06-11,,,WorthPoint
iridium,IRIDIUM ( Ir) 99.99% METAL Chunk 28 G.,1999.0,2025-06-11,28.0,71.39,WorthPoint
iridium,Fountain Pen Antique Iridium S Quality Red Pinkish Marble Pearl As Found,10.0,2025-06-10,,,WorthPoint
iridium,"""Iridium Fountain Pen 4.25"""" Small Red Grey Black Pearl As Found Rare""",20.5,2025-06-10,,,WorthPoint
iridium,Iridium New Over Sized Green Quilted Vest Cotton Runs Big Size S Please Read,29.99,2025-06-10,,,WorthPoint
iridium,5 Parker Duofold Fountain Pen 14KT Nibs ~ Good Iridium ~ $135 Scrap ~ See Ruler,200.28,2025-06-10,,,WorthPoint
iridium,Spacex IRIDIUM-1 Mission Patch,11.0,2025-06-10,,,WorthPoint
iridium,SpaceX Mission Patch Employee Only Iridium-3 Falcon 9 NASA,35.0,2025-06-10,,,WorthPoint
iridium,CHARLES HUBERT IRIDIUM Fountain Pen GERMANY,12.99,2025-06-09,,,WorthPoint
iridium,Kershaw Iridium DuraLock Bronze,50.0,2025-06-09,,,WorthPoint
iridium,"""Kershaw Iridium Folding Knife 3.5"""" Reverse Tanto D2 Blade, Black Aluminum Handle""",55.0,2025-06-08,,,WorthPoint
iridium,"Kershaw Knives Iridium 2038, D2, Grey Aluminum NIB",45.0,2025-06-08,,,WorthPoint
iridium,"Vintage Burgundy & Black Lacquer Fountain Pen ‚Äì Iridium Point Germany, Silver",35.0,2025-06-08,,,WorthPoint
iridium,AUTHENTIC Iridium NEXT Launch-6 - SPACEX FALCON 9 USAF VAFB COMM SATELLITE PATCH,15.95,2025-06-08,,,WorthPoint
iridium,Authentic Iridium NEXT-9 Flight 9-SPACEX Falcon-9 Launch-USSF-VSFB-Mission PATCH,12.95,2025-06-08,,,WorthPoint
iridium,Vintage 90‚Äôs Oakley Sunglasses Red Frame Black Iridium Lens,52.0,2025-06-08,,,WorthPoint
iridium,Wearever Vintage Fountain Pen Iridium Tipped USA Nib Striated Aqua Green,10.5,2025-06-07,,,WorthPoint
iridium,Polo Ralph Lauren Fountain Pen Minka Iridium Point,30.0,2025-06-07,,,WorthPoint
iridium,"""Kershaw Iridium DuraLock Knife Bronze Aluminum 3.5"""" Blackwash D2 BHQ Exclusive""",45.0,2025-06-06,,,WorthPoint
iridium,NEW 2005 McDonald‚Äôs Hot Wheels AcceleRacers IRIDIUM Car Happy Meal Toy,9.99,2025-06-06,,,WorthPoint
iridium,Red Huashilai Luxury Metal Fountain Pen W/ Fine Iridium Nib & Diamine Ink,9.89,2025-06-06,,,WorthPoint
iridium,3d Printed Dummy 13 Storm Trooper Iridium Gold Metallic 5.5‚Äù Tall,7.99,2025-06-06,,,WorthPoint
iridium,Vintage Conklin Green Marble & Gft Fountain Pen Iridium Tipped Fine Nib,16.5,2025-06-06,,,WorthPoint
iridium,Retro Trustone Majestic Turquoise Gold Matrix Fountain Pen Iridium Point,49.99,2025-06-06,,,WorthPoint
iridium,Modern Beiluner Luxury Fountain Pen Iridium Point Metal Burgundy & Box,14.99,2025-06-06,,,WorthPoint
iridium,Kershaw Iridium,43.0,2025-06-06,,,WorthPoint
iridium,VINTAGE SENATOR Fountain Pen F FINE Point Nib Iridium Made In Germany,59.95,2025-06-05,,,WorthPoint
iridium,Kershaw Iridium (2038) Folding Knife - D2 Steel,57.5,2025-06-05,,,WorthPoint
iridium,Vintage Collectible Black W/ Gold Trim Fountain Pen Iridium Point Nib - Germany,39.6,2025-06-05,,,WorthPoint
iridium,Knife Lot- Kershaw Iridium And Ontario Rat 1 Plus More,120.0,2025-06-05,,,WorthPoint
iridium,"Ignition Coil & Spark Plug Kit Set 4 Iridium Series, 2-Blade Terminal APIC0528",54.88,2025-06-05,,,WorthPoint
iridium,Montblanc ( Possible) Iridium Point W-Germany M Fountain Pen And More,100.0,2025-06-05,,,WorthPoint
iridium,Vintage Silver Green Swirl Stub Fountain Pen With Iridium Nib Made In Germany,36.0,2025-06-05,,,WorthPoint
iridium,Kershaw Mini Iridium DuraLock Titanium Exclusive Folding Knife S35VN 2051TI,184.99,2025-06-05,,,WorthPoint
iridium,Vtg MARQUIS By Waterford Purple Swirl Fountain Pen * Iridium Germany Point-M Nib,28.0,2025-06-04,,,WorthPoint
iridium,"Gold Colored Fountain Pen Nib. Nib Only, Iridium Point Germany",9.0,2025-06-04,,,WorthPoint
iridium,Vintage Gold Iridium Point Germany Fountain Pen W/ Taiwan Mark,11.99,2025-06-04,,,WorthPoint
iridium,Oakley Wiretap Black Iridium Polarized Lenses W/ Spring Hinges Oo4071-05,95.0,2025-06-04,,,WorthPoint
iridium,Retro 51 Pearl Rose Gold Fountain Pen M Nib Iridium Point,126.65,2025-06-04,,,WorthPoint
iridium,"""Kershaw Mini Iridium Folding Knife 3"""" D2 Carbon Tool Steel Blade Aluminum Handle""",64.95,2025-06-04,,,WorthPoint
iridium,Autolite Iridium XP 4 Pack Spark Plugs XP 5702 Enhanced Alloy Technology,26.99,2025-06-04,,,WorthPoint
iridium,NWT TruVintage Clubman/Soho Fashion W/Iridium Mirror TruBlue Blocker Sunglasses,34.99,2025-06-03,,,WorthPoint
iridium,UF592 Ignition Coil & 12120032137 Double Iridium Spark Plug For BMW 128i 325Ci,171.17,2025-06-03,,,WorthPoint
iridium,6 X NGK Ruthenium HX LTR6BHX Performance Upgrade For OEM Spark Plugs Iridium+,35.0,2025-06-02,,,WorthPoint
iridium,Kershaw Iridium DuraLock 2038BLK Black Aluminum D2 Steel Pocket Knife,39.0,2025-06-02,,,WorthPoint
iridium,Iridosmine Micro Crescent City Del Norte Co CALIFORNIA USA Iridium & Osmium,88.0,2025-06-02,,,WorthPoint
iridium,Leboeuf # 4 Fountain Pen 14KT Nib ~ Some Flex ~ Good Iridium ~ Fine ~ Some Flaws,72.28,2025-06-02,,,WorthPoint
iridium,Dikawen 891 Luxury Metal Fountain Pen W/ Fine Iridium Nib & Premium Ink,14.2,2025-06-01,,,WorthPoint
iridium,Hot Wheels Acceleracers Iridium McDonald‚Äôs Toy Loose 2005 Lot Of 3,15.0,2025-05-31,,,WorthPoint
iridium,Serviced NATURAL BONE Fountain Pen‚Ä¢Piston Converter‚Ä¢Bone‚Ä¢GT‚Ä¢IRIDIUM M Nib,36.0,2025-05-31,,,WorthPoint
iridium,NEW! Kershaw 2038 Iridium DuraLock Spear Point Blade EDC Folding Pocket Knife,65.0,2025-05-31,,,WorthPoint
iridium,Iridium Scrap Nugget 1 Gram 99% Pure - USA Shipping,185.0,2025-05-31,1.0,185.0,WorthPoint
iridium,Diamonds & Platinum 10% Iridium Ladies Watch Case Scrap 3.92 Grams,123.5,2025-05-31,3.92,31.51,WorthPoint
iridium,MADE IN U.S.A. EAGLE VINTAGE FOUNTAIN PEN Rare BLUE Iridium Tipped NIB Beautiful,32.5,2025-05-29,,,WorthPoint
iridium,6 Pc NGK Laser Iridium Spark Plugs Compatible With Toyota Tacoma 4.0L V6 2005...,95.07,2025-05-29,,,WorthPoint
iridium,"Mercedes-AMG GT S 1:18 Scale Model Car, Iridium Silver Magno",37.5,2025-05-28,,,WorthPoint
iridium,Beautiful Vintage EPENCO Fountain Pen With Iridium Nib,27.0,2025-05-28,,,WorthPoint
iridium,Iridium Powder -325 Mesh Engelhard 10 Grams,950.0,2025-05-28,10.0,95.0,WorthPoint
iridium,Vintage Moore Iridium Tip Duo Tip Fountain Pen,75.0,2025-05-28,,,WorthPoint
iridium,Kershaw IRIDIUM 2038 + QSP KNIFE CANARY Olive Green G-10,48.0,2025-05-28,,,WorthPoint
iridium,"Iridium XP Automotive Replacement Spark Plugs, XP5325 (Pack Of 4)",38.14,2025-05-27,,,WorthPoint
iridium,ProTek RC #PTK-2552: Turbo Plug Medium T5 Platinum/Iridium; NISP,8.49,2025-05-27,,,WorthPoint
iridium,Hot Wheels Acceleracers Silencerz Iridium CM5,22.5,2025-05-27,,,WorthPoint
iridium,Terzetti Crown DK GREY Metal Fountain Pen Iridium M Nib+Converter/Gift Box+Pouch,9.95,2025-05-27,,,WorthPoint
iridium,Kershaw Knives Iridium 2038BLK Black Aluminum Black PVD D2 Steel Pocket Knife,47.99,2025-05-26,,,WorthPoint
iridium,Brian Kinwald 93 Worlds RC10 Iridium Carbon Fiber Rear Shock Tower Replica,18.99,2025-05-26,,,WorthPoint
iridium,Jade Enamel Fountain Pen W/ German Iridium Nib,44.95,2025-05-26,,,WorthPoint
iridium,Antique Fountain Pen Iridium Nib Usa Medium Dip Pen,11.99,2025-05-26,,,WorthPoint
iridium,ORIGINAL Aireon -Iridium NEXT 2 - SPACEX FALCON 9 Launch SATELLITE Mission PATCH,14.95,2025-05-26,,,WorthPoint
iridium,ORIGINAL Aireon -Iridium NEXT 3 - SPACEX FALCON 9 Launch SATELLITE Mission PATCH,14.95,2025-05-26,,,WorthPoint
iridium,ORIGINAL Aireon -Iridium NEXT 5- SPACEX FALCON 9 Launch SATELLITE Mission PATCH,14.95,2025-05-26,,,WorthPoint
iridium,ORIGINAL Aireon -Iridium NEXT 1 - SPACEX FALCON 9 Launch SATELLITE Mission PATCH,12.95,2025-05-26,,,WorthPoint
iridium,ORIGINAL Aireon -Iridium NEXT 4 - SPACEX FALCON 9 Launch SATELLITE Mission PATCH,14.95,2025-05-26,,,WorthPoint
iridium,Iridium Metal Sample--99.9% Pure .05 Gram Mini-cylinder,25.0,2025-05-26,5.0,5.0,WorthPoint
iridium,Bombay 1999 Brocade Silver Fountain Pen Iridium Tip Germany Mont Blanc,27.62,2025-05-26,,,WorthPoint
iridium,IRIDIUM POINT Germany Wood Size 5 Gold Nib Fountain Pen W/ OMP Box,17.5,2025-05-25,5.0,3.5,WorthPoint
iridium,Vtg Colibri Fountain Pen Nib Gold Plated Iridium Point #4 Medium Germany New,9.97,2025-05-25,,,WorthPoint
iridium,PGA Tour Fountain Pen M Iridium Point Germany Unused? Watermen? With Box Vintage,10.5,2025-05-25,,,WorthPoint
iridium,Vintage Moore Black & Gold With Gold Trim Fountain Pen Iridium Duo Tip Nib,59.0,2025-05-24,,,WorthPoint
iridium,Iridium Challenge Coin,19.95,2025-05-24,,,WorthPoint
iridium,Iridium Next Launch Challenge Coin,19.99,2025-05-24,,,WorthPoint
iridium,Hongdian 920S Fountain Pen Brown Metal Pen Iridium M Nib Classic Pen With Ink...,20.42,2025-05-23,,,WorthPoint
iridium,"Asvine P20 Piston Fountain Pen Galaxy Blue Resin, Iridium Extra Fine Nib Gold",22.0,2025-05-23,,,WorthPoint
iridium,Breyer Iridium 2024 Elements Series *NIB* Classics Size Harper Mold #10072,20.0,2025-05-22,,,WorthPoint
iridium,Morriset Dip Pen Nibs Points Iridium Fine Medium New Old Stock NOS Set Of 6,24.99,2025-05-21,,,WorthPoint
iridium,Autolite Iridium XP 4 Pack Spark Plugs For Optimal Performance And Efficiency,30.09,2025-05-21,,,WorthPoint
iridium,Hot Wheels Acceleracers IRIDIUM Chrome Silencerz 2005,18.0,2025-05-21,,,WorthPoint
iridium,NEW Kershaw Iridium Folding Pocket Knife 2038,49.95,2025-05-21,,,WorthPoint
iridium,Wooden Fountain Tip Writing Pens Iridium Point Germany Lot Of Two,29.95,2025-05-21,,,WorthPoint
iridium,Vtg Wearever Fountain Pen Pearl Striated Iridium Nib Button Vac Fill NO END CAP,14.97,2025-05-21,,,WorthPoint
iridium,Oakley Sapphire Iridium Sunglasses (S4),85.12,2025-05-20,,,WorthPoint
iridium,Hot Wheels AcceleRacers 2004 Iridium 4 Of 9,65.7,2025-05-20,,,WorthPoint
iridium,"Iridium Germany, Sheaffer Nib Parts Lot",50.0,2025-05-20,,,WorthPoint
iridium,Authentic Iridium-5 - SPACEX FALCON 9 F-9 VAFB Launch SATELLITE Mission PATCH,6.95,2025-05-19,,,WorthPoint
iridium,Authentic Iridium-4 - SPACEX FALCON 9 F-9 VAFB Launch SATELLITE Mission PATCH,7.95,2025-05-19,,,WorthPoint
iridium,Authentic Iridium-2 - SPACEX FALCON 9 F-9 VAFB Launch SATELLITE Mission PATCH,8.95,2025-05-19,,,WorthPoint
iridium,Vintage Oakley Minute 1.0 Black W/ Gray Iridium Lens 2nd Gen W/Case (233),125.99,2025-05-19,,,WorthPoint
iridium,Franklin Mint Egyptian Sphinx Blue/Gold Fountain Pen - Iridium Tip - Germany,26.0,2025-05-18,,,WorthPoint
iridium,"""Kershaw Iridium Folding Knife 3.5"""" D2 Tool Steel Blade Aluminum Handle Used""",35.0,2025-05-18,,,WorthPoint
iridium,LRP35061 LRP Platinum/Iridium Standard Glow Plug (R6 - Cold),12.49,2025-05-18,,,WorthPoint
iridium,Kershaw Iridium - Black 2038BLK Folding Knife - D2 Steel NEW,56.99,2025-05-17,,,WorthPoint
iridium,Vintage Iridium Blue Quilted Cotton Long Vest M,75.0,2025-05-17,,,WorthPoint
iridium,Oakley X-Metal Mars Sunglasses With Black Iridium And Oakley Case,700.0,2025-05-17,,,WorthPoint
iridium,Kershaw 2051RBLK 2051 Mini Iridium Black Reverse Tanto Knife Duralock,64.95,2025-05-17,,,WorthPoint
iridium,"2024 Breyer Classics Freedom Series Elements Set Of 3 TEAK, IRIDIUM &TERRAN NIB!",44.99,2025-05-16,,,WorthPoint
iridium,Huashilai 3000 Luxury Metal Fountain Pen W/ Fine Iridium Nib & Diamine Ink,13.49,2025-05-16,,,WorthPoint
iridium,Schmidt Iridium Fine Nib Replacement #5,19.95,2025-05-16,,,WorthPoint
iridium,Iridium Metal .9995 1 Ounce Bar Exotic Bullion Or Element Collection USA,4500.0,2025-05-16,,,WorthPoint
iridium,Kershaw Iridium And Civivi Sentinel Strike,70.0,2025-05-16,,,WorthPoint
iridium,Hot Wheels Acceleracers Iridium 2005 Silencerz Fleet Silver Purple,24.99,2025-05-16,,,WorthPoint
iridium,Moonman Resin Gold Schmidt Iridium Point Fountain Ink Pen,30.0,2025-05-15,,,WorthPoint
iridium,Motorola Iridium 9500- Black Satellite Phone Working Condition W/Accessories!,200.95,2025-05-14,,,WorthPoint
iridium,"HERO FOUNTAIN PEN 329 NOS Green, Iridium Tip Nib",7.5,2025-05-14,,,WorthPoint
iridium,Iridium Chartreuse/yellow Size S Quilted Vest Great Condition,35.0,2025-05-13,,,WorthPoint
iridium,Iridium Spark Plugs 41-110 And Spark Plug Wires 48322 Compatible With 5.3 6.0L 6,45.97,2025-05-13,,,WorthPoint
iridium,Hot Wheels Acceleracers Silencerz #4 Iridium VHTF,53.99,2025-05-12,,,WorthPoint
iridium,SpaceX Mission Patch Employee IRIDIUM-8-SPACEX FALCON-9 VAFB Launch SATELLITE,25.0,2025-05-12,,,WorthPoint
iridium,"Hot Wheels Acceleracers: Iridium - Excellent Condition, Very Rare Model",35.0,2025-05-11,,,WorthPoint
iridium,Vintage Fountain Pen Gold Colored Iridium Tip Nib,24.99,2025-05-11,,,WorthPoint
iridium,"""Kershaw Iridium Reverse Tanto, 3.45"""" Blade, Black""",49.0,2025-05-11,,,WorthPoint
iridium,One Ounce Iridium Metallium,4250.0,2025-05-11,,,WorthPoint
iridium,12 Vintage SENGBUSCH NO.17 Fine GOLD PLATED Fountain Pen Points(Nibs)Iridium Tip,19.95,2025-05-11,,,WorthPoint
iridium,"Kershaw 2038BLK Iridium DuraLock KVT Pocket Knife, D2 PVD Spear Point Blade",39.99,2025-05-10,,,WorthPoint
iridium,Iridium Satellite Phone Model Number # 9505A With Accessories,270.99,2025-05-10,,,WorthPoint
iridium,OEM Performance Set Of 6 UF349 Ignition Coils & Double Iridium Spark Plug Fits,158.43,2025-05-09,,,WorthPoint
iridium,FOUNTAIN PEN NIB (M) ASSEMBLY-Germany Iridium Nib-Model D,6.99,2025-05-09,,,WorthPoint
iridium,Genuine Iridium Black Plaid Fountain Pen,12.0,2025-05-09,,,WorthPoint
iridium,"RARE LOCALE Native Osmium Iridium Iridosmine Crystal Group YUBARI PLACERS, JAPAN",286.0,2025-05-09,,,WorthPoint
iridium,Stainless Steel Torx Screws For Kershaw 2038 Iridium DuraLock Knife Set Of 9pcs,15.99,2025-05-09,,,WorthPoint
iridium,Montefiore Black And Gold Fountain Pen Iridium Point Germany #4 Nib Excellent,25.0,2025-05-08,,,WorthPoint
iridium,UF504 Ignition Coil Pack 56029129AA And Iridium Spark Plugs Set Of 8 Fit For ...,144.5,2025-05-08,,,WorthPoint
iridium,Pier Cardin Fontain Pen. Iridium Point. Vintage,32.0,2025-05-07,,,WorthPoint
iridium,Kershaw 2051R Mini Iridium Reverse Tanto Folder Brand New,51.99,2025-05-06,,,WorthPoint
iridium,"Vtg Faber Medium Iridium Tipped Fountain Pen, Iridescent Pearl Art Deco Design",64.99,2025-05-06,,,WorthPoint
iridium,"Iridium, Entre La Tierra [USED CD]",12.99,2025-05-06,,,WorthPoint
iridium,MONTEVERDE BLACK TIE Deluxe Fountain Pen IRIDIUM POINT,59.99,2025-05-05,,,WorthPoint
iridium,Hot Wheels Acceleracers Generation 2 Silencerz Iridium 2005 Stripped Metal,120.0,2025-05-05,,,WorthPoint
iridium,CAMPO MARZIO ROMA Navy Blue Iridium Point Nib Fountain Pen W/ OMP Box,20.0,2025-05-05,,,WorthPoint
iridium,Pair Vintage Fountain Pen Set Iridium Point Germany Wood Look In Box Unbranded,34.99,2025-05-04,,,WorthPoint
iridium,Kershaw 2051R Mini Iridium Reverse Tanto Folder,56.0,2025-05-04,,,WorthPoint
iridium,Silver 140mm Jinhao 35 Steel Fountain Pen Iridium Extra Fine(EF)/0.38mm Pen Gift,10.99,2025-05-04,,,WorthPoint
iridium,Vintage Oakley M Frame Gen 1 Mumbo Sunglasses ‚Äì Purple / Iridium Lens ‚Äì Rare,150.0,2025-05-03,,,WorthPoint
iridium,1950s Tiffany & Co 2ctw Fine Diamond Iridium Platinum Vintage Heart Brooch Pin,1875.0,2025-05-03,0.4,4687.5,WorthPoint
iridium,"Vintage 1999 Acme Leonardo Da Vinci Science Fountain Pen- Iridium Point, Germany",50.0,2025-05-03,,,WorthPoint
iridium,LOT Of 4 VTG Fountain Cartridge Pens Sheaffer's 304 Parker UK Iridium Point GP,18.5,2025-05-02,,,WorthPoint
iridium,Herpa Mercedes Benz CLS Class Car Iridium Silver 1:87 Scale HO,8.0,2025-05-02,,,WorthPoint
iridium,UF582 Ignition Coil & 4504 Double Iridium Spark Plug For 2006-2011 Honda Civic,112.78,2025-05-02,,,WorthPoint
iridium,Bulova 100 Iridium 900 Platinum Diamond Women's Wind Watch Works 13.8 Grams,179.95,2025-05-01,13.8,13.04,WorthPoint
iridium,4-Pack NGK 6510 LTR7IX-11 Iridium IX Spark Plugs High Performance,47.4,2025-04-30,,,WorthPoint
iridium,RARE SpaceX Serial Numbered IRIDIUM-6 GRACE-FO Patch Falcon 9 NASA New,50.0,2025-04-30,6.0,8.33,WorthPoint
iridium,6619 Iridium Spark Plugs LFR6AIX-11 - 6 PCSNEW,56.49,2025-04-30,,,WorthPoint
iridium,Vtg Fountain Pen Lincoln W Overlay & Ring Top 14K Nib Unrestored Iridium Missing,42.0,2025-04-30,,,WorthPoint
iridium,"""Fountain Pen / Writing Instrument - Iridium Point Germany ~5.5"""" Black Body""",59.96,2025-04-30,,,WorthPoint
iridium,VINTAGE OAKLEY E WIRE 1ST GENERATION Gold Iridium SUNGLASSES MADE IN USA,93.0,2025-04-29,,,WorthPoint
iridium,"""KERSHAW IRIDIUM - CARBON FIBER - M390 - 3.4"""" - KAI Exclusive""",280.0,2025-04-29,,,WorthPoint
iridium,Vintage Belmont Fountain Pen Belmont Iridium Duo - Tip 14K Gold Plated Nib,15.75,2025-04-29,,,WorthPoint
iridium,Kershaw Iridium Taschenmesser DuraLock Klappmesser EDC Folder Messer Ô∏è No Box,39.99,2025-04-29,,,WorthPoint
iridium,Vintage Fountain Pen Germany Austria Bone Or Antler Body Schmidt Iridium Nib,31.0,2025-04-29,,,WorthPoint
iridium,"""Vintage Esterbrook """"Dollar"""" Fountain Pen With 1555 Gregg Nib Missing Iridium Tip""",15.51,2025-04-28,1555.0,0.01,WorthPoint
iridium,Vintage Jordan 00 Oakley Blue Iridium Silver Frame,220.0,2025-04-28,,,WorthPoint
iridium,"Iridium Platinum Spark Plugs For Dodge & Chrysler Vehicles, Pack Of 6",33.06,2025-04-28,,,WorthPoint
iridium,Laban Limited Edition 78/100 2004 Bits Fountain Pen Iridium Nib,10.01,2025-04-28,,,WorthPoint
iridium,3 Spencerian Fountain Dip Pen Gold Gilt Dome Point Nibs No. 42 & 4 Iridium Fine+,17.99,2025-04-28,,,WorthPoint
iridium,(LOT OF 5) MIX Antennas Iridium Tactical Radio (SEE PICTURES FOR MODEL),124.99,2025-04-28,,,WorthPoint
iridium,Serviced CLICK Fountain Pen‚Ä¢Piston Converter‚Ä¢Violet‚Ä¢IRIDIUM M Nib‚Ä¢FREE US Ship,15.5,2025-04-28,,,WorthPoint
iridium,Shaeffer 130-145mm Resin 14k 18K Iridium Steel Fountain Pens Lot Of 7 #M973-5,325.0,2025-04-28,,,WorthPoint
iridium,VTG IRIDIUM FOUNTAIN PEN OVERSIZED. 5 3/8 IN. 14k NIB.ORANGE W/ STEEL TRIM.(S323,59.0,2025-04-27,,,WorthPoint
iridium,8pc NGK Laser Iridium Spark Plugs For Tundra 4.6L/5.7L V8 2007-2020,108.54,2025-04-27,,,WorthPoint
iridium,"Gregg Rolie With Alan Haynes Live At The Iridium 2012 Sealed [CD, NEW]",48.74,2025-04-27,,,WorthPoint
iridium,"""SCALEXTRIC 6062 Ford Focus WRC #1 """"Snow Effect"""" Iridium Ben Sulayem-Morgan MB""",50.0,2025-04-26,,,WorthPoint
iridium,Paul Sebastian German Iridium Point Fountain Pen Black Lacquer Barrel Chrome Cap,33.0,2025-04-26,,,WorthPoint
iridium,German Iridium Point Nib Fountain Pen,20.0,2025-04-26,,,WorthPoint
iridium,VINTAGE Oakley Square Wire 2.0 Silver Frame Silver Iridium Lens Sunglasses,44.99,2025-04-26,,,WorthPoint
iridium,23 New W/Tube Vintage USA IRIDIUM TIPPED Fountain Pen Replacement Nib Unit F & M,34.99,2025-04-26,,,WorthPoint
iridium,#131 Dark Gray Aluminum Kershaw 2038 Iridium D2 KVT Duralock Knife,58.0,2025-04-25,,,WorthPoint
iridium,"Unbranded Black/gold Iridium Tipped Usa Fountain Pen, Cartridge Type, Used",5.5,2025-04-25,,,WorthPoint
iridium,Platinum Palladium Rhodium Iridium Gold Silver Ore Came From A Geologist‚Äôs,7000.0,2025-04-25,,,WorthPoint
iridium,"""Kershaw Iridium Black / 3.5"""" D2 Black, Black Aluminum, DuraLock ‚Ä¢ BARELY USED""",45.0,2025-04-25,,,WorthPoint
iridium,2019 SpaceX Falcon-9 Launch IRIDIUM-8 Comm Sat Vandenberg AFB 11 January,5.0,2025-04-24,,,WorthPoint
iridium,GT Spirit 2008 Mercedes Benz C63 AMG W204 Sedan Iridium Silver 1:18 GT462,155.0,2025-04-24,18.0,8.61,WorthPoint
iridium,"""NEW Kershaw Iridium Dessert Warrior (2038DW) - Blade HQ Exclusive 3.50"""" D2 Steel""",149.95,2025-04-23,,,WorthPoint
iridium,"Kershaw 2038BLK Iridium DuraLock KVT Folding Knife, D2 Black PVD Blade #R28",34.0,2025-04-23,,,WorthPoint
iridium,BOEING MOTOROLA IRIDIUM Mission MS-8 Satellite Sticker Decal (Delta II) 251D,7.95,2025-04-23,,,WorthPoint
iridium,Kershaw Iridium DuraLock KVT Folding Knife 3.4 D2 Spear Point Blade 87171063973,65.0,2025-04-23,,,WorthPoint
iridium,"Lot Of 5 Hot Wheels Acceleracers Cars, Bassline, Iridium And 3 RD-04",33.0,2025-04-22,,,WorthPoint
iridium,Set Of 4 (Blue) Ignition Coil Pack And Iridium Spark Plugs Compatible With Hyund,97.89,2025-04-21,,,WorthPoint
iridium,"""Kershaw Iridium DuraLock 2038 Gray Aluminum D2 Steel Pocket Knife """"Foster Arms""""""",44.0,2025-04-21,2038.0,0.02,WorthPoint
iridium,"2 CD's, Live At The Iridium NYC & Retro Rocket By Pat Travers Band,",15.38,2025-04-20,,,WorthPoint
iridium,Kershaw Mini Iridium 2051 - Ice Blue Anodized Aluminum - Stonewashed D2,50.0,2025-04-20,,,WorthPoint
iridium,Vintage Eversharp Oxford Green Marbled Fountain Pen - Iridium Tip,20.5,2025-04-20,,,WorthPoint
iridium,LOT OF 13 Vtg Ballpoint Pens/Fountain - Iridium Point Parker & More - FREE SHIP!,35.96,2025-04-20,,,WorthPoint
iridium,"99.9% Pure Iridium (Ir) 5g Metal Ingot. (Element #77) PGM Bullion, NO RESERVE!",150.0,2025-04-20,5.0,30.0,WorthPoint
iridium,NIB Vtg Sengbusch Handi-pen Gold Plated Iridium Tip No 45 Extra Fine Nib 18 Blk,14.4,2025-04-19,,,WorthPoint
iridium,"A-Premium Iridium Platinum Spark Plugs Compatible With Honda CR-V, Civic, Accord",42.55,2025-04-19,,,WorthPoint
iridium,Cocklin Glider Blue Fountain Pen Iridium Point M,15.99,2025-04-19,,,WorthPoint
iridium,Oakley Frogskins Polished Clear W Violet PRIZM Iridium Lens Sunglass 9013-H7,55.0,2025-04-19,,,WorthPoint
iridium,Custom Color Carbon Losi Mini JRXT Iridium Holographic Carbon Fiber Shock Towers,23.99,2025-04-19,,,WorthPoint
iridium,"Wingsung (Junlai) 630 Piston Fountain Pen, #8 Iridium Fine Nib Resin Writing Pen",29.99,2025-04-19,,,WorthPoint
iridium,Kershaw 2038RBLK 2038 Iridium Black Reverse Tanto Knife Duralock,63.69,2025-04-18,,,WorthPoint
iridium,Pathfinder Sienna Spark Plugs Pack Of 6 Double Iridium New In Box Free Shipping!,20.79,2025-04-18,,,WorthPoint
iridium,Chunky Iridium & Silver Pendant W/Iridescent Finish,18.45,2025-04-18,,,WorthPoint
iridium,Kershaw Knife Iridium DuraLock 2038 RMC Gray Aluminum D2 Steel Pocket Knives,39.99,2025-04-18,,,WorthPoint
iridium,"Les Paul Signed Iridium Fan Club Foldout Newsletter, February 28, 2000 !",149.99,2025-04-18,,,WorthPoint
iridium,"Kershaw Mini Iridium Reverse Tanto Folding Pocket Knife, 3 I",48.34,2025-04-17,,,WorthPoint
iridium,"~1940 Morrison Fountain Pen, Chromium Plated Cap, 'EF' Iridium Tipped Nib, Nice",21.71,2025-04-17,,,WorthPoint
iridium,Diamond Bands - One Is 10% Iridium Platinum,235.76,2025-04-17,,,WorthPoint
iridium,Oakley Razor Blades Black Iridium,50.0,2025-04-16,,,WorthPoint
iridium,Acceleracers Iridium / Jack Hammer/ Nitrium (No Cards),50.0,2025-04-16,,,WorthPoint
iridium,Hot Wheels Acceleracers Silencerz Iridium & Anthracite (Read Description),50.0,2025-04-15,,,WorthPoint
iridium,Vintage Dip Pen The Sengbusch Handi-Pen Hardened Iridium Tip Fine 17 Gold Plate,19.99,2025-04-15,17.0,1.18,WorthPoint
iridium,"IRIDIUM, RARE, Set Only, Mattel HPX2/Tyco 440x2 For AFX Auto World Aurora Track",56.95,2025-04-15,,,WorthPoint
iridium,Retro Taccia Fountain Pen Stained Glass Abalone Shell Iridium Point Germany,51.0,2025-04-15,,,WorthPoint
iridium,Iridium Tyco 440x2 NEVER RAN Perfect Condition One Year Set Only - Power Speed,59.0,2025-04-15,,,WorthPoint
iridium,Kershaw Knives Iridium DuraLock 203BLK Black Aluminum D2 Steel Pocket Knife,39.0,2025-04-14,,,WorthPoint
iridium,Double IRIDIUM OE FINE WIRE SPARK PLUG 6 Plugs A 4 Pack And 2 Singles,9.99,2025-04-14,,,WorthPoint
iridium,Stipula Gladiator Fountain In Hazelnut Celluloid L E W/ Iridium Stub Nib,535.0,2025-04-14,,,WorthPoint
iridium,"Hongdian N23 Red Year Of The Rabbit Fountain Pen, Iridium Extra Fine Nib",25.0,2025-04-13,,,WorthPoint
iridium,"Mattel Iridium, Hot Wheels, And More Die-Cast Cars, Trucks Mixed Lot",14.99,2025-04-13,,,WorthPoint
iridium,Obsidian Black Yu Ping #388 Steel Fountain Pen W/hand Polished Iridium Nib,5.75,2025-04-13,,,WorthPoint
iridium,Vintage Iridium Point Fountain Pen Made In Germany,8.0,2025-04-13,,,WorthPoint
iridium,Vintage Tourneau MMXV Fountain Pen 18K Gold Plated Blue Marbled Iridium NIB,29.99,2025-04-12,,,WorthPoint
iridium,FOUNTAIN PEN NIB (M) ASSEMBLY-Germany Iridium Nib-Model B,6.99,2025-04-12,,,WorthPoint
iridium,"LOT OF 5 Folding Knives, Kershaw Iridium, 2 Civivi‚Äôs, Swiss Tech, Icon D2",150.0,2025-04-12,,,WorthPoint
iridium,Genuine NGK Iridium IX Spark Plugs CR10EIX (Set Of 4)-NGK 4218 OEM Free Shipping,35.99,2025-04-12,,,WorthPoint
iridium,Kershaw Iridium Pocket Knife Dessert Warrior,61.0,2025-04-11,,,WorthPoint
iridium,OEM Performance Set Of 4 UF557 Ignition Coils And Double Iridium Spark Plug C,78.43,2025-04-11,,,WorthPoint
iridium,"RARE HISTORIC Native Osmium & Iridium Crystals URALS, RUSSIA - Ex. Fioravanti",455.89,2025-04-11,,,WorthPoint
iridium,Retro 51 Iridium Point Fountain Pen Silver Gold Trim,99.0,2025-04-10,,,WorthPoint
iridium,Launching Iridium Satellite By Lm-2c/sd 1998 China Space Cover,5.0,2025-04-10,,,WorthPoint
iridium,Colibri Fountain Pen Nib Gold Plated Iridium Medium Point,14.0,2025-04-10,,,WorthPoint
iridium,Iridium NEXT Launch 7 - SPACEX FALCON 9 SATELLITE 3.5‚Äù PATCH,10.0,2025-04-10,,,WorthPoint
iridium,Lot Of 45 NOS BOSCH Platinum - Iridium Spark Plugs Miscellaneous,59.95,2025-04-09,,,WorthPoint
iridium,Iridium Spark Plugs APM Set Of 4 Ignition Coil Pack (2-pin) And,94.88,2025-04-09,,,WorthPoint
iridium,BENU 19.2.05.5.0.M FOXGLOVE Fountain Pen With Schmidt Iridium Point & Box,55.0,2025-04-09,,,WorthPoint
iridium,Custom 3d Printed Kershaw Iridium Knife Scales Stone Gray,14.44,2025-04-08,,,WorthPoint
iridium,Vintage Wing Sung 629 Acrylic Resin Fountain Pen EF/F Iridium Nib 0.38mm/0.5mm,31.78,2025-04-08,,,WorthPoint
iridium,Iridium Germany Fountain Pen + Ball Point Pen + Black Case + Manual,25.0,2025-04-08,,,WorthPoint
iridium,ELLIOT LANDES Penmakers Handmade Bocote Wood Fountain Pen Iridium Nib With Box,37.5,2025-04-08,,,WorthPoint
iridium,Kershaw Folding Knife Iridium Gray Aluminum Handle D2 Steel Blade (Open Box),49.49,2025-04-06,,,WorthPoint
iridium,"""Kershaw Iridium Folding Knife 3.4"""" D2 Tool Carbon Steel Blade Aluminum Handle""",60.0,2025-04-06,,,WorthPoint
iridium,Levenger Vintage Sterling Silver Fountain Pen Iridium Point Med Nib,80.0,2025-04-06,,,WorthPoint
iridium,Vintage Traveler's Company Red Marbleized Celluloid Fountain Pen Iridium Tip Nib,11.35,2025-04-05,,,WorthPoint
iridium,Vintage Diamond Point Pen Co. Confetti Pattern Iridium Tipped Nib Fountain Pen,16.5,2025-04-05,,,WorthPoint
iridium,Hot Wheels Acceleracers SILENCERZ TECHNETIUM And Iridium,60.0,2025-04-05,,,WorthPoint
iridium,Oakley Minute 1.0 Code Blue/Blue Iridium Sunglasses 2 Gen W/Hard Case 90s,73.0,2025-04-04,2.0,36.5,WorthPoint
iridium,NWT Sniper Style Sports Wire Vintage 2k Sunglasses Polycarbonate Iridium Lens,29.99,2025-04-04,,,WorthPoint
iridium,12 Vintage SENGBUSCH NO.16 Fine GOLD PLATED Fountain Pen Points(Nibs)Iridium Tip,13.73,2025-04-04,,,WorthPoint
iridium,Motorola IRIDIUM World Personal Communications SATELLITE PHONE Promo COFFEE MUG,24.99,2025-04-03,,,WorthPoint
iridium,Classic Yellow Maple Fountain Pen Iridium Point Made In Germany,28.8,2025-04-03,,,WorthPoint
iridium,Hermes Medium Refill For Nautilus Fountain Pen Iridium Point 18-carat Gold Nib,300.0,2025-04-03,,,WorthPoint
iridium,RARE! 'IRIDIUM BLACK' ANDARA CRYSTAL! 333g,88.0,2025-04-03,333.0,0.26,WorthPoint
iridium,Vintage Eagle Fountain Pen Dark Navy Blue Iridium Tip Unused,20.0,2025-04-03,,,WorthPoint
iridium,"Asvine P20 Piston Fountain Pen Galaxy Blue Resin, Iridium Nib Gold",19.99,2025-04-03,,,WorthPoint
iridium,"Kershaw Iridium 2038 D2 & SOG Terminus XR Cryo CPM S35VN Lot Of 2 PERFECT, MINT!",92.95,2025-04-03,,,WorthPoint
iridium,Kershaw Iridium Knife Model 2038x,45.0,2025-04-03,,,WorthPoint
iridium,"Vintage Senator Merz And Krell Fountain Pen , Fine Iridium Point Nib , Germany",89.0,2025-04-02,,,WorthPoint
iridium,Iridium & Gold-$20k VALUE! Precious Metal -3rd Party Tested With XRF Technology,363.0,2025-04-02,,,WorthPoint
iridium,Iridium 1 Gram Bar (99.95% Pure),390.0,2025-04-01,1.0,390.0,WorthPoint
iridium,3 X Oakley Original Michael Jordan Iridium And Air Poster,100.0,2025-04-01,,,WorthPoint
iridium,Handcrafted Brushed Satin & Resin Fountain Pen With German Iridium Fine Nib #201,19.95,2025-04-01,,,WorthPoint
iridium,Kershaw Iridium Reverse Tanto Pocket Knife 2038RX Black Handle Silver Blade,34.99,2025-04-01,,,WorthPoint
iridium,Hot Wheels Acceleracers Silencerz - Iridium 4 Of 9 - New In Box,49.99,2025-04-01,,,WorthPoint
iridium,Vintage Fountain Pen Iridium Point Yellow Limoncello Made In Germany,49.5,2025-04-01,,,WorthPoint
iridium,Kershaw Iridium Folding Knife NEW,40.0,2025-03-31,,,WorthPoint
iridium,Carrera Men Sunglasses 229/S Rectangle Blue/Blue Iridium Mirrored 59 16 145,39.99,2025-03-31,,,WorthPoint
iridium,5pcs 0.5mm Fountain Pen Nibs Medium Nib Iridium Writing Pen Tip Gold,11.71,2025-03-31,,,WorthPoint
iridium,"""Kershaw Iridium DuraLock Knife Olive Aluminum Reverse Tanto (3.5"""" Blackwash D2)""",50.0,2025-03-30,,,WorthPoint
iridium,"NEW Motorola Iridium 9505 MS1-20 Sat Phone | Original Box, Mobile Antenna, More!",399.99,2025-03-30,,,WorthPoint
iridium,1998 Star Trek The Experience Las Vegas Hilton Iridium Point Pen/Used Once,89.99,2025-03-30,,,WorthPoint
iridium,"Kershaw Iridium, Topo Pattern, LNIB",147.5,2025-03-29,,,WorthPoint
iridium,"Kershaw Mini Iridium Aluminum Folding Reverse Tanto Knife - Blackout, Rare",99.0,2025-03-29,,,WorthPoint
iridium,ALMOST REAL Mercedes AMG GTR GT R Iridium Silver 1:18*Brand New!*NICE!! RARE!!,175.56,2025-03-29,,,WorthPoint
iridium,Mercedes-AMG GT S / Iridium Silver / 1:18 Scale (Limited Edition),159.0,2025-03-29,,,WorthPoint
iridium,Kershaw Blade HQ Exclusive Dessert Warrior Iridium - Pink Aluminum - Blue D2,150.0,2025-03-29,,,WorthPoint
iridium,Acme Frank Lloyd Wright Playhouse Fountain Pen Iridium Nib,72.0,2025-03-28,,,WorthPoint
iridium,MICHAEL JORDAN Oakley Original Poster Iridium And Air 27x40,50.0,2025-03-27,,,WorthPoint
iridium,IRIDIUM SATELLITE LLC GPS Navigator Shout TS X1A,70.0,2025-03-27,,,WorthPoint
iridium,New Blade HQ Exclusive KERSHAW IRIDIUM DW DESSERT WARRIOR KNIFE & KNIFE SHOP MAT,160.0,2025-03-27,,,WorthPoint
iridium,ACDelco Iridium Spark Plug For Chevy Buick GMC Cadillac Excellent Performance,10.89,2025-03-26,,,WorthPoint
iridium,NEW Kershaw Iridium DuraLock Dessert Warrior Donut Pattern W/ DW Dice Bead,159.95,2025-03-26,,,WorthPoint
iridium,"""Kershaw Mini Iridium Folding Knife 3"""" D2 Tool Steel Spear Point Blade Aluminum""",55.0,2025-03-26,,,WorthPoint
iridium,"Grifos Fountain Pen, Brown Multi, Gold Trim, Iridium M Nib",42.0,2025-03-26,,,WorthPoint
iridium,Asvine P20 Piston Fountain Pen Iridium Fine Nib,19.95,2025-03-26,,,WorthPoint
iridium,Norev 1/18 Mercedes-Benz S-Class Coupe Iridium Silver Metallic B6 696 1242,200.0,2025-03-25,,,WorthPoint
iridium,Kershaw Knife Iridium DuraLock 2038 KVT Gray Aluminum D2 + Kershaw Endgame,55.0,2025-03-24,,,WorthPoint
iridium,Iridium Oneweb Authentic Spacex Space-x Employee Patch,39.99,2025-03-24,,,WorthPoint
iridium,Bob Dorough Sunday At Iridium (CD),15.52,2025-03-24,,,WorthPoint
iridium,"Dorough, Bob : Sunday At Iridium CD",7.48,2025-03-24,,,WorthPoint
iridium,"""Kershaw Iridium Folding Knife 3.5"""" D2 Tool Steel Aluminum Handle Crossbar Lock""",49.99,2025-03-24,,,WorthPoint
iridium,Fountain Pen Rosewood Ink Pen Spin M Iridium Nib Office Supplies,17.3,2025-03-24,,,WorthPoint
iridium,Lot 11 Fountain Pens Pilot Noodlers Davenport TWSBI Dlike Yiren Makers Iridium,52.0,2025-03-24,,,WorthPoint
iridium,Iridium Point Pen Co Black Chased Fountain Pen 14k Very Flexible Nib Restored,63.77,2025-03-24,,,WorthPoint
iridium,ACDelco Iridium Spark Plug For Chevrolet Buick GMC Cadillac Vehicles,8.49,2025-03-23,,,WorthPoint
iridium,"3 Fountain Cartridge Pens, Iridium Gold Tone Nibs Germany, Unused",18.5,2025-03-23,,,WorthPoint
iridium,Kershaw Iridium M390 ‚ÄòKAI EXCLUSIVE‚Äô,225.0,2025-03-23,,,WorthPoint
iridium,Handcrafted Gun Metal Chrome & Resin Fountain Pen With Fine German Iridium Nib,19.95,2025-03-22,,,WorthPoint
iridium,"Iridium Spark Plugs Set Of 8 OE19299585 For Chevy, GMC, Cadillac",43.53,2025-03-22,,,WorthPoint
iridium,"(5) Pens, Schaffer, Cross, Parker, Iridium Point. Cross Pen Spring Missing.",30.0,2025-03-21,,,WorthPoint
iridium,1 Single OEM Kershaw Iridium Aluminum Scale Right Hand Pocket Clip Side ONLY,12.0,2025-03-21,,,WorthPoint
iridium,"Charles Hubert Fountain Pen In Box, Unused, Iridium Point GF Nib, Germany",10.0,2025-03-20,,,WorthPoint
iridium,Libelle Spring Swirl Vortex Fountain Pen Iridium Point Germany,50.0,2025-03-20,,,WorthPoint
iridium,Jabel 10% Iridium Platinum Ring / Wedding Band - Size 5.75,90.86,2025-03-20,,,WorthPoint
iridium,Vintage To Moden Pen Lot Fountain Ball Point Nib Iridium Tip Cross Pierre Cardin,23.4,2025-03-19,,,WorthPoint
iridium,Kershaw Iridium 2038BRZBW D2 Steel Folding Assisted Pocket Knife,52.76,2025-03-19,,,WorthPoint
iridium,4 Lot Hot Wheels 2007 Track Stars #115 Iridium 2 Color & 3 Wheel Variations,5.0,2025-03-18,,,WorthPoint
iridium,Kershaw Iridium Knife Model 2038,43.0,2025-03-18,,,WorthPoint
iridium,"""Breyer Classics Harper #10072 Elements Collection """"Iridium"""" MINT IN BOX""",15.0,2025-03-17,,,WorthPoint
iridium,Mint Kershaw Mini Iridium DuraLock OD Green Aluminum Folding D2 Steel Knife,50.0,2025-03-17,,,WorthPoint
iridium,Judd's Nice Vintage Restored Grey Marble Fountain Pen Epenco Iridium Tipped Nib,20.0,2025-03-17,,,WorthPoint
iridium,Kershaw Iridium Knife Model 2038R,46.0,2025-03-17,,,WorthPoint
iridium,Senator President Fountain Pen Black Iridium M New,199.0,2025-03-17,,,WorthPoint
iridium,"Lot Of 5 Mixed Fountain Pens , Jinhao, Baoer, Genius Iridium",10.0,2025-03-16,,,WorthPoint
iridium,Oakley Razor Blades Vintage Sunglasses - Black /Violet Iridium - MINT W/ Extras!,225.0,2025-03-16,,,WorthPoint
iridium,Hot Wheels Acceleracers Iridium McDonald‚Äôs Toy Loose 2005,5.49,2025-03-16,,,WorthPoint
iridium,2038R Iridium And 2050 Mini Iridium Kershaw Knife Knives,75.0,2025-03-16,,,WorthPoint
iridium,Kershaw Iridium 2038OLBW Folding Knife D2 Steel Duralock Blade Gray #617,38.0,2025-03-16,,,WorthPoint
iridium,Non-Cognitive Aspects Of The City: Live At Iridium/Art Ensemble Of Chicago/CDX2,14.95,2025-03-16,,,WorthPoint
iridium,"MEGATECH Q Series, Platinum / Iridium Off-Road Glow Plugs (X6 New On Card. Rare",45.49,2025-03-16,,,WorthPoint
iridium,2016 Hot Wheels 5 Car Pack ~ STUNT CIRCUIT ~ Jack Hammer - Med-Evil - Iridium 64,8.99,2025-03-16,,,WorthPoint
iridium,Gold Metal Sz.leqi Fountain Pen 800 Paris Iridium Nib Ink Included,34.97,2025-03-16,,,WorthPoint
iridium,Serviced MORRISON'S Fountain Pen‚Ä¢14K Gold Filled Overlay‚Ä¢Lever‚Ä¢IRIDIUM M Nib,8.5,2025-03-15,,,WorthPoint
iridium,Kershaw 2051R 2051 Mini Iridium Reverse Tanto Knife Duralock,61.95,2025-03-15,,,WorthPoint
iridium,Vintage Fountain Pen Iridium Point Black/Red Germany Leather Case,21.0,2025-03-15,,,WorthPoint
iridium,Hot Wheels Acceleracers Iridium Loose 1/64 Rare Pre-owned,25.0,2025-03-14,,,WorthPoint
iridium,NEW Gentex HGU-84/P Helicopter Pilot Flight Helmet RUBY RED Mirror Iridium Visor,229.99,2025-03-14,,,WorthPoint
iridium,Iridium Tip Vintage #3 Gold Plated Nib --new Old Stock,11.08,2025-03-14,3.0,3.69,WorthPoint
iridium,"Hongdian 920S Fountain Pen Green Metal Pen, Iridium Extra Fine Nib Classic Pen",17.57,2025-03-14,,,WorthPoint
iridium,Dayacom Iridium Fountain Pen Medium Germany Green Gold 24kt Gold Trim,12.5,2025-03-13,,,WorthPoint
iridium,Vintage Green And Black Fountain Pen - Kromaloy Iridium Nib,25.0,2025-03-13,,,WorthPoint
iridium,Kershaw Iridium 2038 D2 Tactical EDC Folding Knife DuraLock Gray Aluminum,48.0,2025-03-12,,,WorthPoint
iridium,~~~ LES PAUL Autographed IN-PERSON Pick Guard Signed In Black At Iridium NYC ~~~,450.0,2025-03-12,,,WorthPoint
iridium,Mercedes - AMG G63 - (W463) 2015 Iridium Silver Moon Roof Almost Real 1:18 NIB,215.0,2025-03-12,,,WorthPoint
iridium,(8 Pack) Ignition Coils DG508 & Iridium Spark Plugs SP479 For Mustang Crown Vict,57.55,2025-03-12,,,WorthPoint
iridium,Kershaw IRIDIUM MODEL 2038 + Civivi Mini Praxis,45.0,2025-03-11,,,WorthPoint
iridium,Set Of 4 Ignition Coil Pack & Iridium Spark Plugs Compatible W/ Kia Soul APM,106.99,2025-03-11,,,WorthPoint
iridium,Benu Briolette Fountain Pen Schmidt Iridium Fine Nib,65.0,2025-03-11,,,WorthPoint
iridium,D&D Dragon Baby ‚óè Iridium Theme ‚óè Painted Miniature Dungeons & Dragons TTRPG,5.5,2025-03-11,,,WorthPoint
iridium,ZenZoi Pink Fountain Pen - Iridium Point Luxury Pen For Women W/Schmidt Quality,34.99,2025-03-10,,,WorthPoint
iridium,New Kershaw Iridium (2038) Folding Knife - D2 Steel,36.0,2025-03-10,,,WorthPoint
iridium,Five Items Consisting Of An Atlas Editions Iridium Point Bos...,44.57,2025-03-09,,,WorthPoint
iridium,"Vintage Fountain Pens Lot Of 3 , Celluloid, Gold-tone Nib, Scheaffer Jr, Iridium",48.0,2025-03-09,,,WorthPoint
iridium,Serviced SHEAFFER Fountain Pen‚Ä¢Gold Trim‚Ä¢Jade Resin‚Ä¢Lever‚Ä¢IRIDIUM M Nib,15.0,2025-03-08,,,WorthPoint
iridium,Kershaw Iridium (2038) Folding Knife - D2 Steel (Barely Used),41.99,2025-03-08,,,WorthPoint
iridium,Kershaw Iridium Reverse Tanto Carbon Fiber M390 Pocket Knife,200.0,2025-03-08,,,WorthPoint
iridium,"NGK LKR7DIX-11S Iridium IX Spark Plug (93175 Iridium Ix), 4 Pack",34.0,2025-03-08,,,WorthPoint
iridium,Titanium Pocket Clip W/Stainless Screws For Kershaw 2038 Iridium DuraLock Knife,35.99,2025-03-07,,,WorthPoint
iridium,"""Kershaw Iridium Folding Knife 3.5"""" D2 Tool Steel OD Green Aluminum Handle""",29.95,2025-03-07,,,WorthPoint
iridium,Kershaw 2038BLK Iridium Black KVT Ball Bearing Knife DuraLock Aluminum Handle,72.95,2025-03-07,,,WorthPoint
iridium,Marquis By Waterford Fountain Pen Orange Swirl Resin Iridium Point Germany Nib,47.99,2025-03-07,,,WorthPoint
iridium,Iridium Point Fountain Pen Vintage Unbranded ( German Made) Read,11.0,2025-03-07,,,WorthPoint
iridium,New Iridium 8-Piece Needle File Set - Art. 460,30.0,2025-03-06,,,WorthPoint
iridium,SpaceX Iridium NEXT Missions 1-7 Numbered Employee Patch Collection (7 Patches),209.5,2025-03-06,,,WorthPoint
iridium,Tom Jefferson Fountain Pen In Box 925 Iridium Pt,92.0,2025-03-06,,,WorthPoint
iridium,German FOUNTAIN PEN Iridium Point 5.5 INCHES,14.99,2025-03-05,,,WorthPoint
iridium,1/18 GT Spirit Mercedes-Benz C63 AMG (W204) In Iridium Silver Metallic GT462,134.95,2025-03-05,18.0,7.5,WorthPoint
iridium,Fountain Pen Set - 1990s - Made In Germany - Iridium Point,12.99,2025-03-04,,,WorthPoint
iridium,Set Of 6 Iridium Spark Plug Ignition Coil Compatible With Avenger Grand Caravan,69.0,2025-03-04,,,WorthPoint
iridium,NEW - Kershaw Iridium RT Model 2038R,49.99,2025-03-04,,,WorthPoint
iridium,Vintage Pelikan Made In W. Germany Black & Gray Marble Body Iridium Nib Model ??,24.5,2025-03-04,,,WorthPoint
iridium,Kershaw Mini Iridium Limited Edition Titanium Handle S35VN Steel,169.99,2025-03-03,,,WorthPoint
iridium,Kershaw Knives Iridium DuraLock 2038R Black Aluminum D2 Steel Pocket Knife,44.88,2025-03-03,,,WorthPoint
iridium,"Collectible Iridium Point Germany Pen, Writing Instrument, 5.5 In Overall Length",18.96,2025-03-03,,,WorthPoint
iridium,"VIXVI III Gold Stripped Fountain Pen, Writing Instrument, Iridium Point Paris",15.94,2025-03-03,,,WorthPoint
iridium,#507 Dark Gray Aluminum Kershaw 2038 Iridium D2 KVT Duralock Knife,44.23,2025-03-02,,,WorthPoint
iridium,Kershaw Iridium 2038BLK Duralock D2 Steel Flipper Pocket Knife,44.99,2025-03-02,,,WorthPoint
iridium,Italy Lot 12 Riffler Rasp Files Good Used Condition Iridium + Others Sculpting,50.0,2025-03-02,,,WorthPoint
iridium,Kershaw Iridium 2038 Folding Knife D2 Steel Duralock Blade Gray Aluminum Handle,35.0,2025-03-02,,,WorthPoint
iridium,Vtg Wahl Oxford By Eversharp Fountain Pen Burgandy/Black Iridium Tip Medium Nib,20.0,2025-03-02,,,WorthPoint
iridium,NEW - Kershaw Iridium Model 2038,47.99,2025-03-02,,,WorthPoint
iridium,"Kershaw Iridium Reverse Tanto Folding Pocket Knife, Sleek 3.",39.58,2025-03-02,,,WorthPoint
iridium,Jaguar Marbelized Fountain Pen Iridium Nib,11.99,2025-03-01,,,WorthPoint
iridium,ACDelco SPARK PLUG Iridium 4 Count Pack Excellent Engine Performance,10.19,2025-03-01,,,WorthPoint
iridium,Oakley Minute 1.0 Mint Gen 2 Black Frame W Black Iridium In Box Sunglasses Gems,299.99,2025-03-01,,,WorthPoint
iridium,Kershaw Iridium 2038DW DuraLock Knife Dessert Warrior Pink Aluminum (Blue D2),68.74,2025-03-01,,,WorthPoint
iridium,Kershaw Iridium 2038 - Folding Knife - Brand New,56.0,2025-03-01,,,WorthPoint
iridium,Artistic Rules Italian Fountain Pen 925 Medium Iridium M Nib #1657 M,35.0,2025-03-01,,,WorthPoint
iridium,Fountain Pen Marked On Nib Iridium Point Germany Vintage,24.99,2025-02-28,,,WorthPoint
iridium,A-Premium Set Of 8 Ignition Coil Pack And Iridium Spark Plugs.,46.14,2025-02-28,,,WorthPoint
iridium,Kershaw Iridium Knife 2038R - Reverse Tanto,39.0,2025-02-27,,,WorthPoint
iridium,Laban Fountain Pen Cherrywood & Chrome Fine Point Iridium Nib In Box Mint *,120.0,2025-02-27,,,WorthPoint
iridium,Hot Wheels Acceleracers Silencerz Iridium #4 Of 9 New In Box,42.0,2025-02-27,,,WorthPoint
iridium,Anthony Braxton 9 Compositions Iridium 2006 9 Cd + Dvd Sealed New,36.0,2025-02-27,,,WorthPoint
iridium,SAINT LAURENT Fountain Pen Gold Color W Case Lot Of 2 Iridium Point Germany,89.0,2025-02-27,,,WorthPoint
iridium,Kershaw Iridium M390 CF Sprint Run 2038CFM390,249.0,2025-02-27,,,WorthPoint
iridium,Wood Grain Fountain Pen W German Iridium Nib In Black Velvet Case,12.0,2025-02-26,,,WorthPoint
iridium,2 Iridium Point Fountain Pens In Waterman's Box,14.0,2025-02-26,,,WorthPoint
iridium,Kershaw Iridium DuraLock 2038 KVT Gray Aluminum D2 Steel Pocket Knife,39.0,2025-02-26,,,WorthPoint
iridium,Hot Wheels Acceleracers - Iridium (Silencerz) #4/9 UNOPENED,47.0,2025-02-26,,,WorthPoint
iridium,Large Lot Sengbusch Pen Points Tips Nib Iridium Alloy Gold Plated Hardened Tips,100.0,2025-02-25,,,WorthPoint
iridium,Philadelphia Eagles Super Bowl LII Champions Hat New Era 9Forty Iridium Brim Cap,24.95,2025-02-25,,,WorthPoint
iridium,Oakley Ian Poulter Fast Jacket Xl G30 Iridium Pop Card,9.5,2025-02-25,,,WorthPoint
iridium,#419 Blue Aluminum Kershaw 2038 Iridium D2 KVT Duralock Knife,46.0,2025-02-25,,,WorthPoint
iridium,Unbranded Fountain Pen Lever Filled Iridium Tipped,16.8,2025-02-24,,,WorthPoint
iridium,Iridium Point Germany Lathed Spun Wood Fountain Ink Pen Brown Used NO INK,6.49,2025-02-24,,,WorthPoint
iridium,Stipula Limited Edition Ventidue Copper Touch 22 Fountain Pen Medium Iridium Nib,115.0,2025-02-23,,,WorthPoint
iridium,Mint Hexagon Brass Green Lacquer Fountain Pen With Iridium Nib Made In Germany,62.1,2025-02-23,,,WorthPoint
iridium,"""Serviced Oversize """"H"""" CHARACTER Fountain Pen‚Ä¢Lever‚Ä¢Black Onyx‚Ä¢GT‚Ä¢IRIDIUM M Nib""",6.5,2025-02-23,,,WorthPoint
iridium,Iridium Oneweb Authentic Spacex Space X Employee X Patch üöÄ,20.0,2025-02-22,,,WorthPoint
iridium,Lot Of 2 2005 Mcdonalds Acceleracers Hot Wheels RD-04 & Iridium 1:64 Scale,7.99,2025-02-22,,,WorthPoint
libyan-desert-glass,Libyan Desert Glass Meteorite Tektite Impact Stone 77gm 385ct Dimples Rare Gem,27.0,2026-01-23,77.0,0.35,WorthPoint
libyan-desert-glass,Libyan Desert Glass Meteorite Tektite Impact Stone 44gm 220ct Dimples Rare Gem,33.0,2026-01-23,44.0,0.75,WorthPoint
libyan-desert-glass,Libyan Desert Glass Meteorite Tektite Impact Stone 40.3gm 201ct Dimples Rare Gem,15.5,2026-01-23,40.3,0.38,WorthPoint
libyan-desert-glass,Libyan Desert Glass Meteorite Tektite Impact Stone 56.2gm 281ct Dimples Rare Gem,25.0,2026-01-23,56.2,0.44,WorthPoint
libyan-desert-glass,Libyan Desert Glass Meteorite Tektite Impact Stone 56gm 280ct Dimples Rare Gem,18.5,2026-01-23,56.0,0.33,WorthPoint
libyan-desert-glass,41G Libyan Desert Glass Meteorite Tektite Impact Specimen Dimples Gem AAAA,28.0,2026-01-23,41.0,0.68,WorthPoint
libyan-desert-glass,70G Libyan Desert Glass Meteorite Tektite Impact Specimen Dimples Gem AAAA,23.5,2026-01-23,70.0,0.34,WorthPoint
libyan-desert-glass,104G Libyan Desert Glass Meteorite Tektite Impact Specimen Dimples Gem AAAA,32.0,2026-01-23,104.0,0.31,WorthPoint
libyan-desert-glass,66G Libyan Desert Glass Meteorite Tektite Impact Specimen Dimples Gem AAAA,26.0,2026-01-23,66.0,0.39,WorthPoint
libyan-desert-glass,52G Libyan Desert Glass Meteorite Tektite Impact Specimen Dimples Gem AAAA,17.5,2026-01-23,52.0,0.34,WorthPoint
libyan-desert-glass,69G Libyan Desert Glass Meteorite Tektite Impact Specimen Dimples Gem AAAA,21.5,2026-01-23,69.0,0.31,WorthPoint
libyan-desert-glass,47G Libyan Desert Glass Meteorite Tektite Impact Specimen Dimples Gem AAAA,27.0,2026-01-23,47.0,0.57,WorthPoint
libyan-desert-glass,140G Libyan Desert Glass Meteorite Tektite Impact Specimen Dimples Gem AAAA,21.0,2026-01-23,140.0,0.15,WorthPoint
libyan-desert-glass,88G Libyan Desert Glass Meteorite Tektite Impact Specimen Dimples Gem AAAA,16.0,2026-01-23,88.0,0.18,WorthPoint
libyan-desert-glass,Libyan Desert Glass Meteorite Tektite Impact Specimen Dimples Gem AAAA 32G,13.5,2026-01-23,32.0,0.42,WorthPoint
libyan-desert-glass,49G Libyan Desert Glass Meteorite Tektite Impact Specimen Dimples Gem AAAA,13.5,2026-01-23,49.0,0.28,WorthPoint
libyan-desert-glass,Libyan Desert Glass Meteorite Tektite Impact Stone 60gm 300ct Dimples Rare Gem,22.0,2026-01-22,60.0,0.37,WorthPoint
libyan-desert-glass,Libyan Desert Glass Meteorite Tektite Impact Stone 26.5gm 132ct Dimples Rare Gem,12.5,2026-01-22,26.5,0.47,WorthPoint
libyan-desert-glass,Libyan Desert Glass Meteorite Tektite Impact Stone 46gm 230ct Dimples Rare Gem,20.0,2026-01-22,46.0,0.43,WorthPoint
libyan-desert-glass,Libyan Desert Glass Meteorite Tektite Impact Stone 29.5gm 147ct Dimples Rare Gem,10.5,2026-01-22,29.5,0.36,WorthPoint
libyan-desert-glass,Libyan Desert Glass Meteorite Tektite Impact Stone 45.6gm 228ct Dimples Rare Gem,20.0,2026-01-22,45.6,0.44,WorthPoint
libyan-desert-glass,83G Libyan Desert Glass Meteorite Tektite Impact Specimen Dimples Gem AAAA,35.99,2026-01-22,83.0,0.43,WorthPoint
libyan-desert-glass,241G Libyan Desert Glass Meteorite Tektite Impact Specimen Dimples Gem AAAA,86.0,2026-01-22,241.0,0.36,WorthPoint
libyan-desert-glass,233G Libyan Desert Glass Meteorite Tektite Impact Specimen Dimples Gem AAAA,71.0,2026-01-22,233.0,0.3,WorthPoint
libyan-desert-glass,336G Libyan Desert Glass Meteorite Tektite Impact Specimen Dimples Gem AAAA,77.99,2026-01-22,336.0,0.23,WorthPoint
libyan-desert-glass,159G Libyan Desert Glass Meteorite Tektite Impact Specimen Dimples Gem AAAA,60.0,2026-01-22,159.0,0.38,WorthPoint
libyan-desert-glass,96G Libyan Desert Glass Meteorite Tektite Impact Specimen Dimples Gem AAAA,10.5,2026-01-22,96.0,0.11,WorthPoint
libyan-desert-glass,134G Libyan Desert Glass Meteorite Tektite Impact Specimen Dimples Gem AAAA,10.5,2026-01-22,134.0,0.08,WorthPoint
libyan-desert-glass,110G Libyan Desert Glass Meteorite Tektite Impact Specimen Dimples Gem AAAA,33.51,2026-01-22,110.0,0.3,WorthPoint
libyan-desert-glass,119G Libyan Desert Glass Meteorite Tektite Impact Specimen Dimples Gem AAAA,17.05,2026-01-22,119.0,0.14,WorthPoint
libyan-desert-glass,99G Libyan Desert Glass Meteorite Tektite Impact Specimen Dimples Gem AAAA,28.02,2026-01-22,99.0,0.28,WorthPoint
libyan-desert-glass,224G Libyan Desert Glass Meteorite Tektite Impact Specimen Dimples Gem AAAA,50.55,2026-01-22,224.0,0.23,WorthPoint
libyan-desert-glass,Lot Of FIVE! Ancient Translucent LIBYAN Desert GLASS Artifacts From Egypt 9.22gr,29.99,2026-01-22,9.22,3.25,WorthPoint
libyan-desert-glass,Libyan Desert Glass Meteorite Tektite Impact Specimen( 55 Crt) Super Gem AAAA+,10.49,2026-01-22,,,WorthPoint
libyan-desert-glass,Libyan Desert Glass Meteorite Tektite Impact Stone 45gm 225ct Dimples Rare Gem,12.5,2026-01-21,45.0,0.28,WorthPoint
libyan-desert-glass,Ancient Neolithic ARTIFACT Of LIBYAN Desert Glass Found In Egypt 6.06,19.99,2026-01-21,,,WorthPoint
libyan-desert-glass,18.3G Libyan Desert Glass Meteorite Tektite Impact Specimen Dimples Gem AAAA,15.49,2026-01-21,18.3,0.85,WorthPoint
libyan-desert-glass,35G Libyan Desert Glass Meteorite Tektite Impact Specimen Dimples Gem AAAA,25.49,2026-01-21,35.0,0.73,WorthPoint
libyan-desert-glass,32G Libyan Desert Glass Meteorite Tektite Impact Specimen Dimples Gem AAAA,17.5,2026-01-21,32.0,0.55,WorthPoint
libyan-desert-glass,14G Libyan Desert Glass Meteorite Tektite Impact Specimen Dimples Gem AAAA,13.0,2026-01-21,14.0,0.93,WorthPoint
libyan-desert-glass,"Libyan Desert Glass: Authentic Meteorite Impact Glass, Top Quality , 63.28g",253.6,2026-01-21,63.28,4.01,WorthPoint
libyan-desert-glass,12.5+mm Natural Libyan Desert Glass Meteorite Tekt Bracelet W/ Cristobalite Incl,250.0,2026-01-20,,,WorthPoint
libyan-desert-glass,38.35Ct Natural Libyan Desert Glass Tektite Impact Specimen Gold Meteorite AL726,15.4,2026-01-19,7.67,2.01,WorthPoint
libyan-desert-glass,12.5G Libyan Desert Glass Meteorite Tektite Impact Specimen Dimples Gem AAAA,10.0,2026-01-19,12.5,0.8,WorthPoint
libyan-desert-glass,12.7G Libyan Desert Glass Meteorite Tektite Impact Specimen Dimples Gem AAAA,11.0,2026-01-19,12.7,0.87,WorthPoint
libyan-desert-glass,18G Libyan Desert Glass Meteorite Tektite Impact Specimen Dimples Gem AAAA,15.0,2026-01-19,18.0,0.83,WorthPoint
libyan-desert-glass,44g Tektite Libyan Desert Glass Meteorite Impacts Molten Stone,38.9,2026-01-18,44.0,0.88,WorthPoint
libyan-desert-glass,Rare Snow 7.6mm Natural Libyan Desert Glass Meteorite Tektite Beaded Bracelet,88.0,2026-01-17,,,WorthPoint
libyan-desert-glass,30.75Ct Natural Libyan Desert Glass Tektite Impact Specimen Gold Meteorite AL687,11.5,2026-01-16,6.15,1.87,WorthPoint
libyan-desert-glass,Libyan Desert Glass Meteorite Tektite Impact Specimen(175 Crt) Dimples Gem AAA+,65.0,2026-01-15,,,WorthPoint
libyan-desert-glass,Libyan Desert Glass Meteorite Tektite Impact Specimen(112 Crt)Very Dark Gem AA+,37.49,2026-01-15,,,WorthPoint
libyan-desert-glass,40Ct Natural Libyan Desert Glass Tektite Impact Specimen Gold Meteorite AL679,20.0,2026-01-15,8.0,2.5,WorthPoint
libyan-desert-glass,Libyan Desert Glass Meteorite Tektite Impact Stone 31gm 155ct Dimples Rare Gem,15.5,2026-01-15,31.0,0.5,WorthPoint
libyan-desert-glass,Libyan Desert Glass Meteorite Tektite Impact Specimen( 125 Crt) Dark Gem AAA+,44.93,2026-01-14,,,WorthPoint
libyan-desert-glass,Libyan Desert Glass Meteorite Tektite Impact Specimen( 497 Crt)Super Gem AAAA+,195.0,2026-01-14,,,WorthPoint
libyan-desert-glass,Libyan Desert Glass Meteorite Tektite Impact Specimen( 285 Crt) Yellow Gem AA+,110.0,2026-01-14,,,WorthPoint
libyan-desert-glass,Libyan Desert Glass Meteorite Tektite Impact Specimen(164 Crt) Super Dark AAAA+,69.99,2026-01-14,,,WorthPoint
libyan-desert-glass,Libyan Desert Glass Meteorite Tektite Impact Stone 17gm 85ct Dimples Rare Gem,15.49,2026-01-14,17.0,0.91,WorthPoint
libyan-desert-glass,Libyan Desert Glass Meteorite Tektite Impact Stone 175gm 875ct Dimples Rare Gem,20.5,2026-01-14,175.0,0.12,WorthPoint
libyan-desert-glass,Libyan Desert Glass Meteorite Tektite Impact Specimen(250 Crt)Yellow Gem AAA+,74.98,2026-01-14,,,WorthPoint
libyan-desert-glass,11G Libyan Desert Glass Meteorite Tektite Impact Specimen Dimples Gem AAAA,11.0,2026-01-14,11.0,1.0,WorthPoint
libyan-desert-glass,Libyan Desert Glass Meteorite Tektite Impact Specimen( 110 Crt) Natural Hole Gem,47.0,2026-01-14,,,WorthPoint
libyan-desert-glass,Libyan Desert Glass Meteorite Tektite Impact Specimen( 17 Crt) Yellow Gem AAA+,13.3,2026-01-14,,,WorthPoint
libyan-desert-glass,Libyan Desert Glass Meteorite Tektite Impact Specimen( 375 Crt) Yellow Gem AAAA+,179.99,2026-01-13,,,WorthPoint
libyan-desert-glass,Libyan Desert Glass Meteorite Tektite Impact Specimen( 260 Crt)Super Gem AAAA+,94.0,2026-01-13,,,WorthPoint
libyan-desert-glass,Libyan Desert Glass Meteorite Tektite Impact Stone 166gm 830ct Dimples Rare Gem,21.5,2026-01-13,166.0,0.13,WorthPoint
libyan-desert-glass,Libyan Desert Glass Meteorite Tektite Impact Stone 93gm 465ct Dimples Rare Gem,16.5,2026-01-13,93.0,0.18,WorthPoint
libyan-desert-glass,Libyan Desert Glass Meteorite Tektite Impact Specimen( 215 Crt) Super Gem AAAA+,115.0,2026-01-13,,,WorthPoint
libyan-desert-glass,Libyan Desert Glass Meteorite Tektite Impact Specimen( 77 Crt)Super Gem AAAA+,29.99,2026-01-12,,,WorthPoint
libyan-desert-glass,55.2Ct Natural Libyan Desert Glass Tektite Impact Specimen Gold Meteorite AL617,20.0,2026-01-12,11.04,1.81,WorthPoint
libyan-desert-glass,Libyan Desert Glass Meteorite Tektite Impact Stone 7.8gm 39ct Dimples Rare Gem,10.0,2026-01-12,7.8,1.28,WorthPoint
libyan-desert-glass,Libyan Desert Glass Meteorite Tektite Impact Stone 21gm 105ct Dimples Rare Gem,11.0,2026-01-12,21.0,0.52,WorthPoint
libyan-desert-glass,Libyan Desert Glass Pendant Sterling Silver [VC],11.6,2026-01-12,,,WorthPoint
libyan-desert-glass,Libyan Desert Glass Meteorite Tektite Impact Specimen( 25 Crt)Super Gem AAAA+,14.99,2026-01-11,,,WorthPoint
libyan-desert-glass,26G Libyan Desert Glass Meteorite Tektite Impact Specimen Dimples Gem AAAA,20.5,2026-01-11,26.0,0.79,WorthPoint
libyan-desert-glass,188G Libyan Desert Glass Meteorite Tektite Impact Specimen Dimples Gem AAAA,41.0,2026-01-11,188.0,0.22,WorthPoint
libyan-desert-glass,258G Libyan Desert Glass Meteorite Tektite Impact Specimen Dimples Gem AAAA,42.0,2026-01-11,258.0,0.16,WorthPoint
libyan-desert-glass,374G Libyan Desert Glass Meteorite Tektite Impact Specimen Dimples Gem AAAA,75.0,2026-01-11,374.0,0.2,WorthPoint
libyan-desert-glass,109G Libyan Desert Glass Meteorite Tektite Impact Specimen Dimples Gem AAAA,26.0,2026-01-11,109.0,0.24,WorthPoint
libyan-desert-glass,84G Libyan Desert Glass Meteorite Tektite Impact Specimen Dimples Gem AAAA,41.0,2026-01-11,84.0,0.49,WorthPoint
libyan-desert-glass,80G Libyan Desert Glass Meteorite Tektite Impact Specimen Dimples Gem AAAA,22.5,2026-01-11,80.0,0.28,WorthPoint
libyan-desert-glass,59G Libyan Desert Glass Meteorite Tektite Impact Specimen Dimples Gem AAAA,30.99,2026-01-11,59.0,0.53,WorthPoint
libyan-desert-glass,46G Libyan Desert Glass Meteorite Tektite Impact Specimen Dimples Gem AAAA,23.5,2026-01-11,46.0,0.51,WorthPoint
libyan-desert-glass,71G Libyan Desert Glass Meteorite Tektite Impact Specimen Dimples Gem AAAA,22.5,2026-01-11,71.0,0.32,WorthPoint
libyan-desert-glass,48G Libyan Desert Glass Meteorite Tektite Impact Specimen Dimples Gem AAAA,22.0,2026-01-11,48.0,0.46,WorthPoint
libyan-desert-glass,38G Libyan Desert Glass Meteorite Tektite Impact Specimen Dimples Gem AAAA,20.0,2026-01-11,38.0,0.53,WorthPoint
libyan-desert-glass,81G Libyan Desert Glass Meteorite Tektite Impact Specimen Dimples Gem AAAA,22.5,2026-01-11,81.0,0.28,WorthPoint
libyan-desert-glass,44.7G Libyan Desert Glass Meteorite Tektite Impact Specimen Dimples Gem AAAA,21.5,2026-01-11,44.7,0.48,WorthPoint
libyan-desert-glass,Libyan Desert Glass Meteorite Tektite Impact Specimen(40 Crt)Cristobalite Gem,14.99,2026-01-10,,,WorthPoint
libyan-desert-glass,Libyan Desert Glass Meteorite Tektite Impact Specimen( 160 Crt)Super Gem AAAA+,59.99,2026-01-10,,,WorthPoint
libyan-desert-glass,Libyan Desert Glass 127.35g Translucent Impactite - Not A Meteorite,125.0,2026-01-10,127.35,0.98,WorthPoint
libyan-desert-glass,Libyan Desert Glass 35.34g Translucent Impactite - Not A Meteorite,71.0,2026-01-10,35.34,2.01,WorthPoint
libyan-desert-glass,13.5+mm Natural Libyan Desert Glass Meteorite Tekt Bracelet W/ Cristobalite Incl,270.0,2026-01-10,,,WorthPoint
libyan-desert-glass,11mm Natural Libyan Desert Glass Meteorite Tektite Beaded Bracelet - RARE,180.0,2026-01-10,,,WorthPoint
libyan-desert-glass,35.1Ct Natural Libyan Desert Glass Tektite Impact Specimen Gold Meteorite AL580,15.0,2026-01-09,7.02,2.14,WorthPoint
libyan-desert-glass,Libyan Desert Glass Meteorite Tektite Impact Stone 14gm 60ct Dimples Rare Gem,10.49,2026-01-09,14.0,0.75,WorthPoint
libyan-desert-glass,Libyan Desert Glass Meteorite Tektite Impact Specimen( 322 Crt)Dark Gem AAAA+,108.0,2026-01-09,,,WorthPoint
libyan-desert-glass,Libyan Desert Glass 86.64g Translucent Impactite - Not A Meteorite,102.5,2026-01-09,86.64,1.18,WorthPoint
libyan-desert-glass,57g Tektite Libyan Desert Glass Meteorite Impacts Molten Stone,58.0,2026-01-08,57.0,1.02,WorthPoint
libyan-desert-glass,Libyan Desert Glass Meteorite Tektite Impact Specimen(60 Crt)HEART Gem AAAA+,29.99,2026-01-07,,,WorthPoint
libyan-desert-glass,173G Libyan Desert Glass Meteorite Tektite Impact Specimen Dimples Gem AAAA,51.0,2026-01-07,173.0,0.29,WorthPoint
libyan-desert-glass,129G Libyan Desert Glass Meteorite Tektite Impact Specimen Dimples Gem AAAA,42.0,2026-01-07,129.0,0.33,WorthPoint
libyan-desert-glass,45G Libyan Desert Glass Meteorite Tektite Impact Specimen Dimples Gem AAAA,18.5,2026-01-07,45.0,0.41,WorthPoint
libyan-desert-glass,55G Libyan Desert Glass Meteorite Tektite Impact Specimen Dimples Gem AAAA,21.51,2026-01-07,55.0,0.39,WorthPoint
libyan-desert-glass,58G Libyan Desert Glass Meteorite Tektite Impact Specimen Dimples Gem AAAA,20.5,2026-01-07,58.0,0.35,WorthPoint
libyan-desert-glass,54G Libyan Desert Glass Meteorite Tektite Impact Specimen Dimples Gem AAAA,35.0,2026-01-07,54.0,0.65,WorthPoint
libyan-desert-glass,Libyan Desert Glass Meteorite Tektite Impact Specimen( 30 Crt) Cristobalit AAA+,19.99,2026-01-06,,,WorthPoint
libyan-desert-glass,Libyan Desert Glass Meteorite Tektite Impact Stone 181gm 905ct Dimples Rare Gem,32.02,2026-01-06,181.0,0.18,WorthPoint
libyan-desert-glass,Libyan Desert Glass Meteorite Tektite Impact Specimen( 44 Crt)Cristobalite Gem,25.0,2026-01-06,,,WorthPoint
libyan-desert-glass,103G Libyan Desert Glass Meteorite Tektite Impact Specimen Dimples Gem AAAA,15.5,2026-01-06,103.0,0.15,WorthPoint
libyan-desert-glass,95G Libyan Desert Glass Meteorite Tektite Impact Specimen Dimples Gem AAAA,32.99,2026-01-06,95.0,0.35,WorthPoint
libyan-desert-glass,51G Libyan Desert Glass Meteorite Tektite Impact Specimen Dimples Gem AAAA,26.99,2026-01-06,51.0,0.53,WorthPoint
libyan-desert-glass,85G Libyan Desert Glass Meteorite Tektite Impact Specimen Dimples Gem AAAA,21.49,2026-01-06,85.0,0.25,WorthPoint
libyan-desert-glass,60G Libyan Desert Glass Meteorite Tektite Impact Specimen Dimples Gem AAAA,28.0,2026-01-06,60.0,0.47,WorthPoint
libyan-desert-glass,Libyan Desert Glass Meteorite Tektite Impact Stone 108gm 540ct Dimples Rare Gem,21.5,2026-01-05,108.0,0.2,WorthPoint
libyan-desert-glass,Libyan Desert Glass Meteorite Tektite Impact Stone 52.6gm 263ct Dimples Rare Gem,11.5,2026-01-05,52.6,0.22,WorthPoint
libyan-desert-glass,Libyan Desert Glass Meteorite Tektite Impact Stone 100gm 500ct Dimples Rare Gem,20.51,2026-01-05,100.0,0.21,WorthPoint
libyan-desert-glass,Libyan Desert Glass Meteorite Tektite Impact Specimen( 49 Crt)Cristobalit Gem A+,27.99,2026-01-05,,,WorthPoint
libyan-desert-glass,77G Libyan Desert Glass Meteorite Tektite Impact Specimen Dimples Gem AAAA,18.5,2026-01-05,77.0,0.24,WorthPoint
libyan-desert-glass,144G Libyan Desert Glass Meteorite Tektite Impact Specimen Dimples Gem AAAA,14.5,2026-01-05,144.0,0.1,WorthPoint
libyan-desert-glass,Libyan Desert Glass Meteorite Tektite Impact Specimen( 75 Crt) Dimples Super Gem,22.95,2026-01-04,,,WorthPoint
libyan-desert-glass,Libyan Desert Glass Meteorite Tektite Impact Specimen( 40 Crt) Angel Chime AAA+,27.0,2026-01-04,,,WorthPoint
libyan-desert-glass,Libyan Desert Glass Meteorite Tektite Impact Specimen(290 Crt) Super Gem AAAA+,17.02,2026-01-04,,,WorthPoint
libyan-desert-glass,Libyan Desert Glass Meteorite Tektite Impact Specimen(225 Crt) Super Gem AAAA+,13.32,2026-01-04,,,WorthPoint
libyan-desert-glass,Libyan Desert Glass Meteorite Tektite Impact Specimen(217 Crt) Super Gem AAAA+,12.8,2026-01-04,,,WorthPoint
libyan-desert-glass,102.5g Libyan Desert Glass Meteorite Tektite Impact Specimen Dimples GEM,25.0,2026-01-03,102.5,0.24,WorthPoint
libyan-desert-glass,Libyan Desert Glass Meteorite Tektite Impact Stone 14.5gm 72ct Dimples Rare Gem,18.27,2026-01-03,14.5,1.26,WorthPoint
libyan-desert-glass,Rare Snow 7mm Natural Libyan Desert Glass Meteorite Tektite Beaded Bracelet,78.0,2026-01-03,,,WorthPoint
libyan-desert-glass,Libyan Desert Glass Meteorite Tektite Impact Specimen( 177 Crt) Cristobalite AAA,66.5,2026-01-03,,,WorthPoint
libyan-desert-glass,Libyan Desert Glass Meteorite Tektite Impact Specimen(170 Crt) Super Gem AAAA+,17.51,2026-01-03,,,WorthPoint
libyan-desert-glass,Libyan Desert Glass Meteorite Tektite Impact Specimen(48 Crt) Super Gem AAAA+,10.49,2026-01-03,,,WorthPoint
libyan-desert-glass,38.8Ct Natural Libyan Desert Glass Tektite Impact Specimen Gold Meteorite AL487,12.5,2026-01-02,7.76,1.61,WorthPoint
libyan-desert-glass,Libyan Desert Glass Meteorite Tektite Specimen 7 Grams Natural,25.5,2026-01-02,7.0,3.64,WorthPoint
libyan-desert-glass,Ancient Neolithic ARTIFACT Of Translucent LIBYAN Desert Glass From Egypt 8.51,21.99,2026-01-02,,,WorthPoint
libyan-desert-glass,Libyan Desert Glass Meteorite Tektite Impact Cintamani 166Ct Dimple Yellow Gem,56.99,2026-01-02,33.2,1.72,WorthPoint
libyan-desert-glass,6.6G Libyan Desert Glass Meteorite Tektite Impact Specimen Dimples Gem AAAA,13.5,2026-01-02,6.6,2.05,WorthPoint
libyan-desert-glass,20.6G Libyan Desert Glass Meteorite Tektite Impact Specimen Dimples Gem AAAA,14.17,2026-01-02,20.6,0.69,WorthPoint
libyan-desert-glass,43G Libyan Desert Glass Meteorite Tektite Impact Specimen Dimples Gem AAAA,25.49,2026-01-01,43.0,0.59,WorthPoint
libyan-desert-glass,53G Libyan Desert Glass Meteorite Tektite Impact Specimen Dimples Gem AAAA,26.0,2026-01-01,53.0,0.49,WorthPoint
libyan-desert-glass,37G Libyan Desert Glass Meteorite Tektite Impact Specimen Dimples Gem AAAA,25.49,2026-01-01,37.0,0.69,WorthPoint
libyan-desert-glass,74G Libyan Desert Glass Meteorite Tektite Impact Specimen Dimples Gem AAAA,27.0,2026-01-01,74.0,0.36,WorthPoint
libyan-desert-glass,36G Libyan Desert Glass Meteorite Tektite Impact Specimen Dimples Gem AAAA,21.5,2026-01-01,36.0,0.6,WorthPoint
libyan-desert-glass,31G Libyan Desert Glass Meteorite Tektite Impact Specimen Dimples Gem AAAA,25.49,2026-01-01,31.0,0.82,WorthPoint
libyan-desert-glass,68G Libyan Desert Glass Meteorite Tektite Impact Specimen Dimples Gem AAAA,31.0,2026-01-01,68.0,0.46,WorthPoint
libyan-desert-glass,Libyan Desert Glass Meteorite Tektite Impact Specimen(228 Crt) Super Gem AAAA+,13.49,2026-01-01,,,WorthPoint
libyan-desert-glass,Libyan Desert Glass Meteorite Tektite Impact Specimen(245 Crt) Super Gem AAAA+,14.46,2026-01-01,,,WorthPoint
libyan-desert-glass,Libyan Desert Glass Meteorite Tektite Impact Specimen( 433 Crt) Super Gem AAAA+,144.0,2025-12-31,,,WorthPoint
libyan-desert-glass,18Ct Natural Libyan Desert Glass Tektite Impact Specimen Gold Meteorite,14.0,2025-12-31,3.6,3.89,WorthPoint
libyan-desert-glass,24.55Ct Natural Libyan Desert Glass Tektite Impact Specimen Gold Meteorite,14.5,2025-12-31,4.91,2.95,WorthPoint
libyan-desert-glass,82G Libyan Desert Glass Meteorite Tektite Impact Specimen Dimples Gem AAAA,17.5,2025-12-31,82.0,0.21,WorthPoint
libyan-desert-glass,93G Libyan Desert Glass Meteorite Tektite Impact Specimen Dimples Gem AAAA,15.5,2025-12-31,93.0,0.17,WorthPoint
libyan-desert-glass,12.65Ct Natural Libyan Desert Glass Tektite Impact Specimen Gold Meteorite,10.0,2025-12-30,2.53,3.95,WorthPoint
libyan-desert-glass,10.5Ct Natural Libyan Desert Glass Tektite Impact Specimen Gold Meteorite,11.0,2025-12-30,2.1,5.24,WorthPoint
libyan-desert-glass,61G Libyan Desert Glass Meteorite Tektite Impact Specimen Dimples Gem AAAA,10.5,2025-12-30,61.0,0.17,WorthPoint
libyan-desert-glass,Libyan Desert Glass Meteorite Tektite Impact Specimen( 303 Crt) Super Gem AAAA+,125.0,2025-12-30,,,WorthPoint
libyan-desert-glass,Libyan Desert Glass Meteorite Tektite Impact Specimen( 80 Crt)dimples Yellow Gem,19.99,2025-12-30,,,WorthPoint
libyan-desert-glass,Libyan Desert Glass Meteorite Tektite Impact Specimen( 88 Crt)Cristobalite AAA+,27.99,2025-12-30,,,WorthPoint
libyan-desert-glass,Libyan Desert Glass Meteorite Tektite Impact Specimen( 65 Crt) Cristobalite AAA+,20.99,2025-12-30,,,WorthPoint
libyan-desert-glass,Libyan Desert Glass Meteorite Tektite Impact Specimen(75 Crt)Cristobalite Gem A+,22.95,2025-12-30,,,WorthPoint
libyan-desert-glass,Libyan Desert Glass Meteorite Tektite Impact Specimen( 41 Ct)Cristobalite Gem A+,13.99,2025-12-30,8.2,1.71,WorthPoint
libyan-desert-glass,Chad 2017 5000 Francs - Libyan Desert Glass - 155.5 G .925 Silver Coin,379.5,2025-12-30,155.5,2.44,WorthPoint
libyan-desert-glass,"Libyan/Egyptian Desert Glass Piece, 192 Grams (very Rare)",450.0,2025-12-29,192.0,2.34,WorthPoint
libyan-desert-glass,Libyan Desert Glass Meteorite Tektite Impact Specimen( 255 Crt ) Dark Inside Gem,69.97,2025-12-29,,,WorthPoint
libyan-desert-glass,Libyan Desert Glass Meteorite Tektite Impact Specimen( 90 Crt)Cristobalite Gem A,23.99,2025-12-29,,,WorthPoint
libyan-desert-glass,Libyan Desert Glass Meteorite Tektite Impact Specimen( 370 Crt)Super Gem AAAA+,225.0,2025-12-29,,,WorthPoint
libyan-desert-glass,Faceted Libyan Desert Glass Meteorite Tektite Necklace .925 Silver 2.94 Grams,110.0,2025-12-28,2.94,37.41,WorthPoint
libyan-desert-glass,Libyan Desert Glass Meteorite Tektite Impact Specimen( 359 Crt)Dusty Orange Gem,199.0,2025-12-27,,,WorthPoint
libyan-desert-glass,Libyan Desert Glass Republic Of Chad 2017 Meteorite Art 5 Oz .925 Silver Coin,400.0,2025-12-27,141.75,2.82,WorthPoint
libyan-desert-glass,Libyan Desert Glass Pendant A+ Drilled And Polished 4.1gr/20.5Ct,16.51,2025-12-27,4.1,4.03,WorthPoint
libyan-desert-glass,Libyan Desert Glass Meteorite Tektite Impact Specimen( 64crt) Cristobalite AAAA+,35.0,2025-12-27,,,WorthPoint
libyan-desert-glass,Libyan Desert Glass From Egypt 17.2 Grams,17.99,2025-12-27,17.2,1.05,WorthPoint
libyan-desert-glass,Libyan Desert Glass Meteorite Tektite Impact Specimen( 670 Crt)Super Gem AAAA+,266.0,2025-12-26,,,WorthPoint
libyan-desert-glass,Libyan Desert Glass LDG Pendulum 3.15gr/15.75Ct Beautiful Faceted Stone,72.87,2025-12-26,3.15,23.13,WorthPoint
libyan-desert-glass,Libyan Desert Glass Meteorite Tektite Impact Specimen( 35crt) Yellow Gem AAA+,22.0,2025-12-25,,,WorthPoint
libyan-desert-glass,Libyan Desert Glass Meteorite Tektite Impact Specimen( 266 Crt) Soft Yellow Gem,68.0,2025-12-25,,,WorthPoint
libyan-desert-glass,Libyan Desert Glass Meteorite Tektite Impact Specimen( 199 Ct)yellow Super Gem,49.99,2025-12-24,39.8,1.26,WorthPoint
libyan-desert-glass,34.4g (172ct) Libyan Desert Glass Natural Meteorite Tektite Impact Crystal Gem,33.0,2025-12-24,34.4,0.96,WorthPoint
libyan-desert-glass,Libyan Desert Glass Meteorite Tektite Impact Specimen( 95 Ct) Very Dark Gem A+,27.99,2025-12-23,19.0,1.47,WorthPoint
libyan-desert-glass,Libyan Desert Glass Meteorite Tektite Impact Specimen( 50 Crt)Dark Gem AAAA+,29.99,2025-12-23,,,WorthPoint
libyan-desert-glass,LIBYAN DESERT GLASS Tektite Faceted Gemstone Meteorite HIGH GRADE IMCA MEMBER,19.99,2025-12-23,,,WorthPoint
libyan-desert-glass,Libyan Desert Glass Meteorite Tektite Impact Specimen( 1005 Crt)Dimples Gem AAA,260.0,2025-12-23,,,WorthPoint
libyan-desert-glass,Libyan Desert Glass Meteorite Tektite Impact Specimen( 18 Crt)Angel Chime Gem A+,22.0,2025-12-22,,,WorthPoint
libyan-desert-glass,Libyan Desert Glass Meteorite Tektite Impact Specimen( 1740 Ct)Angel Gem,455.0,2025-12-22,348.0,1.31,WorthPoint
libyan-desert-glass,Libyan Desert Glass Meteorite Tektite Impact Specimen( 454 Crt) One Of Its Kind,169.99,2025-12-22,,,WorthPoint
libyan-desert-glass,131G Libyan Desert Glass Meteorite Tektite Impact Specimen Dimples Gem AAAA,8.5,2025-12-20,131.0,0.06,WorthPoint
libyan-desert-glass,Libyan Desert Glass Meteorite Tektite Impact Specimen( 588 Crt)Flat Angel Chime,175.0,2025-12-20,,,WorthPoint
libyan-desert-glass,Libyan Desert Glass Meteorite Tektite Impact Specimen( 130 Ct)dimples Dark Gem,29.99,2025-12-20,26.0,1.15,WorthPoint
libyan-desert-glass,TEN - 6x3mm $37.99 Per 10 Libyan Desert Glass Beads From Meteorite Impact + COA,37.99,2025-12-20,,,WorthPoint
libyan-desert-glass,"LIBYAN DESERT GLASS, Raw Crystal, Rare - Metaphysical, Home Decor, Stones, E1873",9.5,2025-12-19,,,WorthPoint
libyan-desert-glass,LIBYAN DESERT GLASS Tektite Meteorite HIGH-GRADE Cristobalites US Seller IMCA#,22.0,2025-12-19,,,WorthPoint
libyan-desert-glass,12G Libyan Desert Glass Meteorite Tektite Impact Specimen Dimples Gem AAAA,11.5,2025-12-18,12.0,0.96,WorthPoint
libyan-desert-glass,10G Libyan Desert Glass Meteorite Tektite Impact Specimen Dimples Gem AAAA,10.49,2025-12-18,10.0,1.05,WorthPoint
libyan-desert-glass,11.6G Libyan Desert Glass Meteorite Tektite Impact Specimen Dimples Gem AAAA,10.49,2025-12-18,11.6,0.9,WorthPoint
libyan-desert-glass,24.5G Libyan Desert Glass Meteorite Tektite Impact Specimen Dimples Gem AAAA,20.49,2025-12-18,24.5,0.84,WorthPoint
libyan-desert-glass,43.5G Libyan Desert Glass Meteorite Tektite Impact Specimen Dimples Gem AAAA,24.5,2025-12-18,43.5,0.56,WorthPoint
libyan-desert-glass,5.2G Libyan Desert Glass Meteorite Tektite Impact Specimen Dimples Gem AAAA,9.5,2025-12-17,5.2,1.83,WorthPoint
libyan-desert-glass,17.5G Libyan Desert Glass Meteorite Tektite Impact Specimen Dimples Gem AAAA,9.5,2025-12-17,17.5,0.54,WorthPoint
libyan-desert-glass,15.3G Libyan Desert Glass Meteorite Tektite Impact Specimen Dimples Gem AAAA,5.5,2025-12-17,15.3,0.36,WorthPoint
libyan-desert-glass,Libyan Desert Glass Meteorite Tektite Impact Specimen( 178 Crt) Dimples Gem AAA+,89.99,2025-12-17,,,WorthPoint
libyan-desert-glass,Libyan Desert Glass Meteorite Tektite Impact Specimen( 335 Crt) Super Gem AAAA+,109.0,2025-12-17,,,WorthPoint
libyan-desert-glass,11mm Libyan Desert Glass Meteorite Tektite Beaded Bracelet W/ Cristobalite,95.0,2025-12-17,,,WorthPoint
libyan-desert-glass,Libyan Desert Glass Meteorite Tektite Impact Specimen(88 Crt)Dimples Gem AAA+,24.5,2025-12-16,,,WorthPoint
libyan-desert-glass,15.5G Libyan Desert Glass Meteorite Tektite Impact Specimen Dimples Gem AAAA,10.49,2025-12-15,15.5,0.68,WorthPoint
libyan-desert-glass,42.3G Libyan Desert Glass Meteorite Tektite Impact Specimen Dimples Gem AAAA,6.5,2025-12-15,42.3,0.15,WorthPoint
libyan-desert-glass,8.2G Libyan Desert Glass Meteorite Tektite Impact Specimen Dimples Gem AAAA,6.5,2025-12-15,8.2,0.79,WorthPoint
libyan-desert-glass,29G Libyan Desert Glass Meteorite Tektite Impact Specimen Dimples Gem AAAA,15.49,2025-12-15,29.0,0.53,WorthPoint
libyan-desert-glass,Libyan Desert Glass Meteorite Tektite Impact Specimen( 70 Crt) Yellow Gem A,19.59,2025-12-14,,,WorthPoint
libyan-desert-glass,Libyan Desert Glass Meteorite Tektite Impact Specimen( 144 Crt)Super Gem AAAA+,88.0,2025-12-14,,,WorthPoint
libyan-desert-glass,6.5G Libyan Desert Glass Meteorite Tektite Impact Specimen Dimples Gem AAAA,6.49,2025-12-13,6.5,1.0,WorthPoint
libyan-desert-glass,7.7G Libyan Desert Glass Meteorite Tektite Impact Specimen Dimples Gem AAAA,8.0,2025-12-13,7.7,1.04,WorthPoint
libyan-desert-glass,Libyan Desert Glass Meteorite Tektite Impact Specimen(80 Crt)dimples Yellow Gem,19.99,2025-12-13,,,WorthPoint
libyan-desert-glass,Libyan Desert Glass Meteorite Tektite Impact Specimen( 115 Crt)Thin Flat Gem AA+,29.99,2025-12-13,,,WorthPoint
libyan-desert-glass,Libyan Desert Glass Meteorite Tektite Impact Specimen( 128 Crt)Super Flat Gem A+,34.99,2025-12-13,,,WorthPoint
libyan-desert-glass,7.85Ct Natural Libyan Desert Glass Tektite Impact Specimen Gold Meteorite,12.5,2025-12-12,1.57,7.96,WorthPoint
libyan-desert-glass,21.05Ct Natural Libyan Desert Glass Tektite Impact Specimen Gold Meteorite,12.5,2025-12-12,4.21,2.97,WorthPoint
libyan-desert-glass,12.95Ct Natural Libyan Desert Glass Tektite Impact Specimen Gold Meteorite,12.5,2025-12-12,2.59,4.83,WorthPoint
libyan-desert-glass,10.75Ct Natural Libyan Desert Glass Tektite Impact Specimen Gold Meteorite,12.5,2025-12-12,2.15,5.81,WorthPoint
libyan-desert-glass,30.85Ct Natural Libyan Desert Glass Tektite Impact Specimen Gold Meteorite,12.5,2025-12-12,6.17,2.03,WorthPoint
libyan-desert-glass,14.2Ct Natural Libyan Desert Glass Tektite Impact Specimen Gold Meteorite,12.5,2025-12-12,2.84,4.4,WorthPoint
libyan-desert-glass,10Ct Natural Libyan Desert Glass Tektite Impact Specimen Gold Meteorite,12.5,2025-12-12,2.0,6.25,WorthPoint
libyan-desert-glass,7.8Ct Natural Libyan Desert Glass Tektite Impact Specimen Gold Meteorite,12.5,2025-12-12,1.56,8.01,WorthPoint
libyan-desert-glass,9.5Ct Natural Libyan Desert Glass Tektite Impact Specimen Gold Meteorite,12.5,2025-12-12,1.9,6.58,WorthPoint
libyan-desert-glass,19.75Ct Natural Libyan Desert Glass Tektite Impact Specimen Gold Meteorite,10.5,2025-12-12,3.95,2.66,WorthPoint
libyan-desert-glass,48.75Ct Natural Libyan Desert Glass Tektite Impact Specimen Gold Meteorite,12.5,2025-12-12,9.75,1.28,WorthPoint
libyan-desert-glass,12.45Ct Natural Libyan Desert Glass Tektite Impact Specimen Gold Meteorite,12.5,2025-12-12,2.49,5.02,WorthPoint
libyan-desert-glass,13.75Ct Natural Libyan Desert Glass Tektite Impact Specimen Gold Meteorite,12.5,2025-12-12,2.75,4.55,WorthPoint
libyan-desert-glass,106 Carats 6x3mm Beads Libyan Desert Glass Necklace From Meteorite Impact + COA,205.0,2025-12-12,21.2,9.67,WorthPoint
libyan-desert-glass,19.3Ct Natural Libyan Desert Glass Tektite Impact Specimen Gold Meteorite,12.5,2025-12-12,3.86,3.24,WorthPoint
libyan-desert-glass,13.55Ct Natural Libyan Desert Glass Tektite Impact Specimen Gold Meteorite,14.5,2025-12-12,2.71,5.35,WorthPoint
libyan-desert-glass,Libyan Desert Glass,159.0,2025-12-11,,,WorthPoint
libyan-desert-glass,16.95Ct Natural Libyan Desert Glass Tektite Impact Specimen Gold Meteorite,14.0,2025-12-11,3.39,4.13,WorthPoint
libyan-desert-glass,9.45Ct Natural Libyan Desert Glass Tektite Impact Specimen Gold Meteorite,13.0,2025-12-11,1.89,6.88,WorthPoint
libyan-desert-glass,23.55Ct Natural Libyan Desert Glass Tektite Impact Specimen Gold Meteorite,13.0,2025-12-11,4.71,2.76,WorthPoint
libyan-desert-glass,20.65Ct Natural Libyan Desert Glass Tektite Impact Specimen Gold Meteorite,11.0,2025-12-11,4.13,2.66,WorthPoint
libyan-desert-glass,13.6Ct Natural Libyan Desert Glass Tektite Impact Specimen Gold Meteorite,14.0,2025-12-11,2.72,5.15,WorthPoint
libyan-desert-glass,24.25Ct Natural Libyan Desert Glass Tektite Impact Specimen Gold Meteorite,15.0,2025-12-11,4.85,3.09,WorthPoint
libyan-desert-glass,20.45Ct Natural Libyan Desert Glass Tektite Impact Specimen Gold Meteorite,13.0,2025-12-11,4.09,3.18,WorthPoint
libyan-desert-glass,9.05Ct Natural Libyan Desert Glass Tektite Impact Specimen Gold Meteorite,12.0,2025-12-11,1.81,6.63,WorthPoint
libyan-desert-glass,29.1Ct Natural Libyan Desert Glass Tektite Impact Specimen Gold Meteorite,10.0,2025-12-11,5.82,1.72,WorthPoint
libyan-desert-glass,23.4Ct Natural Libyan Desert Glass Tektite Impact Specimen Gold Meteorite,12.0,2025-12-11,4.68,2.56,WorthPoint
libyan-desert-glass,33.15Ct Natural Libyan Desert Glass Tektite Impact Specimen Gold Meteorite,12.0,2025-12-11,6.63,1.81,WorthPoint
libyan-desert-glass,33.3Ct Natural Libyan Desert Glass Tektite Impact Specimen Gold Meteorite,12.0,2025-12-11,6.66,1.8,WorthPoint
libyan-desert-glass,Libyan Desert Glass Meteorite Tektite Impact Specimen( 165 Ct) Natural Hole Gem,62.3,2025-12-09,33.0,1.89,WorthPoint
libyan-desert-glass,Libyan Desert Glass Meteorite Tektite Impact Specimen( 100 Crt) Super Gem AAA+,27.99,2025-12-09,,,WorthPoint
libyan-desert-glass,Libyan Desert Glass Meteorite Tektite Impact Specimen(210 Crt)Soft White Gem A+,77.0,2025-12-06,,,WorthPoint
libyan-desert-glass,Libyan Desert Glass - 100% Genuine Natural Premium Quality Libyan Gold Tektite,7.95,2025-12-05,,,WorthPoint
libyan-desert-glass,Libyan Desert Glass Meteorite Tektite Impact Specimen( 775 Ct)Very Dark Dimples,335.0,2025-12-04,155.0,2.16,WorthPoint
libyan-desert-glass,Lot Of Five! Translucent LIBYAN Desert GLASS NEOLITHIC Artifacts From Egypt 15.7,34.99,2025-12-04,,,WorthPoint
libyan-desert-glass,Libyan Desert Glass Meteorite Tektite Impact Specimen( 22 Crt)Cristobalite Gem A,14.99,2025-12-03,,,WorthPoint
libyan-desert-glass,"Libyan Desert Glass - 1,292.1 Grams",512.5,2025-12-02,292.1,1.75,WorthPoint
libyan-desert-glass,Libyan Desert Glass - 895 Grams,312.5,2025-12-02,895.0,0.35,WorthPoint
libyan-desert-glass,"Libyan Desert Glass - 1,297.1 Grams",1750.0,2025-12-02,297.1,5.89,WorthPoint
libyan-desert-glass,Libyan Desert Glass Meteorite Tektite Impact Specimen( 166 Ct)Cristobalite Gem,46.5,2025-12-02,33.2,1.4,WorthPoint
libyan-desert-glass,Libyan Desert Glass Meteorite Tektite Impact Specimen( 197 Crt)Natural Hole Gem,77.0,2025-12-02,,,WorthPoint
libyan-desert-glass,Libyan Desert Glass Pendant A+ Drilled And Polished 3.4gr/17.0Ct Metaphysical,20.8,2025-12-02,3.4,6.12,WorthPoint
libyan-desert-glass,Libyan Desert Glass Meteorite Tektite Impact Specimen( 515 Ct) Big Natural Hole,134.0,2025-12-01,103.0,1.3,WorthPoint
libyan-desert-glass,Libyan Desert Glass Meteorite Tektite Impact Dimples (562 Crt) Yellow Gem AAAA+,194.25,2025-12-01,,,WorthPoint
libyan-desert-glass,Libyan Desert Glass Meteorite Tektite Impact Specimen(199 Crt) Super Gem AAAA+,99.95,2025-12-01,,,WorthPoint
libyan-desert-glass,21.5 Carats = 4.3 Grams Libyan Desert Glass Nice Tektite- Meteorite Impact + COA,5.99,2025-11-29,4.3,1.39,WorthPoint
libyan-desert-glass,22.5 Carats= 4.5 Grams Libyan Desert Glass Nice Tektite - Meteorite Impact + COA,7.0,2025-11-29,4.5,1.56,WorthPoint
libyan-desert-glass,149 Carats 29.8 Grams Libyan Desert Glass Tektite Meteorite Impact Specimen COA,38.99,2025-11-28,29.8,1.31,WorthPoint
libyan-desert-glass,Libyan Desert Glass Pendant A++ Drilled Polished 4.3gr/21.5ct Metaphysical,11.24,2025-11-28,4.3,2.61,WorthPoint
libyan-desert-glass,Libyan Desert Glass Meteorite Tektite Impact Specimen( 155 Ct)Very Dark Pendant,43.5,2025-11-28,31.0,1.4,WorthPoint
libyan-desert-glass,17.5 Carats= 3.4 Grams Libyan Desert Glass Nice Tektite - Meteorite Impact + COA,6.62,2025-11-27,3.4,1.95,WorthPoint
libyan-desert-glass,Libyan Desert Glass Meteorite Tektite Impact Specimen( 74 Crt)Cristobalite Gem A,29.99,2025-11-27,,,WorthPoint
libyan-desert-glass,1000g Bulk Wholesale Libyan Desert Glass Tektite Impact Crystals Yellow Space,777.0,2025-11-25,1000.0,0.78,WorthPoint
libyan-desert-glass,Libyan Desert Glass Meteorite Tektite Impact Specimen( 66 Crt) Super Gem AAA+,29.99,2025-11-25,,,WorthPoint
libyan-desert-glass,Libyan Desert Glass Meteorite Tektite Impact Specimen(320 Crt) Yellow Gem AAA+,104.99,2025-11-25,,,WorthPoint
libyan-desert-glass,Libyan Desert Glass 28.29g Translucent Impactite - Not A Meteorite (,59.0,2025-11-24,28.29,2.09,WorthPoint
libyan-desert-glass,Libyan Desert Glass Meteorite Tektite Impact Specimen( 120 Crt) Very Dark Gem,35.62,2025-11-24,,,WorthPoint
libyan-desert-glass,Libyan Desert Glass 29.46g Translucent Impactite - Not A Meteorite,9.5,2025-11-22,29.46,0.32,WorthPoint
libyan-desert-glass,Libyan Desert Glass Meteorite Tektite Impact Specimen( 430 Crt)Super Gem AAAA+,131.25,2025-11-21,,,WorthPoint
libyan-desert-glass,Libyan Desert Glass Meteorite Tektite Impact Specimen(110 Crt) Soft Dark Gem AA+,32.25,2025-11-19,,,WorthPoint
libyan-desert-glass,Libyan Desert Glass Meteorite Tektite Impact Specimen( 64 Crt)Soft Dark Gem A+,18.75,2025-11-18,,,WorthPoint
libyan-desert-glass,Libyan Desert Glass Meteorite Tektite Impact Specimen( 1175 Ct)Big Super Gem AA,348.75,2025-11-18,235.0,1.48,WorthPoint
libyan-desert-glass,Libyan Desert Glass Meteorite Tektite Impact Specimen( 60 Crt)Super Flat Gem A+,22.49,2025-11-18,,,WorthPoint
libyan-desert-glass,"Nice Tektite, Libyan Desert Glass, Egypt, Lot Of Many Pieces. 168 Grams",43.0,2025-11-16,168.0,0.26,WorthPoint
libyan-desert-glass,"Nice Tektite, Libyan Desert Glass, Egypt, Lot Of 2 Small Pieces. 136 Grams",15.5,2025-11-16,136.0,0.11,WorthPoint
libyan-desert-glass,Libyan Desert Glass Meteorite Tektite Impact Specimen( 175 Crt)Very Thin Gem A+,50.25,2025-11-16,,,WorthPoint
libyan-desert-glass,Libyan Desert Glass Meteorite Tektite Impact Cintamani( 250 Ct) Yellow Gem AAAA,74.96,2025-11-16,50.0,1.5,WorthPoint
libyan-desert-glass,Libyan Desert Glass LDG Pendulum 2.3gr/11.5Ct Beautiful Faceted Stone,46.64,2025-11-16,2.3,20.28,WorthPoint
libyan-desert-glass,Libyan Desert Glass 21.19g Translucent Impactite - Not A Meteorite,31.0,2025-11-15,21.19,1.46,WorthPoint
libyan-desert-glass,Libyan Desert Glass Meteorite Tektite Impact Specimen( 54 Crt) Super Gem AAA+,25.0,2025-11-13,,,WorthPoint
libyan-desert-glass,Libyan Desert Glass Meteorite Tektite Impact Specimen( 210 Crt)Nice Shape Yellow,59.99,2025-11-13,,,WorthPoint
libyan-desert-glass,Libyan Desert Glass Meteorite Tektite Impact Specimen( 235 Ct)dimples Yellow Gem,67.49,2025-11-11,47.0,1.44,WorthPoint
libyan-desert-glass,Libyan Desert Glass Meteorite Tektite Impact Specimen( 460 Ct)Dimples -Dark,132.0,2025-11-11,92.0,1.43,WorthPoint
libyan-desert-glass,Light YELLOW! Libyan Desert Glass 100% Natural From Egypt 8.3gr,14.99,2025-11-10,8.3,1.81,WorthPoint
libyan-desert-glass,Libyan Desert Glass Meteorite Tektite Impact Specimen ( 70 Crt) Soft Yellow Gem,20.25,2025-11-10,,,WorthPoint
libyan-desert-glass,Libyan Desert Glass Meteorite Tektite Impact Specimen ( 150 Crt)Dark Blue Lines,43.49,2025-11-10,,,WorthPoint
libyan-desert-glass,Libyan Desert Glass Meteorite Tektite Impact Specimen( 29 Crt) Dark Geen Gem A,14.99,2025-11-10,,,WorthPoint
libyan-desert-glass,"""Libyan Desert Glass Pendant For Necklace, 925 Silver Certified 1.5 """"L 9g""",70.0,2025-11-09,9.0,7.78,WorthPoint
libyan-desert-glass,"Nice Tektite, Libyan Desert Glass, Egypt, Very Good Piece. 208 Grams",43.56,2025-11-09,208.0,0.21,WorthPoint
libyan-desert-glass,13mm Natural Libyan Desert Glass Meteorite Tektite Beaded Bracelet,105.0,2025-11-08,,,WorthPoint
libyan-desert-glass,Libyan Desert Glass From Egypt 4.17 Grams.,6.99,2025-11-06,4.17,1.68,WorthPoint
libyan-desert-glass,99.5g (497.5ct) Libyan Desert Glass Natural Raw Meteorite Tektite Impact Crystal,110.0,2025-11-06,99.5,1.11,WorthPoint
libyan-desert-glass,Libyan Desert Glass Meteorite Tektite Impact Specimen( 139 Crt)Dark Flat Gem AA+,44.99,2025-11-05,,,WorthPoint
libyan-desert-glass,Libyan Desert Glass Meteorite Tektite Impact Specimen( 960 Ct)Cristobalite AAA+,281.25,2025-11-05,192.0,1.46,WorthPoint
libyan-desert-glass,Libyan Desert Glass Meteorite Tektite Impact Specimen( 251 Crt )Super Gem AAA+,74.98,2025-11-04,,,WorthPoint
libyan-desert-glass,"Nice Tektite, Libyan Desert Glass, Egypt, Lot Of 4 Small Pieces. 171 Grams",23.5,2025-11-02,171.0,0.14,WorthPoint
libyan-desert-glass,Libyan Desert Glass Meteorite Tektite Impact Cintamani ( 200 Crt) Natural Hole,61.5,2025-11-02,,,WorthPoint
libyan-desert-glass,Libyan Desert Glass 21.60g Translucent Impactite - Not A Meteorite,22.5,2025-11-01,21.6,1.04,WorthPoint
libyan-desert-glass,Libyan Desert Glass Meteorite Tektite Impact Specimen( 2775 Crt)Stand Alone AAAA,1450.0,2025-11-01,,,WorthPoint
libyan-desert-glass,Libyan Desert Glass From Egypt 5.56 Grams,6.99,2025-11-01,5.56,1.26,WorthPoint
libyan-desert-glass,Libyan Desert Glass Wholesale Lot From Egypt 18.7 Grams,19.99,2025-11-01,18.7,1.07,WorthPoint
libyan-desert-glass,Ancient Translucent ARTIFACT Of LIBYAN Desert GLASS Egypt 12.2gr,34.99,2025-10-30,12.2,2.87,WorthPoint
libyan-desert-glass,Libyan Desert Glass Meteorite Tektite Impact Specimen( 90 Ct)Cristobalite Gem A+,26.25,2025-10-29,18.0,1.46,WorthPoint
libyan-desert-glass,30G Libyan Desert Glass Meteorite Tektite Impact Specimen Dimples Gem AAAA,36.0,2025-10-28,30.0,1.2,WorthPoint
libyan-desert-glass,Libyan Desert Glass Meteorite Tektite Impact Specimen(186 Ct)Super Flat Gem AAA+,56.25,2025-10-27,37.2,1.51,WorthPoint
libyan-desert-glass,Libyan Desert Glass Meteorite Tektite Impact Cintamani( 775 Crt)Angel Chime Flat,221.25,2025-10-27,,,WorthPoint
libyan-desert-glass,"Nice Tektite, Libyan Desert Glass, Egypt, Lot Of 3 Small Pieces. 199 Grams",21.5,2025-10-26,199.0,0.11,WorthPoint
libyan-desert-glass,Libyan Desert Glass Meteorite Tektite Impact Specimen( 325 Ct)Dimples Super AAA+,84.75,2025-10-26,65.0,1.3,WorthPoint
libyan-desert-glass,15.25 CT Libyan Desert Glass Scarab Pendant,140.0,2025-10-25,3.05,45.9,WorthPoint
libyan-desert-glass,315.5 Carats 63.1 Grams Libyan Desert Glass Tektite Meteorite Impact With COA,79.99,2025-10-25,63.1,1.27,WorthPoint
libyan-desert-glass,497 Carats / 99.4 Grams Libyan Desert Glass Tektite Meteorite Impact With A COA,99.99,2025-10-25,99.4,1.01,WorthPoint
libyan-desert-glass,AAA Grade Libyan Desert Glass Gold Tektite Crystal Bracelet (RARE),120.0,2025-10-24,,,WorthPoint
libyan-desert-glass,Libyan Desert Glass Meteorite Tektite Impact Specimen ( 65 Crt)Dark Super Gem A+,17.99,2025-10-24,,,WorthPoint
libyan-desert-glass,Libyan Desert Glass Meteorite Tektite Impact Specimen( 70 Ct)Soft Yellow Gem A+,20.25,2025-10-24,14.0,1.45,WorthPoint
libyan-desert-glass,Libyan Desert Glass Meteorite Tektite Impact Specimen( 385 Ct)Super Gem AAAA+,146.25,2025-10-23,77.0,1.9,WorthPoint
libyan-desert-glass,Libyan Desert Glass Scarab,70.0,2025-10-23,,,WorthPoint
libyan-desert-glass,Libyan Desert Glass Cut Gem Collection ~ 5 Gems!!,24.99,2025-10-23,5.0,5.0,WorthPoint
libyan-desert-glass,Ancient Neolithic ARTIFACT Of LIBYAN Desert Glass From Egypt 1.27,24.99,2025-10-23,,,WorthPoint
libyan-desert-glass,Libyan Desert Glass Meteorite Tektite Impact Specimen( 54 Ct)Super Dark Gem AAA,17.25,2025-10-22,10.8,1.6,WorthPoint
libyan-desert-glass,Libyan Desert Glass Meteorite Tektite Impact Specimen(160 Ct)Super Gem Dark AAA+,69.99,2025-10-21,32.0,2.19,WorthPoint
libyan-desert-glass,Libyan Desert Glass Meteorite Tektite Specimen( 325 Crt)Flat Cristobalite Gem A+,94.46,2025-10-21,,,WorthPoint
libyan-desert-glass,Libyan Desert Glass Meteorite Tektite Impact Specimen( 34 Crt)dimples Yellow Gem,14.99,2025-10-21,,,WorthPoint
libyan-desert-glass,Libyan Desert Glass Meteorite Tektite Impact Specimen( 244 Crt)Super Gem AAAA+,139.0,2025-10-21,,,WorthPoint
libyan-desert-glass,Large 4.5 Inch 300 Gram Libyan Desert Glass Tektit,375.0,2025-10-21,300.0,1.25,WorthPoint
libyan-desert-glass,34G Libyan Desert Glass Meteorite Tektite Impact Specimen Dimples Gem AAAA,14.0,2025-10-21,34.0,0.41,WorthPoint
libyan-desert-glass,6G Libyan Desert Glass Meteorite Tektite Impact Specimen Dimples Gem AAAA,6.49,2025-10-21,6.0,1.08,WorthPoint
libyan-desert-glass,Libyan Desert Glass Meteorite Tektite Impact Specimen( 140 Crt)Flat Gem Super A+,41.25,2025-10-20,,,WorthPoint
libyan-desert-glass,"Libyan Desert Glass With Moldavite Necklace Pendant With Chain,925 Silver",129.0,2025-10-20,,,WorthPoint
libyan-desert-glass,"Nice Tektite, Libyan Desert Glass, Egypt, Lot Of 5 Small Pieces. 172 Grams",23.5,2025-10-19,172.0,0.14,WorthPoint
libyan-desert-glass,Libyan Desert Glass Meteorite Tektite Impact Specimen( 204 Ct)Very Dark Gem AA+,79.99,2025-10-19,40.8,1.96,WorthPoint
libyan-desert-glass,Libyan Desert Glass Meteorite Tektite Impact Specimen( 635 Crt) Flat Nice Gem A,183.75,2025-10-18,,,WorthPoint
libyan-desert-glass,Libyan Desert Glass Meteorite Tektite Impact Cintamani( 315 Ct)Dimple Yellow Gem,129.0,2025-10-18,63.0,2.05,WorthPoint
libyan-desert-glass,Libyan Desert Glass 17.22g Translucent Impactite - Not A Meteorite,25.0,2025-10-18,17.22,1.45,WorthPoint
libyan-desert-glass,Libyan Desert Glass From Egypt 9.64 Grams.,14.99,2025-10-18,9.64,1.55,WorthPoint
libyan-desert-glass,Libyan Desert Glass Meteorite Tektite Impact Specimen( 58 Crt) Yellow Gem AAA+,17.25,2025-10-17,,,WorthPoint
libyan-desert-glass,Libyan Desert Glass Meteorite Tektite Impact Specimen( 314 Crt) Cristobalite Gem,93.75,2025-10-17,,,WorthPoint
libyan-desert-glass,Libyan Desert Glass Meteorite Tektite Impact Specimen( 103 Ct)Blue Lines Gem A+,31.5,2025-10-17,20.6,1.53,WorthPoint
libyan-desert-glass,Libyan Desert Glass Meteorite Tektite Impact Specimen( 1303 Crt)Super Gem AAAA+,517.5,2025-10-17,,,WorthPoint
libyan-desert-glass,Libyan Desert Glass Meteorite Tektite Specimen( 825 Crt)Stand Alone Natural Hole,224.25,2025-10-16,,,WorthPoint
libyan-desert-glass,82.8 Carat 5x2mm Beads Libyan Desert Glass Meteorite Impact .925 Silver Necklace,174.99,2025-10-15,16.56,10.57,WorthPoint
libyan-desert-glass,Libyan Desert Glass Meteorite Tektite Impact Specimen( 99 Ct)Very Dark Pendant,29.99,2025-10-15,19.8,1.51,WorthPoint
libyan-desert-glass,Libyan Desert Glass Meteorite Tektite Impact Specimen( 470 Ct)Dimples Super AAA+,141.0,2025-10-14,94.0,1.5,WorthPoint
libyan-desert-glass,Libyan Desert Glass Meteorite Tektite Impact Specimen( 815 Crt)Heart Shape Gem A,243.75,2025-10-13,,,WorthPoint
libyan-desert-glass,5G Libyan Desert Glass Meteorite Tektite Impact Specimen Dimples Gem AAAA,10.08,2025-10-12,5.0,2.02,WorthPoint
libyan-desert-glass,14.5G Libyan Desert Glass Meteorite Tektite Impact Specimen Dimples Gem AAAA,11.0,2025-10-12,14.5,0.76,WorthPoint
libyan-desert-glass,Libyan Desert Glass Meteorite Tektite Impact Specimen( 35 Crt) Yellow Gem AAA+,14.99,2025-10-12,,,WorthPoint
libyan-desert-glass,Libyan Desert Glass Meteorite Tektite Impact Specimen(244 Crt)Soft Gem Top AAAA,74.96,2025-10-12,,,WorthPoint
libyan-desert-glass,16G Libyan Desert Glass Meteorite Tektite Impact Specimen Dimples Gem AAAA,7.5,2025-10-11,16.0,0.47,WorthPoint
libyan-desert-glass,15G Libyan Desert Glass Meteorite Tektite Impact Specimen Dimples Gem AAAA,8.39,2025-10-11,15.0,0.56,WorthPoint
libyan-desert-glass,24G Libyan Desert Glass Meteorite Tektite Impact Specimen Dimples Gem AAAA,8.5,2025-10-11,24.0,0.35,WorthPoint
libyan-desert-glass,Libyan Desert Glass 21.82g Sculptural Translucency Impactite - Not A Meteorite,7.22,2025-10-11,21.82,0.33,WorthPoint
libyan-desert-glass,Libyan Desert Glass Meteorite Tektite Impact Specimen( 400 Crt)Super Gem AAAA,112.49,2025-10-11,,,WorthPoint
libyan-desert-glass,Libyan Desert Glass Meteorite Tektite Impact Specimen( 8175 Ct)Dimples Green Gem,2399.25,2025-10-11,1635.0,1.47,WorthPoint
libyan-desert-glass,Libyan Desert Glass Meteorite Tektite Impact Specimen( 610 Crt) One Of Its Kind,171.75,2025-10-10,,,WorthPoint
libyan-desert-glass,Libyan Desert Glass Cut Gem Collection!,24.99,2025-10-10,,,WorthPoint
libyan-desert-glass,Libyan Desert Glass Meteorite Tektite Impact Specimen(155 Crt)Natural Hole White,44.99,2025-10-10,,,WorthPoint
libyan-desert-glass,Libyan Desert Glass Meteorite Tektite Impact Specimen( 1020 Crt)Super Yellow Gem,292.5,2025-10-10,,,WorthPoint
libyan-desert-glass,Libyan Desert Glass Meteorite Tektite Impact Cintamani( 400 Crt) Ancient Tool,119.96,2025-10-09,,,WorthPoint
libyan-desert-glass,Libyan Desert Glass Neckless Authentic,119.0,2025-10-08,,,WorthPoint
libyan-desert-glass,Libyan Desert Glass Meteorite Tektite Impact Specimen( 85 Crt) Soft Yellow Gem,24.71,2025-10-06,,,WorthPoint
libyan-desert-glass,Libyan Desert Glass Meteorite Tektite Impact Specimen( 41 Crt)Soft Yellow Gem A+,14.21,2025-10-06,,,WorthPoint
libyan-desert-glass,Libyan Desert Glass Meteorite Tektite Impact Specimen( 109 Ct)Cristobalite AAA+,33.75,2025-10-04,21.8,1.55,WorthPoint
libyan-desert-glass,Libyan Desert Glass Meteorite Tektite Impact Specimen( 48 Ct)Super Dark Gem AAA,17.25,2025-10-04,9.6,1.8,WorthPoint
libyan-desert-glass,Libyan Desert Glass Meteorite Tektite Impact Specimen(216 Ct)Cristobalite Gem A+,63.75,2025-10-04,43.2,1.48,WorthPoint
libyan-desert-glass,Libyan Desert Glass 33.28g Translucency Impactite - Not A Meteorite,54.99,2025-10-04,33.28,1.65,WorthPoint
libyan-desert-glass,Libyan Desert Glass 16.29g Translucency Impactite - Not A Meteorite,28.99,2025-10-04,16.29,1.78,WorthPoint
libyan-desert-glass,Libyan Desert Glass Meteorite Tektite Impact Specimen( 5000 Crt)Flat- Big (1 Kg),1499.25,2025-10-04,1000.0,1.5,WorthPoint
libyan-desert-glass,Libyan Desert Glass Meteorite Tektite Impact Specimen( 525 Crt) Yellow Gem AAAA+,171.75,2025-10-04,,,WorthPoint
libyan-desert-glass,Libyan Desert Glass Meteorite Tektite Impact Specimen(66 Crt)Arrow Super Gem AA+,27.0,2025-10-03,,,WorthPoint
libyan-desert-glass,Libyan Desert Glass Meteorite Tektite Impact Specimen( 605 Crt)Very Dark Gem AA+,237.0,2025-10-03,,,WorthPoint
libyan-desert-glass,Thai Tektite & Libyan Desert Glass Charm Pendant Necklace,55.0,2025-10-02,,,WorthPoint
libyan-desert-glass,Libyan Desert Glass Impactite Artifact Blade,12.95,2025-10-01,,,WorthPoint
libyan-desert-glass,"Nice Tektite, Libyan Desert Glass, Egypt, One Nice Piece. 285 Grams",36.1,2025-09-28,285.0,0.13,WorthPoint
libyan-desert-glass,Libyan Desert Glass Meteorite Tektite Impact Cintamani( 300 Ct)Dimple Yellow Gem,108.0,2025-09-28,60.0,1.8,WorthPoint
libyan-desert-glass,Libyan Desert Glass Meteorite Tektite Impact Specimen( 69 Ct)dimples Yellow Gem,16.12,2025-09-28,13.8,1.17,WorthPoint
libyan-desert-glass,Libyan Desert Glass Meteorite Tektite Impact Specimen( 350 Crt) Super Nice Gem A,104.99,2025-09-28,,,WorthPoint
libyan-desert-glass,Libyan Desert Glass Meteorite Tektite Impact Specimen( 56 Ct)Cristobalite Gem A,16.5,2025-09-28,11.2,1.47,WorthPoint
libyan-desert-glass,Libyan Desert Glass 27.41g Sculptural Translucency Impactite - Not A Meteorite,39.0,2025-09-27,27.41,1.42,WorthPoint
libyan-desert-glass,Libyan Desert Glass 11.76g Translucency Impactite - Not A Meteorite,18.0,2025-09-27,11.76,1.53,WorthPoint
libyan-desert-glass,Libyan Desert Glass Pendant A++ Drilled And Polished 6.9gr/34.5Ct,20.18,2025-09-26,6.9,2.92,WorthPoint
libyan-desert-glass,Libyan Desert Glass Meteorite Tektite Impact Cintamani( 166 Ct)Dimple Yellow Gem,59.99,2025-09-24,33.2,1.81,WorthPoint
libyan-desert-glass,Libyan Desert Glass Pendant 5.6gr23.0ct .925 Silver Cap Bail,22.1,2025-09-24,5.6,3.95,WorthPoint
libyan-desert-glass,Libyan Desert Glass Meteorite Tektite Impact Specimen( 360 Ct )H-Tool Yellow A+,139.99,2025-09-24,72.0,1.94,WorthPoint
libyan-desert-glass,Libyan Desert Glass Meteorite Tektite Impact Specimen( 195 Crt) Green Gem AA+,56.25,2025-09-23,,,WorthPoint
libyan-desert-glass,Libyan Desert Glass Meteorite Tektite Impact Specimen( 500 Crt)Small Gems Lot#17,134.25,2025-09-23,,,WorthPoint
libyan-desert-glass,15mm Natural Libyan Desert Glass Meteorite Tektite Beaded Bracelet,130.0,2025-09-22,,,WorthPoint
libyan-desert-glass,21.5 Carats FIVE 8mm Libyan Desert Glass Beads From Meteorite Impact With A COA,31.99,2025-09-22,4.3,7.44,WorthPoint
libyan-desert-glass,Libyan Desert Glass Pendant 2.3gr/11.5ct .925 Silver Pincher Bail,15.03,2025-09-22,2.3,6.53,WorthPoint
libyan-desert-glass,"Nice Tektite, Libyan Desert Glass, Egypt, Lot Of Four Small Pieces. 192 Grams",21.5,2025-09-21,192.0,0.11,WorthPoint
libyan-desert-glass,Libyan Desert Glass Meteorite Tektite Impact Cintamani( 50 Crt)soft Dark Gem,15.75,2025-09-21,,,WorthPoint
libyan-desert-glass,Libyan Desert Glass Meteorite Tektite Impact Specimen( 2630 Crt)Very Big 1/2 Kg,824.25,2025-09-21,2000.0,0.41,WorthPoint
libyan-desert-glass,6.50 Carats (1.30 Grams)~Libyan Desert Glass Tektite From Meteorite Impact!,5.99,2025-09-21,1.3,4.61,WorthPoint
libyan-desert-glass,10.11 Carats (2.02 Grams)~Libyan Desert Glass Tektite From Meteorite Impact!,8.99,2025-09-21,2.02,4.45,WorthPoint
libyan-desert-glass,"15g (75 Ct) Libyan Desert Glass Natural Yellow Impact Specimen Tektite, Egypt",20.0,2025-09-20,15.0,1.33,WorthPoint
libyan-desert-glass,Libyan Desert Glass From Egypt 7.24 Grams,14.99,2025-09-20,7.24,2.07,WorthPoint
libyan-desert-glass,73.5 Carats= 14.7 Grams Libyan Desert Glass A+ Tektite Meteorite Impact With COA,48.99,2025-09-19,14.7,3.33,WorthPoint
libyan-desert-glass,Larger! Ancient Translucent ARTIFACT Of LIBYAN Desert GLASS Egypt 25.2gr,69.99,2025-09-19,25.2,2.78,WorthPoint
libyan-desert-glass,Libyan Desert Glass Meteorite Tektite Impact Specimen( 435 Ct)Gem -Dark Lines A+,169.0,2025-09-18,87.0,1.94,WorthPoint
libyan-desert-glass,Libyan Desert Glass Pendant Drilled With Satin Cord 15.8 Grams,40.0,2025-09-18,15.8,2.53,WorthPoint
libyan-desert-glass,Libyan Desert Glass Meteorite Tektite Specimen( 400 Crt)Stand Alone Display Gem,126.75,2025-09-17,,,WorthPoint
libyan-desert-glass,Libyan Desert Glass Meteorite Tektite Impact Specimen( 410 Ct)Flat Heart Gem AA+,159.95,2025-09-17,82.0,1.95,WorthPoint
libyan-desert-glass,Libyan Desert Glass Meteorite Tektite Impact Specimen( 805 Crt) Yellow Gem AAAA+,254.25,2025-09-16,,,WorthPoint
libyan-desert-glass,Libyan Desert Glass Meteorite Tektite Impact Specimen( 1277 Ct)Super Whites Gems,345.0,2025-09-16,255.4,1.35,WorthPoint
libyan-desert-glass,Libyan Desert Glass Meteorite Tektite Impact Specimen( 233 Crt)Dimples Best Gem,49.95,2025-09-16,,,WorthPoint
libyan-desert-glass,Libyan Desert Glass Meteorite Tektite Impact Specimen(670 Crt)Cristobalit Gem A+,191.25,2025-09-16,,,WorthPoint
libyan-desert-glass,Libyan Desert Glass Meteorite Tektite Impact Specimen( 1275 Crt) White Gem A,333.75,2025-09-15,,,WorthPoint
libyan-desert-glass,Libyan Desert Glass Meteorite Tektite Impact Specimen( 1000 Ct)Medium Gem Lot#16,291.75,2025-09-15,200.0,1.46,WorthPoint
libyan-desert-glass,Libyan Desert Glass Meteorite Tektite Impact Specimen( 200 Crt) Natural Hole,56.25,2025-09-15,,,WorthPoint
libyan-desert-glass,Libyan Desert Glass Meteorite Tektite Impact Specimen( 135 Ct ) Super Gem AAAA+,37.46,2025-09-15,27.0,1.39,WorthPoint
libyan-desert-glass,Libyan Desert Glass Meteorite Tektite Impact Specimen( 137 Crt) Dark Green AAA+,41.25,2025-09-15,,,WorthPoint
libyan-desert-glass,Libyan Desert Glass Meteorite Tektite Impact Specimen( 277 Ct) Yellow Top Gem A+,81.75,2025-09-15,55.4,1.48,WorthPoint
libyan-desert-glass,Libyan Desert Glass Very Rare 12 Grams,12.06,2025-09-14,12.0,1.01,WorthPoint
libyan-desert-glass,Libyan Desert Glass Meteorite Tektite Impact Specimen(220crt)CRISTOBALITE INCLU,59.99,2025-09-14,,,WorthPoint
libyan-desert-glass,"Nice Tektite, Libyan Desert Glass, Egypt, Lot Of Three Small Pieces. 176 Grams",15.51,2025-09-14,176.0,0.09,WorthPoint
libyan-desert-glass,Cristobalite Inclusions! TWO Libyan Desert Glass Pieces From Egypt 9.1gr,19.99,2025-09-14,9.1,2.2,WorthPoint
libyan-desert-glass,Libyan Desert Glass Meteorite Tektite Impact Specimen (550 Crt) Yellow Gem AAAA,159.75,2025-09-13,,,WorthPoint
libyan-desert-glass,Libyan Desert Glass Meteorite Tektite Impact Specimen( 665 Crt)Super Yellow Gem,206.25,2025-09-13,,,WorthPoint
libyan-desert-glass,Libyan Desert Glass Meteorite Tektite Impact Specimen( 700 Crt) Yellow Gem AAAA+,299.25,2025-09-13,,,WorthPoint
libyan-desert-glass,Libyan Desert Glass Meteorite Tektite Impact Specimen( 557 Ct)Dimples GEM AAAA,149.25,2025-09-13,111.4,1.34,WorthPoint
libyan-desert-glass,Libyan Desert Glass Meteorite Tektite Impact Cintamani( 760 Ct)cristobalite Gem,209.25,2025-09-13,152.0,1.38,WorthPoint
libyan-desert-glass,Libyan Desert Glass Meteorite Tektite Impact Specimen(310ct)Very Thin Yellow Gem,89.99,2025-09-13,62.0,1.45,WorthPoint
libyan-desert-glass,Libyan Desert Glass 20.81g Translucent Impactite W/ Schlieren - Not A Meteorite,34.0,2025-09-13,20.81,1.63,WorthPoint
libyan-desert-glass,53 Carats 4x2mm Beads Libyan Desert Glass Necklace From Meteorite Impact +COA,169.0,2025-09-12,10.6,15.94,WorthPoint
libyan-desert-glass,Genuine LIBYAN DESERT GLASS Chunks 95 Grams 62mm X 42mm X 42mm,15.0,2025-09-10,95.0,0.16,WorthPoint
libyan-desert-glass,Libyan Desert Glass Meteorite Tektite Impact Specimen( 75 Ct ) Arrow Gem AA+,22.12,2025-09-09,15.0,1.47,WorthPoint
libyan-desert-glass,Libyan Desert Glass 6.40g Translucency Impactite - Not A Meteorite,10.0,2025-09-09,6.4,1.56,WorthPoint
libyan-desert-glass,Citrine Crystal & Libyan Desert Glass Bead Star Charm Pendant Necklace,49.99,2025-09-09,,,WorthPoint
libyan-desert-glass,"Meteorite, LDG, Moldavite Necklace",199.0,2025-09-09,,,WorthPoint
libyan-desert-glass,Libyan Desert Glass Meteorite Tektite Impact Specimen(93 Crt)Cristobalite Gem A+,28.49,2025-09-08,,,WorthPoint
libyan-desert-glass,Libyan Desert Glass Impactite Tektite Specimen Quality Lustrous Yellow Gem 8g,33.5,2025-09-06,8.0,4.19,WorthPoint
libyan-desert-glass,"Libyan/Egyptian Desert Glass Piece, 704 Grams (Museum Quality)",1750.0,2025-09-04,704.0,2.49,WorthPoint
libyan-desert-glass,Libyan Desert Glass Meteorite Tektite Impact Specimen( 390 Crt) 2 Natural Holes,119.25,2025-09-03,,,WorthPoint
libyan-desert-glass,Libyan Desert Glass Meteorite Tektite Impact Specimen( 36 Crt)yellow Gem AAA,19.99,2025-09-01,,,WorthPoint
libyan-desert-glass,Libyan Desert Glass Meteorite Tektite Specimen( 45 Crt)Cristobalit Natural Hole,23.0,2025-09-01,,,WorthPoint
libyan-desert-glass,Libyan Desert Glass Meteorite Tektite Impact Specimen( 49 Ct)dimples Yellow Gem,23.0,2025-08-31,9.8,2.35,WorthPoint
libyan-desert-glass,Libyan Desert Glass Meteorite Tektite Impact Specimen( 330 Crt) Super Gem AA+,144.0,2025-08-30,,,WorthPoint
libyan-desert-glass,Libyan Desert Glass Meteorite Tektite Impact Specimen( 310 Ct)Super Gem AAAA+,125.0,2025-08-30,62.0,2.02,WorthPoint
libyan-desert-glass,Libyan Desert Glass Meteorite Tektite Impact Specimen PRICE IS FOR ONE PIECE JAL,17.95,2025-08-30,,,WorthPoint
libyan-desert-glass,"Libyan Desert Glass From Eastern Sahara Desert, Tektite (TEK55)",7.49,2025-08-30,,,WorthPoint
libyan-desert-glass,Libyan Desert Glass 31.78g Translucent Impactite W/ Schlieren - Not A Meteorite,33.0,2025-08-30,31.78,1.04,WorthPoint
libyan-desert-glass,Libyan Desert Glass - 375 Grams,1625.0,2025-08-29,375.0,4.33,WorthPoint
libyan-desert-glass,Libyan Desert Glass - 265.8 Grams,362.5,2025-08-29,265.8,1.36,WorthPoint
libyan-desert-glass,"Libyan Desert Glass - 2,120.4 Grams",12500.0,2025-08-29,120.4,103.82,WorthPoint
libyan-desert-glass,Libyan Desert Glass Meteorite Tektite Specimen( 135 Crt)Dimples Natural Hole A+,49.99,2025-08-29,,,WorthPoint
libyan-desert-glass,72.2 Carat 5x2mm Smooth Beads Libyan Desert Glass Necklace Meteorite Impact COA,214.99,2025-08-29,14.44,14.89,WorthPoint
libyan-desert-glass,Libyan Desert Glass Meteorite Tektite Impact Specimen(49 Crt) Very Dark Gem AAA,22.49,2025-08-29,,,WorthPoint
libyan-desert-glass,Libyan Desert Glass Meteorite Tektite Impact Specimen( 39 Ct)Soft Yellow Gem A+,13.5,2025-08-28,7.8,1.73,WorthPoint
libyan-desert-glass,Libyan Desert Glass Meteorite Tektite Impact Specimen( 180 Crt)Dimples Gem A+,54.0,2025-08-28,,,WorthPoint
libyan-desert-glass,8G Libyan Desert Glass Meteorite Tektite Impact Specimen Dimples Gem AAAA,8.0,2025-08-27,8.0,1.0,WorthPoint
libyan-desert-glass,Libyan Desert Glass Meteorite Tektite Impact Specimen ( 175 Crt) Natural Hole,49.5,2025-08-25,,,WorthPoint
libyan-desert-glass,Libyan Desert Glass Meteorite Tektite Impact Specimen( 920 Crt) Big Natural Hole,266.25,2025-08-25,,,WorthPoint
libyan-desert-glass,Libyan Desert Glass (6pc. Lot),25.0,2025-08-25,,,WorthPoint
libyan-desert-glass,7G Libyan Desert Glass Meteorite Tektite Impact Specimen Dimples Gem AAAA,5.5,2025-08-23,7.0,0.79,WorthPoint
libyan-desert-glass,4.5G Libyan Desert Glass Meteorite Tektite Impact Specimen Dimples Gem AAAA,7.5,2025-08-23,4.5,1.67,WorthPoint
libyan-desert-glass,13G Libyan Desert Glass Meteorite Tektite Impact Specimen Dimples Gem AAAA,6.01,2025-08-23,13.0,0.46,WorthPoint
libyan-desert-glass,Libyan Desert Glass 20.28g Translucency Impactite - Not A Meteorite,31.0,2025-08-23,20.28,1.53,WorthPoint
libyan-desert-glass,Libyan Desert Glass Meteorite Tektite Impact Specimen( 240 Crt)Cristobalite Gem,71.25,2025-08-23,,,WorthPoint
libyan-desert-glass,Libyan Desert Glass Meteorite Tektite Impact Specimen( 85 Ct)Cristobalite Gem,24.75,2025-08-23,17.0,1.46,WorthPoint
libyan-desert-glass,Libyan Desert Glass Meteorite Tektite Impact Specimen( 4620 Ct)Soft Yellow Gem,1277.0,2025-08-22,924.0,1.38,WorthPoint
libyan-desert-glass,Libyan Desert Glass Meteorite Tektite Impact Specimen( 555 Crt) Yellow Gem AAA+,219.0,2025-08-22,,,WorthPoint
libyan-desert-glass,17G Libyan Desert Glass Meteorite Tektite Impact Specimen Dimples Gem AAAA,5.0,2025-08-21,17.0,0.29,WorthPoint
libyan-desert-glass,Libyan Desert Glass Meteorite Tektite Impact Specimen( 205 Crt)Dimples Very Dark,59.99,2025-08-21,,,WorthPoint
libyan-desert-glass,Libyan Desert Glass Meteorite Tektite Impact Specimen ( 44 Crt)Dark Super Gem A+,16.12,2025-08-20,,,WorthPoint
libyan-desert-glass,Libyan Desert Glass Meteorite Tektite Impact Cintamani(66 Ct) Super Green Gem A+,19.46,2025-08-20,13.2,1.47,WorthPoint
libyan-desert-glass,Genuine Libyan Desert Glass Prehistoric Tool Artifact!,50.0,2025-08-19,,,WorthPoint
libyan-desert-glass,Libyan Desert Glass Meteorite Tektite Impact Specimen( 250 Ct)Cristobalite- Gem,72.75,2025-08-19,50.0,1.46,WorthPoint
libyan-desert-glass,Libyan Desert Glass Meteorite Tektite Specimen( 133 Crt)Dark Blue Natural Hole,55.0,2025-08-18,,,WorthPoint
libyan-desert-glass,Moldavite Libyan Desert Glass Old Estate Cabinet Specimen Natural 84g 3.5‚Äù Heal,31.0,2025-08-18,84.0,0.37,WorthPoint
libyan-desert-glass,Libyan Desert Glass 2 Piece Lot From Egypt 14.6 Grams,14.99,2025-08-17,14.6,1.03,WorthPoint
libyan-desert-glass,Genuine Libyan Desert Glass & Moldavite Beaded Bracelet,333.0,2025-08-16,,,WorthPoint
libyan-desert-glass,Libyan Desert Glass Meteorite Tektite Impact Specimen ( 80 Crt)Dark Blue Lines,22.49,2025-08-16,,,WorthPoint
libyan-desert-glass,Libyan Desert Glass Meteorite Tektite Impact Specimen( 99 Crt) Cristobalite AAA+,26.99,2025-08-14,,,WorthPoint
libyan-desert-glass,Libyan Desert Glass Meteorite Tektite Impact Specimen( 80 Ct)Real Gem Top AAAA+,22.99,2025-08-14,16.0,1.44,WorthPoint
libyan-desert-glass,Libyan Desert Glass Pendant A++ Drilled And Polished 6.0gr/30.0Ct,14.05,2025-08-14,6.0,2.34,WorthPoint
libyan-desert-glass,Libyan Desert Glass Meteorite Tektite Impact Specimen( 293 Ct)Natural Hole,86.25,2025-08-14,58.6,1.47,WorthPoint
libyan-desert-glass,Libyan Desert Glass Meteorite Tektite Impact Specimen(107 Ct)dimples Yellow Gem,29.99,2025-08-14,21.4,1.4,WorthPoint
libyan-desert-glass,Libyan Desert Glass Meteorite Tektite Impact Specimen( 59 Crt)Cristobalite Gem,17.62,2025-08-11,,,WorthPoint
libyan-desert-glass,Libyan Desert Glass Meteorite Tektite Impact Specimen(500 Crt)Angel Chime Lot 02,149.99,2025-08-11,,,WorthPoint
libyan-desert-glass,Semi Translucent! Libyan Desert Glass 100% Natural From Egypt 10.5gr,17.99,2025-08-11,10.5,1.71,WorthPoint
libyan-desert-glass,Libyan Desert Glass Meteorite Tektite Impact Specimen( 280 Crt) Super Gem AAAA+,119.0,2025-08-10,,,WorthPoint
libyan-desert-glass,Libyan Desert Glass Meteorite Tektite Impact Specimen( 510 Ct)Super Gem AAAA+,191.25,2025-08-10,102.0,1.88,WorthPoint
libyan-desert-glass,Libyan Desert Glass Meteorite Tektite Impact Specimen(620 Crt)Gray- Full Eject,149.25,2025-08-10,,,WorthPoint
libyan-desert-glass,Libyan Desert Glass Meteorite Tektite Impact Cintamani( 650 Ct) Dimples Gem AAAA,176.25,2025-08-10,130.0,1.36,WorthPoint
libyan-desert-glass,Libyan Desert Glass Meteorite Tektite Impact Specimen( 297 Ct)Dimples GEM AAAAA,89.25,2025-08-10,59.4,1.5,WorthPoint
libyan-desert-glass,Libyan Desert Glass Meteorite Tektite Impact Specimen( 190 Crt) Angel Chime Gem,56.25,2025-08-10,,,WorthPoint
libyan-desert-glass,Libyan Desert Glass Meteorite Tektite Impact Specimen( 455 Crt) Dimples Gem AAAA,132.75,2025-08-10,,,WorthPoint
libyan-desert-glass,Libyan Desert Glass Meteorite Tektite Impact Specimen( 290 Crt) Arrow- Gem AAAA+,86.25,2025-08-10,,,WorthPoint
libyan-desert-glass,One 6mm And Three 8mm Libyan Desert Glass Beads For Ebay User - Darksidewatches,16.0,2025-08-10,,,WorthPoint
libyan-desert-glass,Libyan Desert Glass Meteorite Tektite Impact Specimen( 95 Crt) Yellow Gem A+,28.12,2025-08-09,,,WorthPoint
libyan-desert-glass,Cristobalite Inclusions! Semi Translucent Libyan Desert Glass From Egypt 8.2gr,16.99,2025-08-09,8.2,2.07,WorthPoint
libyan-desert-glass,Libyan Desert Glass From Egypt 7.2 Grams,14.99,2025-08-08,7.2,2.08,WorthPoint
libyan-desert-glass,9G Libyan Desert Glass Meteorite Tektite Impact Specimen Dimples Gem AAAA,6.0,2025-08-08,9.0,0.67,WorthPoint
libyan-desert-glass,Libyan Desert Glass Meteorite Tektite Impact Specimen( 133 Crt)Dimples Dark Gem,37.49,2025-08-07,,,WorthPoint
libyan-desert-glass,Lot Of FIVE! Ancient LIBYAN Desert GLASS Artifacts And Or Tools Egypt 9.5gr,20.99,2025-08-07,9.5,2.21,WorthPoint
libyan-desert-glass,BIG Lot Of SEVEN 100% Natural Libyan Desert Glass Pieces! From Egypt 43.9gr,39.99,2025-08-07,43.9,0.91,WorthPoint
libyan-desert-glass,Lot Of FIVE 100% Natural Libyan Desert Glass Pieces! From Egypt 10.8gr,22.99,2025-08-07,10.8,2.13,WorthPoint
libyan-desert-glass,6.1G Libyan Desert Glass Meteorite Tektite Impact Specimen Dimples Gem AAAA,5.5,2025-08-06,6.1,0.9,WorthPoint
libyan-desert-glass,6.4G Libyan Desert Glass Meteorite Tektite Impact Specimen Dimples Gem AAAA,7.0,2025-08-06,6.4,1.09,WorthPoint
libyan-desert-glass,Libyan Desert Glass Meteorite Tektite Impact Specimen(35crt)Dark Gem AAA,14.99,2025-08-06,,,WorthPoint
libyan-desert-glass,Libyan Desert Glass Meteorite Tektite Impact Specimen( 39 Crt)Flat Yellow Gem,14.21,2025-08-05,,,WorthPoint
libyan-desert-glass,6.3G Libyan Desert Glass Meteorite Tektite Impact Specimen Dimples Gem AAAA,5.5,2025-08-04,6.3,0.87,WorthPoint
libyan-desert-glass,23G Libyan Desert Glass Meteorite Tektite Impact Specimen Dimples Gem AAAA,11.5,2025-08-04,23.0,0.5,WorthPoint
libyan-desert-glass,Libyan Desert Glass Meteorite Tektite Impact Specimen( 42 Crt)soft Yellow Gem A,16.88,2025-08-03,,,WorthPoint
libyan-desert-glass,Libyan Desert Glass Meteorite Tektite Impact Specimen( 59 Ct)Soft Yellow Gem A+,17.24,2025-08-03,11.8,1.46,WorthPoint
libyan-desert-glass,Libyan Desert Glass Meteorite Tektite Impact Specimen( 865 Crt)dimples Real Gem,224.25,2025-08-03,,,WorthPoint
libyan-desert-glass,Libyan Desert Glass Meteorite Tektite Impact Dimples ( 820 Crt) Dark Inside Gem,224.25,2025-08-03,,,WorthPoint
libyan-desert-glass,Libyan Desert Glass Meteorite Tektite Impact Specimen( 67 Crt)dimples Yellow Gem,18.0,2025-08-02,,,WorthPoint
libyan-desert-glass,Libyan Desert Glass Tektite ‚Äúcut‚Äù ‚Äúpolished‚Äù,60.0,2025-08-02,,,WorthPoint
libyan-desert-glass,Libyan Desert Glass Meteorite Tektite Impact Specimen( 295 Ct) Yellow Gem AAAA+,104.26,2025-08-02,59.0,1.77,WorthPoint
libyan-desert-glass,Libyan Desert Glass Pendant 3.9gr/19.5ct .925 Silver Cap Bail,18.3,2025-08-02,3.9,4.69,WorthPoint
libyan-desert-glass,Libyan Desert Glass Meteorite Tektite Impact Specimen (35 Crt)Dark Super Gem A+,14.96,2025-08-01,,,WorthPoint
libyan-desert-glass,My Last NINE - 6mm Libyan Desert Glass 9 Beads From Meteorite Impact With A COA,23.99,2025-08-01,,,WorthPoint
libyan-desert-glass,Libyan Desert Glass From Egypt 3.36 Grams,6.99,2025-08-01,3.36,2.08,WorthPoint
libyan-desert-glass,Libyan Desert Glass Meteorite Tektite Impact Specimen(485 Crt)Dimples -Super GEM,146.25,2025-07-31,,,WorthPoint
libyan-desert-glass,For All FIVE 8mm Libyan Desert Glass Beads From Meteorite Impact With A COA,31.99,2025-07-31,,,WorthPoint
libyan-desert-glass,34.7 Carats FOUR 10mm Libyan Desert Glass Beads From Meteorite Impact With A COA,31.99,2025-07-31,6.94,4.61,WorthPoint
libyan-desert-glass,41.3 Carats FOUR 12mm Libyan Desert Glass Beads From Meteorite Impact With A COA,38.99,2025-07-31,8.26,4.72,WorthPoint
libyan-desert-glass,Libyan Desert Glass Meteorite Tektite Impact Specimen( 84 Ct)Dimples Super Gem A,25.5,2025-07-31,16.8,1.52,WorthPoint
libyan-desert-glass,Libyan Desert Glass Meteorite Tektite Impact Dimples ( 190 Crt)very Dark Gem,52.49,2025-07-30,,,WorthPoint
libyan-desert-glass,Libyan Desert Glass Meteorite Tektite Specimen( 25 Crt)Super Yellow Soft Gem A+,12.38,2025-07-29,,,WorthPoint
libyan-desert-glass,Libyan Desert Glass Meteorite Tektite Specimen( 30 Crt)Super Yellow Soft Gem A+,18.5,2025-07-29,,,WorthPoint
libyan-desert-glass,Libyan Desert Glass Meteorite Tektite Impact Specimen(285 Crt) Dark Gem AAA+,113.0,2025-07-29,,,WorthPoint
libyan-desert-glass,Libyan Desert Glass Meteorite Tektite Impact Specimen(166 Ct)dimples Green Gem,48.0,2025-07-27,33.2,1.45,WorthPoint
libyan-desert-glass,Libyan Desert Glass Meteorite Tektite Impact Specimen( 43 Crt)dimples Yellow Gem,19.99,2025-07-27,,,WorthPoint
libyan-desert-glass,"Libyan Desert Glass - Great Sands Glass, 31ct RARE (impactite Tektite) #mol36",20.15,2025-07-27,6.2,3.25,WorthPoint
libyan-desert-glass,31.95 CT Genuine Raw Libyan Desert Glass Reversible Pendant,95.0,2025-07-25,6.39,14.87,WorthPoint
libyan-desert-glass,Libyan Desert Glass 75 Grams 80mm Long,30.0,2025-07-25,75.0,0.4,WorthPoint
libyan-desert-glass,Libyan Desert Glass Meteorite Tektite Impact Specimen( 480 Crt)Dimples GEM AAAAA,142.49,2025-07-25,,,WorthPoint
libyan-desert-glass,10.5G Libyan Desert Glass Meteorite Tektite Impact Specimen Dimples Gem AAAA,10.0,2025-07-24,10.5,0.95,WorthPoint
libyan-desert-glass,Libyan Desert Glass Meteorite Tektite Impact Specimen( 52 Crt )Cristobalite AA+,16.46,2025-07-24,,,WorthPoint
libyan-desert-glass,7.4G Libyan Desert Glass Meteorite Tektite Impact Specimen Dimples Gem AAAA,5.24,2025-07-23,7.4,0.71,WorthPoint
libyan-desert-glass,Libyan Desert Glass Meteorite Tektite Impact Cintamani( 44 Ct)Dimple Yellow Gem,16.46,2025-07-22,8.8,1.87,WorthPoint
libyan-desert-glass,Libyan Desert Glass Meteorite Tektite Impact Specimen( 450 Ct)DARK INCLUSIONS,119.25,2025-07-21,90.0,1.32,WorthPoint
libyan-desert-glass,"Nice Tektite, Libyan Desert Glass, Egypt, Lot Of Two Small Pieces. 170 Grams",16.0,2025-07-20,170.0,0.09,WorthPoint
libyan-desert-glass,"Nice Tektite, Libyan Desert Glass, Egypt, Lot Of 18 Pieces. 183 Grams",14.5,2025-07-20,183.0,0.08,WorthPoint
libyan-desert-glass,Libyan Desert Glass Meteorite Tektite Impact Specimen( 60 Ct)Soft Yellow Gem A+,23.5,2025-07-20,12.0,1.96,WorthPoint
libyan-desert-glass,Libyan Desert Glass Meteorite Tektite Impact Specimen( 30 Ct)Nice Gem Top AAAA,14.99,2025-07-20,6.0,2.5,WorthPoint
libyan-desert-glass,Libyan Desert Glass Meteorite Tektite Impact Specimen(255 Crt)soft Yellow Gem A+,78.75,2025-07-19,,,WorthPoint
libyan-desert-glass,Libyan Desert Glass Meteorite Tektite Impact Specimen( 595 Crt)Very Dark Gem +,171.75,2025-07-17,,,WorthPoint
libyan-desert-glass,Libyan Desert Glass Meteorite Tektite Bracelet Beads Size 10mm++ Good Quality,317.97,2025-07-16,,,WorthPoint
libyan-desert-glass,Libyan Desert Glass Meteorite Tektite Impact Specimen( 825 Crt) Very Dark (Rare),247.5,2025-07-16,,,WorthPoint
libyan-desert-glass,Libyan Desert Glass Meteorite Tektite Impact Specimen( 950 Ct) Dimples Gem AAAA+,276.75,2025-07-16,190.0,1.46,WorthPoint
libyan-desert-glass,Libyan Desert Glass Meteorite Tektite Impact Specimen(450 Crt)Dimples GEM AAAAA,134.25,2025-07-16,,,WorthPoint
libyan-desert-glass,Libyan Desert Glass Meteorite Tektite Impact Specimen( 104 Crt)soft Yellow Gem A,29.99,2025-07-15,,,WorthPoint
libyan-desert-glass,Libyan Desert Glass Meteorite Tektite Impact Specimen( 87 Crt) Soft Yellow Gem,24.0,2025-07-15,,,WorthPoint
libyan-desert-glass,Libyan Desert Glass Meteorite Tektite Impact Specimen (95 Crt) Cristobalite Gem,28.88,2025-07-12,,,WorthPoint
libyan-desert-glass,Libyan Desert Glass Meteorite Tektite Impact Specimen(205ct)Tear Eye Yellow Gem,59.99,2025-07-12,41.0,1.46,WorthPoint
libyan-desert-glass,Libyan Desert Glass Meteorite Tektite Impact Specimen( 505 Crt)Yellow Arrow Tool,149.25,2025-07-11,,,WorthPoint
libyan-desert-glass,Libyan Desert Glass Meteorite Tektite Impact Specimen(115 Ct)Dark Dimples Gem A+,35.96,2025-07-11,23.0,1.56,WorthPoint
libyan-desert-glass,Libyan Desert Glass Meteorite Tektite Impact Cintamani(88 Ct)Dark Blue Lines Gem,26.25,2025-07-10,17.6,1.49,WorthPoint
libyan-desert-glass,Libyan Desert Glass From Egypt 3.52 Grams,8.99,2025-07-09,3.52,2.55,WorthPoint
libyan-desert-glass,Libyan Desert Glass Meteorite Tektite Impact Cintamani( 60 Crt)soft Yellow Gem,18.0,2025-07-07,,,WorthPoint
libyan-desert-glass,Libyan Desert Glass Meteorite Tektite Impact Specimen(31 Crt)soft Yellow Gem AAA,22.5,2025-07-07,,,WorthPoint
libyan-desert-glass,Libyan Desert Glass Meteorite Tektite Impact Specimen( 61 Crt)dimples Yellow Gem,17.99,2025-07-07,,,WorthPoint
libyan-desert-glass,Libyan Desert Glass Meteorite Tektite Impact Specimen(80 Ct)Dark Super Gem AAA+,26.25,2025-07-06,16.0,1.64,WorthPoint
libyan-desert-glass,Libyan Desert Glass Meteorite Tektite Impact Specimen(120 Ct)Dark Super Gem AAA+,37.49,2025-07-06,24.0,1.56,WorthPoint
libyan-desert-glass,Libyan Desert Glass Meteorite Tektite Specimen( 65 Crt)Super Yellow Gem AAA+,18.38,2025-07-05,,,WorthPoint
libyan-desert-glass,Libyan Desert Glass Meteorite Tektite Impact Specimen(39 Crt) Very Dark Gem AAA+,22.5,2025-07-04,,,WorthPoint
libyan-desert-glass,Libyan Desert Glass Meteorite Tektite Impact Specimen( 565 Crt)Super Gem AAAA+,165.0,2025-07-04,,,WorthPoint
libyan-desert-glass,Libyan Desert Glass Meteorite Tektite Specimen( 34 Crt)Super Yellow Soft Gem A+,19.95,2025-07-03,,,WorthPoint
libyan-desert-glass,115 Carats 6x3mm Beads Libyan Desert Glass Necklace From Meteorite Impact + COA,219.0,2025-07-02,23.0,9.52,WorthPoint
libyan-desert-glass,Libyan Desert Glass BEAD ROUND DRILLED Sphere Meteorite Gemstone Tektite ~,11.98,2025-07-01,,,WorthPoint
libyan-desert-glass,Libyan Desert Glass Meteorite Tektite Impact Specimen(21 Ct)Dark Super Gem AAA+,13.99,2025-07-01,4.2,3.33,WorthPoint
libyan-desert-glass,Libyan Desert Glass Meteorite Tektite Impact Specimen( 84 Crt)yellow Gem Top AA,22.5,2025-07-01,,,WorthPoint
libyan-desert-glass,Libyan Desert Glass Meteorite Tektite Impact Specimen 135 Crt) Cristobalite Gem,38.0,2025-07-01,,,WorthPoint
libyan-desert-glass,Libyan Desert Glass Meteorite Tektite Impact Specimen( 1025 Ct)Dimples Flat A,262.5,2025-06-30,205.0,1.28,WorthPoint
libyan-desert-glass,Libyan Desert Glass Meteorite Tektite Impact Specimen( 222 Ct)tear Drop AA+,66.0,2025-06-28,44.4,1.49,WorthPoint
libyan-desert-glass,Libyan Desert Glass Meteorite Tektite Impact Specimen( 150 Crt)Soft Gem AA+,59.99,2025-06-27,,,WorthPoint
libyan-desert-glass,Libyan Desert Glass Meteorite Tektite Impact Specimen( 45 Crt) Soft Yellow Gem,19.99,2025-06-27,,,WorthPoint
libyan-desert-glass,Libyan Desert Glass Tektite Meteorite Impact Glass Formations Lot 17.31 Grams,57.75,2025-06-26,17.31,3.34,WorthPoint
libyan-desert-glass,Libyan Desert Glass Meteorite Tektite Impact Specimen( 44 Ct)Dark Super Gem AAA+,24.99,2025-06-26,8.8,2.84,WorthPoint
libyan-desert-glass,Libyan Desert Glass Meteorite Tektite Impact Specimen(65 Crt)Blue LinesDark Gem,27.99,2025-06-26,,,WorthPoint
libyan-desert-glass,Libyan Desert Glass Meteorite Tektite Impact Specimen( 550 Crt)Super Gem AAAAA,149.25,2025-06-26,,,WorthPoint
libyan-desert-glass,Libyan Desert Glass Meteorite Tektite Impact; Incredibly Rare And Unique,55.0,2025-06-25,,,WorthPoint
libyan-desert-glass,Libyan Desert Glass Meteorite Tektite Impact Specimen( 45 Ct) Gem Cristobalite A,23.9,2025-06-24,9.0,2.66,WorthPoint
libyan-desert-glass,Libyan Desert Glass Meteorite Tektite Impact Specimen( 65 Ct) Gem Cristobalite A,24.95,2025-06-24,13.0,1.92,WorthPoint
libyan-desert-glass,Libyan Desert Glass Meteorite Tektite Impact Specimen( 50 Ct) Gem Cristobalite A,23.9,2025-06-23,10.0,2.39,WorthPoint
libyan-desert-glass,Libyan Desert Glass From Egypt 5.42 Grams,7.99,2025-06-23,5.42,1.47,WorthPoint
libyan-desert-glass,Libyan Desert Glass From Egypt 4.1 Grams,6.99,2025-06-22,4.1,1.7,WorthPoint
libyan-desert-glass,"Nice Tektite, Libyan Desert Glass, Egypt, Lot Of 17 Pieces. 166 Grams",25.99,2025-06-22,166.0,0.16,WorthPoint
libyan-desert-glass,Libyan Desert Glass From Egypt 7.79 Grams,14.99,2025-06-22,7.79,1.92,WorthPoint
libyan-desert-glass,Libyan Desert Glass Pendant 5.2gr/26.0ct .925 Silver Cap Bail Beautiful Stone,19.67,2025-06-19,5.2,3.78,WorthPoint
libyan-desert-glass,40.8 Carats FOUR 12mm Libyan Desert Glass Beads From Meteorite Impact With A COA,36.99,2025-06-19,8.16,4.53,WorthPoint
libyan-desert-glass,Libyan Desert Glass Meteorite Tektite Impact Specimen( 1630 Crt)dimples (0.3 Kg),449.25,2025-06-19,300.0,1.5,WorthPoint
libyan-desert-glass,You Get TEN 6mm Libyan Desert Glass Beads From Meteorite Impact With A COA,24.0,2025-06-17,,,WorthPoint
libyan-desert-glass,34.6 Carats FOUR 10mm Libyan Desert Glass Beads From Meteorite Impact With A COA,33.99,2025-06-17,6.92,4.91,WorthPoint
libyan-desert-glass,Libyan Desert Glass Meteorite Tektite Impact Cintamani( 255 Crt) Natural Hole,67.49,2025-06-17,,,WorthPoint
libyan-desert-glass,Libyan Desert Glass Meteorite Tektite Specimen( 285 Crt)Natural Hole Gem AAAA+,81.75,2025-06-17,,,WorthPoint
libyan-desert-glass,Libyan Desert Glass Meteorite Tektite Impact Specimen( 105 Crt) Cristobalite Gem,39.99,2025-06-17,,,WorthPoint
libyan-desert-glass,Libyan Desert Glass Meteorite Tektite Impact Cintamani( 80 Ct)Dimple Dark Gem A+,23.25,2025-06-17,16.0,1.45,WorthPoint
libyan-desert-glass,Libyan Desert Glass Meteorite Tektite Impact Specimen( 185 Crt)Big Angel Chime,54.75,2025-06-15,,,WorthPoint
libyan-desert-glass,Libyan Desert Glass Meteorite Tektite Impact Specimen( 1330 Crt)Big Gem AAAAA+,377.0,2025-06-15,,,WorthPoint
libyan-desert-glass,Libyan Desert Glass Meteorite Tektite Impact Specimen( 2000 Crt)yellow Gem AAAA+,595.0,2025-06-15,,,WorthPoint
libyan-desert-glass,Libyan Desert Glass Meteorite Tektite Impact Specimen( 145 Ct)Cristobalite Dark,43.49,2025-06-15,29.0,1.5,WorthPoint
libyan-desert-glass,Light YELLOW! Libyan Desert Glass 100% Natural From Egypt 9.9gr,16.99,2025-06-12,9.9,1.72,WorthPoint
libyan-desert-glass,Libyan Desert Glass Meteorite Tektite Impact Specimen( 170 Crt) Dimples Gem AAA+,49.5,2025-06-12,,,WorthPoint
libyan-desert-glass,96 Carats FOUR 16mm Libyan Desert Glass Beads From Meteorite Impact With A COA,43.99,2025-06-09,19.2,2.29,WorthPoint
libyan-desert-glass,Libyan Desert Glass Meteorite Tektite 30.8 Grams 1.5 Inch,78.2,2025-06-09,30.8,2.54,WorthPoint
libyan-desert-glass,"Nice Tektite, Libyan Desert Glass, Egypt, Lot Of 16 Pieces. 156 Grams",10.5,2025-06-08,156.0,0.07,WorthPoint
libyan-desert-glass,Semi Translucent! Libyan Desert GLASS Impactite 100% Natural From Egypt 8.0gr,19.99,2025-06-08,8.0,2.5,WorthPoint
libyan-desert-glass,Libyan Desert Glass Meteorite Tektite Impact Specimen( 755 Crt)Pre Historic Tool,221.25,2025-06-08,,,WorthPoint
libyan-desert-glass,50.1 Carats = 10 Grams Libyan Desert Glass A+ Tektite Meteorite Impact With COA,42.99,2025-06-05,10.0,4.3,WorthPoint
libyan-desert-glass,Libyan Desert Glass Meteorite Tektite Impact Specimen(50 Crt)Dimples Yellow Gem,14.99,2025-06-05,,,WorthPoint
libyan-desert-glass,Libyan Desert Glass Meteorite Tektite Impact Specimen( 625 Ct)pre Historic Tool,194.25,2025-06-04,125.0,1.55,WorthPoint
libyan-desert-glass,Libyan Desert Glass Meteorite Tektite Impact Specimen(955 Crt) Very Rare Orange,282.75,2025-06-03,,,WorthPoint
libyan-desert-glass,Libyan Desert Glass Meteorite Tektite Impact Specimen( 1110 Crt)Top Quality Gem,299.25,2025-06-02,,,WorthPoint
libyan-desert-glass,Libyan Desert Glass Meteorite Tektite Specimen( 1600 Crt)display Gem Super AAAA+,592.5,2025-06-02,,,WorthPoint
libyan-desert-glass,Libyan Desert Glass Meteorite Tektite Impact Specimen( 425 Crt)Soft Yellow AAAA+,149.25,2025-06-02,,,WorthPoint
libyan-desert-glass,Libyan Desert Glass Meteorite Tektite Pendant .925 Silver 7.08 Grams,49.95,2025-06-01,7.08,7.06,WorthPoint
libyan-desert-glass,Libyan Desert Glass Meteorite Tektite Impact Specimen( 808 Crt) Tool Gem A+,224.25,2025-06-01,,,WorthPoint
libyan-desert-glass,Libyan Desert Glass Meteorite Tektite Impact Specimen( 33 Crt)soft Yellow Gem A,14.96,2025-06-01,,,WorthPoint
libyan-desert-glass,"Nice Tektite, Libyan Desert Glass, Egypt, Lot Of Many Small Pieces. 138 Grams",13.39,2025-06-01,138.0,0.1,WorthPoint
libyan-desert-glass,Libyan Desert Glass From Egypt 3.16 Grams,6.99,2025-06-01,3.16,2.21,WorthPoint
libyan-desert-glass,Libyan Desert Glass Meteorite Tektite Impact Specimen(30 Crt) Soft Yellow Gem,14.96,2025-06-01,,,WorthPoint
libyan-desert-glass,Libyan Desert Glass Meteorite Tektite Impact Specimen( 680 Ct)Dimples Green Gem,194.25,2025-05-31,136.0,1.43,WorthPoint
libyan-desert-glass,Libyan Desert Glass Meteorite Tektite Impact Cintamani( 64 Ct)Dimple Dark Gem A+,18.75,2025-05-29,12.8,1.46,WorthPoint
libyan-desert-glass,VERY Translucent! Libyan Desert GLASS Impactite 100% Natural From Egypt 8.4gr,22.99,2025-05-29,8.4,2.74,WorthPoint
libyan-desert-glass,20.5g Libyan Desert Korla Glass Meteorite Tektite Impactite Crystal Gemstone,22.0,2025-05-28,20.5,1.07,WorthPoint
libyan-desert-glass,Libyan Desert Glass Meteorite Tektite Pendant .925 Silver 38 Cts / 7.63 Grams,66.99,2025-05-28,7.63,8.78,WorthPoint
libyan-desert-glass,Libyan Desert Glass Meteorite Tektite Impact Specimen(510 Crt)Angel Chime Lot #9,189.99,2025-05-27,,,WorthPoint
libyan-desert-glass,Libyan Desert Glass Meteorite Tektite Impact Specimen(520 Crt)Angel Chime Lot 12,189.99,2025-05-27,,,WorthPoint
libyan-desert-glass,Libyan Desert Glass Meteorite Tektite Impact Specimen(518 Crt)Angel Chime Lot 11,189.99,2025-05-27,,,WorthPoint
libyan-desert-glass,23 Carats FIVE 10mm Libyan Desert Glass Beads From Meteorite Impact With A COA,33.99,2025-05-26,4.6,7.39,WorthPoint
libyan-desert-glass,"Nice Tektite, Libyan Desert Glass, Egypt, Lot Of 14 Small Pieces. 162 Grams",15.5,2025-05-25,162.0,0.1,WorthPoint
libyan-desert-glass,Libyan Desert Glass Meteorite Tektite Impact Specimen(215 Crt)Dust Orange Gem A+,59.99,2025-05-25,,,WorthPoint
libyan-desert-glass,Libyan Desert Glass Meteorite Tektite Impact Specimen( 315 Ct) Very Dark Gem,94.12,2025-05-25,63.0,1.49,WorthPoint
libyan-desert-glass,Libyan Desert Glass Meteorite Tektite Impact Specimen( 725 Ct)Flat Super Gem A5+,224.25,2025-05-24,145.0,1.55,WorthPoint
libyan-desert-glass,Libyan Desert Glass Meteorite Tektite Impact Specimen( 395 Ct)Dimples Super GEM,116.25,2025-05-24,79.0,1.47,WorthPoint
libyan-desert-glass,Libyan Desert Glass Meteorite Tektite Impact Specimen( 875 Crt)Dimples Gem AA+,251.25,2025-05-23,,,WorthPoint
libyan-desert-glass,Libyan Desert Glass Meteorite Tektite Impact Specimen( 440 Crt)Natural Hole Rare,147.75,2025-05-23,,,WorthPoint
libyan-desert-glass,Libyan Desert Glass Meteorite Tektite Impact Specimen(700 Crt)Dimples Gem AAAAA,225.0,2025-05-21,,,WorthPoint
libyan-desert-glass,Libyan Desert Glass Meteorite Tektite Impact Specimen( 230 Crt) Natural Hole,62.25,2025-05-21,,,WorthPoint
libyan-desert-glass,Libyan Desert Glass Meteorite Tektite Impact Specimen(102 Ct)Dimples Yellow Gem,39.99,2025-05-20,20.4,1.96,WorthPoint
libyan-desert-glass,LIBYAN DESERT GLASS Tektite Meteorite HIGH-GRADE Gem Quality US Seller IMCA#,59.99,2025-05-20,,,WorthPoint
libyan-desert-glass,Libyan Desert Glass Meteorite Tektite Specimen( 745 Crt) Best Super Gem AAAA+,224.25,2025-05-20,,,WorthPoint
libyan-desert-glass,"Nice Tektite, Libyan Desert Glass, Egypt, Lot Of 18 Small Pieces. 146 Grams",15.51,2025-05-18,146.0,0.11,WorthPoint
libyan-desert-glass,Libyan Desert Glass Meteorite Tektite Impact Specimen( 570 Crt)Super Gem AAAA+,164.25,2025-05-16,,,WorthPoint
libyan-desert-glass,41.7 Carats 3x1.5mm Beads Libyan Desert Glass Necklace From Meteorite Impact COA,139.0,2025-05-15,8.34,16.67,WorthPoint
libyan-desert-glass,Libyan Desert Glass Meteorite Tektite Impact Specimen( 19 Crt) Soft Yellow Gem A,12.38,2025-05-15,,,WorthPoint
libyan-desert-glass,Libyan Desert Glass Pendant Drilled And Polished 5.4gr/22.0Ct,21.47,2025-05-13,5.4,3.98,WorthPoint
libyan-desert-glass,Libyan Desert Glass Meteorite Tektite Impact Specimen(220 Crt)Cristobalite Gem A,82.5,2025-05-13,,,WorthPoint
libyan-desert-glass,Libyan Desert Glass Meteorite Tektite Impact Specimen( 25 Ct)Nice Gem Top AAAA,14.99,2025-05-13,5.0,3.0,WorthPoint
libyan-desert-glass,Libyan Desert Glass Meteorite Tektite Impact Specimen( 225 Ct)dimples Gem AA+,67.49,2025-05-13,45.0,1.5,WorthPoint
libyan-desert-glass,Libyan Desert Glass Meteorite Tektite Impact Specimen( 2500 Crt)Dark Gem Lot# 12,708.75,2025-05-11,,,WorthPoint
libyan-desert-glass,"Nice Tektite, Libyan Desert Glass, Egypt, Excellent Small Piece. 261 Grams",8.51,2025-05-11,261.0,0.03,WorthPoint
libyan-desert-glass,"Nice Tektite, Libyan Desert Glass, Egypt, Lot Of 10 Small Pieces. 177 Grams",18.5,2025-05-11,177.0,0.1,WorthPoint
libyan-desert-glass,Libyan Desert Glass Meteorite Tektite Impact Specimen( 800 Crt)Angel Chimes #10,224.25,2025-05-11,,,WorthPoint
libyan-desert-glass,Libyan Desert Glass Meteorite Tektite Impact Specimen( 1240 Crt)Super Gem AAAA,374.25,2025-05-10,,,WorthPoint
libyan-desert-glass,Semi Translucent! Libyan Desert Glass 100% Natural Egypt 11.6gr,15.99,2025-05-08,11.6,1.38,WorthPoint
libyan-desert-glass,Translucent Light YELLOW! Libyan Desert Glass 100% Natural Egypt 9.6gr,19.99,2025-05-08,9.6,2.08,WorthPoint
libyan-desert-glass,LARGE MOLDAVITE & LIBYAN Desert Glass Tektite Pendant Gold Synergy 12 Meteorite,411.75,2025-05-08,,,WorthPoint
libyan-desert-glass,Libyan Desert Glass Meteorite Tektite Impact Specimen( 94 Crt)Heart Shape Gem A+,28.88,2025-05-07,,,WorthPoint
libyan-desert-glass,Libyan Desert Glass From Egypt 27.9 Grams,59.99,2025-05-06,27.9,2.15,WorthPoint
libyan-desert-glass,312.5 Carat 62.5 Grams Libyan Desert Glass Tektite Meteorite Impact Specimen COA,187.99,2025-05-04,62.5,3.01,WorthPoint
libyan-desert-glass,"Nice Tektite, Libyan Desert Glass, Egypt, Lot Of 15 Small Pieces. 152 Grams",16.39,2025-05-04,152.0,0.11,WorthPoint
libyan-desert-glass,Semi Translucent! Libyan Desert Glass 100% Natural Egypt 13.4gr,19.99,2025-05-02,13.4,1.49,WorthPoint
libyan-desert-glass,Libyan Desert Glass Meteorite Tektite Impact Specimen(33 Crt) Soft Yellow Gem,18.71,2025-05-02,,,WorthPoint
libyan-desert-glass,All TEN 6mm Libyan Desert Glass Beads From Meteorite Impact With A COA,23.99,2025-04-30,,,WorthPoint
libyan-desert-glass,108.3 Cts 5x2mm - 8x4mm Beads Libyan Desert Glass Meteorite .925 Silver Necklace,189.99,2025-04-30,21.66,8.77,WorthPoint
libyan-desert-glass,Libyan Desert Glass Meteorite Tektite Impact Specimen( 420 Crt) Super Gem AAAA+,138.75,2025-04-28,,,WorthPoint
libyan-desert-glass,"Nice Tektite, Libyan Desert Glass, Egypt, Lot Of 12 Small Pieces. 159 Grams",11.39,2025-04-27,159.0,0.07,WorthPoint
libyan-desert-glass,108 Carats 6x3mm Beads Libyan Desert Glass Necklace From Meteorite Impact + COA,205.0,2025-04-27,21.6,9.49,WorthPoint
libyan-desert-glass,Libyan Desert Glass From Egypt 8.55 Grams. 2 Piece Lot,9.99,2025-04-26,8.55,1.17,WorthPoint
libyan-desert-glass,Libyan Desert Glass Great Sand Sea Egypt/Libya 108.6 G,65.0,2025-04-25,108.6,0.6,WorthPoint
libyan-desert-glass,20.4g (102ct) Libyan Desert Glass Raw Natural Meteorite Tektite Impact Specimen,38.0,2025-04-24,20.4,1.86,WorthPoint
libyan-desert-glass,Libyan Desert Glass - 208.9 Grams,750.0,2025-04-23,208.9,3.59,WorthPoint
libyan-desert-glass,"Libyan Desert Glass - 2,052.7 Grams",8125.0,2025-04-23,52.7,154.17,WorthPoint
libyan-desert-glass,You Get All TEN 6mm Libyan Desert Glass Beads From Meteorite Impact With A COA,24.0,2025-04-19,,,WorthPoint
libyan-desert-glass,Super Translucent! Libyan Desert Glass 100% Natural Egypt 8.2gr,19.99,2025-04-18,8.2,2.44,WorthPoint
libyan-desert-glass,"Libyan Desert Glass - Great Sands Glass, 47ct RARE (impactite Tektite) #mol34",35.99,2025-04-18,9.4,3.83,WorthPoint
libyan-desert-glass,Libyan Desert Glass Meteorite Tektite Impact Specimen( 53 Crt) Yellow Gem A,17.99,2025-04-17,,,WorthPoint
libyan-desert-glass,"Libyan Desert Glass, Natural Tektite, 4.9 Grams",30.0,2025-04-16,4.9,6.12,WorthPoint
libyan-desert-glass,Libyan Desert Glass From Egypt 11.6 Grams. 3 Piece Lot,9.99,2025-04-16,11.6,0.86,WorthPoint
libyan-desert-glass,LIBYAN DESERT GLASS PENDANT $189 Tektite 925 Sterling Jewelry STARBORN LG189-P12,189.0,2025-04-15,,,WorthPoint
libyan-desert-glass,Wholesale Lot Natural Libyan Desert Glass Tektite 40 Gram 7 To 10 PCs Healing,86.0,2025-04-14,40.0,2.15,WorthPoint
libyan-desert-glass,Libyan Desert Glass 2 Piece Lot From Egypt 13.1 Grams,26.99,2025-04-14,13.1,2.06,WorthPoint
libyan-desert-glass,"Gemmy Libyan Desert Glass: Eastern Libyan Desert Region, Sahara, Libya- Rare!",250.0,2025-04-14,,,WorthPoint
libyan-desert-glass,"Nice Tektite, Libyan Desert Glass, Egypt, Lot Of 16 Small Pieces. 152 Grams",21.6,2025-04-13,152.0,0.14,WorthPoint
libyan-desert-glass,Libyan Desert Glass Meteorite Tektite Impact Specimen( 40 Ct)Nice Gem Top AAAA,19.99,2025-04-13,8.0,2.5,WorthPoint
libyan-desert-glass,Natural Libyan Desert Glass - 100% Genuine Premium Quality Libyan Gold Tektite,49.95,2025-04-11,,,WorthPoint
libyan-desert-glass,Libyan Desert Glass Meteorite Tektite Impact Specimen( 540 Crt)Very Dark Green,138.75,2025-04-09,,,WorthPoint
libyan-desert-glass,Libyan Desert Glass Meteorite Tektite Impact Specimen( 77 Ct)Soft Yellow Gem A+,24.75,2025-04-09,15.4,1.61,WorthPoint
libyan-desert-glass,Libyan Desert Glass Meteorite Tektite Impact Specimen(755 Crt)Soft Yellow Gem A+,224.25,2025-04-08,,,WorthPoint
libyan-desert-glass,Libyan Desert Glass Impactite 100% Natural Egypt 13.7gr,17.99,2025-04-08,13.7,1.31,WorthPoint
libyan-desert-glass,Libyan Desert Glass Meteorite Tektite Impact Specimen( 188 Ct ) Dimples Gem A+,52.5,2025-04-08,37.6,1.4,WorthPoint
libyan-desert-glass,"""5.5g Natural Libyan Desert Glass """"LDG"""" Meteorite Tektite African Impact Specimen""",10.5,2025-04-04,5.5,1.91,WorthPoint
libyan-desert-glass,Libyan Desert Glass Specimen 106 Grams,98.0,2025-04-04,106.0,0.92,WorthPoint
libyan-desert-glass,23 Carats FIVE 8mm Libyan Desert Glass Beads From Meteorite Impact With A COA,32.99,2025-04-04,4.6,7.17,WorthPoint
libyan-desert-glass,Libyan Desert Glass Meteorite Tektite Impact Specimen( 66 Ct)Soft Yellow Gem A+,18.74,2025-04-01,13.2,1.42,WorthPoint
libyan-desert-glass,Libyan Desert Glass 25g (125ct) Meteorite Tektite Impact Specimen Chara Desert,26.0,2025-04-01,25.0,1.04,WorthPoint
libyan-desert-glass,Libyan Desert Glass Meteorite Tektite Impact Specimen( 715 Crt)Super Gem AAAA+,224.25,2025-03-31,,,WorthPoint
libyan-desert-glass,Libyan Desert Glass Meteorite Tektite Impact Specimen( 600 Ct)Cristobalite AAAA,168.75,2025-03-30,120.0,1.41,WorthPoint
libyan-desert-glass,Libyan Desert Glass Meteorite Tektite Impact Specimen( 265 Ct)Dimples Super GEM,78.0,2025-03-26,53.0,1.47,WorthPoint
libyan-desert-glass,Libyan Desert Glass Pendant A+ Drilled Polished 3.6gr/18.0ct Metaphysical,12.89,2025-03-26,3.6,3.58,WorthPoint
libyan-desert-glass,Libyan Desert Glass Meteorite Tektite Impact Cintamani( 85 Ct)Dimple Yellow Gem,23.25,2025-03-26,17.0,1.37,WorthPoint
libyan-desert-glass,925 Libyan Desert Glass Tektite Pendant Sterling Silver,19.99,2025-03-25,,,WorthPoint
libyan-desert-glass,Libyan Desert Glass Pendant A++ Drilled And Polished 6.1gr/30.5Ct,15.83,2025-03-25,6.1,2.6,WorthPoint
libyan-desert-glass,Natural Libyan Desert Glass Meteorite Tektite Beaded Bracelet - 9mm,199.0,2025-03-23,,,WorthPoint
libyan-desert-glass,Libyan Desert Glass Wholesale Lot From Egypt 12.64 Grams,24.99,2025-03-22,12.64,1.98,WorthPoint
libyan-desert-glass,Libyan Desert Glass Meteorite Tektite Impact Cintamani( 40 Ct)Dimple Yellow Gem,16.5,2025-03-19,8.0,2.06,WorthPoint
libyan-desert-glass,Libyan Blue Glass & 2 Moldavite Gems,48.74,2025-03-18,,,WorthPoint
libyan-desert-glass,Libyan Desert Glass From Egypt 3.03 Grams,5.99,2025-03-18,3.03,1.98,WorthPoint
libyan-desert-glass,9mm Libyan Desert Glass Meteorite Tektite Beaded Bracelet,205.0,2025-03-17,,,WorthPoint
libyan-desert-glass,Libyan Desert Glass Meteorite Tektite Impact Specimen( 1250 Crt)Yellow Gem AAAA,349.3,2025-03-16,,,WorthPoint
libyan-desert-glass,Libyan Desert Glass Meteorite Tektite Impact Specimen( 630 Crt)Dimples Gem,157.5,2025-03-16,,,WorthPoint
libyan-desert-glass,Libyan Desert Glass Meteorite Tektite Impact Cintamani(255 Crt)cristobalite Gem,69.98,2025-03-16,,,WorthPoint
libyan-desert-glass,Six- 6mm And Six 8mm Libyan Desert Glass Beads For Ebay User - Darksidewatches,54.99,2025-03-13,,,WorthPoint
libyan-desert-glass,Libyan Desert Glass Meteorite Tektite Impact Specimen( 168 Ct)HEART Shape Gem A,45.5,2025-03-12,33.6,1.35,WorthPoint
libyan-desert-glass,73.8 Carats THREE 16mm Libyan Desert Glass Beads From Meteorite Impact With COA,34.99,2025-03-11,14.76,2.37,WorthPoint
libyan-desert-glass,Libyan Desert Glass Meteorite Tektite Impact Specimen( 365 Crt)Soft Super Gem A+,101.5,2025-03-11,,,WorthPoint
libyan-desert-glass,Libyan Desert Glass Meteorite Tektite Impact Specimen( 415 Crt)Soft Yellow Gem,104.3,2025-03-10,,,WorthPoint
libyan-desert-glass,"Nice Tektite, Libyan Desert Glass, Egypt, Lot Of Small Pieces. 156 Grams",17.5,2025-03-09,156.0,0.11,WorthPoint
libyan-desert-glass,Libyan Desert Glass Pendant 4.9gr/24.5Ct .925 Silver Cap Bail,18.75,2025-03-09,4.9,3.83,WorthPoint
libyan-desert-glass,Libyan Desert Glass Meteorite Tektite Impact Specimen( 366 Ct)Dimples Yellow Gem,97.99,2025-03-09,73.2,1.34,WorthPoint
libyan-desert-glass,12 Carats TEN 6mm Libyan Desert Glass Beads From Meteorite Impact With A COA,24.99,2025-03-08,2.4,10.41,WorthPoint
libyan-desert-glass,Libyan Desert Glass Meteorite Tektite Impact Specimen(100 Crt)Soft Gem AAAA+,38.5,2025-03-08,,,WorthPoint
libyan-desert-glass,11.9 Carats TEN 6mm Libyan Desert Glass Beads From Meteorite Impact With A COA,24.99,2025-03-06,2.38,10.5,WorthPoint
libyan-desert-glass,Libyan Desert Glass Meteorite Tektite Impact Specimen( 1300 Ct)Cristobalite Hole,349.3,2025-03-05,260.0,1.34,WorthPoint
libyan-desert-glass,"""10.2g Natural Libyan Desert Glass """"LDG"""" Meteorite Tektite Africa Impact Specimen""",21.0,2025-03-05,10.2,2.06,WorthPoint
libyan-desert-glass,Libyan Desert Glass Micro SCARAB!,23.0,2025-03-03,,,WorthPoint
libyan-desert-glass,Libyan Desert Glass Meteorite Tektite Impact Specimen( 2.3 Ct ),10.0,2025-03-02,0.46,21.74,WorthPoint
libyan-desert-glass,Libyan Desert Glass Pendant 3.8gr/19.0ct .925 Silver Cap Bail,16.5,2025-03-01,3.8,4.34,WorthPoint
libyan-desert-glass,Libyan Desert Glass Meteorite Tektite Impact Specimen( 275 Crt) Very Dark Gem,69.97,2025-03-01,,,WorthPoint
libyan-desert-glass,Libyan Desert Glass Pendant A+ Drilled And Polished 6.5gr/32.5Ct Metaphysical,18.0,2025-02-27,6.5,2.77,WorthPoint
libyan-desert-glass,Libyan Desert Glass Meteorite Tektite Impact Specimen( 35 Ct)Cristobalite Gem A+,13.96,2025-02-25,7.0,1.99,WorthPoint
libyan-desert-glass,Libyan Desert Glass Meteorite Tektite Impact Specimen( 20 Crt)Dimples Gem AAA+,11.99,2025-02-24,,,WorthPoint
libyan-desert-glass,Libyan Desert Glass Meteorite Tektite Impact Specimen( 270 Ct)Dark Black Gem A+,76.3,2025-02-24,54.0,1.41,WorthPoint
libyan-desert-glass,108.5 Carats 21.7 Grams Libyan Desert Glass A+ Tektite Meteorite Impact With COA,70.0,2025-02-23,21.7,3.23,WorthPoint
libyan-desert-glass,Libyan Desert Glass Meteorite Tektite Impact Specimen( 340 Crt) Dimples Gem AAA+,90.99,2025-02-23,,,WorthPoint
libyan-desert-glass,Semi Translucent! Libyan Desert Glass 100% Natural Egypt 9.61gr,19.99,2025-02-21,9.61,2.08,WorthPoint
libyan-desert-glass,Super Translucent! Libyan Desert Glass 100% Natural Egypt 11.6gr,24.99,2025-02-21,11.6,2.15,WorthPoint
libyan-desert-glass,Libyan Desert Glass 15g (75ct) Meteorite Tektite Impact Specimen Chara Desert,18.5,2025-02-21,15.0,1.23,WorthPoint
libyan-desert-glass,Genuine Libyan Desert Glass Meteorite Tektite Beads Bracelet 11mm,56.0,2025-02-21,,,WorthPoint
libyan-desert-glass,Libyan Desert Glass Meteorite Tektite Impact Specimen( 55 Ct ) Super Gem AAAA+,17.15,2025-02-19,11.0,1.56,WorthPoint
libyan-desert-glass,Libyan Desert Glass Meteorite Tektite Impact Specimen( 48 Crt) Yellow Gem AA+,16.07,2025-02-19,,,WorthPoint
libyan-desert-glass,30.0 Gr (150 Ct) LIBYAN DESERT GLASS Meteorite Tektite Great Color & Shape,45.0,2025-02-19,30.0,1.5,WorthPoint
libyan-desert-glass,"""6.2g Natural Libyan Desert Glass """"LDG"""" Meteorite Tektite Africa Impact Specimen""",7.5,2025-02-17,6.2,1.21,WorthPoint
libyan-desert-glass,"Nice Tektite, Libyan Desert Glass, Egypt, Lot Of Five Small Pieces. 194.3 Grams",15.5,2025-02-16,194.3,0.08,WorthPoint
libyan-desert-glass,Libyan Desert Glass Impactite 100% Natural Egypt 10.4gr,19.99,2025-02-16,10.4,1.92,WorthPoint
libyan-desert-glass,Libyan Desert Glass Meteorite Splash Glass Top Grade Specimen 16.3g,89.99,2025-02-13,16.3,5.52,WorthPoint
libyan-desert-glass,100(8mm) Libyan Desert Glass Beads 3.5ct (0.7g) Each Meteorite Gemstone Tektite,150.0,2025-02-12,0.7,214.29,WorthPoint
libyan-desert-glass,Libyan Desert Glass 100 Grams Desert Find 2008,32.0,2025-02-12,100.0,0.32,WorthPoint
libyan-desert-glass,"""5g Natural Libyan Desert Glass """"LDG"""" Meteorite Tektite Africa Impact Specimen""",10.5,2025-02-11,5.0,2.1,WorthPoint
libyan-desert-glass,"""9.6g Natural Libyan Desert Glass """"LDG"""" Meteorite Tektite Africa Impact Specimen""",9.99,2025-02-10,9.6,1.04,WorthPoint
libyan-desert-glass,"Libyan Desert Glass, 2 Pieces, 5.2 Grams",18.0,2025-02-10,5.2,3.46,WorthPoint
libyan-desert-glass,Libyan Desert Glass Meteorite Tektite Impact Specimen( 880 Crt)Pre Historic Tool,237.3,2025-02-09,,,WorthPoint
libyan-desert-glass,43.9g (219.5ct) Libyan Desert Glass Natural Egypt Impact Meteorite Tektite,52.0,2025-02-08,43.9,1.18,WorthPoint
libyan-desert-glass,128 Carats 25.61 Grams Libyan Desert Glass Tektite Meteorite Impact Specimen COA,71.0,2025-02-05,25.61,2.77,WorthPoint
libyan-desert-glass,Low Price! Great Deal! Fabulous Find! Magnificent Libyan Desert Glass! 24.8 Gms,74.25,2025-02-05,24.8,2.99,WorthPoint
libyan-desert-glass,Semi Translucent! Libyan Desert Glass 100% Natural Egypt 10.3gr,15.99,2025-02-04,10.3,1.55,WorthPoint
libyan-desert-glass,"Nice Tektite, Libyan Desert Glass, Egypt, Lot Of 3 Nice Pieces. 173 Grams",24.0,2025-02-02,173.0,0.14,WorthPoint
libyan-desert-glass,Libyan Desert Glass LDG Pendulum 3.6gr/18.0Ct Beautiful Faceted Stone,72.0,2025-02-02,3.6,20.0,WorthPoint
libyan-desert-glass,Libyan Desert Glass Beads 10 Gram LOT Gemstone Tektite Drilled Wholesale Lot,39.0,2025-02-02,10.0,3.9,WorthPoint
libyan-desert-glass,Libyan Desert Glass 4.25g Translucent Impactite - Not A Meteorite,13.0,2025-02-01,4.25,3.06,WorthPoint
libyan-desert-glass,Top Quality Rare Libyan Desert Glass Tektite Pendant Necklace,280.0,2025-02-01,,,WorthPoint
libyan-desert-glass,Libyan Desert Impact Glass,9.2,2025-01-31,,,WorthPoint
libyan-desert-glass,Libyan Desert Glass Meteorite Tektite Specimen & Sterling Silver Pendant 2 Pcs,98.0,2025-01-30,,,WorthPoint
libyan-desert-glass,"Nice Tektite, Libyan Desert Glass, Egypt, Lot Of 2 Nice Pieces. 179 Grams",19.5,2025-01-26,179.0,0.11,WorthPoint
libyan-desert-glass,"Nice Tektite, Libyan Desert Glass, Egypt, Lot Of 12 Nice Pieces. 139 Grams",19.5,2025-01-26,139.0,0.14,WorthPoint
libyan-desert-glass,Libyan Desert Glass Pendant 7.9gr/39.5Ct .925 Silver Prong Set,58.48,2025-01-26,7.9,7.4,WorthPoint
libyan-desert-glass,Light YELLOW! Libyan Desert Glass 100% Natural From Egypt 6.2gr,17.99,2025-01-25,6.2,2.9,WorthPoint
libyan-desert-glass,Libyan Desert Glass From Egypt 3.17 Grams,5.99,2025-01-24,3.17,1.89,WorthPoint
libyan-desert-glass,Libyan Desert Glass 15.3g (76.5ct) Meteorite Tektite Impact Specimen Necklace,26.0,2025-01-22,15.3,1.7,WorthPoint
libyan-desert-glass,Libyan Desert Glass Meteorite Tektite Impact Cintamani( 220 Crt)super Yellow Gem,59.5,2025-01-21,,,WorthPoint
libyan-desert-glass,Libyan Desert Glass Meteorite Tektite Impact Specimen( 1225 Ct) Big Flat Soft A+,332.5,2025-01-20,245.0,1.36,WorthPoint
libyan-desert-glass,Libyan Desert Glass Meteorite Tektite Bracelet Beads Size 11mm ++,220.0,2025-01-19,,,WorthPoint
libyan-desert-glass,Libyan Desert Glass Meteorite Tektite Impact Specimen( 107 Crt)Very Dark Gem,27.99,2025-01-18,,,WorthPoint
libyan-desert-glass,Libyan Desert Glass Meteorite Tektite Impact Specimen( 3200 Crt)Dimples Big Gem,1030.75,2025-01-18,,,WorthPoint
libyan-desert-glass,Libyan Desert Glass 16.3g (81.5ct) Meteorite Tektite Impact Specimen Necklace,26.0,2025-01-18,16.3,1.6,WorthPoint
libyan-desert-glass,Libyan Desert Glass Pendant A++ Drilled And Polished 3.3gr/16.5Ct High Quality,14.78,2025-01-16,3.3,4.48,WorthPoint
libyan-desert-glass,Libyan Desert Glass Meteorite Tektite Impact Specimen( 503 Crt)Pre-Historic Tool,129.5,2025-01-16,,,WorthPoint
libyan-desert-glass,Libyan Desert Glass Meteorite Tektite Impact Specimen( 47 Crt) Yellow Gem A,15.75,2025-01-15,,,WorthPoint
libyan-desert-glass,Libyan Desert Glass Meteorite Tektite Impact Cintamani( 990 Ct)Dimple Yellow Gem,255.5,2025-01-15,198.0,1.29,WorthPoint
libyan-desert-glass,Libyan Desert Glass Pendant A++ Drilled Polished 4.7gr/23.5ct Metaphysical,22.13,2025-01-14,4.7,4.71,WorthPoint
libyan-desert-glass,Libyan Desert Glass Meteorite Tektite Impact Specimen( 300 Ct)Dimples Yellow Gem,78.4,2025-01-13,60.0,1.31,WorthPoint
libyan-desert-glass,Libyan Desert Glass Meteorite Tektite Impact Specimen( 88 Ct)Dark Black Gem A+,23.09,2025-01-09,17.6,1.31,WorthPoint
libyan-desert-glass,Libyan Desert Glass Meteorite Tektite Impact Specimen( 860 Crt) Dimples Gem AAAA,234.5,2025-01-09,,,WorthPoint
libyan-desert-glass,Libyan Desert Glass Meteorite Tektite Impact Dimples ( 685 Crt) Yellow Gem AAAA,175.0,2025-01-09,,,WorthPoint
libyan-desert-glass,Unique Libyan Desert Glass Yellow Tektite Silver Plated Ring,30.0,2025-01-08,,,WorthPoint
libyan-desert-glass,Libyan Desert Glass Meteorite Tektite Specimen( 45 Crt) Best Super Gem AAAA+,15.4,2025-01-07,,,WorthPoint
libyan-desert-glass,Libyan Desert Glass 24.3g (121ct) Natural Egypt Impact Meteorite Tektite,24.0,2025-01-07,24.3,0.99,WorthPoint
libyan-desert-glass,Libyan Desert Glass 20.3g (101ct) Natural Egypt Impact Meteorite Tektite,24.0,2025-01-07,20.3,1.18,WorthPoint
libyan-desert-glass,Libyan Desert Glass 50g Semi Translucent Natural Egypt Impact Meteorite Tektite,20.0,2025-01-07,50.0,0.4,WorthPoint
libyan-desert-glass,Libyan Desert Glass Meteorite Tektite Impact Specimen( 305 Crt) Flat Nice Gem A,83.3,2025-01-07,,,WorthPoint
libyan-desert-glass,Libyan Desert Glass Meteorite Tektite Impact Specimen( 1750 Ct)Full Dust Orange,419.3,2025-01-07,350.0,1.2,WorthPoint
libyan-desert-glass,Libyan Desert Glass From Egypt 2.69 Grams,5.99,2025-01-07,2.69,2.23,WorthPoint
libyan-desert-glass,Libyan Desert Glass Meteorite Tektite Impact Specimen(275 Crt)dimples Yellow Gem,67.2,2025-01-06,,,WorthPoint
libyan-desert-glass,"Nice Tektite, Libyan Desert Glass, Egypt, Lot Of 4 Nice Pieces. 147 Grams",17.5,2025-01-05,147.0,0.12,WorthPoint
libyan-desert-glass,Faceted Moldavite Bead With Libyan Desert Glass Pendant Necklace,1599.0,2025-01-05,,,WorthPoint
libyan-desert-glass,Libyan Desert Glass Rock Stone Lapidary Specimen,24.0,2025-01-04,,,WorthPoint
libyan-desert-glass,Libyan Desert Glass Meteorite Tektite Impact Specimen(105 Crt)Super Yellow Gem A,27.99,2025-01-02,,,WorthPoint
libyan-desert-glass,Libyan Desert Glass Meteorite Tektite Impact Cintamani( 285 Crt)Dimple Green Gem,83.99,2025-01-01,,,WorthPoint
libyan-desert-glass,Libyan Desert Glass Meteorite Tektite Impact Cintamani( 480 Ct)one Of Its Kind,132.3,2025-01-01,96.0,1.38,WorthPoint
libyan-desert-glass,Libyan Desert Glass Pendant 3.0gr/15Ct .925 Silver Cap Bail Beautiful Stone,19.38,2024-12-31,3.0,6.46,WorthPoint
libyan-desert-glass,24ct 17mm Genuine Libyan Gold Desert Glass Tektite Specimen D32,44.0,2024-12-30,4.8,9.17,WorthPoint
libyan-desert-glass,"Nice Tektite, Libyan Desert Glass, Egypt, One Nice Piece. 165 Grams",21.5,2024-12-29,165.0,0.13,WorthPoint
libyan-desert-glass,"Nice Tektite, Libyan Desert Glass, Egypt, Lot Of 11 Small Pieces. 164 Grams",17.0,2024-12-29,164.0,0.1,WorthPoint
libyan-desert-glass,Libyan Desert Glass Meteorite Tektite Impact Specimen( 3615 Ct) Cristobalite A,930.3,2024-12-29,723.0,1.29,WorthPoint
libyan-desert-glass,Classic Specimen: Libyan Desert Glass,19.95,2024-12-25,,,WorthPoint
libyan-desert-glass,Semi Translucent! Libyan Desert Glass 100% Natural Egypt 8.4gr,19.99,2024-12-25,8.4,2.38,WorthPoint
libyan-desert-glass,Libyan Desert Glass Meteorite Tektite Impact Cintamani( 210 Crt) Flat Gem AA+,46.2,2024-12-24,,,WorthPoint
libyan-desert-glass,Libyan Desert Glass Scarab Carving Meteorite Impactite Tektite Pendant Egypt,191.99,2024-12-24,,,WorthPoint
libyan-desert-glass,84.2 Gr (421 Ct) LIBYAN DESERT GLASS Meteorite Tektite Great Color & Shape,102.0,2024-12-23,84.2,1.21,WorthPoint
libyan-desert-glass,Libyan Desert Glass Pendant 4.8gr/24.0ct .925 Silver Pincher Bail Beautiful,11.34,2024-12-22,4.8,2.36,WorthPoint
libyan-desert-glass,VERY Translucent! Libyan Desert Glass 100% Natural From Egypt 8.06gr,24.99,2024-12-22,8.06,3.1,WorthPoint
libyan-desert-glass,Very Nice Remaglypt Marked Chunk Of Libyan Desert Glass 195 Grams,12.0,2024-12-21,195.0,0.06,WorthPoint
libyan-desert-glass,Libyan Desert Glass Meteorite Tektite Impact Specimen( 585 Crt) Soft Gem AAAA,139.3,2024-12-21,,,WorthPoint
libyan-desert-glass,Libyan Desert Glass From Egypt 2.13 Grams,6.99,2024-12-19,2.13,3.28,WorthPoint
libyan-desert-glass,Translucent! Libyan Desert Glass 100% Natural From Egypt 15.58gr,29.99,2024-12-18,15.58,1.92,WorthPoint
libyan-desert-glass,Libyan Desert Glass Meteorite Tektite Impact Specimen( 730 Ct) Dimples Gem AAAA,252.0,2024-12-17,146.0,1.73,WorthPoint
libyan-desert-glass,Libyan Desert Glass Pendant A+ Drilled And Polished 4.2gr/21.0Ct,16.3,2024-12-16,4.2,3.88,WorthPoint
libyan-desert-glass,Libyan Desert Glass A++ Pendant 3.6gr/18.0ct .925 Silver Pincher Bail,23.99,2024-12-15,3.6,6.66,WorthPoint
libyan-desert-glass,Libyan Desert Glass Meteorite Tektite Impact Specimen( 345 Ct)Super Yellow Gem A,84.47,2024-12-15,69.0,1.22,WorthPoint
libyan-desert-glass,Libyan Desert Glass Meteorite Tektite Impact Specimen( 320 Crt)Super Green Gem A,117.0,2024-12-14,,,WorthPoint
libyan-desert-glass,Libyan Desert Glass From Egypt 5.73 Grams,9.99,2024-12-14,5.73,1.74,WorthPoint
libyan-desert-glass,1265. Carats = 25.3 Grams Libyan Desert Glass Meteorite Impact In Egypt With COA,26.0,2024-12-13,25.3,1.03,WorthPoint
libyan-desert-glass,Libyan Desert Glass From Egypt 2.58 Grams,6.99,2024-12-10,2.58,2.71,WorthPoint
libyan-desert-glass,Libyan Desert Glass Ring Size 9 - Tektite - Meteorite Impact Glass,99.0,2024-12-08,,,WorthPoint
libyan-desert-glass,Libyan Desert Glass Pendant 1.6gr/8.0ct .925 Silver Cap Bail Beautiful Stone,16.83,2024-12-07,1.6,10.52,WorthPoint
libyan-desert-glass,Cristobalite INCLUSIONS! Very Translucent Libyan Desert Glass Egypt 10.8gr,29.99,2024-12-07,10.8,2.78,WorthPoint
libyan-desert-glass,Libyan Desert Glass Meteorite Tektite Pendant .925 Silver 6.76 Grams,49.95,2024-12-07,6.76,7.39,WorthPoint
libyan-desert-glass,Libyan Desert Glass Meteorite Tektite Impact Specimen(85 Crt)Dimples Flat Gem A+,21.12,2024-12-05,,,WorthPoint
libyan-desert-glass,Libyan Desert Glass Meteorite Tektite Impact Specimen( 96 Crt) Big Natural Hole,22.75,2024-12-04,,,WorthPoint
libyan-desert-glass,Libyan Desert Glass 23g (115ct) Meteorite Tektite Impact Specimen Chara Desert,26.0,2024-12-04,23.0,1.13,WorthPoint
libyan-desert-glass,"Nice Tektite, Libyan Desert Glass, Egypt, One Nice Piece. 131 Grams",5.5,2024-12-01,131.0,0.04,WorthPoint
libyan-desert-glass,"Nice Tektite, Libyan Desert Glass, Egypt, Lot Of 6 Small Pieces. 160 Grams",14.39,2024-12-01,160.0,0.09,WorthPoint
libyan-desert-glass,Libyan Desert Glass Wholesale Lot From Egypt 22.9 Grams,44.99,2024-11-30,22.9,1.96,WorthPoint
libyan-desert-glass,8mm Libyan Desert Glass Bead 3.5ct (0.7g) Sphere Meteorite Gemstone Tektite,6.0,2024-11-29,0.7,8.57,WorthPoint
libyan-desert-glass,Libyan Desert Glass From Egypt 6.59 Grams,12.99,2024-11-28,6.59,1.97,WorthPoint
libyan-desert-glass,Libyan Desert Glass Meteorite Tektite Impact Specimen( 465 Ct)cristobalite Gem,107.25,2024-11-28,93.0,1.15,WorthPoint
libyan-desert-glass,Libyan Desert Glass Pendant 3.5gr/17.5Ct .925 Silver Cap Bail,20.91,2024-11-26,3.5,5.97,WorthPoint
libyan-desert-glass,Libyan Desert Glass Meteorite Tektite Specimen( 135 Crt)Super Yellow Soft Gem A+,35.1,2024-11-25,,,WorthPoint
libyan-desert-glass,Libyan Desert Glass 35ct (7g) Meteorite Tektite Impact Specimen Chara Desert,13.0,2024-11-25,7.0,1.86,WorthPoint
libyan-desert-glass,Libyan Desert Glass Meteorite Tektite Impact Specimen( 580 Crt) Super Gem AAAAA+,155.35,2024-11-24,,,WorthPoint
libyan-desert-glass,Faceted Black Tourmaline And Libyan Desert Glass Pendant Necklace,222.0,2024-11-21,,,WorthPoint
libyan-desert-glass,Libyan Desert Glass Bracelet,114.0,2024-11-21,,,WorthPoint
libyan-desert-glass,Libyan Desert Glass From Egypt 7.86 Grams,14.99,2024-11-21,7.86,1.91,WorthPoint
libyan-desert-glass,118 Cts 5x2mm - 8x4mm Beads Libyan Desert Glass Meteorite .925 Silver Necklace,174.99,2024-11-20,23.6,7.41,WorthPoint
libyan-desert-glass,67 Carat 5x2mm Smooth Beads Libyan Desert Glass Necklace Meteorite Impact COA,194.99,2024-11-20,13.4,14.55,WorthPoint
libyan-desert-glass,Libyan Desert Glass 6.7g (33.5ct) Meteorite Tektite Impact Specimen Necklace,24.0,2024-11-18,6.7,3.58,WorthPoint
libyan-desert-glass,"Nice Tektite, Libyan Desert Glass, Egypt, One Nice Piece. 174 Grams",17.5,2024-11-17,174.0,0.1,WorthPoint
libyan-desert-glass,Libyan Desert Glass Impactite 100% Natural Egypt 11.7gr,29.99,2024-11-16,11.7,2.56,WorthPoint
libyan-desert-glass,Translucent! Libyan Desert Glass 100% Natural From Egypt 12.86gr,17.99,2024-11-14,12.86,1.4,WorthPoint
libyan-desert-glass,Libyan Desert Glass Meteorite Tektite Specimen( 455 Ct) Cristobalite Gem AAAA+,149.25,2024-11-14,91.0,1.64,WorthPoint
libyan-desert-glass,Very Rare Aaa Grade Libyan Gold Tektite Desert Glass Powerful Crystal Ring *6,160.0,2024-11-14,,,WorthPoint
libyan-desert-glass,Libyan Desert Glass Meteorite Tektite Impact ( 885 Crt)Stand Alone Display Gem A,266.25,2024-11-13,,,WorthPoint
libyan-desert-glass,Libyan Desert Glass Meteorite Tektite Impact Cintamani( 366 Crt) Yellow Gem AA+,89.21,2024-11-09,,,WorthPoint
libyan-desert-glass,Semi Translucent! Libyan Desert Glass 100% Natural Egypt 8.65gr,15.99,2024-11-09,8.65,1.85,WorthPoint
libyan-desert-glass,Libyan Desert Glass Meteorite Tektite Impact Stand Alone( 515 Crt) Big Crystal,138.75,2024-11-08,,,WorthPoint
libyan-desert-glass,Libyan Desert Glass 8.5g (42.5ct) Meteorite Necklace Tektite + Crystal Quartz,16.0,2024-11-08,8.5,1.88,WorthPoint
libyan-desert-glass,119.2 Carats 23.8 Grams Libyan Desert Glass Tektite Meteorite Impact Specimen,42.99,2024-11-07,23.8,1.81,WorthPoint
libyan-desert-glass,162.5 Carats 32.5 Grams Libyan Desert Glass Tektite Meteorite Impact Specimen,79.99,2024-11-07,32.5,2.46,WorthPoint
libyan-desert-glass,Libyan Desert Glass Pendant 6.0gr/30Ct .925 Silver Cap Bail,26.31,2024-11-06,6.0,4.38,WorthPoint
libyan-desert-glass,Libyan Desert Glass Pendant 4.1gr/20.5Ct .925 Silver Cap Bail Beautiful Stone,17.54,2024-11-06,4.1,4.28,WorthPoint
libyan-desert-glass,Libyan Desert Glass ~ Meteorite Impactite ~ 205 Carat (41 Gram) ~ GREAT Features,117.0,2024-11-06,41.0,2.85,WorthPoint
libyan-desert-glass,Libyan Desert Glass Pendant Drilled And Polished 7.5gr/37.5Ct,45.0,2024-11-05,7.5,6.0,WorthPoint
libyan-desert-glass,Nice Large Chunk Of LIBYAN DESERT GLASS 90 Grams. 450 Cts.,30.0,2024-11-05,90.0,0.33,WorthPoint
libyan-desert-glass,Libyan Desert Glass From Egypt 3.68 Grams,7.99,2024-11-04,3.68,2.17,WorthPoint
libyan-desert-glass,Libyan Desert Glass From Egypt 6.86 Grams,14.99,2024-11-04,6.86,2.19,WorthPoint
libyan-desert-glass,"Nice Tektite, Libyan Desert Glass, Egypt, One Nice Piece. 252 Grams",45.44,2024-11-03,252.0,0.18,WorthPoint
libyan-desert-glass,Libyan Desert Glass Meteorite Tektite Pendant .925 Silver 3.50 Grams,30.95,2024-11-03,3.5,8.84,WorthPoint
libyan-desert-glass,Libyan Desert Glass From Egypt 4.62 Grams,9.99,2024-11-01,4.62,2.16,WorthPoint
libyan-desert-glass,Libyan Desert Glass Pendant,30.0,2024-10-31,,,WorthPoint
libyan-desert-glass,Libyan Desert Glass Meteorite Tektite Impact Specimen( 910 Crt)Cristobalite A+,224.25,2024-10-30,,,WorthPoint
libyan-desert-glass,Libyan Desert Glass Impactite 100% Natural Egypt 7.5gr,24.99,2024-10-30,7.5,3.33,WorthPoint
libyan-desert-glass,Libyan Desert Glass Meteorite Tektite Impact Specimen( 810 Crt)Cristobalite Gem,224.25,2024-10-28,,,WorthPoint
libyan-desert-glass,Libyan Desert Glass 7.6g (38ct) Meteorite Necklace Tektite + Crystal Quartz,14.0,2024-10-28,7.6,1.84,WorthPoint
libyan-desert-glass,Libyan Desert Glass Meteorite Tektite Impact Specimen( 675 Crt)Flat -Thin Gem A+,216.0,2024-10-26,,,WorthPoint
libyan-desert-glass,Libyan Desert Glass Meteorite Tektite Impact Specimen( 113 Crt) Yellow Gem AAAA,25.88,2024-10-25,,,WorthPoint
libyan-desert-glass,Libyan Desert Glass Meteorite Tektite Specimen( 140 Crt)Very Dark Green Gem A+,40.5,2024-10-23,,,WorthPoint
libyan-desert-glass,Libyan Desert Glass Meteorite Tektite Impact Cintamani( 155 Crt) Flat Gem AA+,37.04,2024-10-22,,,WorthPoint
libyan-desert-glass,Libyan Desert Glass Meteorite Tektite Impact Specimen( 405 Crt)- 7 Natural Holes,146.25,2024-10-21,,,WorthPoint
libyan-desert-glass,Libyan Desert Glass Meteorite Tektite Impact Heart Shape ( 190 Crt) Natural Hole,55.5,2024-10-21,,,WorthPoint
libyan-desert-glass,Super Translucent! Libyan Desert Glass 100% Natural Egypt 14.2gr,34.99,2024-10-21,14.2,2.46,WorthPoint
libyan-desert-glass,"Nice Tektite, Libyan Desert Glass, Egypt, One Nice Piece. 269 Grams",22.5,2024-10-20,269.0,0.08,WorthPoint
libyan-desert-glass,Special PriceÔºÅ Libyan Desert Glass Milky Yellow Tektite Sterling Silver S925Ring,38.0,2024-10-20,,,WorthPoint
libyan-desert-glass,Libyan Desert Glass Impactite 100% Natural Egypt 9.3gr,24.99,2024-10-20,9.3,2.69,WorthPoint
libyan-desert-glass,Libyan Desert Glass 10 Gram BEAD LOT Gemstone Tektite Drilled Wholesale Lot,39.0,2024-10-20,10.0,3.9,WorthPoint
libyan-desert-glass,Super Translucent! Libyan Desert Glass 100% Natural Egypt 10.5gr,29.99,2024-10-18,10.5,2.86,WorthPoint
libyan-desert-glass,Libyan Desert Glass From Egypt 13.2 Grams,19.99,2024-10-16,13.2,1.51,WorthPoint
libyan-desert-glass,Libyan Desert Glass From Egypt 5.9 Grams,9.99,2024-10-16,5.9,1.69,WorthPoint
libyan-desert-glass,Libyan Desert Glass From Egypt 3.47 Grams,6.99,2024-10-16,3.47,2.01,WorthPoint
libyan-desert-glass,Libyan Desert Glass From Egypt 7.44 Grams,9.99,2024-10-16,7.44,1.34,WorthPoint
libyan-desert-glass,Libyan Desert Glass From Egypt 4.09 Grams,7.99,2024-10-16,4.09,1.95,WorthPoint
libyan-desert-glass,Libyan Desert Glass Meteorite Tektite Impact Specimen( 125crt)Super Nice Gem A+,35.21,2024-10-16,,,WorthPoint
libyan-desert-glass,Libyan Desert Glass Meteorite Tektite Impact Specimen (90 Crt) Natural Hole Dark,26.62,2024-10-16,,,WorthPoint
libyan-desert-glass,Semi Translucent! Libyan Desert Glass 100% Natural Egypt 16.3gr,21.99,2024-10-15,16.3,1.35,WorthPoint
libyan-desert-glass,Libyan Desert Glass Meteorite Tektite Impact Specimen( 63 Ct )Heart Yellow Gem A,23.99,2024-10-15,12.6,1.9,WorthPoint
libyan-desert-glass,Light YELLOW! Libyan Desert Glass 100% Natural From Egypt 7.1gr,19.99,2024-10-14,7.1,2.82,WorthPoint
libyan-desert-glass,"Nice Tektite, Libyan Desert Glass, Egypt, Lot Of Three Nice Pieces. 171 Grams",12.62,2024-10-13,171.0,0.07,WorthPoint
libyan-desert-glass,Libyan Desert Glass From Egypt 11.39 Grams,19.99,2024-10-09,11.39,1.76,WorthPoint
libyan-desert-glass,Libyan Desert Glass Meteorite Tektite Impact Specimen( 5400 Crt)Very Big (1 Kg),1365.0,2024-10-08,1000.0,1.36,WorthPoint
libyan-desert-glass,Libyan Desert Glass 9.7g Meteorite Tektite Impact Specimen Necklace,14.0,2024-10-08,9.7,1.44,WorthPoint
libyan-desert-glass,Libyan Desert Glass Meteorite Tektite Impact Specimen( 1010 Ct ) Super Yellow A+,269.5,2024-10-08,202.0,1.33,WorthPoint
libyan-desert-glass,"Nice Tektite, Libyan Desert Glass, Egypt, Lot Of Two Nice Pieces. 140 Grams",15.5,2024-10-06,140.0,0.11,WorthPoint
libyan-desert-glass,Semi Translucent! Libyan Desert Glass 100% Natural Egypt 9.7gr,15.99,2024-10-06,9.7,1.65,WorthPoint
libyan-desert-glass,All 139 Carats 27.8 Grams Libyan Desert Glass Tektites Meteorite Impact Specimen,31.99,2024-10-04,27.8,1.15,WorthPoint
libyan-desert-glass,Libyan Desert Glass Meteorite Tektite Impact Specimen(44 Crt)Natural Hole Gem A+,15.33,2024-10-03,,,WorthPoint
libyan-desert-glass,Libyan Desert Glass Meteorite Tektite Impact Specimen( 240crt) Super Gem AAAA+,66.5,2024-10-03,,,WorthPoint
libyan-desert-glass,Libyan Desert Glass Meteorite Tektite Impact Specimen( 770 Ct) Cristobalite Gem,209.3,2024-10-02,154.0,1.36,WorthPoint
libyan-desert-glass,Libyan Desert Glass Meteorite Tektite Impact Specimen(133 Crt)Cristobalite Arrow,34.3,2024-10-02,,,WorthPoint
libyan-desert-glass,Libyan Desert Glass Meteorite Tektite Impact Specimen( 220 Ct )ŸêŸêCristobalite,55.99,2024-10-01,44.0,1.27,WorthPoint
libyan-desert-glass,Libyan Desert Glass 19g Meteorite Tektite Impact Specimen Necklace Chara Desert,26.0,2024-10-01,19.0,1.37,WorthPoint
libyan-desert-glass,Libyan Desert Glass Meteorite Tektite Impact Specimen( 830 Ct)Soft Yellow Gem,238.0,2024-10-01,166.0,1.43,WorthPoint
libyan-desert-glass,Libyan Desert Glass Meteorite Tektite Impact Specimen( 735 Ct)Orange Soft Gem,157.5,2024-10-01,147.0,1.07,WorthPoint
libyan-desert-glass,Libyan Desert Glass Meteorite Tektite Impact Specimen( 925 Crt) Top Quality A+,297.5,2024-09-29,,,WorthPoint
libyan-desert-glass,159 Carats 31.8 Grams Libyan Desert Glass Tektites Meteorite Impact Specimen,38.99,2024-09-29,31.8,1.23,WorthPoint
libyan-desert-glass,Libyan Desert Glass From Egypt 2.5 Grams,5.99,2024-09-25,2.5,2.4,WorthPoint
libyan-desert-glass,Libyan Desert Glass Meteorite Tektite Impact Specimen( 1055 Ct)Big Natural Hole,279.3,2024-09-25,211.0,1.32,WorthPoint
libyan-desert-glass,Libyan Desert Glass Meteorite Tektite Specimen( 125 Ct)Angel Chime -Flat - Thin,32.83,2024-09-25,25.0,1.31,WorthPoint
libyan-desert-glass,Libyan Desert Glass Meteorite Tektite Specimen(275 Ct)Angel Chime Thin Flat Gem,73.5,2024-09-25,55.0,1.34,WorthPoint
libyan-desert-glass,Libyan Desert Glass Meteorite Tektite Impact Specimen ( 250 Crt) Angel Chime,76.3,2024-09-25,,,WorthPoint
libyan-desert-glass,"Libyan Desert Glass Pendant 2"" Long Sliver 925 Silver Cap Bail Beautiful Stone",20.0,2024-09-22,,,WorthPoint
libyan-desert-glass,Libyan Desert Glass Meteorite Tektite Impact Specimen( 740 Crt) Dimples Gem AAAA,209.3,2024-09-18,,,WorthPoint
libyan-desert-glass,Libyan Desert Glass Meteorite Tektite Impact Specimen( 79 Crt)Dimples GEM AAAA,20.29,2024-09-16,,,WorthPoint
libyan-desert-glass,Libyan Desert Glass Meteorite Tektite Impact Specimen( 82 Crt)Dimples Gem AAAA+,27.3,2024-09-16,,,WorthPoint
libyan-desert-glass,Libyan Desert Glass Pharaoh Stone 13.5 Grams Rare Authentic Meteorite,30.0,2024-09-16,13.5,2.22,WorthPoint
libyan-desert-glass,Libyan Desert Glass Meteorite Tektite Impact Cintamani( 115 Crt) Flat Gem AA+,27.99,2024-09-16,,,WorthPoint
libyan-desert-glass,Libyan Desert Glass Meteorite Tektite Impact Specimen( 900 Crt)Dimples Gem AA+,225.4,2024-09-15,,,WorthPoint
libyan-desert-glass,Libyan Desert Glass Meteorite Tektite Impact Specimen( 840 Crt)Super Blue Lines,266.25,2024-09-13,,,WorthPoint
libyan-desert-glass,LIBYAN DESERT GLASS $14 Jewelry 3.45gramm,14.0,2024-09-11,3.45,4.06,WorthPoint
libyan-desert-glass,Libyan Desert Glass From Egypt 2.78 Grams,5.99,2024-09-09,2.78,2.15,WorthPoint
libyan-desert-glass,Libyan Desert Glass From Egypt 8.4 Grams,16.99,2024-09-09,8.4,2.02,WorthPoint
libyan-desert-glass,Libyan Desert Glass Pendant 3.1gr/15.5Ct .925 Silver Cap Bail,33.6,2024-09-07,3.1,10.84,WorthPoint
libyan-desert-glass,Libyan Desert Glass Meteorite Tektite Impact Cintamani( 165 Crt) Soft Gem AA+,59.0,2024-09-03,,,WorthPoint
libyan-desert-glass,Libyan Desert Glass From Egypt 19.6 Grams,39.99,2024-08-31,19.6,2.04,WorthPoint
libyan-desert-glass,Libyan Desert Glass From Egypt 17.1 Grams 4 Piece Lot,34.99,2024-08-31,17.1,2.05,WorthPoint
libyan-desert-glass,Libyan Desert Glass From Egypt 14.2 Grams,14.99,2024-08-31,14.2,1.06,WorthPoint
libyan-desert-glass,Libyan Desert Glass From Egypt 12.6 Grams,24.99,2024-08-31,12.6,1.98,WorthPoint
libyan-desert-glass,Libyan Desert Glass 32.77g AAA Translucent Impactite W/ Schlieren - Not A Meteor,65.0,2024-08-31,32.77,1.98,WorthPoint
libyan-desert-glass,Libyan Desert Glass From Egypt 3.49 Grams,6.99,2024-08-30,3.49,2.0,WorthPoint
libyan-desert-glass,Libyan Desert Glass Sphere,1875.0,2024-08-28,,,WorthPoint
libyan-desert-glass,139.5 Carats 27.9 Grams Libyan Desert Glass Tektites Meteorite Impact Specimen,31.99,2024-08-28,27.9,1.15,WorthPoint
libyan-desert-glass,Libyan Desert Glass From Egypt 3.28 Grams,6.99,2024-08-28,3.28,2.13,WorthPoint
libyan-desert-glass,Libyan Desert Glass Meteorite Tektite Impact Cintamani( 455 Ct) Dark Green Gem A,126.75,2024-08-27,91.0,1.39,WorthPoint
libyan-desert-glass,Libyan Desert Glass Meteorite Tektite Impact Cintamani( 35 Crt) Thin Tool - Gem,13.5,2024-08-27,,,WorthPoint
libyan-desert-glass,Libyan Desert Glass 6.51g Translucent Impactite - Not A Meteorite,20.0,2024-08-27,6.51,3.07,WorthPoint
libyan-desert-glass,Libyan Desert Glass From Egypt 10.5 Grams,9.99,2024-08-26,10.5,0.95,WorthPoint
libyan-desert-glass,Libyan Desert Glass From Egypt 13.5 Grams,9.99,2024-08-26,13.5,0.74,WorthPoint
libyan-desert-glass,Libyan Desert Glass 100% Natural From Egypt 17.82gr,17.99,2024-08-25,17.82,1.01,WorthPoint
libyan-desert-glass,Libyan Desert Glass Meteorite Tektite Impact Specimen( 733 Crt)Dimples Green Gem,206.25,2024-08-24,,,WorthPoint
libyan-desert-glass,Libyan Desert Glass Meteorite Tektite Impact Specimen( 1325 Crt)Soft Stand Alone,374.25,2024-08-24,,,WorthPoint
libyan-desert-glass,All 123 Carats 24.6 Grams Libyan Desert Glass Tektites Meteorite Impact Specimen,29.99,2024-08-23,24.6,1.22,WorthPoint
libyan-desert-glass,Light YELLOW! Libyan Desert Glass 100% Natural From Egypt 16.56gr,21.99,2024-08-22,16.56,1.33,WorthPoint
libyan-desert-glass,Libyan Desert Glass From Egypt 3.8 Grams,6.99,2024-08-22,3.8,1.84,WorthPoint
libyan-desert-glass,23.5 Carats= 4.7 Grams Libyan Desert Glass A+ Tektite Meteorite Impact With COA,6.99,2024-08-22,4.7,1.49,WorthPoint
libyan-desert-glass,Libyan Desert Glass From Egypt 4.12 Grams,11.51,2024-08-20,4.12,2.79,WorthPoint
libyan-desert-glass,Libyan Desert Glass From Egypt 3.2 Grams,6.99,2024-08-20,3.2,2.18,WorthPoint
libyan-desert-glass,Libyan Desert Glass Meteorite Tektite Impact Specimen( 850 Ct)Soft Top Gem AAAAA,288.0,2024-08-19,170.0,1.69,WorthPoint
libyan-desert-glass,Libyan Desert Glass Meteorite Tektite Specimen( 700 Crt) Best Super Gem AAAA+,255.0,2024-08-19,,,WorthPoint
libyan-desert-glass,Libyan Desert Glass Meteorite Tektite Impact Specimen( 475 Crt)Rare Dark Blue #1,145.0,2024-08-18,,,WorthPoint
libyan-desert-glass,Libyan Desert Glass Meteorite Tektite Specimen( 100 Crt)Super Cristobalit Gem A+,34.0,2024-08-18,,,WorthPoint
libyan-desert-glass,156 Carats 31.2 Grams Libyan Desert Glass Tektites Meteorite Impact Specimen COA,34.99,2024-08-17,31.2,1.12,WorthPoint
libyan-desert-glass,Libyan Desert Glass 21.68g AAA Translucent Impactite W/ Schlieren - Not A Meteor,43.0,2024-08-17,21.68,1.98,WorthPoint
libyan-desert-glass,Libyan Desert Glass Pendant A+ Drilled Polished 3.9gr/19.5ct,40.5,2024-08-17,3.9,10.38,WorthPoint
libyan-desert-glass,Libyan Desert Glass Pendant A++ Drilled Polished 3.9gr/19.5ct Metaphysical,33.0,2024-08-17,3.9,8.46,WorthPoint
libyan-desert-glass,Libyan Desert Glass Meteorite Tektite Impact Specimen( 1077 Crt) Dark Black Gem,288.0,2024-08-17,,,WorthPoint
libyan-desert-glass,Libyan Desert Glass Meteorite Tektite Impact Specimen( 575 Crt)Dimples Gem AAAAA,188.0,2024-08-15,,,WorthPoint
libyan-desert-glass,Libyan Desert Glass Pendant A++ Drilled And Polished 3.8gr/19ct Metaphysical,35.25,2024-08-15,3.8,9.28,WorthPoint
libyan-desert-glass,17.5 Carats= 3.5 Grams Libyan Desert Glass A+ Tektite Meteorite Impact With COA,5.49,2024-08-14,3.5,1.57,WorthPoint
libyan-desert-glass,LIBYAN DESERT GLASS - TEKTITE (IMPACT GLASS) SPECIMEN - EGYPT (19.3g),60.0,2024-08-14,19.3,3.11,WorthPoint
libyan-desert-glass,115.5 Carats 23.1 Grams Libyan Desert Glass Tektites Meteorite Impact Specimen,26.99,2024-08-14,23.1,1.17,WorthPoint
libyan-desert-glass,Libyan Desert Glass From Egypt 12.38 Grams,12.99,2024-08-12,12.38,1.05,WorthPoint
libyan-desert-glass,Libyan Desert Glass From Egypt 15.6 Grams,19.99,2024-08-12,15.6,1.28,WorthPoint
libyan-desert-glass,"Nice Tektite, Libyan Desert Glass, Egypt, Lot Of Many Smallest Pieces. 50 Grams",17.1,2024-08-11,50.0,0.34,WorthPoint
libyan-desert-glass,Libyan Desert Glass From Egypt 4.10 Grams,9.99,2024-08-10,4.1,2.44,WorthPoint
libyan-desert-glass,Libyan Desert Glass Meteorite,12.99,2024-08-10,,,WorthPoint
libyan-desert-glass,Libyan Desert Glass From Egypt 6.27 Grams,12.99,2024-08-10,6.27,2.07,WorthPoint
libyan-desert-glass,Libyan Desert Glass Meteorite Tektite Impact Specimen( 1180 Ct)Very Dark Gem AAA,339.0,2024-08-09,236.0,1.44,WorthPoint
libyan-desert-glass,Libyan Desert Glass Meteorite Tektite Impact Cintamani( 125 Crt)super Yellow Gem,38.8,2024-08-06,,,WorthPoint
libyan-desert-glass,Libyan Desert Glass Meteorite Tektite Impact Cintamani( 144 Crt)Super Gem AAAA+,46.28,2024-08-06,,,WorthPoint
libyan-desert-glass,Libyan Desert Glass Meteorite Tektite Impact Specimen ( 800 Crt) Dimples Top A+,260.0,2024-07-31,,,WorthPoint
libyan-desert-glass,104.5 Carat 20.9 Grams Libyan Desert Glass Tektite Meteorite Impact Specimen COA,29.99,2024-07-30,20.9,1.43,WorthPoint
libyan-desert-glass,Libyan Desert Glass Meteorite Tektite Impact Specimen 34.8g / 174ct,69.99,2024-07-29,34.8,2.01,WorthPoint
libyan-desert-glass,22.5 Carats= 4.5 Grams Libyan Desert Glass A+ Tektite Meteorite Impact With COA,6.99,2024-07-29,4.5,1.55,WorthPoint
libyan-desert-glass,"Libyan Desert Glass Impactite, Tektite 3.2 Grams- J4",20.0,2024-07-28,3.2,6.25,WorthPoint
libyan-desert-glass,Libyan Desert Glass From Egypt 7.48 Grams,12.99,2024-07-25,7.48,1.74,WorthPoint
libyan-desert-glass,Libyan Desert Glass Meteorite Tektite Impact Specimen( 955 Ct)Cintamani Stone,268.0,2024-07-24,191.0,1.4,WorthPoint
libyan-desert-glass,Libyan Desert Glass Meteorite Tektite Impact Specimen( 1800 Crt)big Yellow Gem,544.0,2024-07-24,,,WorthPoint
libyan-desert-glass,Libyan Desert Glass Meteorite Tektite Impact Specimen( 1030 Crt) 3 Natural Holes,360.0,2024-07-24,,,WorthPoint
libyan-desert-glass,Libyan Desert Glass Pendant A++ Drilled And Polished 4.7gr/23.5Ct Metaphysical,42.0,2024-07-24,4.7,8.94,WorthPoint
libyan-desert-glass,Libyan Desert Glass Pendant A++ Drilled And Polished 3.6gr/18ct Metaphysical,28.5,2024-07-24,3.6,7.92,WorthPoint
libyan-desert-glass,Libyan Desert Glass Pendant A++ Drilled Polished 4.8gr/24.0ct Metaphysical,38.25,2024-07-24,4.8,7.97,WorthPoint
libyan-desert-glass,119 Carats 23.7 Grams Libyan Desert Glass Tektite Meteorite Impact Specimen,43.0,2024-07-23,23.7,1.81,WorthPoint
libyan-desert-glass,Libyan Desert Glass From Egypt 9.9 Grams,9.99,2024-07-23,9.9,1.01,WorthPoint
libyan-desert-glass,Libyan Desert Glass Meteorite Tektite Bracelet Beads Size 7mm+,159.99,2024-07-23,,,WorthPoint
libyan-desert-glass,Libyan Desert Glass Tektite Impact Site Sahara Desert Cabinet Specimen 60gr300ct,275.0,2024-07-23,60.0,4.58,WorthPoint
libyan-desert-glass,Libyan Desert Glass Meteorite Tektite Impact Cintamani( 175 Crt)very Thin -Flat,52.5,2024-07-23,,,WorthPoint
libyan-desert-glass,Libyan Desert Glass Pendant 4.0gr/20Ct .925 Silver Cap Bail Beautiful Stone,36.0,2024-07-22,4.0,9.0,WorthPoint
libyan-desert-glass,13.5 Carats= 2.7 Grams Libyan Desert Glass A+ Tektite Meteorite Impact With COA,5.99,2024-07-22,2.7,2.22,WorthPoint
libyan-desert-glass,"Nice Tektite, Libyan Desert Glass, Egypt, One Nice Piece. 181 Gram",7.19,2024-07-21,181.0,0.04,WorthPoint
libyan-desert-glass,Libyan Desert Glass Meteorite Tektite Impact Specimen( 46 Crt)Cristobalit Gem A+,11.61,2024-07-19,,,WorthPoint
libyan-desert-glass,Libyan Desert Glass From Egypt 4.4 Grams,9.99,2024-07-18,4.4,2.27,WorthPoint
libyan-desert-glass,Libyan Desert Glass From Egypt 5.77 Grams,9.99,2024-07-16,5.77,1.73,WorthPoint
libyan-desert-glass,27 Carats= 5.4 Grams Libyan Desert Glass A+ Tektite Meteorite Impact With COA,6.99,2024-07-16,5.4,1.29,WorthPoint
libyan-desert-glass,Libyan Desert Glass Impactite 23.36 Grams (237 Crt) Translucent,35.0,2024-07-15,23.36,1.5,WorthPoint
libyan-desert-glass,Libyan Desert Glass Meteorite Tektite Impact Specimen( 80crt)Angel Chime Gem A+,23.9,2024-07-14,,,WorthPoint
libyan-desert-glass,Libyan Desert Glass Meteorite Tektite Impact Specimen( 2055 Crt) Super Gem AAAA+,792.0,2024-07-14,,,WorthPoint
libyan-desert-glass,Libyan Desert Glass Meteorite Tektite Impact Specimen( 3300 Ct)Dimples Super A+,1320.0,2024-07-14,660.0,2.0,WorthPoint
libyan-desert-glass,Libyan Desert Glass Meteorite Tektite Impact Specimen( 640 Crt) Dimples Dark,176.0,2024-07-14,,,WorthPoint
libyan-desert-glass,Libyan Desert Glass Meteorite Tektite Impact Specimen( 4850 Crt)Super Gem (1 Kg),1720.0,2024-07-14,1000.0,1.72,WorthPoint
libyan-desert-glass,Libyan Desert Glass Meteorite Tektite Impact Dimples ( 775 Ct)dimples Green Gem,224.0,2024-07-14,155.0,1.45,WorthPoint
libyan-desert-glass,"Libyan Desert Glass, Egyptian Scarab, Scarab Beetle, Asteroids Impact-133 Carat",139.99,2024-07-13,26.6,5.26,WorthPoint
libyan-desert-glass,38 Carats= 7.6 Grams Libyan Desert Glass A+ Tektite Meteorite Impact With COA,8.99,2024-07-13,7.6,1.18,WorthPoint
libyan-desert-glass,25 Carats= 5 Grams Libyan Desert Glass A+ Tektite Meteorite Impact With COA,7.5,2024-07-13,5.0,1.5,WorthPoint
libyan-desert-glass,Libyan Desert Glass End Cut,114.0,2024-07-11,,,WorthPoint
libyan-desert-glass,Libyan Desert Glass Meteorite Tektite Pendant .925 Silver 2.97 Grams,24.95,2024-07-11,2.97,8.4,WorthPoint
libyan-desert-glass,Libyan Desert Glass Meteorite Tektite Pendant .925 Silver 16.14 Cts / 3.22 Grams,29.95,2024-07-11,3.22,9.3,WorthPoint
libyan-desert-glass,30 Carats= 6 Grams Libyan Desert Glass A+ Tektite Meteorite Impact With COA,13.1,2024-07-11,6.0,2.18,WorthPoint
libyan-desert-glass,23 Carats= 4.6 Grams Libyan Desert Glass A+ Tektite Meteorite Impact With COA,6.5,2024-07-11,4.6,1.41,WorthPoint
libyan-desert-glass,Libyan Desert Glass Meteorite Tektite Impact Specimen ( 45 Crt)Cristobalite Gem,16.96,2024-07-11,,,WorthPoint
libyan-desert-glass,19.5 Carats= 3.9 Grams Libyan Desert Glass A+ Tektite Meteorite Impact With COA,5.99,2024-07-11,3.9,1.54,WorthPoint
libyan-desert-glass,Libyan Desert Glass Lot Of 4 Pieces From Egypt Tektite Impact Glass,28.9,2024-07-11,,,WorthPoint
libyan-desert-glass,Libyan Desert Glass Meteorite Tektite Impact Specimen ( 420 Crt) Green Gem AAAAA,126.65,2024-07-10,,,WorthPoint
libyan-desert-glass,Libyan Desert Glass Meteorite Tektite Impact Cantimani( 1135 Ct)#1 Of Its Kind,360.0,2024-07-10,227.0,1.59,WorthPoint
libyan-desert-glass,Libyan Desert Glass Meteorite Tektite Impact Specimen( 1900 Crt)(Rare)Very Big A,600.0,2024-07-10,,,WorthPoint
libyan-desert-glass,Libyan Desert Glass Meteorite Tektite Impact Specimen( 485 Ct) Super Gem AAAA+,231.2,2024-07-10,97.0,2.38,WorthPoint
libyan-desert-glass,Libyan Desert Glass Meteorite Tektite Impact Specimen(570 Crt)Dimples Gem Yellow,228.0,2024-07-10,,,WorthPoint
libyan-desert-glass,Libyan Desert Glass Meteorite Tektite Impact Specimen(508 Crt)Dimples Gem Yellow,188.0,2024-07-10,,,WorthPoint
libyan-desert-glass,Libyan Desert Glass Meteorite Tektite Impact Specimen( 520 Crt) Yellow Gem AAAAA,168.0,2024-07-10,,,WorthPoint
libyan-desert-glass,Libyan Desert Glass From Egypt 12.9 Grams,12.99,2024-07-09,12.9,1.01,WorthPoint
libyan-desert-glass,Libyan Desert Glass From Egypt 8.98 Grams,9.99,2024-07-08,8.98,1.11,WorthPoint
libyan-desert-glass,Libyan Desert Glass Impactite 47.57 Grams (237 Crt) Trapped Bubbles,53.0,2024-07-08,47.57,1.11,WorthPoint
libyan-desert-glass,Libyan Desert Glass From Egypt 6.3 Grams,9.99,2024-07-07,6.3,1.59,WorthPoint
libyan-desert-glass,Libyan Desert Glass Meteorite Tektite Impact Specimen( 355 Ct)Cristobalite Gem,109.6,2024-07-06,71.0,1.54,WorthPoint
libyan-desert-glass,Libyan Desert Glass From Egypt 6.39 Grams,9.99,2024-07-06,6.39,1.56,WorthPoint
libyan-desert-glass,Libyan Desert Glass From Egypt 8.39 Grams,9.99,2024-07-03,8.39,1.19,WorthPoint
libyan-desert-glass,271.5 Carats 54.3 Grams Libyan Desert Glass Tektites Meteorite Impact Specimen,59.99,2024-06-29,54.3,1.1,WorthPoint
libyan-desert-glass,Libyan Desert Glass Meteorite Tektite Impact Cintamani( 55 Crt) Thin Tool - Gem,6.5,2024-06-28,,,WorthPoint
libyan-desert-glass,20 Carats 4 Grams Libyan Desert Glass Tektite Meteorite Impact With A COA,6.99,2024-06-15,4.0,1.75,WorthPoint
libyan-desert-glass,Libyan Desert Glass From Egypt 3.22 Grams,8.5,2024-06-14,3.22,2.64,WorthPoint
libyan-desert-glass,Libyan Desert Glass Carving Cabochon Meteorite Impactite Tektite Gemstone Egypt,39.99,2024-06-14,,,WorthPoint
libyan-desert-glass,Libyan Desert Glass Meteorite Tektite Impact Specimen( 566 Crt)Dimples Gem Green,247.5,2024-06-13,,,WorthPoint
libyan-desert-glass,Libyan Desert Glass Meteorite Tektite Impact Cintamani ( 85 Crt) Natural Hole,31.49,2024-06-13,,,WorthPoint
libyan-desert-glass,"Natural Libyan Desert Glass, Libyan Gold Tektite, Sand Sea, 16ct US TOP Crystals",55.0,2024-06-12,3.2,17.19,WorthPoint
libyan-desert-glass,33 Carats 6.6 Grams Libyan Desert Glass Tektite Meteorite Impact With A COA,23.5,2024-06-11,6.6,3.56,WorthPoint
libyan-desert-glass,"Libyan Desert Glass - Great Sands Glass, 55ct RARE (impactite Tektite) #SND83",43.51,2024-06-09,11.0,3.96,WorthPoint
libyan-desert-glass,180 Carats 36 Grams Libyan Desert Glass Tektite Meteorite Impact With A COA,39.99,2024-06-09,36.0,1.11,WorthPoint
libyan-desert-glass,50.5 Carats 10.1 Grams Libyan Desert Glass Tektite Meteorite Impact With A COA,14.99,2024-06-09,10.1,1.48,WorthPoint
libyan-desert-glass,"Libyan/Egyptian Desert Glass Piece, 136 Grams (rare Size)",260.0,2024-06-08,136.0,1.91,WorthPoint
libyan-desert-glass,Libyan Desert Glass Meteorite Tektite Bracelet Beads Size 13mm ++,219.99,2024-06-08,,,WorthPoint
libyan-desert-glass,117.5 Carats 23.5 Grams Libyan Desert Glass Tektites Meteorite Impact Specimen,25.99,2024-06-08,23.5,1.11,WorthPoint
libyan-desert-glass,About 6x3mm Beads Of Libyan Desert Glass From Meteorite Impact With COA $5 Each,5.0,2024-06-07,,,WorthPoint
libyan-desert-glass,Libyan Desert Glass From Egypt 9.7 Grams,9.99,2024-06-07,9.7,1.03,WorthPoint
libyan-desert-glass,Libyan Desert Glass Meteorite Tektite Bracelet Raw Pieces Ôøº,59.99,2024-06-07,,,WorthPoint
libyan-desert-glass,17 Carats 3.4 Grams Libyan Desert Glass Cristobalite Meteorite Impact Specimen,8.99,2024-06-05,3.4,2.64,WorthPoint
libyan-desert-glass,15 Carats 3 Grams Libyan Desert Glass Cristobalite Meteorite Impact Specimen,5.99,2024-06-05,3.0,2.0,WorthPoint
libyan-desert-glass,39 Carats 7.8 Grams Libyan Desert Glass Tektite Meteorite Impact With A COA,12.99,2024-06-05,7.8,1.67,WorthPoint
libyan-desert-glass,Libyan Desert Glass Meteorite Tektite Impact Cintamani ( 125 Crt) Natural Hole,47.95,2024-06-03,,,WorthPoint
libyan-desert-glass,Libyan Desert Glass Meteorite Tektite Impact Specimen(35 Crt)Cristobalite Gem,20.99,2024-06-01,,,WorthPoint
libyan-desert-glass,Libyan Desert Glass Meteorite Tektite Specimen( 155 Crt)yellow Dimples Gem A+,57.0,2024-06-01,,,WorthPoint
libyan-desert-glass,144.5 Carats 28.9 Grams Libyan Desert Glass Tektites Meteorite Impact Specimen,31.99,2024-06-01,28.9,1.11,WorthPoint
libyan-desert-glass,Libyan Desert Glass From Egypt 11.1 Grams,19.99,2024-05-31,11.1,1.8,WorthPoint
libyan-desert-glass,41 Carats 8.2 Grams Libyan Desert Glass Tektite Meteorite Impact With A COA,16.85,2024-05-31,8.2,2.05,WorthPoint
libyan-desert-glass,24.5 Carats 4.9 Grams Libyan Desert Glass Tektite Meteorite Impact With A COA,8.99,2024-05-31,4.9,1.83,WorthPoint
libyan-desert-glass,15.5 Carats 3 Grams Libyan Desert Glass Tektite Meteorite Impact With A COA,5.99,2024-05-31,3.0,2.0,WorthPoint
libyan-desert-glass,"Libyan/Egyptian Desert Glass Piece, 89 Grams (B)",140.0,2024-05-30,89.0,1.57,WorthPoint
libyan-desert-glass,"Libyan/Egyptian Desert Glass Piece, 89 Grams (A)",140.0,2024-05-30,89.0,1.57,WorthPoint
libyan-desert-glass,138 Carats 27.6 Grams Libyan Desert Glass Tektites Meteorite Impact Specimen COA,31.0,2024-05-30,27.6,1.12,WorthPoint
libyan-desert-glass,22.5 Carats 4.5 Grams Libyan Desert Glass Cristobalite Meteorite Impact Specimen,12.5,2024-05-29,4.5,2.78,WorthPoint
libyan-desert-glass,142 Carats 8x4 Down To 7x4mm Beads Libyan Desert Glass Necklace Meteorite Impact,259.0,2024-05-28,28.4,9.12,WorthPoint
libyan-desert-glass,31.5 Carats 6.3 Grams Libyan Desert Glass Tektite Meteorite Impact With A COA,8.99,2024-05-28,6.3,1.43,WorthPoint
libyan-desert-glass,27.5 Carats 5.5 Grams Libyan Desert Glass Tektite Meteorite Impact With A COA,12.5,2024-05-28,5.5,2.27,WorthPoint
libyan-desert-glass,12.5 Carats 2.51 Grams Libyan Desert Glass Tektite Meteorite Impact With A COA,5.5,2024-05-28,2.51,2.19,WorthPoint
libyan-desert-glass,60 Cts 12 Grams Libyan Desert Glass Cristobalite Meteorite Impact Specimen,14.99,2024-05-28,12.0,1.25,WorthPoint
libyan-desert-glass,Libyan Desert Glass Meteorite Tektite Impact Specimen( 33 Ct)Super Gem AAAAA,14.88,2024-05-27,6.6,2.25,WorthPoint
libyan-desert-glass,9 Carats 1.8 Grams Libyan Desert Glass Cristobalite Meteorite Impact Specimen,7.5,2024-05-26,1.8,4.17,WorthPoint
libyan-desert-glass,18.53 Cts 3.71 Grams Libyan Desert Glass Cristobalite Meteorite Impact Specimen,9.5,2024-05-26,3.71,2.56,WorthPoint
libyan-desert-glass,27.53 Carats 5.51 Grams Libyan Desert Glass Tektite Meteorite Impact With A COA,8.99,2024-05-26,5.51,1.63,WorthPoint
libyan-desert-glass,30 Carats 6 Grams Libyan Desert Glass Tektite Meteorite Impact With A COA,8.99,2024-05-26,6.0,1.5,WorthPoint
libyan-desert-glass,18.5 Carats 3.7 Grams Libyan Desert Glass Tektite Meteorite Impact With A COA,7.5,2024-05-26,3.7,2.03,WorthPoint
libyan-desert-glass,"Libyan/Egyptian Desert Glass Piece, 98 Grams",160.0,2024-05-22,98.0,1.63,WorthPoint
libyan-desert-glass,"Libyan/Egyptian Desert Glass Piece, 87 Grams",116.0,2024-05-22,87.0,1.33,WorthPoint
libyan-desert-glass,"Natural Libyan Desert Glass, Raw Golden LDG, Rare Crystal, Tektite, Stone Egypt",25.0,2024-05-20,,,WorthPoint
libyan-desert-glass,"Libyan Desert Glass 23.1g Natural Impact Glass, Great For Meteorite Collections",18.5,2024-05-16,23.1,0.8,WorthPoint
libyan-desert-glass,"Libyan Desert Glass 5-Piece Lot (From SW Egypt), 25 Grams Total (Set B)",28.0,2024-05-14,25.0,1.12,WorthPoint
libyan-desert-glass,"Libyan/Egyptian Desert Glass Piece, 60 Grams",70.0,2024-05-14,60.0,1.17,WorthPoint
libyan-desert-glass,"Libyan/Egyptian Desert Glass Piece, 103 Grams",180.0,2024-05-14,103.0,1.75,WorthPoint
libyan-desert-glass,"Libyan/Egyptian Desert Glass Piece, 17 Grams (A)",20.0,2024-05-14,17.0,1.18,WorthPoint
libyan-desert-glass,"Libyan Desert Glass 4-Piece Lot (From SW Egypt), 31 Grams Total",34.0,2024-05-14,31.0,1.1,WorthPoint
libyan-desert-glass,"Libyan Desert Glass 4-Piece Lot (From SW Egypt), 29 Grams Total (Set B)",32.0,2024-05-14,29.0,1.1,WorthPoint
libyan-desert-glass,"Libyan/Egyptian Desert Glass Piece, 23 Grams",30.0,2024-05-14,23.0,1.3,WorthPoint
libyan-desert-glass,"Nice Tektite, Libyan Desert Glass, Egypt, One Good Piece. 235 Grams",55.0,2024-05-12,235.0,0.23,WorthPoint
libyan-desert-glass,"Libyan/Egyptian Desert Glass Piece, 144 Grams (very Rare) (Pc B)",400.0,2024-05-12,144.0,2.78,WorthPoint
libyan-desert-glass,330.95ct Libyan Desert Glass Meteorite Impact,162.5,2024-05-11,66.19,2.46,WorthPoint
libyan-desert-glass,255.15ct Libyan Desert Glass Meteorite Impact,125.0,2024-05-11,51.03,2.45,WorthPoint
libyan-desert-glass,284.30ct Libyan Desert Glass Crystal Gem Mineral Egypt Golden Tektite A117,259.98,2024-05-09,56.86,4.57,WorthPoint
libyan-desert-glass,Libyan Desert Glass From Egypt 5.67 Grams,9.99,2024-05-08,5.67,1.76,WorthPoint
libyan-desert-glass,"Libyan/Egyptian Desert Glass Piece, 50 Grams",60.0,2024-05-07,50.0,1.2,WorthPoint
libyan-desert-glass,"Libyan/Egyptian Desert Glass Piece, 20 Grams",26.0,2024-05-07,20.0,1.3,WorthPoint
libyan-desert-glass,"Libyan/Egyptian Desert Glass Piece, 130 Grams",200.0,2024-05-06,130.0,1.54,WorthPoint
libyan-desert-glass,"Meteorite**Desert Libyan Glass, Impactite**90.90 Gram; Broken Piece",31.0,2024-05-06,90.9,0.34,WorthPoint
libyan-desert-glass,"Nice Tektite, Libyan Desert Glass, Egypt, One Good Piece. 198 Grams",47.0,2024-05-05,198.0,0.24,WorthPoint
libyan-desert-glass,Libyan Desert Glass From Egypt 3.11 Grams,6.99,2024-05-04,3.11,2.25,WorthPoint
libyan-desert-glass,Libyan Desert Glass From Egypt 1.58 Grams,5.99,2024-05-03,1.58,3.79,WorthPoint
libyan-desert-glass,Libyan Desert Glass 4 Piece Lot From Egypt 18.26 Grams,19.99,2024-05-03,18.26,1.09,WorthPoint
libyan-desert-glass,Libyan Desert Glass From Egypt 9 Grams,19.99,2024-05-02,9.0,2.22,WorthPoint
libyan-desert-glass,Libyan Desert Glass From Egypt 8.64 Grams,16.99,2024-05-02,8.64,1.97,WorthPoint
libyan-desert-glass,18 CTs Libyan Desert Glass Necklace,85.0,2024-05-02,3.6,23.61,WorthPoint
libyan-desert-glass,"Libyan Desert Glass 11.7g Natural Impact Glass, Great For Meteorite Collections",11.0,2024-05-02,11.7,0.94,WorthPoint
libyan-desert-glass,"Libyan/Egyptian Desert Glass Piece, 17 Grams (C)",22.0,2024-05-01,17.0,1.29,WorthPoint
libyan-desert-glass,Libyan Desert Glass From Egypt 14.89 Grams 4 Piece Lot,26.99,2024-04-30,14.89,1.81,WorthPoint
libyan-desert-glass,"Nice Tektite, Libyan Desert Glass, Egypt, One Good Piece. 164 Grams",51.0,2024-04-28,164.0,0.31,WorthPoint
libyan-desert-glass,"Libyan/Egyptian Desert Glass Piece, 67 Grams",74.0,2024-04-27,67.0,1.1,WorthPoint
libyan-desert-glass,"Libyan/Egyptian Desert Glass Piece, 82 Grams",96.0,2024-04-27,82.0,1.17,WorthPoint
libyan-desert-glass,"Libyan Desert Glass, Natural Tektite, 4.1 Grams",25.0,2024-04-26,4.1,6.1,WorthPoint
libyan-desert-glass,Libyan Desert Glass From Egypt 5.7 Grams,10.5,2024-04-25,5.7,1.84,WorthPoint
libyan-desert-glass,Libyan Desert Glass From Egypt 12.46 Grams,19.99,2024-04-25,12.46,1.6,WorthPoint
libyan-desert-glass,Libyan Desert Glass Polished And Drilled **Reserved**,40.0,2024-04-24,,,WorthPoint
libyan-desert-glass,"Libyan/Egyptian Desert Glass Piece, 30 Grams (Piece B)",32.0,2024-04-20,30.0,1.07,WorthPoint
libyan-desert-glass,"Libyan/Egyptian Desert Glass Piece, 28 Grams",32.0,2024-04-20,28.0,1.14,WorthPoint
libyan-desert-glass,"Libyan/Egyptian Desert Glass Piece, 25 Grams (Piece B)",28.0,2024-04-20,25.0,1.12,WorthPoint
libyan-desert-glass,Libyan Desert Glass 19.95g AAA Quality Impactite - Not A Meteorite,20.5,2024-04-20,19.95,1.03,WorthPoint
libyan-desert-glass,"Libyan/Egyptian Desert Glass Piece, 37 Grams",42.0,2024-04-11,37.0,1.14,WorthPoint
libyan-desert-glass,"Libyan/Egyptian Desert Glass Piece, 26 Grams",28.0,2024-04-11,26.0,1.08,WorthPoint
libyan-desert-glass,"Libyan/Egyptian Desert Glass Piece, 35 Grams (Piece B)",40.0,2024-04-11,35.0,1.14,WorthPoint
libyan-desert-glass,Gemstone: Libyan Desert Glass - 20.04 Cts.,101.0,2024-04-11,4.008,25.2,WorthPoint
libyan-desert-glass,11.00ct Libyan Desert Glass Crystal Gem Mineral Egypt Golden Tektite Silica D132,14.98,2024-04-11,2.2,6.81,WorthPoint
libyan-desert-glass,Libyan Desert Glass LDG Pendulum 2.8gr/14Ct Beautiful Faceted Stone,164.0,2024-04-09,2.8,58.57,WorthPoint
libyan-desert-glass,"Nice Tektite, Libyan Desert Glass, Egypt, Good Pieces. One With Hole! 162.2 Gr",37.0,2024-04-07,162.2,0.23,WorthPoint
libyan-desert-glass,Libyan Desert Glass Tektite (31.4 Grams),315.0,2024-04-05,31.4,10.03,WorthPoint
libyan-desert-glass,Semi Translucent! Libyan Desert Glass 100% Natural Egypt 4.61gr,14.99,2024-04-03,4.61,3.25,WorthPoint
libyan-desert-glass,Libyan Desert Glass Or Great Sand Sea Glass Impactite From Egypt 12.8gr,19.99,2024-04-03,12.8,1.56,WorthPoint
libyan-desert-glass,Semi Translucent! Libyan Desert Glass 100% Natural Egypt 5.51gr,17.99,2024-04-03,5.51,3.26,WorthPoint
libyan-desert-glass,Semi Translucent! Libyan Desert Glass 100% Natural Egypt 5.94gr,19.99,2024-04-03,5.94,3.37,WorthPoint
libyan-desert-glass,Rare 100% Natural DARK Yellow Libyan Desert Glass From Egypt 9.0gr,16.99,2024-04-03,9.0,1.89,WorthPoint
libyan-desert-glass,Semi Translucent! Libyan Desert Glass 100% Natural Egypt 4.75gr,16.99,2024-04-03,4.75,3.58,WorthPoint
libyan-desert-glass,NICE! And Rare 100% Natural DARK Yellow Libyan Desert Glass From Egypt 11.0gr,29.99,2024-04-03,11.0,2.73,WorthPoint
libyan-desert-glass,"Nice Tektite, Libyan Desert Glass, Egypt, Lot Of Three Good Pieces. 179 Grams",38.0,2024-03-31,179.0,0.21,WorthPoint
libyan-desert-glass,"15g (75 Ct) Libyan Desert Glass, Light Yellow Natural Impact Specimen, Egypt",32.99,2024-03-31,15.0,2.2,WorthPoint
libyan-desert-glass,"Libyan Desert Glass 3-Piece Lot (From SW Egypt), 31 Grams Total (C)",40.0,2024-03-29,31.0,1.29,WorthPoint
libyan-desert-glass,"Libyan/Egyptian Desert Glass Piece, 35 Grams (Piece A)",40.0,2024-03-29,35.0,1.14,WorthPoint
libyan-desert-glass,"Libyan/Egyptian Desert Glass Piece, 30 Grams (Piece A)",34.0,2024-03-29,30.0,1.13,WorthPoint
libyan-desert-glass,"Libyan/Egyptian Desert Glass Piece, 32 Grams",38.0,2024-03-29,32.0,1.19,WorthPoint
libyan-desert-glass,Libyan Desert Glass From Egypt 5.26 Grams,12.99,2024-03-28,5.26,2.47,WorthPoint
libyan-desert-glass,Libyan Desert Glass Pendant 100% Natural From Egypt 2.29,29.99,2024-03-26,,,WorthPoint
libyan-desert-glass,65.5 Carats = 13.1 Grams Libyan Desert Glass A+ Tektite Meteorite Impact W/COA,42.99,2024-03-26,13.1,3.28,WorthPoint
libyan-desert-glass,34.2 Carats 6.9 Grams Libyan Desert Glass Tektite Meteorite Impact Specimen,11.99,2024-03-25,6.9,1.74,WorthPoint
libyan-desert-glass,Libyan Desert Glass Meteorite Tektite Impact Specimen( 32 Ct) ]Thin Angel Chime,23.95,2024-03-25,6.4,3.74,WorthPoint
libyan-desert-glass,"Meteorite**Desert Libyan Glass, Impactite**95.80 Gram; Highest Quality Glass!!!",97.0,2024-03-25,95.8,1.01,WorthPoint
libyan-desert-glass,"Nice Tektite, Libyan Desert Glass, Egypt, Good Piece. 225 Grams",68.0,2024-03-24,225.0,0.3,WorthPoint
libyan-desert-glass,Libyan Desert Glass Meteorite Tektite Impact Specimen( 73 Crt) Natural Hole Flat,29.95,2024-03-24,,,WorthPoint
libyan-desert-glass,Very Translucent! Libyan Desert Glass 100% Natural Egypt 7.8gr,14.99,2024-03-24,7.8,1.92,WorthPoint
libyan-desert-glass,Libyan Desert Glass Sphere Carving Meteorite Impactite Tektite Pendant Egypt,359.95,2024-03-23,,,WorthPoint
libyan-desert-glass,Libyan Desert Glass Meteorite Tektite Impact Specimen( 38 Crt)Super Gem AAAA+,19.99,2024-03-19,,,WorthPoint
libyan-desert-glass,Semi Translucent! Libyan Desert Glass 100% Natural Egypt 3.68gr,13.99,2024-03-18,3.68,3.8,WorthPoint
libyan-desert-glass,Libyan Desert Glass Meteorite Tektite Impact Cintamani( 277 Crt)Super Dark Gem A,115.0,2024-03-18,,,WorthPoint
libyan-desert-glass,"Libyan Desert Glass 3-Piece Lot (From SW Egypt), 30 Grams Total (A)",38.0,2024-03-17,30.0,1.27,WorthPoint
libyan-desert-glass,Semi Translucent! Libyan Desert Glass 100% Natural Egypt 5.00gr,15.99,2024-03-16,5.0,3.2,WorthPoint
libyan-desert-glass,115 Carats 23 Grams Libyan Desert Glass Tektite Meteorite Impact Specimen,39.99,2024-03-16,23.0,1.74,WorthPoint
libyan-desert-glass,58.5 Carats 11.7 Grams Libyan Desert Glass Tektite Meteorite Impact Specimen,21.99,2024-03-13,11.7,1.88,WorthPoint
libyan-desert-glass,36 Carats 7.2 Grams Libyan Desert Glass Tektite Meteorite Impact Specimen,13.99,2024-03-13,7.2,1.94,WorthPoint
libyan-desert-glass,Libyan Desert Glass Meteorite Tektite Impact Specimen ( 1175 Crt)Dimples Top AAA,378.0,2024-03-12,,,WorthPoint
libyan-desert-glass,Libyan Desert Glass Meteorite Tektite Impact Specimen( 93 Crt) Natural Hole,37.95,2024-03-12,,,WorthPoint
libyan-desert-glass,"Nice Tektite, Libyan Desert Glass, Egypt, One Good Piece. 172.5 Gr",48.0,2024-03-10,172.5,0.28,WorthPoint
libyan-desert-glass,Libyan Desert Glass From Egypt 8.41 Grams,16.99,2024-03-09,8.41,2.02,WorthPoint
libyan-desert-glass,Libyan Desert Glass From Egypt 7.92 Grams,15.99,2024-03-09,7.92,2.02,WorthPoint
libyan-desert-glass,100% Natural Translucent Libyan Desert Glass From Egypt 15.5gr,18.99,2024-03-08,15.5,1.23,WorthPoint
libyan-desert-glass,"Nice Tektite, Libyan Desert Glass, Egypt, One Good Piece WITH A HOLE! 142.0 Gr",39.0,2024-03-03,142.0,0.27,WorthPoint
libyan-desert-glass,Libyan Desert Glass Meteorite Tektite Impact Cintamani( 180 Crt)Super Gem AAAA+,62.0,2024-03-03,,,WorthPoint
libyan-desert-glass,"Libyan Desert Glass 3-Piece Lot (From SW Egypt), 35 Grams Total (D)",42.0,2024-03-02,35.0,1.2,WorthPoint
libyan-desert-glass,"Libyan Desert Glass 2-Piece Lot (From SW Egypt), 30 Grams Total (B)",40.0,2024-03-02,30.0,1.33,WorthPoint
libyan-desert-glass,Very Translucent! Libyan Desert Glass 100% Natural Egypt 8.1gr,24.99,2024-03-01,8.1,3.09,WorthPoint
libyan-desert-glass,127.5 Carats = 25.5 Grams Libyan Desert Glass Meteorite Impact In Egypt With COA,29.99,2024-02-29,25.5,1.18,WorthPoint
libyan-desert-glass,Libyan Desert Glass Meteorite Tektite Impact Specimen( 57 Crt)Super Gem AAAA,20.69,2024-02-28,,,WorthPoint
libyan-desert-glass,"Nice Tektite, Libyan Desert Glass, Egypt, 143 Grams And Irgizites 25 Grams",149.99,2024-02-26,143.0,1.05,WorthPoint
libyan-desert-glass,Libyan Desert Glass From Egypt 7.77 Grams,16.99,2024-02-25,7.77,2.19,WorthPoint
libyan-desert-glass,Libyan Desert Glass Meteorite Tektite Specimen( 255 Ct)one Of Kind - Black Gem,122.55,2024-02-23,51.0,2.4,WorthPoint
libyan-desert-glass,Libyan Desert Glass Parcel,104.0,2024-02-22,,,WorthPoint
libyan-desert-glass,Libyan Desert Glass Meteorite Tektite Impact Specimen(45 Crt)Arrow Shape Gem A+,23.5,2024-02-21,,,WorthPoint
libyan-desert-glass,Nice! Translucent Libyan Desert Glass Light YELLOW! 100% Natural Egypt 18.0gr,29.99,2024-02-17,18.0,1.67,WorthPoint
libyan-desert-glass,Larger Rare 100% Natural DARK Yellow Libyan Desert Glass From Egypt 21.9gr,19.99,2024-02-17,21.9,0.91,WorthPoint
libyan-desert-glass,Libyan Desert Glass 100% Natural From Egypt 8.46gr,12.99,2024-02-17,8.46,1.54,WorthPoint
libyan-desert-glass,Semi Translucent! Libyan Desert Glass 100% Natural Egypt 14.3gr,24.99,2024-02-17,14.3,1.75,WorthPoint
libyan-desert-glass,Translucent Libyan Desert Glass Light YELLOW! 100% Natural Egypt 15.9gr,24.99,2024-02-17,15.9,1.57,WorthPoint
libyan-desert-glass,Semi Translucent! Libyan Desert Glass 100% Natural Egypt 4.92gr,16.99,2024-02-17,4.92,3.45,WorthPoint
libyan-desert-glass,Ancient Translucent ARTIFACT Of LIBYAN Desert GLASS From Egypt 7.7gr,14.99,2024-02-16,7.7,1.95,WorthPoint
libyan-desert-glass,55.3 Gr (276 Ct) LIBYAN DESERT GLASS Meteorite Tektite Great Color & Shape,150.0,2024-02-14,55.3,2.71,WorthPoint
libyan-desert-glass,Libyan Desert Glass Wholesale Lot From Egypt 14.5 Grams,26.99,2024-02-13,14.5,1.86,WorthPoint
libyan-desert-glass,Libyan Desert Glass Meteorite Tektite Impact Specimen(58 Crt)Cristobalite Gem A+,20.81,2024-02-13,,,WorthPoint
libyan-desert-glass,Libyan Desert Glass Meteorite Tektite Impact Specimen( 102 Crt)Cristobalite Gem,37.99,2024-02-12,,,WorthPoint
libyan-desert-glass,"Libyan Desert Glass Impactite, Tektite 2 Grams- J8",12.0,2024-02-11,2.0,6.0,WorthPoint
libyan-desert-glass,Libyan Desert Glass From Egypt 11.08 Grams,22.99,2024-02-09,11.08,2.07,WorthPoint
libyan-desert-glass,"Libyan Desert Glass 2 Piece Lot (From SW Egypt), 28 Grams Total",40.0,2024-02-09,28.0,1.43,WorthPoint
libyan-desert-glass,Libyan Desert Glass Meteorite Tektite Impact Specimen( 750 Crt)Dimples Yellow A+,284.05,2024-02-09,,,WorthPoint
libyan-desert-glass,Libyan Desert Glass From Egypt 8.59 Grams,19.99,2024-02-05,8.59,2.33,WorthPoint
libyan-desert-glass,Libyan Desert Glass ~ Meteorite Impact ~ 163.5 Grams ~ REMARKABLE FEATURES!,475.0,2024-02-01,163.5,2.91,WorthPoint
libyan-desert-glass,Libyan Desert Glass Meteorite Tektite Impact Specimen( 790 Crt)Soft Super GemAA+,318.25,2024-02-01,,,WorthPoint
libyan-desert-glass,"1.1"" Rare LIBYAN DESERT GLASS G1 Crystal Stone Reiki Charged Egypt 8.9g",39.99,2024-01-30,8.9,4.49,WorthPoint
libyan-desert-glass,"Nice Tektite, Libyan Desert Glass, Egypt, One Good Piece. 94.4 Grams",49.0,2024-01-28,94.4,0.52,WorthPoint
libyan-desert-glass,Libyan Desert Glass Or Great Sand Sea Glass 100% Natural Egypt 16.9gr,22.99,2024-01-28,16.9,1.36,WorthPoint
libyan-desert-glass,Libyan Desert Glass From Egypt 7.02 Grams,14.99,2024-01-25,7.02,2.14,WorthPoint
libyan-desert-glass,Larger! Translucent Libyan Desert Glass Light YELLOW! 100% Natural Egypt 17.7gr,24.99,2024-01-25,17.7,1.41,WorthPoint
libyan-desert-glass,Libyan Desert Glass 2 Piece Lot From Egypt 4.69 Grams,9.99,2024-01-25,4.69,2.13,WorthPoint
libyan-desert-glass,36.5carats = 7.2 Grams Libyan Desert Glass A+ Tektite Meteorite Impact W/COA,26.99,2024-01-22,7.2,3.75,WorthPoint
libyan-desert-glass,"Nice Tektite, Libyan Desert Glass, Egypt, Two Good Pieces. 185 Grams",52.51,2024-01-21,185.0,0.28,WorthPoint
libyan-desert-glass,"Nice Tektite, Libyan Desert Glass, Egypt, Lot Of Twelve Small Pieces. 145 Grams",92.0,2024-01-21,145.0,0.63,WorthPoint
libyan-desert-glass,Libyan Desert Glass - Rare And Beautiful Impact Glass: 13.5g,40.0,2024-01-19,13.5,2.96,WorthPoint
libyan-desert-glass,"Nice Tektite, Libyan Desert Glass, Egypt, Lot Of Eleven Small Pieces. 143 Grams",30.0,2024-01-14,143.0,0.21,WorthPoint
libyan-desert-glass,11g Libyan Desert Glass Pendant (Large),21.5,2024-01-14,11.0,1.95,WorthPoint
libyan-desert-glass,Libyan Desert Glass Meteorite Tektite Impact Specimen(57 Crt)Natural Hole Gem A+,23.5,2024-01-13,,,WorthPoint
libyan-desert-glass,About 6x3mm $5 Each Bead Of Libyan Desert Glass From Meteorite Impact With COA,5.0,2024-01-13,,,WorthPoint
libyan-desert-glass,Libyan Desert Glass From Egypt 12.8 Grams,26.0,2024-01-13,12.8,2.03,WorthPoint
libyan-desert-glass,12.1 Carats Libyan Desert Glass Cristobalite Pendant In Solid .925 Silver + COA,34.99,2024-01-11,2.42,14.46,WorthPoint
libyan-desert-glass,112 Carats = 22.4 Grams Libyan Desert Glass Meteorite Impact In Egypt With COA,31.99,2024-01-11,22.4,1.43,WorthPoint
libyan-desert-glass,Genuine Moldavite And Libyan Desert Glass Beaded Bracelet,375.0,2024-01-11,,,WorthPoint
libyan-desert-glass,Huge Chips 13 Carats = 2.60 Gram Libyan Desert Glass Tektite Meteorite Impact,6.5,2024-01-10,2.6,2.5,WorthPoint
libyan-desert-glass,Libyan Desert Glass From Egypt 7.1 Grams,13.49,2024-01-09,7.1,1.9,WorthPoint
libyan-desert-glass,Libyan Desert Glass From Egypt 22.1 Grams,40.49,2024-01-09,22.1,1.83,WorthPoint
libyan-desert-glass,Libyan Desert Glass From Egypt 23.57 Grams,31.49,2024-01-09,23.57,1.34,WorthPoint
libyan-desert-glass,Libyan Desert Glass From Egypt 9.36 Grams,13.49,2024-01-09,9.36,1.44,WorthPoint
libyan-desert-glass,Libyan Desert Glass From Egypt 9.06 Grams,17.99,2024-01-09,9.06,1.99,WorthPoint
libyan-desert-glass,3.5 Carats Faceted Libyan Desert Glass RingÔøº,140.0,2024-01-09,0.7,200.0,WorthPoint
libyan-desert-glass,Libyan Desert Glass From Egypt 15 Grams,29.99,2024-01-08,15.0,2.0,WorthPoint
libyan-desert-glass,Libyan Desert Glass 4 Piece Lot From Egypt 10.1 Grams,17.99,2024-01-08,10.1,1.78,WorthPoint
libyan-desert-glass,Libyan Desert Glass Wholesale Lot From Egypt 21.5 Grams,35.99,2024-01-08,21.5,1.67,WorthPoint
libyan-desert-glass,Libyan Desert Glass Pendant 100% Natural From Egypt 4.24,39.99,2024-01-06,,,WorthPoint
libyan-desert-glass,Libyan Desert Glass From Egypt 15.5 Grams,26.99,2024-01-05,15.5,1.74,WorthPoint
libyan-desert-glass,Libyan Desert Glass Light YELLOW! 100% Natural Egypt 13.3gr,22.99,2024-01-05,13.3,1.73,WorthPoint
libyan-desert-glass,Libyan Desert Glass Meteorite Tektite Impact Specimen( 1730 Crt) Egg Shape #1,625.0,2024-01-05,,,WorthPoint
libyan-desert-glass,Libyan Desert Glass Meteorite Tektite Impact Specimen (985 Crt) One Of Its Kind,420.0,2024-01-04,,,WorthPoint
libyan-desert-glass,Libyan Desert Glass ~ Meteorite Impact Glass ~ 81 Grams ~ SUPER GEM Quality,350.0,2024-01-03,81.0,4.32,WorthPoint
libyan-desert-glass,Libyan Desert Glass Meteorite Tektite Pendant .925 Silver 1.74 Grams,18.95,2024-01-03,1.74,10.89,WorthPoint
libyan-desert-glass,Libyan Desert Glass Meteorite Tektite Impact Specimen( 6810 Crt)Dimples Huge Gem,3450.0,2024-01-02,,,WorthPoint
libyan-desert-glass,Libyan Desert Glass Meteorite Tektite Impact Specimen(270 Crt)yellow Top GemAAAA,115.0,2024-01-02,,,WorthPoint
libyan-desert-glass,Libyan Desert Glass Meteorite Tektite Impact Specimen(800 Crt) Dimples Gem AAAA,395.0,2023-12-31,,,WorthPoint
libyan-desert-glass,Libyan Desert Glass Meteorite Tektite Impact Specimen( 28 Crt)Cristobalite Incl,17.99,2023-12-30,,,WorthPoint
libyan-desert-glass,71.4 Cts Nice Men's Libyan Desert Glass Pendant .925 Sterling Silver With A COA,129.0,2023-12-29,14.28,9.03,WorthPoint
libyan-desert-glass,25.8 Gr (129 Ct) LIBYAN DESERT GLASS Meteorite Tektite Great Color & Shape,49.5,2023-12-29,25.8,1.92,WorthPoint
libyan-desert-glass,Libyan Desert Glass From Egypt 14.9 Grams,29.99,2023-12-29,14.9,2.01,WorthPoint
libyan-desert-glass,Libyan Desert Glass Meteorite Tektite Impact Specimen(1025 Crt)Dimples Yello Gem,355.0,2023-12-29,,,WorthPoint
libyan-desert-glass,"Nice Tektite, Libyan Desert Glass, Egypt, Three Good Pieces. 149 Grams",27.0,2023-12-24,149.0,0.18,WorthPoint
libyan-desert-glass,Libyan Desert Glass From Egypt 3.3 Grams,8.99,2023-12-24,3.3,2.72,WorthPoint
libyan-desert-glass,Libyan Desert Glass Meteorite Tektite Pendant .925 Silver 3 Grams,29.95,2023-12-24,3.0,9.98,WorthPoint
libyan-desert-glass,Libyan Desert Glass From Egypt 7.64 Grams,15.29,2023-12-24,7.64,2.0,WorthPoint
libyan-desert-glass,14.1 Cts / 2.82 Gram Libyan Desert Glass Pendant .925 Silver /cm Ruler 2nd Photo,38.0,2023-12-24,2.82,13.48,WorthPoint
libyan-desert-glass,203.20ct Libyan Desert Glass Crystal Gem Mineral Egypt Golden Tektite A115,93.49,2023-12-23,40.64,2.3,WorthPoint
libyan-desert-glass,Larger! Semi Translucent Libyan Desert Glass 100% Natural Egypt 15.6gr,24.99,2023-12-23,15.6,1.6,WorthPoint
libyan-desert-glass,TRANSLUCENT! Libyan Desert Glass 100% Natural From Egypt 11.0gr,17.99,2023-12-22,11.0,1.64,WorthPoint
libyan-desert-glass,Larger Nice! And 100% Natural Libyan Desert Glass From Egypt 20.4gr,34.99,2023-12-22,20.4,1.72,WorthPoint
libyan-desert-glass,Libyan Desert Glass Meteorite Tektite Impact Cintamani(430 Crt)Dimple Yellow Gem,155.0,2023-12-20,,,WorthPoint
libyan-desert-glass,Libyan Desert Glass Meteorite Tektite Impact Specimen(140 Crt)Eye Drop Gem A+,57.0,2023-12-20,,,WorthPoint
libyan-desert-glass,Libyan Desert Glass From Egypt 20.1 Grams,35.99,2023-12-18,20.1,1.79,WorthPoint
libyan-desert-glass,"Libyan Desert Glass, 7g, Sculpted Piece From Meteorite Event Nice Surface",5.6,2023-12-18,7.0,0.8,WorthPoint
libyan-desert-glass,119 Carats 23.8 Grams Libyan Desert Glass Tektite Meteorite Impact Specimen COA,79.99,2023-12-16,23.8,3.36,WorthPoint
libyan-desert-glass,Libyan Desert Glass Meteorite Tektite Impact Cintamani (130 Crt) Natural Hole,49.95,2023-12-16,,,WorthPoint
libyan-desert-glass,"TRANSLUCENT Libyan Desert Glass Impactite Tektite From Meteorite Fall, 6 Pieces",33.0,2023-12-15,,,WorthPoint
libyan-desert-glass,Larger! Libyan Desert Glass 100% Natural From Egypt 10.8gr,39.99,2023-12-15,10.8,3.7,WorthPoint
libyan-desert-glass,Libyan Desert Glass 9.07 Grams,21.0,2023-12-13,9.07,2.32,WorthPoint
libyan-desert-glass,Libyan Desert Glass Meteorite Tektite Impact Specimen( 1170 Crt)for Curving AAAA,425.0,2023-12-13,,,WorthPoint
libyan-desert-glass,Libyan Desert Glass From Egypt 19.4 Grams,40.49,2023-12-13,19.4,2.09,WorthPoint
libyan-desert-glass,Libyan Desert Glass From Egypt 9.5 Grams,17.99,2023-12-13,9.5,1.89,WorthPoint
libyan-desert-glass,Semi Translucent! Libyan Desert Glass 100% Natural Egypt 9.0gr,17.99,2023-12-13,9.0,2.0,WorthPoint
libyan-desert-glass,Libyan Desert Glass Wholesale Lot From Egypt 16.68 Grams,39.99,2023-12-11,16.68,2.4,WorthPoint
libyan-desert-glass,Libyan Desert Glass Meteorite Tektite Impact Dimples(175 Crt)dimples Yellow Gem,59.95,2023-12-10,,,WorthPoint
libyan-desert-glass,Libyan Desert Glass Meteorite Tektite Impact Specimen( 1380 Crt) Cristobalite,590.0,2023-12-10,,,WorthPoint
libyan-desert-glass,Libyan Desert Glass Meteorite Tektite Impact Specimen (483 Crt) Yellow GEM,347.77,2023-12-10,,,WorthPoint
libyan-desert-glass,Libyan Desert Glass Meteorite Tektite Impact Specimen( 307 Crt)Dimples Gem AAAA,109.0,2023-12-09,,,WorthPoint
libyan-desert-glass,Libyan Desert Glass From Egypt 5.25 Grams,11.69,2023-12-09,5.25,2.23,WorthPoint
libyan-desert-glass,Very Translucent! Libyan Desert Glass 100% Natural Egypt 8.3gr,19.99,2023-12-08,8.3,2.41,WorthPoint
libyan-desert-glass,Semi Translucent! Libyan Desert Glass 100% Natural Egypt 7.6gr,14.99,2023-12-08,7.6,1.97,WorthPoint
libyan-desert-glass,Libyan Desert Glass Meteorite Tektite Impact Specimen( 23 Crt) Natural Hole,22.0,2023-12-08,,,WorthPoint
libyan-desert-glass,Libyan Desert Glass Meteorite Tektite Impact Specimen( 1720 Crt) Black Gem,750.0,2023-12-07,,,WorthPoint
libyan-desert-glass,Libyan Desert Glass Meteorite Tektite Impact Specimen( 766 Crt) Yellow Gem AAAAA,390.0,2023-12-07,,,WorthPoint
libyan-desert-glass,Libyan Desert Glass Meteorite Tektite Impact Specimen( 1620 Crt)Cristobalite Gem,750.0,2023-12-07,,,WorthPoint
libyan-desert-glass,Libyan Desert Glass Meteorite Tektite Impact Specimen ( 135 Crt)Super Yellow Gem,54.99,2023-12-07,,,WorthPoint
libyan-desert-glass,Cristobalite INCLUSIONS! Translucent Libyan Desert Glass Egypt 12.0gr,24.99,2023-12-07,12.0,2.08,WorthPoint
libyan-desert-glass,Genuine Faceted Libyan Desert Glass Reversible Pendant,150.0,2023-12-07,,,WorthPoint
libyan-desert-glass,Libyan Desert Glass Meteorite Tektite Impact Specimen( 27crt)Angel Chime Gem A+,22.0,2023-12-04,,,WorthPoint
libyan-desert-glass,"Nice Tektite, Libyan Desert Glass, Egypt, One Good Piece. 145 Grams",31.0,2023-12-03,145.0,0.21,WorthPoint
libyan-desert-glass,"Nice Tektite, Libyan Desert Glass, Egypt, Lot Of Seven Small Pieces. 134 Grams",20.5,2023-12-03,134.0,0.15,WorthPoint
libyan-desert-glass,Libyan Desert Glass Meteorite Tektite Impact Specimen(77 Crt)Dimples Dark Gem A+,32.0,2023-12-03,,,WorthPoint
libyan-desert-glass,Libyan Desert Glass Meteorite Tektite Impact Specimen ( 140 Crt)Dimples Yellow,49.99,2023-12-03,,,WorthPoint
libyan-desert-glass,31.1 Carats = 6.2 Grams Libyan Desert Glass Tektite From Meteorite Impact W/ COA,22.99,2023-12-01,6.2,3.71,WorthPoint
libyan-desert-glass,Libyan Desert Glass Meteorite Tektite Impact Specimen( 1210 Crt)Super Green AAAA,550.0,2023-11-29,,,WorthPoint
libyan-desert-glass,Libyan Desert Glass 12.75 Grams,21.0,2023-11-28,12.75,1.65,WorthPoint
libyan-desert-glass,"Nice Tektite, Libyan Desert Glass, Egypt, One Good Piece. 139 Grams",31.69,2023-11-26,139.0,0.23,WorthPoint
libyan-desert-glass,Libyan Desert Glass Meteorite Tektite Impact Specimen( 1635 Crt)Super Gem AAAAA,750.0,2023-11-26,,,WorthPoint
libyan-desert-glass,Libyan Desert Glass Meteorite Tektite Impact Specimen(55 Crt) Cristobalites Gems,23.95,2023-11-26,,,WorthPoint
libyan-desert-glass,46 Carats = 9.2 Grams Libyan Desert Glass A+ Tektite Meteorite Impact W/COA,24.99,2023-11-26,9.2,2.72,WorthPoint
libyan-desert-glass,Libyan Desert Glass Great Sand Sea Egypt/Libya 14.4 Grams,36.0,2023-11-23,14.4,2.5,WorthPoint
libyan-desert-glass,Libyan Desert Glass - 8.1 G,25.0,2023-11-23,8.1,3.09,WorthPoint
libyan-desert-glass,Libyan Desert Glass Pendant 100% Natural From Egypt 4.84,29.99,2023-11-22,,,WorthPoint
libyan-desert-glass,32.60ct Libyan Desert Glass Crystal Gem Mineral Egypt Golden Tektite Silica D26,19.24,2023-11-22,6.52,2.95,WorthPoint
libyan-desert-glass,Libyan Desert Glass Meteorite Tektite Impact Specimen( 90crt)Angel Chime Gem A+,35.5,2023-11-22,,,WorthPoint
libyan-desert-glass,Libyan Desert Glass 21.65 Carats,18.5,2023-11-21,4.33,4.27,WorthPoint
libyan-desert-glass,Libyan Desert Glass Meteorite Tektite Impact Specimen ( 100 Crt)Super Yellow Gem,43.0,2023-11-20,,,WorthPoint
libyan-desert-glass,Libyan Desert Glass Meteorite Tektite Impact Specimen( 26 Crt) Natural Hole,19.99,2023-11-20,,,WorthPoint
libyan-desert-glass,Libyan Desert Glass Meteorite Tektite Impact Cintamani( 240 Crt)Super Gem AAAA+,95.0,2023-11-19,,,WorthPoint
libyan-desert-glass,Beautiful Libyan Desert Glass Scarab Beetle & NWA 869 Meteorite Pendant Ôøº,177.77,2023-11-17,,,WorthPoint
libyan-desert-glass,Libyan Desert Glass Meteorite Tektite Impact Specimen ( 133 Crt)Natural Tunnel,55.0,2023-11-16,,,WorthPoint
libyan-desert-glass,Libyan Desert Glass Meteorite Tektite Impact Specimen(333 Crt) Super GemAAA A+,129.0,2023-11-16,,,WorthPoint
libyan-desert-glass,AAA Grade Libyan Desert Glass Pendant With Sterling Silver Bail Necklace 6.7g,75.0,2023-11-14,6.7,11.19,WorthPoint
libyan-desert-glass,"Nice Tektite, Libyan Desert Glass, Egypt, Lot Of 8 Small Pieces. 155 Grams",35.0,2023-11-12,155.0,0.23,WorthPoint
libyan-desert-glass,143 Carats 7x4mm Beads Libyan Desert Glass Necklace - Meteorite Impact With COA,369.99,2023-11-12,28.6,12.94,WorthPoint
libyan-desert-glass,Libyan Desert Glass Meteorite Tektite Impact Specimen( 89 Crt)Dimples GEM AAAA,33.0,2023-11-10,,,WorthPoint
libyan-desert-glass,Libyan Desert Glass Meteorite Tektite Impact Cintamani(225 Crt)Dimple Yellow Gem,109.0,2023-11-10,,,WorthPoint
libyan-desert-glass,Libyan Desert Glass 30.20 Carats,21.0,2023-11-08,6.04,3.48,WorthPoint
libyan-desert-glass,Libyan Desert Glass Wholesale Lot From Egypt 31.3 Grams,59.99,2023-11-08,31.3,1.92,WorthPoint
libyan-desert-glass,Libyan Desert Glass Meteorite Tektite Impact Cintamani (140 Crt) Natural Hole,49.95,2023-11-08,,,WorthPoint
libyan-desert-glass,Libyan Desert Glass Meteorite Tektite Impact Specimen(90 Crt) Cristobalites Gem,37.0,2023-11-08,,,WorthPoint
libyan-desert-glass,Impactite: 292.3 Gram Piece Of Libyan Desert Glass Created From Meteorite Fall.,329.0,2023-11-07,292.3,1.13,WorthPoint
libyan-desert-glass,Larger Translucent Libyan Desert Glass 100% Natural From Egypt 21.9gr,22.99,2023-11-07,21.9,1.05,WorthPoint
libyan-desert-glass,"Nice Tektite, Libyan Desert Glass, Egypt, Lot Of Two Good Pieces. 190 Grams",26.0,2023-11-05,190.0,0.14,WorthPoint
libyan-desert-glass,Libyan Desert Glass Meteorite Tektite Impact Specimen( 83 Crt)Cristobalite Inclu,29.99,2023-11-04,,,WorthPoint
libyan-desert-glass,Libyan Desert Glass Meteorite Tektite Impact Specimen( 63 Crt) Super Gem AAAA+,23.5,2023-11-04,,,WorthPoint
libyan-desert-glass,31.5 Carats = 6.3 Grams Libyan Desert Glass Tektite From Meteorite Impact + COA,16.99,2023-11-02,6.3,2.7,WorthPoint
libyan-desert-glass,12.02 Carats Libyan Desert Glass Faceted Pendant In Solid .925 Silver With A COA,32.99,2023-10-31,2.404,13.72,WorthPoint
libyan-desert-glass,Libyan Desert Glass Meteorite Tektite Impact Specimen(392 Crt)Dimples -Super GEM,144.0,2023-10-31,,,WorthPoint
libyan-desert-glass,Libyan Desert Glass Meteorite Tektite Impact Specimen(1250 Crt) Orange Very Rare,415.0,2023-10-29,,,WorthPoint
libyan-desert-glass,Libyan Desert Glass 20.09g Translucent Impactite - Not A Meteorite,52.0,2023-10-28,20.09,2.59,WorthPoint
libyan-desert-glass,Larger! Translucent Libyan Desert Glass 100% Natural Egypt 25.5gr,39.99,2023-10-28,25.5,1.57,WorthPoint
libyan-desert-glass,Libyan Desert Glass Meteorite Tektite Impact Specimen(1815 Crt)cristobalite Rare,525.0,2023-10-27,,,WorthPoint
libyan-desert-glass,"Libyan Desert Glass, 4.17g, Sculpted Piece From Meteorite Impact Nice Surface",15.5,2023-10-25,4.17,3.72,WorthPoint
libyan-desert-glass,Libyan Desert Glass From Egypt 7.69 Grams,16.99,2023-10-24,7.69,2.21,WorthPoint
libyan-desert-glass,Libyan Desert Glass From Egypt 6.04 Grams,14.99,2023-10-24,6.04,2.48,WorthPoint
libyan-desert-glass,Libyan Desert Glass From Egypt 8.35 Grams,19.99,2023-10-24,8.35,2.39,WorthPoint
libyan-desert-glass,Libyan Desert Glass From Egypt 5.35 Grams,12.99,2023-10-24,5.35,2.43,WorthPoint
libyan-desert-glass,Libyan Desert Glass From Egypt 7 Grams,9.99,2023-10-24,7.0,1.43,WorthPoint
libyan-desert-glass,Libyan Desert Glass Meteorite Tektite Impact Specimen( 530 Crt) Very Dark Gem,165.0,2023-10-22,,,WorthPoint
libyan-desert-glass,Libyan Desert Glass Meteorite Tektite Impact Specimen(360 Crt)Real Gem Top AAAAA,159.0,2023-10-20,,,WorthPoint
libyan-desert-glass,Libyan Desert Glass Meteorite Tektite Impact Specimen(770 Crt) Flat -Angel Chime,235.0,2023-10-20,,,WorthPoint
libyan-desert-glass,Libyan Desert Glass Meteorite Tektite Impact Specimen(410 Crt) Flat -Angel Chime,135.0,2023-10-19,,,WorthPoint
libyan-desert-glass,Libyan Desert Glass Meteorite Tektite Impact Specimen(125 Crt)Dark Blue Line Gem,39.5,2023-10-19,,,WorthPoint
libyan-desert-glass,Libyan Desert Glass Tektite Pendant 32.2 Grams,39.99,2023-10-18,32.2,1.24,WorthPoint
libyan-desert-glass,Libyan Desert Glass Meteorite Tektite Impact Specimen(22 Crt)Natural Hole-Tunnel,17.5,2023-10-16,,,WorthPoint
libyan-desert-glass,Libyan Desert Glass Meteorite Tektite Impact Specimen( 888 Crt) Super Gem AAAAA,378.0,2023-10-16,,,WorthPoint
libyan-desert-glass,Libyan Desert Glass Meteorite Tektite Impact Specimen(200 Crt)Real Gem Top AAAAA,69.99,2023-10-16,,,WorthPoint
libyan-desert-glass,GEM Translucent Natural Libyan Desert Glass Tektite Impactite 22.77g,39.99,2023-10-14,22.77,1.76,WorthPoint
libyan-desert-glass,Libyan Desert Glass Meteorite Tektite Impact Specimen(40crt)Dimples Yellow Gem A,16.99,2023-10-14,,,WorthPoint
libyan-desert-glass,Libyan Desert Glass Meteorite Tektite Impact Specimen( 1375 Crt)N-Hole Very Rare,499.0,2023-10-08,,,WorthPoint
libyan-desert-glass,37.5 Carats = 7.5 Grams Libyan Desert Glass Tektite From Meteorite Impact W/ COA,27.99,2023-10-05,7.5,3.73,WorthPoint
libyan-desert-glass,"Libyan Desert Glass, 3.69g, Sculpted Piece From Meteorite Impact Nice Surface",12.55,2023-10-04,3.69,3.4,WorthPoint
libyan-desert-glass,Libyan Desert Glass Meteorite Tektite Impact Specimen(160crt)CRISTOBALITE INCLU,53.95,2023-10-03,,,WorthPoint
libyan-desert-glass,Libyan Desert Glass Meteorite Tektite Impact Specimen(180crt)Dimple Perfect GEM,62.99,2023-10-03,,,WorthPoint
libyan-desert-glass,Libyan Desert Glass Meteorite Tektite Impact Specimen( 334 Crt) Super Gem AAAAA,179.1,2023-10-03,,,WorthPoint
libyan-desert-glass,Libyan Desert Glass Meteorite Tektite Impact Specimen(425 Crt)dimples Gem AAAAA,144.0,2023-10-03,,,WorthPoint
libyan-desert-glass,Libyan Desert Glass Meteorite Tektite Impact Specimen(45crt)Dimples Yellow Gem A,18.5,2023-10-03,,,WorthPoint
libyan-desert-glass,Libyan Desert Glass Meteorite Tektite Impact Specimen(25crt)Dimples YellowGem A+,13.5,2023-10-01,,,WorthPoint
libyan-desert-glass,Libyan Desert Glass Pendant! From Egypt 6.60,24.99,2023-10-01,,,WorthPoint
libyan-desert-glass,Libyan Desert Glass From Egypt 7.35 Grams,14.99,2023-09-29,7.35,2.04,WorthPoint
libyan-desert-glass,"Libyan Desert Glass, Libya- Mineral Specimen For Sale",12.0,2023-09-29,,,WorthPoint
libyan-desert-glass,Translucent Ancient Neolithic ARTIFACT Of LIBYAN Desert GLASS From Egypt 1.66gr,14.99,2023-09-28,1.66,9.03,WorthPoint
libyan-desert-glass,Libyan Desert Glass Meteorite Tektite Impact Specimen(11150 Crt) Very Big 2.2 Kg,3060.0,2023-09-28,2200.0,1.39,WorthPoint
libyan-desert-glass,Libyan Desert Glass Wholesale Lot From Egypt 29.5 Grams,59.99,2023-09-26,29.5,2.03,WorthPoint
libyan-desert-glass,Libyan Desert Glass Wholesale Lot From Egypt 26.8 Grams,49.99,2023-09-26,26.8,1.87,WorthPoint
libyan-desert-glass,Larger Translucent Libyan Desert Glass 100% Natural Egypt 18.3gr,29.99,2023-09-26,18.3,1.64,WorthPoint
libyan-desert-glass,Libyan Desert Glass From Egypt 24.36 Grams 3 Piece Lot,39.99,2023-09-26,24.36,1.64,WorthPoint
libyan-desert-glass,13.5 Cts / 2.7 Grams Libyan Desert Glass Pendant .925 Silver Cm Ruler 2nd Photo,31.99,2023-09-25,2.7,11.85,WorthPoint
libyan-desert-glass,Translucent 100% Natural Libyan Desert Glass Pendant! Egypt 5.50,19.99,2023-09-25,,,WorthPoint
libyan-desert-glass,Long! Translucent 100% Natural Libyan Desert Glass Pendant! Egypt 5.42,39.99,2023-09-25,,,WorthPoint
libyan-desert-glass,Big! Libyan Desert Glass Pendant From Egypt 1.67,29.99,2023-09-25,,,WorthPoint
libyan-desert-glass,Libyan Desert Glass From Egypt 7.13 Grams,14.99,2023-09-25,7.13,2.1,WorthPoint
libyan-desert-glass,"Nice Tektite, Libyan Desert Glass, Egypt, Lot Of Four Good Pieces. 197 Grams",6.5,2023-09-24,197.0,0.03,WorthPoint
libyan-desert-glass,GEMMY! Translucent Libyan Desert Glass 100% Natural Egypt 19.9gr,39.99,2023-09-23,19.9,2.01,WorthPoint
libyan-desert-glass,Raw Larger Libyan Desert Glass Meteorite Tektite Pendant .925 Silver,48.0,2023-09-22,,,WorthPoint
libyan-desert-glass,"Libyan Desert Glass, 8.1g, Sculpted Piece From Meteorite Impact Nice Surface",8.5,2023-09-18,8.1,1.05,WorthPoint
libyan-desert-glass,62 Carats = 12.4 Grams Libyan Desert Glass A++ Tektite Meteorite Impact W/ COA,39.0,2023-09-16,12.4,3.15,WorthPoint
libyan-desert-glass,79.5 Carats = 15.9 Grams Libyan Desert Glass A+ Tektite Meteorite Impact W/COA,54.99,2023-09-16,15.9,3.46,WorthPoint
libyan-desert-glass,Libyan Desert Glass Meteorite Tektite Impact Specimen( 37 Crt)Super Gem AAAAA,19.8,2023-09-15,,,WorthPoint
libyan-desert-glass,Libyan Desert Glass Meteorite Tektite Impact Specimen(475 Crt)Dual- Yellow Gem A,225.0,2023-09-15,,,WorthPoint
libyan-desert-glass,GEMMY! Translucent Libyan Desert Glass 100% Natural Egypt 17.0gr,33.99,2023-09-14,17.0,2.0,WorthPoint
libyan-desert-glass,Libyan Desert Glass Meteorite Tektite Impact Cintamani (125 Crt) Natural Hole,35.99,2023-09-14,,,WorthPoint
libyan-desert-glass,Libyan Desert Glass From Egypt 3.27 Grams,7.99,2023-09-14,3.27,2.44,WorthPoint
libyan-desert-glass,"Dolphin Libyan Desert Glass Gemstone Carving - 15.5 Carats, 33.3mm",260.0,2023-09-13,3.1,83.87,WorthPoint
libyan-desert-glass,"Libyan Desert Glass, Libyan Desert Glass Area, New Valley Governor Ate, Egypt",35.0,2023-09-11,,,WorthPoint
libyan-desert-glass,Libyan Desert Glass Unique Texture. Large! Authentic. Undamaged (130 Carats),54.0,2023-09-10,26.0,2.08,WorthPoint
libyan-desert-glass,Libyan Desert Glass Meteorite Tektite Impact Specimen( 930 Crt)Dimples Gem AAAAA,324.0,2023-09-08,,,WorthPoint
libyan-desert-glass,Libyan Desert Glass Meteorite Tektite Impact Cintamani ( 97 Crt) Natural Hole,33.3,2023-09-07,,,WorthPoint
libyan-desert-glass,Libyan Desert Glass Meteorite Tektite Impact Specimen( 382 Crt )Natural -Hole,130.5,2023-09-06,,,WorthPoint
libyan-desert-glass,"Nice Tektite, Libyan Desert Glass, Egypt, One Good Piece. 156 Grams",7.19,2023-09-03,156.0,0.05,WorthPoint
libyan-desert-glass,"Nice Tektite, Libyan Desert Glass, Egypt, Lot Of Six Small Pieces. 137 Grams",11.5,2023-09-03,137.0,0.08,WorthPoint
libyan-desert-glass,Libyan Desert Glass Meteorite Tektite Impact Specimen( 720 Crt)Best Quality -Top,269.1,2023-09-02,,,WorthPoint
libyan-desert-glass,Libyan Desert Glass Meteorite Tektite Impact Cintamani ( 80 Crt) Natural Hole,26.95,2023-09-01,,,WorthPoint
libyan-desert-glass,Libyan Desert Glass Meteorite Tektite Impact Dimples (475 Crt)Cristobalite Gem,179.1,2023-08-31,,,WorthPoint
libyan-desert-glass,30 Carats = 6.1 Grams Libyan Desert Glass Tektite From Meteorite Impact + COA,19.99,2023-08-29,6.1,3.28,WorthPoint
libyan-desert-glass,"Nice Tektite, Libyan Desert Glass, Egypt, Lot Of Fifteen Small Pieces. 136 Grams",26.0,2023-08-27,136.0,0.19,WorthPoint
libyan-desert-glass,Libyan Desert Glass Meteorite Tektite Impact Specimen( 935 Crt)dimples Red Gem,315.0,2023-08-27,,,WorthPoint
libyan-desert-glass,Libyan Desert Glass From Egypt 7.04 Grams,14.99,2023-08-27,7.04,2.13,WorthPoint
libyan-desert-glass,Libyan Desert Glass Meteorite Tektite Impact Specimen(366 Crt)Dimples Yellow Gem,112.5,2023-08-26,,,WorthPoint
libyan-desert-glass,Libyan Desert Glass LDG Pendulum 3.35gr/16.75Ct Beautiful Faceted Stone,178.2,2023-08-25,3.35,53.19,WorthPoint
libyan-desert-glass,Libyan Desert Glass Meteorite Tektite Impact Specimen(870 Crt)Dimples Top GEM A5,382.5,2023-08-25,,,WorthPoint
libyan-desert-glass,Libyan Desert Glass LDG Pendulum 2.9gr/14.5Ct Beautiful Faceted Stone,116.4,2023-08-21,2.9,40.14,WorthPoint
libyan-desert-glass,"Nice Tektite, Libyan Desert Glass, Egypt, Lot Of 3 Good Pieces. 159 Grams",26.0,2023-08-20,3.0,8.67,WorthPoint
libyan-desert-glass,Libyan Desert Glass Meteorite Tektite Impact Specimen(29 Crt)Dark Blue Lines Gem,17.95,2023-08-18,,,WorthPoint
libyan-desert-glass,Libyan Desert Glass LDG Pendulum 3.05gr/15.25Ct 11 Sided Faceted Stone,120.15,2023-08-16,3.05,39.39,WorthPoint
libyan-desert-glass,11.2g Gem Libyan Desert Glass,36.15,2023-08-16,11.2,3.23,WorthPoint
libyan-desert-glass,Libyan Desert Glass Meteorite Tektite Impact Specimen( 117crt)Dark Lines Inside,39.99,2023-08-13,,,WorthPoint
libyan-desert-glass,"Nice Tektite, Libyan Desert Glass, Egypt, Lot Of 4 Good Pieces. 197 Grams",60.0,2023-08-13,4.0,15.0,WorthPoint
libyan-desert-glass,"Nice Tektite, Libyan Desert Glass, Egypt, Lot Of Ten Small Pieces. 154 Grams",32.0,2023-08-13,154.0,0.21,WorthPoint
libyan-desert-glass,Libyan Desert Glass Meteorite Tektite Impact Specimen(715 Crt)cristobalite Rare,260.0,2023-08-13,,,WorthPoint
libyan-desert-glass,Libyan Desert Glass Wholesale Lot From Egypt 13.9 Grams,29.99,2023-08-13,13.9,2.16,WorthPoint
libyan-desert-glass,Libyan Desert Glass Meteorite Tektite Impact Specimen(325 Crt)Flat Supe Gem AAAA,170.0,2023-08-12,,,WorthPoint
libyan-desert-glass,89.8 Gr (449 Ct) LIBYAN DESERT GLASS Meteorite Tektite Great Color & Shape,275.0,2023-08-12,89.8,3.06,WorthPoint
libyan-desert-glass,35.7 Carats Libyan Desert Glass Cristobalite Pendant In Solid .925 Silver + COA,59.99,2023-08-10,7.14,8.4,WorthPoint
libyan-desert-glass,Libyan Desert Glass Meteorite Tektite Impact Specimen( 15 Crt)Super Gem AAAAA,13.95,2023-08-10,,,WorthPoint
libyan-desert-glass,"Meteorite Collection - Stony, Iron, Libyan Desert Glass",115.0,2023-08-09,,,WorthPoint
libyan-desert-glass,Libyan Desert Glass Meteorite Tektite Impact Specimen(190 Crt)pre Historic Tool,65.0,2023-08-09,,,WorthPoint
libyan-desert-glass,Libyan Desert Glass Meteorite Tektite Impact Specimen( 785 Crt)Super Soft A+ #10,215.0,2023-08-09,,,WorthPoint
libyan-desert-glass,Libyan Desert Glass Pendant 100% Natural From Egypt 3.89,19.99,2023-08-08,,,WorthPoint
libyan-desert-glass,Libyan Desert Glass Meteorite Tektite Impact Specimen ( 188 Crt) Very Dark Gem,69.0,2023-08-03,,,WorthPoint
libyan-desert-glass,SUPER Translucent 100% Natural Libyan Desert Glass From Egypt 3.6gr,15.99,2023-08-03,3.6,4.44,WorthPoint
libyan-desert-glass,Libyan Desert Glass Meteorite Tektite Impact Specimen(109 Crt)Dimples Yellow Gem,39.95,2023-08-02,,,WorthPoint
libyan-desert-glass,19.3 Carats Libyan Desert Glass Cristobalite Pendant In Solid .925 Silver + COA,42.99,2023-08-02,3.86,11.14,WorthPoint
libyan-desert-glass,78.5 Carats = 15.7 Grams Libyan Desert Glass A+ Tektite Meteorite Impact + COA,37.99,2023-08-01,15.7,2.42,WorthPoint
libyan-desert-glass,128 Carats 7x3.5mm Beads Libyan Desert Glass Necklace Meteorite Impact With COA,309.99,2023-07-30,25.6,12.11,WorthPoint
libyan-desert-glass,Libyan Desert Glass 100% Natural From Egypt 3.79gr,13.99,2023-07-29,3.79,3.69,WorthPoint
libyan-desert-glass,Libyan Desert Glass From Egypt 5.47 Grams,11.5,2023-07-28,5.47,2.1,WorthPoint
libyan-desert-glass,Libyan Desert Glass Meteorite Tektite Pendant .925 Silver 29 Cts / 5.84 Grams,52.0,2023-07-27,5.84,8.9,WorthPoint
libyan-desert-glass,Libyan Desert Glass From Egypt 6.68 Grams,14.99,2023-07-26,6.68,2.24,WorthPoint
libyan-desert-glass,Libyan Desert Glass Meteorite Tektite Impact Specimen(1000 Crt)Medium Gem Lot#17,290.0,2023-07-21,,,WorthPoint
libyan-desert-glass,Libyan Desert Glass From Egypt 7.6 Grams,14.99,2023-07-20,7.6,1.97,WorthPoint
libyan-desert-glass,Libyan Desert Glass Meteorite Tektite Impact Specimen( 1405 Crt)N- Hole- Super A,590.0,2023-07-20,,,WorthPoint
libyan-desert-glass,Libyan Desert Glass Necklace,19.99,2023-07-20,,,WorthPoint
libyan-desert-glass,Libyan Desert Glass Meteorite Tektite Impact Specimen ( 55 Crt) Very Dark Gem,23.0,2023-07-20,,,WorthPoint
libyan-desert-glass,152 Carats 8x5 Down To 7x4mm Beads Libyan Desert Glass Necklace Meteorite Impact,359.99,2023-07-19,30.4,11.84,WorthPoint
libyan-desert-glass,Long! 100% Natural Libyan Desert Glass Pendant! Egypt 7.62,29.99,2023-07-18,,,WorthPoint
libyan-desert-glass,Libyan Desert Glass Meteorite Tektite Impact Specimen( 358 Crt)Dimples Gem AAAAA,149.0,2023-07-18,,,WorthPoint
libyan-desert-glass,Libyan Desert Glass RARE Pyramid Shaped!! (Stand Alone Display) 85cts,36.0,2023-07-17,17.0,2.12,WorthPoint
libyan-desert-glass,Libyan Desert Glass Meteorite Tektite Impact Specimen( 2125 Crt)Very Big Gem AAA,750.0,2023-07-17,,,WorthPoint
libyan-desert-glass,Libyan Desert Glass Meteorite Tektite Impact Specimen ( 270 Crt) Green Gem AAAAA,116.1,2023-07-16,,,WorthPoint
libyan-desert-glass,Libyan Desert Glass Meteorite Tektite Impact Specimen( 535 Crt)Quality Top AAAAA,210.0,2023-07-15,,,WorthPoint
libyan-desert-glass,22 Carats = 4.4 Grams Libyan Desert Glass Tektite From Meteorite Impact + COA,15.99,2023-07-10,4.4,3.63,WorthPoint
libyan-desert-glass,129 Carats = 25.8 Grams Chipped Libyan Desert Glass Meteorite Impact With COA,29.99,2023-07-10,25.8,1.16,WorthPoint
libyan-desert-glass,"Meteorite**Desert Libyan Glass**272.40 Gram, Beautiful Fragment, Impactite!!!",102.5,2023-07-10,272.4,0.38,WorthPoint
libyan-desert-glass,16.8 Carats Libyan Desert Glass Cristobalite Pendant In Solid .925 Silver + COA,36.99,2023-07-09,3.36,11.01,WorthPoint
libyan-desert-glass,Libyan Desert Glass Meteorite Tektite Impact Specimen(480 Crt)Big Natural Hole,199.0,2023-07-08,,,WorthPoint
libyan-desert-glass,Lot Of FOUR! 100% Natural Libyan Desert Glass Pieces! Egypt 25.1gr,20.99,2023-07-08,25.1,0.84,WorthPoint
libyan-desert-glass,Libyan Desert Glass Meteorite Tektite Impact Specimen( 120crt) Super Soft Gem A+,49.95,2023-07-07,,,WorthPoint
libyan-desert-glass,Libyan Desert Glass Pendant! From Egypt 8.80,24.99,2023-07-07,,,WorthPoint
libyan-desert-glass,BIG Lot Of FIVE 100% Natural Libyan Desert Glass Pieces! Egypt 73.3gr,79.99,2023-07-07,73.3,1.09,WorthPoint
libyan-desert-glass,"Libyan Desert Glass, 3.56g, Sculpted Piece From A Meteorite Event Nice Surface",5.5,2023-07-07,3.56,1.54,WorthPoint
libyan-desert-glass,"Nice Tektite, Libyan Desert Glass, Egypt, Lot Of 2 Good Pieces. 146 Grams",32.0,2023-07-02,2.0,16.0,WorthPoint
libyan-desert-glass,136 Carats 8x5 Down To 6x3mm Beads Libyan Desert Glass Necklace Meteorite Impact,369.99,2023-07-02,27.2,13.6,WorthPoint
libyan-desert-glass,48 Carats = 9.6 Grams Libyan Desert Glass Meteorite Impact In Egypt With A COA,18.99,2023-06-30,9.6,1.98,WorthPoint
libyan-desert-glass,31 Carats / 6.2 Grams Cristobalites Libyan Desert Glass Tektite Meteorite +COA,16.99,2023-06-30,6.2,2.74,WorthPoint
libyan-desert-glass,Libyan Desert Glass Meteorite Tektite Impact Specimen(600 Crt)Super Yellow AAAAA,368.0,2023-06-29,,,WorthPoint
libyan-desert-glass,Libyan Desert Glass Meteorite Tektite Impact Cintamani ( 45 Crt) Natural Hole,28.0,2023-06-28,,,WorthPoint
libyan-desert-glass,Libyan Desert Glass Meteorite Tektite Impact Specimen( 119 Crt) Super Gem AAAAA,59.0,2023-06-28,,,WorthPoint
libyan-desert-glass,Libyan Desert Glass Meteorite Tektite Pendant .925 Silver 13.4 Cts / 2.69 Grams,29.95,2023-06-28,2.69,11.13,WorthPoint
libyan-desert-glass,159 Carats = 31.8 Grams Libyan Desert Glass Meteorite Impact In Egypt With A COA,42.99,2023-06-27,31.8,1.35,WorthPoint
libyan-desert-glass,Libyan Desert Glass Meteorite Tektite Impact Specimen( 333 Crt)Super Gem AAAAA,180.0,2023-06-27,,,WorthPoint
libyan-desert-glass,Libyan Desert Glass Meteorite Tektite Impact Specimen(107 Crt)Angel Chime Super,55.0,2023-06-26,,,WorthPoint
libyan-desert-glass,Libyan Desert Glass 4.61g Translucent Impactite - Not A Meteorite,16.0,2023-06-25,4.61,3.47,WorthPoint
libyan-desert-glass,119 Carats 6x4mm Beads Libyan Desert Glass Necklace - Meteorite Impact With COA,279.99,2023-06-25,23.8,11.76,WorthPoint
libyan-desert-glass,Libyan Desert Glass Meteorite Tektite Impact Specimen( 76 Crt)Very Dark Green A,39.99,2023-06-24,,,WorthPoint
libyan-desert-glass,Big! Libyan Desert Glass Light YELLOW! And 100% Natural Egypt 32.1gr,49.99,2023-06-22,32.1,1.56,WorthPoint
libyan-desert-glass,Libyan Desert Glass Meteorite Tektite Impact Specimen(115 Crt)Video Super Gem A+,69.99,2023-06-21,,,WorthPoint
libyan-desert-glass,85 Carats Libyan Desert Glass Meteorite Tektite Dimples Beautiful Energy,18.5,2023-06-18,17.0,1.09,WorthPoint
libyan-desert-glass,Libyan Desert Glass 15.30g Translucent Impactite - Not A Meteorite,8.5,2023-06-17,15.3,0.56,WorthPoint
libyan-desert-glass,Libyan Desert Glass Wholesale Lot From Egypt 51 Grams,89.99,2023-06-15,51.0,1.76,WorthPoint
libyan-desert-glass,Moldavite 4.1g Libyan Desert Glass Tektite Gem Stone Meteorite Synergy Crystal,31.0,2023-06-13,4.1,7.56,WorthPoint
libyan-desert-glass,Libyan Desert Glass Meteorite Tektite Impact Specimen(650 Crt) Soft Gems Top #10,325.0,2023-06-12,,,WorthPoint
libyan-desert-glass,"Meteorite**Desert Libyan Glass**72.00 Gram, Beautiful Fragment, Impactite!!!",71.0,2023-06-12,72.0,0.99,WorthPoint
libyan-desert-glass,Libyan Desert Glass Meteorite Tektite Impact Cintamani ( 66 Crt) Natural Hole,39.99,2023-06-12,,,WorthPoint
libyan-desert-glass,100% Natural Semi Translucent Libyan Desert Glass From Egypt 7.1gr,15.99,2023-06-12,7.1,2.25,WorthPoint
libyan-desert-glass,"Nice Tektite, Libyan Desert Glass, Egypt, Lot Of Nine Small Pieces. 157 Grams",8.5,2023-06-11,157.0,0.05,WorthPoint
libyan-desert-glass,Libyan Desert Glass 100% Natural From Egypt 13.1gr,19.99,2023-06-11,13.1,1.53,WorthPoint
libyan-desert-glass,Libyan Desert Glass From Egypt 4.56 Grams,9.99,2023-06-11,4.56,2.19,WorthPoint
libyan-desert-glass,32 Carats = 6.4 Grams Libyan Desert Glass Tektite From Meteorite Impact + COA,20.99,2023-06-11,6.4,3.28,WorthPoint
libyan-desert-glass,Larger Libyan Desert Glass Light YELLOW! 100% Natural Egypt 22.2gr,29.99,2023-06-08,22.2,1.35,WorthPoint
libyan-desert-glass,BIG Lot Of EIGHT 100% Natural Libyan Desert Glass Pieces! Egypt 95.3gr,79.99,2023-06-07,95.3,0.84,WorthPoint
libyan-desert-glass,Libyan Desert Glass Meteorite Tektite Impact Specimen( 182 Crt) Super Gem AAAAA,139.0,2023-06-06,,,WorthPoint
libyan-desert-glass,"Highest Quality Libyan Desert Glass Tektite. Colorful, Translucent 20 Gm.",195.0,2023-06-06,20.0,9.75,WorthPoint
libyan-desert-glass,"Libyan Desert Glass, 4.2g, Sculpted Piece From A Meteorite Event Great Shape",15.5,2023-06-06,4.2,3.69,WorthPoint
libyan-desert-glass,101 Carats 6x3mm Beads Libyan Desert Glass Necklace From Meteorite Impact + COA,269.99,2023-06-05,20.2,13.37,WorthPoint
libyan-desert-glass,Libyan Desert Glass From Egypt 10 Grams,19.99,2023-06-04,10.0,2.0,WorthPoint
libyan-desert-glass,"Nice Tektite, Libyan Desert Glass, Egypt, Good Piece. 163.9 Grams",43.0,2023-06-04,163.9,0.26,WorthPoint
libyan-desert-glass,Libyan Desert Glass From Egypt 4.24 Grams,9.99,2023-06-04,4.24,2.36,WorthPoint
libyan-desert-glass,Libyan Desert Glass From Egypt 6 Grams,12.99,2023-06-04,6.0,2.17,WorthPoint
libyan-desert-glass,Libyan Desert Glass From Egypt 6.8 Grams,14.99,2023-06-03,6.8,2.2,WorthPoint
libyan-desert-glass,18.1 Carats Libyan Desert Glass Cristobalite Pendant In Solid .925 Silver + COA,39.99,2023-06-03,3.62,11.05,WorthPoint
libyan-desert-glass,14.9 Carats Libyan Desert Glass Cristobalite Pendant In Solid .925 Silver + COA,34.99,2023-06-02,2.98,11.74,WorthPoint
libyan-desert-glass,15.8 Carats Libyan Desert Glass Cristobalite Pendant In Solid .925 Silver + COA,36.99,2023-06-01,3.16,11.71,WorthPoint
libyan-desert-glass,Larger Translucent 100% Natural Libyan Desert Glass From Egypt 13.3gr,22.99,2023-05-30,13.3,1.73,WorthPoint
libyan-desert-glass,"Libyan Desert Glass,Sahara Golden Tektite 100% Natural 45x38mm 4grams FR13",32.99,2023-05-30,4.0,8.25,WorthPoint
libyan-desert-glass,"9.3 Grams, 46.5 Cts Libyan Desert Glass Tektite Meteorite Impact Specimen",35.0,2023-05-29,9.3,3.76,WorthPoint
libyan-desert-glass,22.80ct Libyan Desert Glass Crystal Gem Mineral Egypt Golden Tektite Silica D147,24.98,2023-05-29,4.56,5.48,WorthPoint
libyan-desert-glass,Libyan Desert Glass From Egypt 7.32 Grams,14.99,2023-05-29,7.32,2.05,WorthPoint
libyan-desert-glass,"Libyan Desert Glass, 13.5g, Sculpted Piece From A Meteorite Event Nice Surface",7.5,2023-05-29,13.5,0.56,WorthPoint
libyan-desert-glass,96.5 Carats = 19.3 Grams Libyan Desert Glass A+ Tektite Meteorite Impact W/COA,47.99,2023-05-28,19.3,2.49,WorthPoint
libyan-desert-glass,46.4 Gr (232 Ct) LIBYAN DESERT GLASS Meteorite Tektite Great Color & Shape,90.35,2023-05-28,46.4,1.95,WorthPoint
libyan-desert-glass,27.1 Carats Libyan Desert Glass Cristobalite Pendant In Solid .925 Silver + COA,48.99,2023-05-28,5.42,9.04,WorthPoint
libyan-desert-glass,13.3 Carats Libyan Desert Glass Cristobalite Pendant In Solid .925 Silver + COA,38.99,2023-05-28,2.66,14.66,WorthPoint
libyan-desert-glass,Larger Translucent Libyan Desert Glass 100% Natural Egypt 23.4gr,24.99,2023-05-27,23.4,1.07,WorthPoint
libyan-desert-glass,127 Carats 8x4 Down To 6x3mm Beads Libyan Desert Glass Necklace Meteorite Impact,329.99,2023-05-24,25.4,12.99,WorthPoint
libyan-desert-glass,88.7 Carats 5x3mm Beads Libyan Desert Glass Necklace From Meteorite Impact + COA,259.99,2023-05-24,17.74,14.66,WorthPoint
libyan-desert-glass,Libyan Desert Glass Pendant! From Egypt 7.70,19.99,2023-05-24,,,WorthPoint
libyan-desert-glass,"Libyan Desert Glass, 5.4g, Sculpted Piece From A Meteorite Event Nice Surface",24.25,2023-05-23,5.4,4.49,WorthPoint
libyan-desert-glass,128 Carats = 25.6 Grams Libyan Desert Glass A+ Tektite Meteorite Impact W/COA,81.99,2023-05-22,25.6,3.2,WorthPoint
libyan-desert-glass,Libyan Desert Glass Tektite!,113.62,2023-05-21,,,WorthPoint
libyan-desert-glass,55 Carats 4x2mm Smooth Beads Libyan Desert Glass Necklace Meteorite Impact W/COA,239.99,2023-05-21,11.0,21.82,WorthPoint
libyan-desert-glass,154 Carats 8x5 Down To 7x4mm Beads Libyan Desert Glass Necklace Meteorite Impact,369.99,2023-05-21,30.8,12.01,WorthPoint
libyan-desert-glass,"Meteorite**Desert Libyan Glass**215.00 Gram Massive Individual, Impactite!!!",125.5,2023-05-21,215.0,0.58,WorthPoint
libyan-desert-glass,Libyan Desert Glass 5.68g Translucent Impactite - Not A Meteorite,5.5,2023-05-20,5.68,0.97,WorthPoint
libyan-desert-glass,Libyan Desert Glass Meteorite Tektite Impact Specimen(300 Crt) Dimples Gem AAAAA,170.0,2023-05-19,,,WorthPoint
libyan-desert-glass,BIG Lot Of ELEVEN 100% Natural Libyan Desert Glass Pieces! Egypt 151gr,89.99,2023-05-18,151.0,0.6,WorthPoint
libyan-desert-glass,93.7 Gr (468 Ct) LIBYAN DESERT GLASS Meteorite Tektite Great Color & Shape,185.25,2023-05-15,93.7,1.98,WorthPoint
libyan-desert-glass,"Nice Tektite, Libyan Desert Glass, Egypt, Lot Of Eight Small Pieces. 149 Grams",31.0,2023-05-14,149.0,0.21,WorthPoint
libyan-desert-glass,18.8 Carats Libyan Desert Glass Cristobalite Pendant In Solid .925 Silver + COA,44.99,2023-05-14,3.76,11.97,WorthPoint
libyan-desert-glass,Cristobalite INCLUSIONS! Big 100% Natural Libyan Desert Glass Egypt 25.7gr,27.99,2023-05-13,25.7,1.09,WorthPoint
libyan-desert-glass,"Libyan Desert Glass, 8.27g, Sculpted Piece From A Meteorite Event Nice Surface",10.5,2023-05-13,8.27,1.27,WorthPoint
libyan-desert-glass,Libyan Desert Glass Meteorite Tektite Impact Dimples (900 Crt)Very Rare Gem,555.0,2023-05-12,,,WorthPoint
libyan-desert-glass,Libyan Desert Glass Meteorite Tektite Impact Specimen( 13 Crt)Super Gem AAAAA,9.25,2023-05-12,,,WorthPoint
libyan-desert-glass,Libyan Desert Glass From Egypt 6.18 Grams,14.99,2023-05-08,6.18,2.43,WorthPoint
libyan-desert-glass,Libyan Desert Glass From Egypt 6.15 Grams,12.99,2023-05-06,6.15,2.11,WorthPoint
libyan-desert-glass,57.5 Carats = 11.5 Grams With A Chip Libyan Desert Glass Meteorite Impact + COA,19.99,2023-05-06,11.5,1.74,WorthPoint
libyan-desert-glass,8 Grams ‚Ä¢ Brilliant Libyan Desert Glass Genuine Tektite LDG Specimen,25.0,2023-05-05,8.0,3.12,WorthPoint
libyan-desert-glass,30.5 Carats Libyan Desert Glass Cristobalite Pendant In Solid .925 Silver + COA,53.99,2023-05-05,6.1,8.85,WorthPoint
libyan-desert-glass,Translucent! Libyan Desert Glass 100% Natural From Egypt 3.95gr,16.99,2023-05-05,3.95,4.3,WorthPoint
libyan-desert-glass,Semi Translucent Libyan Desert Glass 100% Natural From Egypt 2.96gr,13.99,2023-05-05,2.96,4.73,WorthPoint
libyan-desert-glass,19.33 Carats Libyan Desert Glass Cristobalite Pendant In Solid .925 Silver + COA,45.99,2023-05-04,3.866,11.9,WorthPoint
libyan-desert-glass,17.1 Carats Libyan Desert Glass Cristobalite Pendant Solid .925 Silver With COA,39.99,2023-05-04,3.42,11.69,WorthPoint
muonionalusta-meteorite,22.55Ct Muonionalusta Meteorite Pendant Catarinite Meteorite Pendant Necklace,8.51,2026-01-23,4.51,1.89,WorthPoint
muonionalusta-meteorite,44.1Ct Muonionalusta Meteorite Pendant Catarinite Meteorite Pendant Necklace,16.0,2026-01-23,8.82,1.81,WorthPoint
muonionalusta-meteorite,76.1 G Swedish Muonionalusta Iron Meteorite,118.0,2026-01-23,76.1,1.55,WorthPoint
muonionalusta-meteorite,"Muonionalusta Meteorite Square, Etched&polished, Swedish M Iron Meteorite 13G",10.5,2026-01-23,13.0,0.81,WorthPoint
muonionalusta-meteorite,16Ct Muonionalusta Meteorite Pendant Catarinite Meteorite Pendant Necklace,9.87,2026-01-22,3.2,3.08,WorthPoint
muonionalusta-meteorite,51.6Ct Muonionalusta Meteorite Pendant Catarinite Meteorite Pendant Necklace,9.19,2026-01-22,10.32,0.89,WorthPoint
muonionalusta-meteorite,18.9Ct Muonionalusta Meteorite Pendant Catarinite Meteorite Pendant Necklace,8.51,2026-01-22,3.78,2.25,WorthPoint
muonionalusta-meteorite,20PCS Muonionalusta Iron Meteorite Pendant Diameter 22mm All In Photo LZ045,37.0,2026-01-22,,,WorthPoint
muonionalusta-meteorite,Large Muonionalusta Meteorite Slice Slab Etched 100 Gms Sweden Stand Rings,236.55,2026-01-21,100.0,2.37,WorthPoint
muonionalusta-meteorite,Large Muonionalusta Meteorite Slice Etched 141 Gms Sweden Stand Rings,331.55,2026-01-21,141.0,2.35,WorthPoint
muonionalusta-meteorite,790g Muonionalusta Iron Meteorite Slice Ironwork Forging Materials,276.0,2026-01-19,790.0,0.35,WorthPoint
muonionalusta-meteorite,770g Muonionalusta Iron Meteorite Slice Ironwork Forging Materials,269.0,2026-01-19,770.0,0.35,WorthPoint
muonionalusta-meteorite,980g Muonionalusta Iron Meteorite Slice Ironwork Forging Materials,398.0,2026-01-19,980.0,0.41,WorthPoint
muonionalusta-meteorite,"21G Muonionalusta Meteorite Square, Etched&polished, Swedish M Iron Meteorite",12.5,2026-01-19,21.0,0.6,WorthPoint
muonionalusta-meteorite,Large Muonionalusta Meteorite Triple Cut Etched 191 Gms Sweden Stand Rings,474.05,2026-01-18,191.0,2.48,WorthPoint
muonionalusta-meteorite,30PCS Muonionalusta Iron Meteorite Pendant All In Photo LZ054,22.5,2026-01-18,,,WorthPoint
muonionalusta-meteorite,50PCS Muonionalusta Iron Meteorite Pendant All In Photo LZ056,20.5,2026-01-17,,,WorthPoint
muonionalusta-meteorite,"35G Muonionalusta Meteorite Square, Etched&polished, Swedish M Iron Meteorite",15.5,2026-01-17,35.0,0.44,WorthPoint
muonionalusta-meteorite,"13G Muonionalusta Meteorite Square, Etched&polished, Swedish M Iron Meteorite",10.39,2026-01-17,13.0,0.8,WorthPoint
muonionalusta-meteorite,"29G Muonionalusta Meteorite Square, Etched&polished, Swedish M Iron Meteorite",16.5,2026-01-17,29.0,0.57,WorthPoint
muonionalusta-meteorite,"22G Muonionalusta Meteorite Square, Etched&polished, Swedish M Iron Meteorite",15.5,2026-01-17,22.0,0.7,WorthPoint
muonionalusta-meteorite,"40G Muonionalusta Meteorite Square, Etched&polished, Swedish M Iron Meteorite",18.5,2026-01-17,40.0,0.46,WorthPoint
muonionalusta-meteorite,"17G Muonionalusta Meteorite Square, Etched&polished, Swedish M Iron Meteorite",10.5,2026-01-17,17.0,0.62,WorthPoint
muonionalusta-meteorite,"20G Muonionalusta Meteorite Square, Etched&polished, Swedish M Iron Meteorite",16.01,2026-01-17,20.0,0.8,WorthPoint
muonionalusta-meteorite,"205G Muonionalusta Meteorite Square, Etched&polished, Swedish M Iron Meteorite",51.0,2026-01-17,205.0,0.25,WorthPoint
muonionalusta-meteorite,25PCS Muonionalusta Iron Meteorite Round Dia 15mm Pendant All In Photo LZ119,29.0,2026-01-17,,,WorthPoint
muonionalusta-meteorite,40PCS Muonionalusta Iron Meteorite Pendant All In Photo LZ026,70.0,2026-01-17,,,WorthPoint
muonionalusta-meteorite,98.3g Muonionalusta Iron Meteorite Material Slice Cuboid Cut--form Sweden,41.0,2026-01-16,98.3,0.42,WorthPoint
muonionalusta-meteorite,Large 2206 Gm Muonionalusta Iron Meteorite Aaa Grade 5 Lbs Jal Sweden,2969.1,2026-01-16,2206.0,1.35,WorthPoint
muonionalusta-meteorite,"1160 Gm Muonionalusta Meteorite Sweden, 2.55 Lb Iron Nickel BEAUTIFUL JAL",275.0,2026-01-14,1160.0,0.24,WorthPoint
muonionalusta-meteorite,"14G Muonionalusta Meteorite Square, Etched&polished, Swedish M Iron Meteorite",23.5,2026-01-14,14.0,1.68,WorthPoint
muonionalusta-meteorite,"18G Muonionalusta Meteorite Square, Etched&polished, Swedish M Iron Meteorite",13.5,2026-01-12,18.0,0.75,WorthPoint
muonionalusta-meteorite,"16G Muonionalusta Meteorite Square, Etched&polished, Swedish M Iron Meteorite",20.5,2026-01-12,16.0,1.28,WorthPoint
muonionalusta-meteorite,"15G Muonionalusta Meteorite Square, Etched&polished, Swedish M Iron Meteorite",16.5,2026-01-12,15.0,1.1,WorthPoint
muonionalusta-meteorite,Muonionalusta Meteorite Silver Proof Coin Cook Islands 2011,175.0,2026-01-11,,,WorthPoint
muonionalusta-meteorite,"452g MUONIONALUSTA III IRON METEORITE SLICE , SWEDEN",497.0,2026-01-11,452.0,1.1,WorthPoint
muonionalusta-meteorite,20PCS Muonionalusta Iron Meteorite Pendant All In Photo LZ055,14.5,2026-01-09,,,WorthPoint
muonionalusta-meteorite,"Muonionalusta Meteorite Pendant Amulet‚ÄìWidmanst√§tten Pattern, 33√ó22√ó2.5mm. 14.1g",50.0,2026-01-09,14.1,3.55,WorthPoint
muonionalusta-meteorite,Muonionalusta Etched Meteorite Full Slice Weight 235.7 Grams 6 Inches,530.0,2026-01-09,235.7,2.25,WorthPoint
muonionalusta-meteorite,107.5gm Muonionalusta Iron Meteorite Specimen All In Photo LZ012,14.5,2026-01-09,107.5,0.13,WorthPoint
muonionalusta-meteorite,24.5g Swedish Muonionalusta Iron Meteorite,43.0,2026-01-06,24.5,1.76,WorthPoint
muonionalusta-meteorite,30PCS Muonionalusta Iron Meteorite Diameter 15mm All In Photo LZ112,20.5,2026-01-06,,,WorthPoint
muonionalusta-meteorite,Muonionalusta Iron Meteorite Specimen 105gm All In Photo LZ011,22.5,2026-01-06,105.0,0.21,WorthPoint
muonionalusta-meteorite,13 Muonionalusta Slices And End Pieces Etched Total Weight 1468 Gms,3145.0,2026-01-05,1468.0,2.14,WorthPoint
muonionalusta-meteorite,47gm Muonionalusta Iron Meteorite Slab End Cut SIZE:39*35*8mm LZ096,19.1,2026-01-05,47.0,0.41,WorthPoint
muonionalusta-meteorite,Muonionalusta Iron Meteorite 42.5gm Slab LZ003 SIZE:78*30*2.6mm,44.0,2026-01-05,42.5,1.04,WorthPoint
muonionalusta-meteorite,Muonionalusta Etched Meteorite Full Slice Weight 77 Grams 3.75 Inches,173.0,2026-01-04,77.0,2.25,WorthPoint
muonionalusta-meteorite,"124g Natural Muonionalusta,meteorite Piece ,Ring Material,collection,gift B4233",151.2,2026-01-04,124.0,1.22,WorthPoint
muonionalusta-meteorite,30.9gm NO CRACK Muonionalusta Iron Meteorite Slab LZ088 SIZE:64*40*2.3mm,26.0,2026-01-04,30.9,0.84,WorthPoint
muonionalusta-meteorite,Muonionalusta Meteorite Altay Natural Iron Meteorite Rectangular Slice GIFT 63g,29.0,2026-01-03,63.0,0.46,WorthPoint
muonionalusta-meteorite,53.9g Swedish Muonionalusta Iron Meteorite,90.0,2026-01-02,53.9,1.67,WorthPoint
muonionalusta-meteorite,30PCS Muonionalusta Iron Meteorite Round Pendant All In Photo LZ113,66.0,2026-01-02,,,WorthPoint
muonionalusta-meteorite,51PCS Muonionalusta Iron Meteorite Pendant All In Photo LZ052,36.0,2026-01-02,,,WorthPoint
muonionalusta-meteorite,129.2gm All In Photo Muonionalusta Iron Meteorite Specimen LZ010,129.0,2026-01-01,129.2,1.0,WorthPoint
muonionalusta-meteorite,83.8gm All In Photo Muonionalusta Iron Meteorite Specimen LZ013,59.0,2026-01-01,83.8,0.7,WorthPoint
muonionalusta-meteorite,64.9g Muonionalusta Iron Meteorite Specimen After Mixed Melting XW0392,33.0,2025-12-31,64.9,0.51,WorthPoint
muonionalusta-meteorite,"72G Muonionalusta Meteorite Square, Etched&polished, Swedish M Iron Meteorite",35.72,2025-12-31,72.0,0.5,WorthPoint
muonionalusta-meteorite,"39G Muonionalusta Meteorite Square, Etched&polished, Swedish M Iron Meteorite",40.99,2025-12-30,39.0,1.05,WorthPoint
muonionalusta-meteorite,"36G Muonionalusta Meteorite Square, Etched&polished, Swedish M Iron Meteorite",33.33,2025-12-29,36.0,0.93,WorthPoint
muonionalusta-meteorite,"16.7G Muonionalusta Meteorite Square, Etched&polished, Swedish M Iron Meteorite",16.66,2025-12-29,16.7,1.0,WorthPoint
muonionalusta-meteorite,"15.5G Muonionalusta Meteorite Square, Etched&polished, Swedish M Iron Meteorite",12.72,2025-12-29,15.5,0.82,WorthPoint
muonionalusta-meteorite,2025 Ghana Space Cube Muonionalusta Cube Coin 2 Oz Antique Finish Silver Coin,324.99,2025-12-27,2025.0,0.16,WorthPoint
muonionalusta-meteorite,"54G Muonionalusta Meteorite Square, Etched&polished, Swedish M Iron Meteorite",32.0,2025-12-27,54.0,0.59,WorthPoint
muonionalusta-meteorite,"49G Muonionalusta Meteorite Square, Etched&polished, Swedish M Iron Meteorite",31.44,2025-12-26,49.0,0.64,WorthPoint
muonionalusta-meteorite,"62G Muonionalusta Meteorite Square, Etched&polished, Swedish M Iron Meteorite",101.69,2025-12-26,62.0,1.64,WorthPoint
muonionalusta-meteorite,"143G Muonionalusta Meteorite Square, Etched&polished, Swedish M Iron Meteorite",53.0,2025-12-26,143.0,0.37,WorthPoint
muonionalusta-meteorite,26PCS Muonionalusta Iron Meteorite Pendant All In Photo LZ058,46.0,2025-12-26,,,WorthPoint
muonionalusta-meteorite,64.9g Muonionalusta Iron Meteorite Specimen XW0392,26.0,2025-12-24,64.9,0.4,WorthPoint
muonionalusta-meteorite,107.1gm All In Photo MuonionalustaÔºÅÔºÅÔºÅ Iron Meteorite Specimen LZ014,17.5,2025-12-24,107.1,0.16,WorthPoint
muonionalusta-meteorite,40PCS Muonionalusta Iron Meteorite Round Pendant All In Photo LZ020,15.5,2025-12-21,,,WorthPoint
muonionalusta-meteorite,"40g MUONIONALUSTA III IRON METEORITE SLICE, SWEDEN",45.0,2025-12-21,40.0,1.12,WorthPoint
muonionalusta-meteorite,"46g MUONIONALUSTA III IRON METEORITE SLICE, SWEDEN",19.9,2025-12-21,46.0,0.43,WorthPoint
muonionalusta-meteorite,"Rare 2011 Cook Is. Large Silver Color $5 Muonionalusta Meteorite ,gift Box",119.95,2025-12-20,,,WorthPoint
muonionalusta-meteorite,12.86 Gram - Muonionalusta Iron Meteorite - Etched Specimen - From Sweden,47.2,2025-12-19,12.86,3.67,WorthPoint
muonionalusta-meteorite,Low Price! Terrific Etched Slice! Muonionalusta Swedish Iron Meteorite 15.8 Gms,59.25,2025-12-19,15.8,3.75,WorthPoint
muonionalusta-meteorite,69.2gm Muonionalusta Iron Meteorite Slab End Cut SIZE:78*27*10mm LZ002,79.0,2025-12-18,69.2,1.14,WorthPoint
muonionalusta-meteorite,30PCS Muonionalusta Iron Meteorite Diameter 18mm All In Photo LX670,36.0,2025-12-18,,,WorthPoint
muonionalusta-meteorite,"155G Muonionalusta Meteorite Square, Etched&polished, Swedish M Iron Meteorite",81.0,2025-12-17,155.0,0.52,WorthPoint
muonionalusta-meteorite,6.96 Gram - Muonionalusta Iron Meteorite - 2 Etched Specimens - From Sweden,44.0,2025-12-17,6.96,6.32,WorthPoint
muonionalusta-meteorite,61PCS Muonionalusta Iron Meteorite Pendant All In Photo LZ025,71.0,2025-12-17,,,WorthPoint
muonionalusta-meteorite,28.86 Gram - Muonionalusta Iron Meteorite - Etched Specimen - From Sweden,80.8,2025-12-16,28.86,2.8,WorthPoint
muonionalusta-meteorite,76.81 Gram - Muonionalusta Iron Meteorite - Etched Specimen - From Sweden,159.2,2025-12-15,76.81,2.07,WorthPoint
muonionalusta-meteorite,63g Muonionalusta Meteorite Slice TC563,60.0,2025-12-15,63.0,0.95,WorthPoint
muonionalusta-meteorite,Muonionalusta Etched Meteorite Slice Weight 13.1 Grams 1.5 Inches,30.0,2025-12-15,13.1,2.29,WorthPoint
muonionalusta-meteorite,Muonionalusta Iron Meteorite Ring Inner Circle Diameter 19.1mm JZB0107,71.0,2025-12-14,,,WorthPoint
muonionalusta-meteorite,92g Muonionalusta Iron Meteorite Melted Specimen LX725,16.2,2025-12-14,92.0,0.18,WorthPoint
muonionalusta-meteorite,Muonionalusta Etched Meteorite Full Slice Weight 115.3 Grams 4 Inches,260.0,2025-12-13,115.3,2.25,WorthPoint
muonionalusta-meteorite,10.93 Gram - Muonionalusta Iron Meteorite - Etched Specimen - From Sweden,50.15,2025-12-11,10.93,4.59,WorthPoint
muonionalusta-meteorite,Muonionalusta Etched Meteorite Slice Weight 7.9 Grams .75 Inches,18.0,2025-12-11,7.9,2.28,WorthPoint
muonionalusta-meteorite,8.61 Grams Muonionalusta Meteorite Polished And Etched Slice With A COA,14.99,2025-12-10,8.61,1.74,WorthPoint
muonionalusta-meteorite,82.6gm All In Photo Muonionalusta Iron Meteorite Specimen Cylinder LX770,20.5,2025-12-10,82.6,0.25,WorthPoint
muonionalusta-meteorite,61.6g Muonionalusta Iron Meteorite Pendnat Traditional Chinese Amulets LX766,149.0,2025-12-10,61.6,2.42,WorthPoint
muonionalusta-meteorite,Muonionalusta Etched Meteorite Full Slice Weight 10.1 Grams 1.5 Inches,25.0,2025-12-09,10.1,2.48,WorthPoint
muonionalusta-meteorite,"2016 Muonionalusta Meteorite Coins, Gold Plated And Rhodium Plated Versions.",199.0,2025-12-09,,,WorthPoint
muonionalusta-meteorite,GENUINE Muonionalusta Meteorite Bead Stud Earrings #64,90.0,2025-12-09,,,WorthPoint
muonionalusta-meteorite,(Sale) Muonionalusta Meteorite Pendant With Silver Chain (Back In Stock!),75.0,2025-12-08,,,WorthPoint
muonionalusta-meteorite,59.71 Gram - Muonionalusta Iron Meteorite - Etched Specimen - From Sweden,143.65,2025-12-07,59.71,2.41,WorthPoint
muonionalusta-meteorite,Muonionalusta Meteorite Necklace I Sterling Silver - TOP METEORITE Jewelry,125.0,2025-12-07,,,WorthPoint
muonionalusta-meteorite,60.9gm All In Photo Muonionalusta Iron Meteorite Specimen Cylinder LX769,11.5,2025-12-07,60.9,0.19,WorthPoint
muonionalusta-meteorite,Muonionalusta Meteorite Watch,525.0,2025-12-04,,,WorthPoint
muonionalusta-meteorite,Muonionalusta Meteorite Pen & Letter Opener,2187.5,2025-12-02,,,WorthPoint
muonionalusta-meteorite,Muonionalusta Meteorite Section - 806 Grams,1750.0,2025-12-02,806.0,2.17,WorthPoint
muonionalusta-meteorite,"Muonionalusta Meteorite Wristwatch, Cufflinks & Guitar Pick",1375.0,2025-12-02,,,WorthPoint
muonionalusta-meteorite,Muonionalusta Etched Meteorite Full Slice Weight 53.2 Grams 3.75 Inches,120.0,2025-12-01,53.2,2.26,WorthPoint
muonionalusta-meteorite,107.51 Gram - Muonionalusta Iron Meteorite - Etched Specimen - From Sweden,212.5,2025-11-30,107.51,1.98,WorthPoint
muonionalusta-meteorite,MUONIONALUSTA Iron Meteorite Carved Rectangle WIDMANSTATTEN Carving Jewelry,159.99,2025-11-30,,,WorthPoint
muonionalusta-meteorite,2019 $1 The Legend Of The Nibelungs - Muonionalusta Meteorite Coin,473.18,2025-11-30,,,WorthPoint
muonionalusta-meteorite,36.49 Gram - Muonionalusta Iron Meteorite - Etched Specimen - From Sweden,107.95,2025-11-26,36.49,2.96,WorthPoint
muonionalusta-meteorite,Low Price! Super Etched Egg Shape Sphere! Muonionalusta Iron Meteorite 247 Gms,1109.25,2025-11-25,247.0,4.49,WorthPoint
muonionalusta-meteorite,8.37 Grams Muonionalusta Meteorite Polished And Etched Slice With A COA,14.99,2025-11-23,8.37,1.79,WorthPoint
muonionalusta-meteorite,6.51 Grams Muonionalusta Meteorite Polished And Etched Slice With A COA,14.5,2025-11-23,6.51,2.23,WorthPoint
muonionalusta-meteorite,Muonionalusta Meteorite Necklace Pendant Sterling Silver Encasement 1 1/8‚Äù Dia,24.99,2025-11-22,,,WorthPoint
muonionalusta-meteorite,32.64 Gram - Muonionalusta Iron Meteorite - Etched Specimen - From Sweden,97.75,2025-11-21,32.64,2.99,WorthPoint
muonionalusta-meteorite,Muonionalusta Meteorite Pendant,512.5,2025-11-20,,,WorthPoint
muonionalusta-meteorite,Muonionalusta Etched Meteorite Full Slice Weight 56.1 Grams 2.25 Inches,126.0,2025-11-20,56.1,2.25,WorthPoint
muonionalusta-meteorite,3.37 Grams Muonionalusta Meteorite Coated Polished And Etched Slice With A COA,11.5,2025-11-20,3.37,3.41,WorthPoint
muonionalusta-meteorite,3.64 Gram - Muonionalusta Iron Meteorite - Etched Specimen - From Sweden,23.8,2025-11-20,3.64,6.54,WorthPoint
muonionalusta-meteorite,54.05 Gram - Muonionalusta Iron Meteorite - Etched Specimen - From Sweden,148.75,2025-11-20,54.05,2.75,WorthPoint
muonionalusta-meteorite,20PCS Muonionalusta Iron Meteorite Pendant All In Photo KX671,150.0,2025-11-19,,,WorthPoint
muonionalusta-meteorite,1.96 Grams Muonionalusta Meteorite Coated Polished And Etched Slice With A COA,5.99,2025-11-18,1.96,3.06,WorthPoint
muonionalusta-meteorite,75.25 Gram - Muonionalusta Iron Meteorite - Etched Specimen - From Sweden,170.0,2025-11-17,75.25,2.26,WorthPoint
muonionalusta-meteorite,4.56 Grams Muonionalusta Meteorite Polished And Etched Slice With A COA,9.99,2025-11-16,4.56,2.19,WorthPoint
muonionalusta-meteorite,3.63 Gram - Muonionalusta Iron Meteorite - Etched Specimen - From Sweden,29.75,2025-11-14,3.63,8.2,WorthPoint
muonionalusta-meteorite,161.83 Gram - Muonionalusta Iron Meteorite - Etched Specimen - From Sweden,359.1,2025-11-12,161.83,2.22,WorthPoint
muonionalusta-meteorite,118.46 Gram - Muonionalusta Iron Meteorite - Etched Specimen - From Sweden,269.1,2025-11-12,118.46,2.27,WorthPoint
muonionalusta-meteorite,24.46 Gram - Muonionalusta Iron Meteorite - Etched Specimen - From Sweden,77.4,2025-11-12,24.46,3.16,WorthPoint
muonionalusta-meteorite,Muonionalusta Iron Meteorite Slice ‚Äî A 4.5 Billion-Year-Old Cosmic Relic,39.0,2025-11-04,,,WorthPoint
muonionalusta-meteorite,Muonionalusta Etched Meteorite Slice Weight 58.5 Grams,22.5,2025-10-31,58.5,0.38,WorthPoint
muonionalusta-meteorite,Sterling Silver Muonionalusta Meteorite Pendant,11.56,2025-10-28,,,WorthPoint
muonionalusta-meteorite,158.94 Gram - Muonionalusta Iron Meteorite - Etched Specimen - From Sweden,395.0,2025-10-28,158.94,2.49,WorthPoint
muonionalusta-meteorite,Muonionalusta Etched Meteorite Full Slice Weight 175.4 Grams 5 Inches,395.0,2025-10-27,175.4,2.25,WorthPoint
muonionalusta-meteorite,Muonionalusta Meteorite Etched Fragment 23.3 Grams,45.95,2025-10-23,23.3,1.97,WorthPoint
muonionalusta-meteorite,"Muonionalusta Meteorite Pendant Necklace, From Sweden",119.99,2025-10-21,,,WorthPoint
muonionalusta-meteorite,Muonionalusta Etched Meteorite Full Slice Weight 153.2 Grams 5 Inches,345.0,2025-10-21,153.2,2.25,WorthPoint
muonionalusta-meteorite,MUONIONALUSTA IRON METEORITE PENDANT $198 Sterling 925 Silver Jewelry STARBORN,198.0,2025-10-17,,,WorthPoint
muonionalusta-meteorite,7.17 Gram - Muonionalusta Iron Meteorite - Etched Specimen - From Sweden,50.0,2025-10-14,7.17,6.97,WorthPoint
muonionalusta-meteorite,162.74 Gram - Muonionalusta Iron Meteorite - Etched Specimen - From Sweden,410.0,2025-10-11,162.74,2.52,WorthPoint
muonionalusta-meteorite,165.20 Gram - Muonionalusta Iron Meteorite - Etched Specimen - From Sweden,415.0,2025-10-11,165.2,2.51,WorthPoint
muonionalusta-meteorite,5.88 Gram - Muonionalusta Iron Meteorite - Etched Specimen - From Sweden,45.0,2025-10-08,5.88,7.65,WorthPoint
muonionalusta-meteorite,"Muonionalusta Meteorite With Distinct Widmanst√§tten Pattern ‚Äì Norrbotten, Sweden",350.0,2025-10-07,,,WorthPoint
muonionalusta-meteorite,Muonionalusta Etched Meteorite Full Slice Weight 170.9 Grams 5 Inches,385.0,2025-10-05,170.9,2.25,WorthPoint
muonionalusta-meteorite,"Muonionalusta Meteorite Square, Etched&polished, Altai Iron Meteorite 16g",69.99,2025-10-01,16.0,4.37,WorthPoint
muonionalusta-meteorite,Meteorites - Muonionalusta Fine Dust Specimen Vial,10.95,2025-09-29,,,WorthPoint
muonionalusta-meteorite,"Muonionalusta Meteorite, Iron Meteorite, Etched And Polished, Sweden, 2.79g",24.75,2025-09-18,2.79,8.87,WorthPoint
muonionalusta-meteorite,10.63 Gram - Muonionalusta Iron Meteorite - Etched Specimen - From Sweden,55.0,2025-09-17,10.63,5.17,WorthPoint
muonionalusta-meteorite,Rare Muonionalusta IVA Meteorite Full Slice With Euhedral Chromite Crystal 149 G,1175.0,2025-09-16,149.0,7.89,WorthPoint
muonionalusta-meteorite,Muonionalusta Iron Meteorite 95.6g Stunning Etch And Stabilized To Resist Rust,275.0,2025-09-15,95.6,2.88,WorthPoint
muonionalusta-meteorite,"43 Gm Muonionalusta Meteorite Piece Sweden, Iron Nickel AAA Gd JAL",71.95,2025-09-11,43.0,1.67,WorthPoint
muonionalusta-meteorite,Muonionalusta Etched Meteorite Slice Weight 119 Grams 7 Inches,65.0,2025-09-11,119.0,0.55,WorthPoint
muonionalusta-meteorite,Muonionalusta Etched Meteorite Full Slice Weight 159.9 Grams 5.25 Inches,360.0,2025-09-10,159.9,2.25,WorthPoint
muonionalusta-meteorite,232.50 Gram - Muonionalusta Iron Meteorite - Etched Full Slice - From Sweden,699.0,2025-09-09,232.5,3.01,WorthPoint
muonionalusta-meteorite,247.84 Gram - Muonionalusta Iron Meteorite - Etched Full Slice - From Sweden,745.0,2025-09-09,247.84,3.01,WorthPoint
muonionalusta-meteorite,3.94 Gram - Muonionalusta Iron Meteorite - Etched Specimen - From Sweden,39.0,2025-09-06,3.94,9.9,WorthPoint
muonionalusta-meteorite,5.0 Gram - Muonionalusta Iron Meteorite - Etched Specimen - From Sweden,19.0,2025-09-05,5.0,3.8,WorthPoint
muonionalusta-meteorite,11.07 Gram - Muonionalusta Iron Meteorite - Etched Specimen - From Sweden,55.0,2025-09-04,11.07,4.97,WorthPoint
muonionalusta-meteorite,52.62 G - Muonionalusta Iron Meteorite - Etched Round Specimens - From Sweden,159.0,2025-09-03,52.62,3.02,WorthPoint
muonionalusta-meteorite,2.70 Gram - Muonionalusta Iron Meteorite - Etched Specimen - From Sweden,27.5,2025-09-02,2.7,10.19,WorthPoint
muonionalusta-meteorite,"""1.6"""" Muonionalusta Meteorite Specimen Sweden Meteorites Display 10.36 Grams""",52.79,2025-08-31,10.36,5.1,WorthPoint
muonionalusta-meteorite,Muonionalusta Meteorite Bracelet,968.75,2025-08-29,,,WorthPoint
muonionalusta-meteorite,"Muonionalusta Meteorite ''Dagger'' - ""Erebos""",5250.0,2025-08-29,,,WorthPoint
muonionalusta-meteorite,Muonionalusta Meteorite Wristwatch,4250.0,2025-08-29,,,WorthPoint
muonionalusta-meteorite,"""Meteorite Necklace Laser Cut Muonionalusta Meteor And 20"""" Silver Chain With COA""",34.99,2025-08-29,,,WorthPoint
muonionalusta-meteorite,"10g Muonionalusta Meteorite Square, Etched&polished, Swedish M Iron Meteorite",25.49,2025-08-27,10.0,2.55,WorthPoint
muonionalusta-meteorite,"9.5g Muonionalusta Meteorite Square, Etched&polished, Swedish M Iron Meteorite",30.99,2025-08-27,9.5,3.26,WorthPoint
muonionalusta-meteorite,228.85 Gram - Muonionalusta Iron Meteorite - Etched Full Slice - From Sweden,686.0,2025-08-27,228.85,3.0,WorthPoint
muonionalusta-meteorite,"Muonionalusta Meteorite Triangle In A Display Box, From Sweden",69.99,2025-08-25,,,WorthPoint
muonionalusta-meteorite,"Muonionalusta Meteorite Square In A Display Box, From Sweden",49.99,2025-08-25,,,WorthPoint
muonionalusta-meteorite,10.90 Gram - Muonionalusta Iron Meteorite - Etched Specimen - From Sweden,35.0,2025-08-24,10.9,3.21,WorthPoint
muonionalusta-meteorite,1.93 Gram - Muonionalusta Iron Meteorite - Etched Specimen - From Sweden,9.99,2025-08-24,1.93,5.18,WorthPoint
muonionalusta-meteorite,Muonionalusta Etched Meteorite Full Slice Weight 56.5 Grams 2.75 Inches,104.0,2025-08-23,56.5,1.84,WorthPoint
muonionalusta-meteorite,8.26 Gram - Muonionalusta Iron Meteorite - Etched Specimen - From Sweden,40.0,2025-08-22,8.26,4.84,WorthPoint
muonionalusta-meteorite,"102 Gm Muonionalusta Meteorite Slice Slab Sweden, Iron Nickel Ring ETCHED STAND",269.95,2025-08-21,102.0,2.65,WorthPoint
muonionalusta-meteorite,"Muonionalusta Swedish M Iron Meteorite Bracelet 8mm, Etched And Polished 27.3g",96.99,2025-08-18,27.3,3.55,WorthPoint
muonionalusta-meteorite,"Liberia - 2022 Meteorites, Muonionalusta - 4 Stamp Sheet - LIB220302a",14.15,2025-08-18,,,WorthPoint
muonionalusta-meteorite,0.74 Gram - Muonionalusta Iron Meteorite - Etched Specimen - From Sweden,7.5,2025-08-16,0.74,10.14,WorthPoint
muonionalusta-meteorite,236.52 Gram - Muonionalusta Iron Meteorite - Etched Full Slice - From Sweden,710.0,2025-08-14,236.52,3.0,WorthPoint
muonionalusta-meteorite,Muonionalusta Etched Meteorite Full Slice Weight 148.3 Grams 5 Inches,335.0,2025-08-11,148.3,2.26,WorthPoint
muonionalusta-meteorite,Muonionalusta Etched Meteorite Full Slice Weight 44.2 Grams 3 Inches,100.0,2025-08-10,44.2,2.26,WorthPoint
muonionalusta-meteorite,"34g Muonionalusta Meteorite Square, Etched&polished, Swedish M Iron Meteorite",15.75,2025-08-10,34.0,0.46,WorthPoint
muonionalusta-meteorite,132.20 Gram - Muonionalusta Iron Meteorite - Etched Full Slice - From Sweden,399.0,2025-08-10,132.2,3.02,WorthPoint
muonionalusta-meteorite,Muonionalusta Etched Meteorite Full Slice Weight 140.9 Grams 4.75 Inches,272.0,2025-08-06,140.9,1.93,WorthPoint
muonionalusta-meteorite,"""Etched Muonionalusta Meteorite World's Oldest 4.53 Billion 2.48"""" Sweden COA 7031""",64.95,2025-08-03,,,WorthPoint
muonionalusta-meteorite,2025 1 Oz .999 Silver & 1 Oz Actual Muonionalusta Meteorite Space Cube Cube Set!,375.0,2025-08-02,28.35,13.23,WorthPoint
muonionalusta-meteorite,"""1.4"""" Muonionalusta Meteorite Specimen Sweden Meteorites Display 8.74 Grams""",53.99,2025-07-29,8.74,6.18,WorthPoint
muonionalusta-meteorite,Muonionalusta Etched Meteorite Full Slice Weight 53.7 Grams 2.75 Inches,125.0,2025-07-25,53.7,2.33,WorthPoint
muonionalusta-meteorite,Sweden Muonionalusta Iron Meteorite Single Bead Size 14mm +/- Random,119.99,2025-07-25,,,WorthPoint
muonionalusta-meteorite,Meteorite Necklace Iron Meteorite Muonionalusta Pendant Jewelry With Info Card,20.5,2025-07-21,,,WorthPoint
muonionalusta-meteorite,Muonionalusta Etched Meteorite Full Slice Weight 160.8 Grams 5 Inches,362.0,2025-07-18,160.8,2.25,WorthPoint
muonionalusta-meteorite,"3296 Gm Muonionalusta Meteorite Sweden, 7.2 Lb Iron Nickel BEAUTIFUL JAL",3999.95,2025-07-17,3296.0,1.21,WorthPoint
muonionalusta-meteorite,"60 Gm Muonionalusta Meteorite Slice Slab Sweden, Iron Nickel Ring ETCHED STAND",161.95,2025-07-16,60.0,2.7,WorthPoint
muonionalusta-meteorite,2019 Legend Of Nibelungs 1 Oz Proof Pure Muonionalusta Meteorite,499.0,2025-07-14,28.35,17.6,WorthPoint
muonionalusta-meteorite,41 Gram - Muonionalusta Iron Meteorite - Etched Specimen - 34mm X 20mm X 2.5mm,59.0,2025-07-14,41.0,1.44,WorthPoint
muonionalusta-meteorite,"77 Gm Muonionalusta Meteorite Slab Sweden, Iron Nickel Ring ETCHED STAND",206.95,2025-07-14,77.0,2.69,WorthPoint
muonionalusta-meteorite,"2310 Gm Muonionalusta Meteorite Sweden, 15+ Lbs Iron Nickel AAA Gd JAL",3149.95,2025-07-13,2310.0,1.36,WorthPoint
muonionalusta-meteorite,USA SALE 5.9g ETCHED MUONIONALUSTA IRON METEORITE (Sweden) Space Rock,34.0,2025-07-13,5.9,5.76,WorthPoint
muonionalusta-meteorite,Meteorites - 41.8g Muonionalusta Polished And Etched Slice,104.95,2025-07-13,41.8,2.51,WorthPoint
muonionalusta-meteorite,160.19 Gram - Muonionalusta Iron Meteorite - Etched Specimen - From Sweden,288.0,2025-07-12,160.19,1.8,WorthPoint
muonionalusta-meteorite,"1906, Muonionalusta Iron Meteorite, Norrbottens, Sweden 8.00 Grams",24.0,2025-07-11,8.0,3.0,WorthPoint
muonionalusta-meteorite,Meteorites - 13.1g Muonionalusta Polished And Etched Slice,34.95,2025-07-10,13.1,2.67,WorthPoint
muonionalusta-meteorite,"63 Gm Muonionalusta Meteorite Slice Slab Sweden, Iron Nickel Ring ETCHED STAND",170.95,2025-07-10,63.0,2.71,WorthPoint
muonionalusta-meteorite,184.5 Grams Muonionalusta Etched Meteorite Sliced With Widmanst√§tten Pattern,255.0,2025-07-06,184.5,1.38,WorthPoint
muonionalusta-meteorite,Meteorites - 100 Grams Of Muonionalusta Fine Dust Bulk Package,49.95,2025-07-06,100.0,0.5,WorthPoint
muonionalusta-meteorite,"45 Gm Muonionalusta Meteorite Slice Slab Sweden, Iron Nickel Ring ETCHED STAND",125.96,2025-07-05,45.0,2.8,WorthPoint
muonionalusta-meteorite,"65 Gm Muonionalusta Meteorite End Piece Sweden, Iron Nickel Ring ETCHED STAND",179.95,2025-07-04,65.0,2.77,WorthPoint
muonionalusta-meteorite,Muonionalusta Etched Meteorite Full Slice Weight 45.9 Grams 2.75 Inches,105.0,2025-07-04,45.9,2.29,WorthPoint
muonionalusta-meteorite,"94 Gm Muonionalusta Meteorite Slab Sweden, Iron Nickel Ring ETCHED STAND",260.95,2025-07-03,94.0,2.78,WorthPoint
muonionalusta-meteorite,Meteorites - 3.0g Muonionalusta Polished And Etched Slice,10.95,2025-07-03,3.0,3.65,WorthPoint
muonionalusta-meteorite,"Muonionalusta Iron IVA Meteorite Slice W/Case & COA Norrbotten, Sweden 7.68g",45.0,2025-07-02,7.68,5.86,WorthPoint
muonionalusta-meteorite,23.27 Gram - Muonionalusta Iron Meteorite - Etched Slice - From Sweden,139.8,2025-06-30,23.27,6.01,WorthPoint
muonionalusta-meteorite,Muonionalusta Meteorite Polished Slice 13.1 Gm Iron IVA Fine Octahedrite,32.0,2025-06-30,13.1,2.44,WorthPoint
muonionalusta-meteorite,"124 Gm Muonionalusta Meteorite End Piece Sweden, Iron Nickel Ring ETCHED STAND",341.96,2025-06-29,124.0,2.76,WorthPoint
muonionalusta-meteorite,"85 Gm Muonionalusta Meteorite End Piece Sweden, Iron Nickel Ring ETCHED STAND",233.95,2025-06-29,85.0,2.75,WorthPoint
muonionalusta-meteorite,Muonionalusta Etched Meteorite Full Slice Weight 44.5 Grams 2.75 Inches,100.0,2025-06-29,44.5,2.25,WorthPoint
muonionalusta-meteorite,Muonionalusta Etched Meteorite Full Slice Weight 40.7 Grams 3 Inches,95.0,2025-06-27,40.7,2.33,WorthPoint
muonionalusta-meteorite,Meteorites - 45.8g Muonionalusta Polished And Etched Slice,114.95,2025-06-27,45.8,2.51,WorthPoint
muonionalusta-meteorite,"Iron Meteorite Muonionalusta, Sweden, Lot Of 2 Nice Cubes With Holes, 16.3 Grams",65.99,2025-06-23,16.3,4.05,WorthPoint
muonionalusta-meteorite,"50 Gm Muonionalusta Meteorite Slice Slab Sweden, Iron Nickel Ring ETCHED STAND",134.96,2025-06-22,50.0,2.7,WorthPoint
muonionalusta-meteorite,Muonionalusta Etched Meteorite Full Slice Weight 56.9 Grams 2.5 Inches,128.0,2025-06-22,56.9,2.25,WorthPoint
muonionalusta-meteorite,Meteorites - 6.4g Muonionalusta Polished And Etched Slice,18.95,2025-06-21,6.4,2.96,WorthPoint
muonionalusta-meteorite,"35 Gm Muonionalusta Meteorite Slice Slab Sweden, Iron Nickel Ring ETCHED STAND",98.96,2025-06-21,35.0,2.83,WorthPoint
muonionalusta-meteorite,Muonionalusta Etched Meteorite Full Slice Weight 61.9 Grams 2.75 Inches,140.0,2025-06-21,61.9,2.26,WorthPoint
muonionalusta-meteorite,Muonionalusta Etched Meteorite End Cut Weight 70.2 Grams 2.5 Inches,140.0,2025-06-20,70.2,1.99,WorthPoint
muonionalusta-meteorite,"112 Gm Muonionalusta Meteorite Slice Slab Sweden, Iron Nickel Ring ETCHED STAND",305.96,2025-06-16,112.0,2.73,WorthPoint
muonionalusta-meteorite,Muonionalusta Etched Meteorite Full Slice Weight 13.7 Grams 1.5 Inches,26.35,2025-06-15,13.7,1.92,WorthPoint
muonionalusta-meteorite,Muonionalusta Etched Meteorite Slice Weight 25.3 Grams 2.5 Inches,48.45,2025-06-13,25.3,1.92,WorthPoint
muonionalusta-meteorite,Muonionalusta Meteorite Cufflinks,179.0,2025-06-12,,,WorthPoint
muonionalusta-meteorite,"130 Gm Muonionalusta Meteorite Slice Slab Sweden, Iron Nickel Ring ETCHED STAND",269.95,2025-06-07,130.0,2.08,WorthPoint
muonionalusta-meteorite,Meteorites - 28.6g Muonionalusta Polished And Etched Slice,58.95,2025-06-07,28.6,2.06,WorthPoint
muonionalusta-meteorite,Muonionalusta Etched Meteorite Full Slice Weight 58.3 Grams 2.75 Inches,131.0,2025-06-05,58.3,2.25,WorthPoint
muonionalusta-meteorite,Muonionalusta Meteorite Pen,124.0,2025-06-05,,,WorthPoint
muonionalusta-meteorite,Muonionalusta Meteorite Flashdrive,104.0,2025-06-05,,,WorthPoint
muonionalusta-meteorite,"50 Gm Muonionalusta Meteorite Slab Sweden, Iron Nickel Ring ETCHED STAND",152.95,2025-05-28,50.0,3.06,WorthPoint
muonionalusta-meteorite,"41 Gm Muonionalusta Meteorite End Piece Sweden, Iron Nickel Ring ETCHED STAND",116.96,2025-05-27,41.0,2.85,WorthPoint
muonionalusta-meteorite,Muonionalusta Etched Meteorite Slice Weight 26.6 Grams 2 Inches,60.0,2025-05-25,26.6,2.26,WorthPoint
muonionalusta-meteorite,Meteorite Pendant Laser Cut Muonionalusta Meteorite & 20 Inch Silver Chain,34.99,2025-05-25,,,WorthPoint
muonionalusta-meteorite,Muonionalusta Etched Meteorite Full Slice Weight 66.8 Grams 2.5 Inches,150.0,2025-05-24,66.8,2.25,WorthPoint
muonionalusta-meteorite,Muonionalusta Etched Meteorite End Cut Weight 3.3 Grams .5 Inch,6.0,2025-05-23,3.3,1.82,WorthPoint
muonionalusta-meteorite,Muonionalusta Meteorite Money Clip,104.0,2025-05-22,,,WorthPoint
muonionalusta-meteorite,Muonionalusta Etched Meteorite Slice Weight 31.8 Grams 2.25 Inches,72.0,2025-05-22,31.8,2.26,WorthPoint
muonionalusta-meteorite,Muonionalusta Etched Meteorite End Cut Weight 12.7 Grams 1.5 Inches,25.0,2025-05-22,12.7,1.97,WorthPoint
muonionalusta-meteorite,Meteorites - 32.0g Muonionalusta Polished And Etched Slice,65.95,2025-05-20,32.0,2.06,WorthPoint
muonionalusta-meteorite,"100 Gm Muonionalusta Meteorite Slab Sweden, Iron Nickel Ring ETCHED STAND",269.95,2025-05-20,100.0,2.7,WorthPoint
muonionalusta-meteorite,Meteorites - 23.9g Muonionalusta Polished And Etched Slice,49.95,2025-05-19,23.9,2.09,WorthPoint
muonionalusta-meteorite,"158 Gm Muonionalusta Etched Meteorite Triple Cut Sweden, .3 Lb Iron Nickel",359.96,2025-05-19,158.0,2.28,WorthPoint
muonionalusta-meteorite,Muonionalusta Etched Meteorite Full Slice Weight 19.6 Grams 2 Inches,44.0,2025-05-17,19.6,2.24,WorthPoint
muonionalusta-meteorite,Muonionalusta Etched Meteorite Full Slice Weight 21.1 Grams 2 Inches,48.0,2025-05-16,21.1,2.27,WorthPoint
muonionalusta-meteorite,"216 Gm Muonionalusta Meteorite Slab Sweden, Iron Nickel Ring ETCHED",494.96,2025-05-15,216.0,2.29,WorthPoint
muonionalusta-meteorite,Muonionalusta Etched Meteorite Part Slice Weight 38.2 Grams 2 Inches,86.0,2025-05-14,38.2,2.25,WorthPoint
muonionalusta-meteorite,NOT DYED! Rare Blue Muonionalusta Etched Meteorite Slice ANCIENT ALIEN TREASURE!,119.0,2025-05-13,,,WorthPoint
muonionalusta-meteorite,Muonionalusta Etched Meteorite Full Slice Weight 18 Grams 2 Inches,40.0,2025-05-11,18.0,2.22,WorthPoint
muonionalusta-meteorite,Muonionalusta Etched Meteorite Full Slice Weight 9.4 Grams 1.25 Inches,21.0,2025-05-10,9.4,2.23,WorthPoint
muonionalusta-meteorite,Meteorites - 85.5g Muonionalusta Polished And Etched Slice,189.95,2025-05-09,85.5,2.22,WorthPoint
muonionalusta-meteorite,31.03 Gram - Muonionalusta Iron Meteorite - Etched Specimen - From Sweden,199.0,2025-05-09,31.03,6.41,WorthPoint
muonionalusta-meteorite,Genuine Muonionalusta Meteorite End Cut 224gr NOT Aletai,540.0,2025-05-07,224.0,2.41,WorthPoint
muonionalusta-meteorite,Muonionalusta Meteorite 18 Grams,7.5,2025-05-07,18.0,0.42,WorthPoint
muonionalusta-meteorite,Meteorites - 24.0g Muonionalusta Polished And Etched Slice,49.95,2025-05-04,24.0,2.08,WorthPoint
muonionalusta-meteorite,Muonionalusta Etched Meteorite Full Slice Weight 13.8 Grams 1.25 Inches,31.0,2025-05-03,13.8,2.25,WorthPoint
muonionalusta-meteorite,Muonionalusta Etched Meteorite Full Slice Weight 14.7 Grams 2 Inches,33.0,2025-05-01,14.7,2.24,WorthPoint
muonionalusta-meteorite,"""Meteorite Necklace Laser Cut Genuine Muonionalusta Meteor & 20"""" Sterling Chain""",29.99,2025-04-25,,,WorthPoint
muonionalusta-meteorite,Muonionalusta Meteorite Slice - 302.5 Grams,4250.0,2025-04-23,302.5,14.05,WorthPoint
muonionalusta-meteorite,"Muonionalusta Meteorite Cube - 1,677.2 Grams",6562.5,2025-04-23,677.2,9.69,WorthPoint
muonionalusta-meteorite,Muonionalusta Meteorite Slice - 204.2 Grams,1187.5,2025-04-23,204.2,5.82,WorthPoint
muonionalusta-meteorite,"172 Gm Muonionalusta Meteorite Slab Sweden, Iron Nickel Ring ETCHED",386.96,2025-04-22,172.0,2.25,WorthPoint
muonionalusta-meteorite,149 Gram - Muonionalusta Iron Meteorite - Etched Slice - From Sweden,133.0,2025-04-22,149.0,0.89,WorthPoint
muonionalusta-meteorite,2021 2 Oz Silver $2 Niue Impact Moments METEORITE MUONIONALUSTA Antiqued Coin.,539.95,2025-04-17,56.7,9.52,WorthPoint
muonionalusta-meteorite,Muonionalusta Meteorite REAL Specimen Coin Cosmic Gem In NGC PCGS Type Case BB,69.5,2025-04-17,,,WorthPoint
muonionalusta-meteorite,"""Meteorite Necklace Large Sliced Genuine Muonionalusta Meteor & 20"""" Silver Chain""",44.99,2025-04-16,,,WorthPoint
muonionalusta-meteorite,75.85 Gram - Muonionalusta Iron Meteorite - Etched Specimen - From Sweden,227.0,2025-04-14,75.85,2.99,WorthPoint
muonionalusta-meteorite,2019 $1 Niue Pure Muonionalusta Meteorite 1oz Proof Coin,559.0,2025-04-11,28.35,19.72,WorthPoint
muonionalusta-meteorite,40.75 Gram - Muonionalusta Iron Meteorite - Etched Specimen - From Sweden,160.0,2025-04-10,40.75,3.93,WorthPoint
muonionalusta-meteorite,Solid Muonionalusta Meteorite D6 Dice,75.0,2025-04-04,,,WorthPoint
muonionalusta-meteorite,Muonionalusta Marvelous Meteorite Specimen Coin Cosmic Gem In Display Case BB,67.75,2025-03-29,,,WorthPoint
muonionalusta-meteorite,"MUONIONALUSTA Meteorite Display Label, Aluminum",6.0,2025-03-24,,,WorthPoint
muonionalusta-meteorite,1135 Grams Muonionalusta Etched Meteorite With Widmanst√§tten Pattern,455.01,2025-03-23,1135.0,0.4,WorthPoint
muonionalusta-meteorite,Muonionalusta Meteorite 1 Kilo UNC Pure Meteorite Coin 50$ Niue 2021,3359.0,2025-03-23,,,WorthPoint
muonionalusta-meteorite,Meteorites - 15.0g Muonionalusta Polished And Etched Slice,37.95,2025-03-13,15.0,2.53,WorthPoint
muonionalusta-meteorite,11.40 Gram - Muonionalusta Iron Meteorite - Etched Specimen - From Sweden,99.0,2025-03-10,11.4,8.68,WorthPoint
muonionalusta-meteorite,9.56 Gram - Muonionalusta Iron Meteorite - Etched Specimen - From Sweden,90.0,2025-03-10,9.56,9.41,WorthPoint
muonionalusta-meteorite,Muonionalusta Meteorite Piece,86.1,2025-03-07,,,WorthPoint
muonionalusta-meteorite,55.95 Gram - Muonionalusta Iron Meteorite - Etched Specimen - From Sweden,180.0,2025-03-07,55.95,3.22,WorthPoint
muonionalusta-meteorite,Muonionalusta Meteorite Etched Fragment 20.8 Grams,42.95,2025-03-07,20.8,2.06,WorthPoint
muonionalusta-meteorite,"Meteorite - Muonionalusta Etched Iron Slice W/ Unique Pattern, 112g + Stand",168.5,2025-03-03,112.0,1.5,WorthPoint
muonionalusta-meteorite,Meteorites - Muonionalusta Dust/Cuttings Specimen Vial,12.95,2025-02-28,,,WorthPoint
muonionalusta-meteorite,Muonionalusta Meteorite Triangle Small Slice 10mm,31.0,2025-02-28,,,WorthPoint
muonionalusta-meteorite,Muonionalusta Meteorite In Collector's Box,46.69,2025-02-28,,,WorthPoint
muonionalusta-meteorite,Muonionalusta Slice,412.5,2025-02-20,,,WorthPoint
muonionalusta-meteorite,Muonionalusta Meteorite Etched Fragment 26.3 Grams Custom Listing For Tomalley5,82.99,2025-02-17,26.3,3.16,WorthPoint
muonionalusta-meteorite,Muonionalusta Meteorite Etched Fragment 26.3 Grams,52.99,2025-02-16,26.3,2.01,WorthPoint
muonionalusta-meteorite,"Muonionalusta Meteorite Pendant, 13.07 Grams, COA, Astronomy Gift, Space Gift",52.0,2025-02-10,13.07,3.98,WorthPoint
muonionalusta-meteorite,Muonionalusta Meteorite Heart Pendant .925,184.0,2025-02-05,,,WorthPoint
muonionalusta-meteorite,Iron Meteorite Muonionalusta Slice 53.4 G Widmanstatten Pattern Etched Polished,100.0,2025-01-31,53.4,1.87,WorthPoint
muonionalusta-meteorite,Muonionalusta Meteorite Circle Small Slice 10mm,31.0,2025-01-31,,,WorthPoint
muonionalusta-meteorite,206 Grams Muonionalusta Etched Meteorite Cube Widmanst√§tten Pattern,650.0,2025-01-22,206.0,3.16,WorthPoint
muonionalusta-meteorite,Meteorites - 15.7g Muonionalusta Small Pieces Specimen Vial,18.95,2025-01-19,15.7,1.21,WorthPoint
muonionalusta-meteorite,"Muonionalusta, Stunning, Iron Meteorite! 295.8g, Great Etch, Stable!",327.0,2025-01-13,295.8,1.11,WorthPoint
muonionalusta-meteorite,Muonionalusta 161.49g Iron Meteorite Sphere W/ Stealth Etch,385.0,2025-01-11,161.49,2.38,WorthPoint
muonionalusta-meteorite,Muonionalusta Meteorite 969 Grams Or 2lb 2oz. Crystal Pattern Partly Visible,300.0,2025-01-10,969.0,0.31,WorthPoint
muonionalusta-meteorite,Meteorites - 85.0g Muonionalusta Polished And Etched Slice,229.95,2025-01-06,85.0,2.71,WorthPoint
muonionalusta-meteorite,Novium Hoverpen 2.0 Muonionalusta Meteorite Interstellar Edition Starlight Black,250.0,2025-01-06,,,WorthPoint
muonionalusta-meteorite,"18.08 Gr Etched And Stabilized Slice Muonionalusta Iva Iron Meteorite, Authentic",90.0,2025-01-05,18.08,4.98,WorthPoint
muonionalusta-meteorite,Muonionalusta 137.58g Iron Meteorite Sphere W/ Stealth Etch,227.5,2025-01-04,137.58,1.65,WorthPoint
muonionalusta-meteorite,38.3 G ETCHED MUONIONALUSTA (Iron Octahedrite) METEORITE - 1906 Find In Sweden,62.0,2024-12-29,38.3,1.62,WorthPoint
muonionalusta-meteorite,R Stratton Knives: Muonionalusta Meteor Meteorite Fossil Bone Handled Knife,1250.0,2024-12-25,,,WorthPoint
muonionalusta-meteorite,36.8 G ETCHED MUONIONALUSTA (Iron Octahedrite) METEORITE - 1906 Find In Sweden,60.0,2024-12-24,36.8,1.63,WorthPoint
muonionalusta-meteorite,25.5 G ETCHED MUONIONALUSTA (Iron Octahedrite) METEORITE - 1906 Find In Sweden,46.0,2024-12-24,25.5,1.8,WorthPoint
muonionalusta-meteorite,Muonionalusta Meteorite 6.60g Stabilized Etched Gold Plated Pendant,75.0,2024-12-21,6.6,11.36,WorthPoint
muonionalusta-meteorite,"82 Gm Muonionalusta Meteorite TRIPLE CUT Sweden, Iron Nickel Ring ETCHED",179.95,2024-12-18,82.0,2.19,WorthPoint
muonionalusta-meteorite,22.6 G ETCHED MUONIONALUSTA (Iron Octahedrite) METEORITE - 1906 Find In Sweden,44.55,2024-12-18,22.6,1.97,WorthPoint
muonionalusta-meteorite,"Meteorite: Muonionalusta, Class: Octahedrite Iva - Kiruna, Sweden",26.0,2024-12-16,,,WorthPoint
muonionalusta-meteorite,3.23 Grams Muonionalusta Sweden Meteorite Cut Fragment With A COA,5.99,2024-12-14,3.23,1.85,WorthPoint
muonionalusta-meteorite,40.4 G ETCHED MUONIONALUSTA (Iron Octahedrite) METEORITE - 1906 Find In Sweden,77.55,2024-12-13,40.4,1.92,WorthPoint
muonionalusta-meteorite,Meteorites - 6.7g Muonionalusta Polished And Etched End Piece,12.95,2024-12-11,6.7,1.93,WorthPoint
muonionalusta-meteorite,33.6 G ETCHED MUONIONALUSTA (Iron Octahedrite) METEORITE - 1906 Find In Sweden,67.5,2024-12-11,33.6,2.01,WorthPoint
muonionalusta-meteorite,3.97 Grams Muonionalusta Sweden Meteorite Cut Fragment With A COA,7.49,2024-12-11,3.97,1.89,WorthPoint
muonionalusta-meteorite,"Muonionalusta Meteorite Pendant, 32.11 Grams, COA, Astronomy Gift, Space Gift",141.75,2024-12-09,32.11,4.41,WorthPoint
muonionalusta-meteorite,4.04 Grams Muonionalusta Sweden Meteorite Cut Fragment With A COA,8.99,2024-12-09,4.04,2.23,WorthPoint
muonionalusta-meteorite,Muonionalusta Meteorite Slice Necklace,19.99,2024-12-08,,,WorthPoint
muonionalusta-meteorite,5.68 Grams Muonionalusta Sweden Meteorite Cut Fragment With A COA,9.99,2024-12-06,5.68,1.76,WorthPoint
muonionalusta-meteorite,Muonionalusta Meteorite,48.0,2024-12-05,,,WorthPoint
muonionalusta-meteorite,4.34 Grams Muonionalusta Sweden Meteorite Cut Fragment With A COA,7.99,2024-12-04,4.34,1.84,WorthPoint
muonionalusta-meteorite,18.7 G ETCHED MUONIONALUSTA (Iron Octahedrite) METEORITE - 1906 Find In Sweden,50.0,2024-12-02,18.7,2.67,WorthPoint
muonionalusta-meteorite,"Muonionalusta, Stunning, Iron Meteorite! 195.5g, Great Etch, Stable!",200.0,2024-12-02,195.5,1.02,WorthPoint
muonionalusta-meteorite,5.04 Grams Light Rust On Muonionalusta Sweden Meteorite Cut Fragment With A COA,6.99,2024-12-01,5.04,1.39,WorthPoint
muonionalusta-meteorite,Meteorites - 94.3g Muonionalusta Polished And Etched Corner Piece,279.95,2024-12-01,94.3,2.97,WorthPoint
muonionalusta-meteorite,Meteorites - 10.4g Muonionalusta Polished And Etched Slice,26.95,2024-11-30,10.4,2.59,WorthPoint
muonionalusta-meteorite,7.96 Grams Muonionalusta Sweden High Iron Meteorite OXIDE Fragment With A COA,7.99,2024-11-29,7.96,1.0,WorthPoint
muonionalusta-meteorite,"Muonionalusta, Stunning, Iron Meteorite! 148g, Great Etch, Stable!",475.0,2024-11-25,148.0,3.21,WorthPoint
muonionalusta-meteorite,6.65 Grams Muonionalusta Sweden Meteorite Cut Fragment With A COA,9.99,2024-11-24,6.65,1.5,WorthPoint
muonionalusta-meteorite,Meteorites - 15.6g Muonionalusta Polished And Etched Slice,37.95,2024-11-23,15.6,2.43,WorthPoint
muonionalusta-meteorite,29.4 Grams Muonionalusta Sweden High Iron Meteorite OXIDE Fragment With A COA,26.99,2024-11-18,29.4,0.92,WorthPoint
muonionalusta-meteorite,35.9 G ETCHED MUONIONALUSTA (Iron Octahedrite) METEORITE - 1906 Find In Sweden,74.5,2024-11-16,35.9,2.08,WorthPoint
muonionalusta-meteorite,5.16 Grams Muonionalusta Sweden Meteorite Cut Fragment With A COA,9.99,2024-11-15,5.16,1.94,WorthPoint
muonionalusta-meteorite,Muonionalusta Meteorite Cube,1500.0,2024-11-14,,,WorthPoint
muonionalusta-meteorite,4.17 Grams Muonionalusta Sweden Meteorite Cut Fragment With A COA,8.99,2024-11-12,4.17,2.16,WorthPoint
muonionalusta-meteorite,5.60 Grams Muonionalusta Sweden Meteorite Cut Fragment With A COA,15.5,2024-11-12,5.6,2.77,WorthPoint
muonionalusta-meteorite,7.70 Grams Muonionalusta Sweden Meteorite Cut Fragment With A COA,18.5,2024-11-12,7.7,2.4,WorthPoint
muonionalusta-meteorite,4.32 Grams Muonionalusta Sweden Meteorite Cut Fragment With A COA,8.99,2024-11-12,4.32,2.08,WorthPoint
muonionalusta-meteorite,3.28 Grams Muonionalusta Sweden Meteorite Cut Fragment With A COA,10.5,2024-11-12,3.28,3.2,WorthPoint
muonionalusta-meteorite,8.88 Grams Muonionalusta Sweden Meteorite Cut Fragment With A COA,13.99,2024-11-11,8.88,1.58,WorthPoint
muonionalusta-meteorite,3.49 Grams Muonionalusta Sweden Meteorite Cut Fragment With A COA,7.99,2024-11-10,3.49,2.29,WorthPoint
muonionalusta-meteorite,44.1 G ETCHED MUONIONALUSTA (Iron Octahedrite) METEORITE - 1906 Find In Sweden,96.25,2024-11-09,44.1,2.18,WorthPoint
muonionalusta-meteorite,Muonionalusta Meteorite Earrings,275.0,2024-11-07,,,WorthPoint
muonionalusta-meteorite,Meteorite Pendant & 20 Inch Silver Chain Necklace - Real Muonionalusta Meteorite,29.99,2024-11-06,,,WorthPoint
muonionalusta-meteorite,Meteorites - 38.2g Muonionalusta Polished And Etched Slice,109.95,2024-11-03,38.2,2.88,WorthPoint
muonionalusta-meteorite,9.25 Grams Muonionalusta Sweden Meteorite Cut Fragment With A COA,9.99,2024-10-30,9.25,1.08,WorthPoint
muonionalusta-meteorite,"Muonionalusta Meteorite Pendant, 5.59 Grams, COA, Astronomy Gift, Space Gift",46.4,2024-10-29,5.59,8.3,WorthPoint
muonionalusta-meteorite,"Iron Meteorite Muonionalusta. Sweden, Necklace, Pendant Hexagon Big",219.99,2024-10-27,,,WorthPoint
muonionalusta-meteorite,Novium Hoverpen Muonionalusta Meteorite Interstellar Edition- Starlight Black,270.0,2024-10-27,,,WorthPoint
muonionalusta-meteorite,Muonionalusta Meteorite Slice,189.0,2024-10-24,,,WorthPoint
muonionalusta-meteorite,"125 Gm Muonionalusta Meteorite Slab Sweden, Iron Nickel Ring ETCHED",287.95,2024-10-24,125.0,2.3,WorthPoint
muonionalusta-meteorite,9.94 Grams Muonionalusta Sweden Iron Meteorite OXIDE Fragment With A COA,7.99,2024-10-22,9.94,0.8,WorthPoint
muonionalusta-meteorite,"1906, Muonionalusta Iron Meteorite, Norrbottens, Sweden 6.1 Grams",23.0,2024-10-22,6.1,3.77,WorthPoint
muonionalusta-meteorite,"Muonionalusta, Stunning, Iron Meteorite! 432.7g, End Cut, Great Etch, Stable!",500.0,2024-10-21,432.7,1.16,WorthPoint
muonionalusta-meteorite,3.20 Grams Muonionalusta Sweden Meteorite Cut Fragment With A COA,5.49,2024-10-19,3.2,1.72,WorthPoint
muonionalusta-meteorite,22.4 G ETCHED MUONIONALUSTA (Iron Octahedrite) METEORITE - 1906 Find In Sweden,69.3,2024-10-19,22.4,3.09,WorthPoint
muonionalusta-meteorite,"136 Gm Muonionalusta Meteorite WEDGE CUT Sweden, Iron Nickel Ring ETCHED",296.96,2024-10-17,136.0,2.18,WorthPoint
muonionalusta-meteorite,7 Grams Muonionalusta Sweden Meteorite Cut Fragment With A COA,10.99,2024-10-17,7.0,1.57,WorthPoint
muonionalusta-meteorite,25 Grams Muonionalusta Sweden Iron Meteorite OXIDE Fragment With A COA,17.99,2024-10-17,25.0,0.72,WorthPoint
muonionalusta-meteorite,"120 Gm Muonionalusta Meteorite Slab Sweden, Iron Nickel Ring ETCHED",269.95,2024-10-16,120.0,2.25,WorthPoint
muonionalusta-meteorite,5.99 Grams Muonionalusta Sweden Meteorite Cut Fragment With A COA,7.99,2024-10-14,5.99,1.33,WorthPoint
muonionalusta-meteorite,4.01 Grams Muonionalusta Sweden Meteorite Cut Fragment With A COA,5.49,2024-10-14,4.01,1.37,WorthPoint
muonionalusta-meteorite,8.04 Grams Muonionalusta Sweden Meteorite Cut Fragment With A COA,9.99,2024-10-12,8.04,1.24,WorthPoint
muonionalusta-meteorite,4.25 Grams Muonionalusta Sweden Meteorite Cut Fragment With A COA,13.25,2024-10-12,4.25,3.12,WorthPoint
muonionalusta-meteorite,GENUINE Muonionalusta Meteorite With Pendant With Moldavite #53,135.0,2024-10-04,,,WorthPoint
muonionalusta-meteorite,Muonionalusta Meteorite 3x2cm RECTANGLE Slice Authentic Specimen Widmanstatten,144.0,2024-10-01,,,WorthPoint
muonionalusta-meteorite,Muonionalusta Meteorite Part Slice A1369 Museum QUALITY! 170Gm,225.0,2024-09-26,170.0,1.32,WorthPoint
muonionalusta-meteorite,3.08 Grams Muonionalusta Sweden Meteorite Cut Fragment With A COA,5.99,2024-09-25,3.08,1.94,WorthPoint
muonionalusta-meteorite,"215.3g Muonionalusta Iron Meteorite Slice, Natural Meteorite",469.99,2024-09-23,215.3,2.18,WorthPoint
muonionalusta-meteorite,9.72 Grams Muonionalusta Sweden Meteorite Cut Fragment With A COA,14.99,2024-09-23,9.72,1.54,WorthPoint
muonionalusta-meteorite,"84 Gm Muonionalusta Meteorite End Cut Sweden, Iron Nickel Ring ETCHED",188.95,2024-09-22,84.0,2.25,WorthPoint
muonionalusta-meteorite,Muonionalusta Meteorite Slice Authentic,57.0,2024-09-21,,,WorthPoint
muonionalusta-meteorite,"111 Gm Muonionalusta Meteorite Slab Sweden, Iron Nickel Ring ETCHED",251.95,2024-09-20,111.0,2.27,WorthPoint
muonionalusta-meteorite,10.6 Grams Muonionalusta Sweden Meteorite Cut Fragment With A COA,19.99,2024-09-19,10.6,1.89,WorthPoint
muonionalusta-meteorite,8.18 Grams Muonionalusta Sweden Meteorite Cut Fragment With A COA,13.99,2024-09-18,8.18,1.71,WorthPoint
muonionalusta-meteorite,9.12 Grams Muonionalusta Sweden Meteorite Cut Fragment With A COA,18.99,2024-09-13,9.12,2.08,WorthPoint
muonionalusta-meteorite,"Muonionalusta, Stunning, Iron Meteorite! 147.5g, Great Etch, Stable!",600.0,2024-09-09,147.5,4.07,WorthPoint
muonionalusta-meteorite,"165 Gm Muonionalusta Meteorite Slab Sweden, Iron Nickel Ring ETCHED",359.96,2024-09-03,165.0,2.18,WorthPoint
muonionalusta-meteorite,"115 Gm Muonionalusta Meteorite Slab Sweden, Iron Nickel Ring ETCHED",269.95,2024-08-31,115.0,2.35,WorthPoint
muonionalusta-meteorite,Muonionalusta Meteorite Stardust Shavings / Crystals - 100% Pure & Natural,7.0,2024-08-30,,,WorthPoint
muonionalusta-meteorite,7.78 Grams Muonionalusta Sweden Meteorite Cut Fragment With A COA,13.99,2024-08-29,7.78,1.8,WorthPoint
muonionalusta-meteorite,15.4 Grams Muonionalusta Sweden Meteorite Cut Fragment With A COA,20.99,2024-08-27,15.4,1.36,WorthPoint
muonionalusta-meteorite,4.09 Grams Muonionalusta Sweden Meteorite Cut Fragment With A COA,6.99,2024-08-27,4.09,1.71,WorthPoint
muonionalusta-meteorite,"Muonionalusta Meteorite Pendant, 14.22 Grams, COA, Astronomy Gift, Space Gift",87.0,2024-08-25,14.22,6.12,WorthPoint
muonionalusta-meteorite,9.50 Grams Muonionalusta Sweden Meteorite Cut Fragment With A COA,13.99,2024-08-23,9.5,1.47,WorthPoint
muonionalusta-meteorite,9.46 Grams Muonionalusta Sweden Meteorite Cut Fragment With A COA,14.99,2024-08-21,9.46,1.58,WorthPoint
muonionalusta-meteorite,"141 Gm Muonionalusta Meteorite Slab Sweden, Iron Nickel Ring ETCHED",323.96,2024-08-20,141.0,2.3,WorthPoint
muonionalusta-meteorite,17.6 Grams Muonionalusta Sweden Meteorite Cut Fragment With A COA,24.99,2024-08-18,17.6,1.42,WorthPoint
muonionalusta-meteorite,20.3 G ETCHED MUONIONALUSTA (Iron Octahedrite) METEORITE - 1906 Find In Sweden,74.25,2024-08-16,20.3,3.66,WorthPoint
muonionalusta-meteorite,4.55 Grams Muonionalusta Sweden Meteorite Cut Fragment With A COA,7.99,2024-08-14,4.55,1.76,WorthPoint
muonionalusta-meteorite,7.36 Grams Muonionalusta Sweden Meteorite Cut Fragment With A COA,10.99,2024-08-14,7.36,1.49,WorthPoint
muonionalusta-meteorite,5.09 Grams Muonionalusta Sweden Meteorite Cut Fragment With A COA,8.99,2024-08-14,5.09,1.77,WorthPoint
muonionalusta-meteorite,6.61 Grams Muonionalusta Sweden Meteorite Cut Fragment With A COA,10.49,2024-08-14,6.61,1.59,WorthPoint
muonionalusta-meteorite,3.48 Grams Muonionalusta Sweden Meteorite Cut Fragment With A COA,5.99,2024-08-14,3.48,1.72,WorthPoint
muonionalusta-meteorite,4.41 Grams Muonionalusta Sweden Meteorite Cut Fragment With A COA,6.99,2024-08-14,4.41,1.59,WorthPoint
muonionalusta-meteorite,6.53 Grams Muonionalusta Sweden Meteorite Cut Fragment With A COA,10.49,2024-08-14,6.53,1.61,WorthPoint
muonionalusta-meteorite,10.3 Grams Muonionalusta Sweden Meteorite Cut Fragment With A COA,14.99,2024-08-14,10.3,1.46,WorthPoint
muonionalusta-meteorite,6.40 Grams Muonionalusta Sweden Meteorite Cut Fragment With A COA,10.49,2024-08-09,6.4,1.64,WorthPoint
muonionalusta-meteorite,33.9 G ETCHED MUONIONALUSTA (Iron Octahedrite) METEORITE - 1906 Find In Sweden,108.0,2024-07-29,33.9,3.19,WorthPoint
muonionalusta-meteorite,"157 Gm Muonionalusta Meteorite Slab Sweden, Iron Nickel Ring ETCHED",220.0,2024-07-29,157.0,1.4,WorthPoint
muonionalusta-meteorite,19.3 Grams Muonionalusta Sweden Meteorite Cut Fragment With A COA,31.99,2024-07-27,19.3,1.66,WorthPoint
muonionalusta-meteorite,10.5 Grams Muonionalusta Sweden Meteorite Cut Fragment With A COA,17.5,2024-07-27,10.5,1.67,WorthPoint
muonionalusta-meteorite,2.93 Grams Muonionalusta Sweden Meteorite Cut Fragment With A COA,5.49,2024-07-26,2.93,1.87,WorthPoint
muonionalusta-meteorite,9.55 Grams Muonionalusta Sweden Meteorite Cut Fragment With A COA,13.99,2024-07-23,9.55,1.46,WorthPoint
muonionalusta-meteorite,20.5 Grams Muonionalusta Sweden Meteorite Cut Fragment With A COA,28.99,2024-07-23,20.5,1.41,WorthPoint
muonionalusta-meteorite,13.6 Grams Muonionalusta Sweden Meteorite Cut Fragment With A COA,18.99,2024-07-23,13.6,1.4,WorthPoint
muonionalusta-meteorite,Meteorite Muonionalusta Ring 925 Sterling Silver Handmade Rough Ring Size 10,55.99,2024-07-23,,,WorthPoint
muonionalusta-meteorite,"Iron Meteorite Muonionalusta, Sweden, Nice Sphere With Hole, 31.6 Grams",157.99,2024-07-23,31.6,5.0,WorthPoint
muonionalusta-meteorite,8.40 Grams Muonionalusta Sweden Meteorite Cut Fragment With A COA,15.99,2024-07-20,8.4,1.9,WorthPoint
muonionalusta-meteorite,12.9 Grams Muonionalusta Sweden Meteorite Cut Fragment With A COA,20.99,2024-07-18,12.9,1.63,WorthPoint
muonionalusta-meteorite,10.7 Grams Muonionalusta Sweden Meteorite Cut Fragment With A COA,19.99,2024-07-18,10.7,1.87,WorthPoint
muonionalusta-meteorite,8.39 Grams Muonionalusta Sweden Meteorite Cut Fragment With A COA,15.99,2024-07-18,8.39,1.91,WorthPoint
muonionalusta-meteorite,5.41 Grams Muonionalusta Sweden Meteorite Cut Fragment With A COA,10.99,2024-07-18,5.41,2.03,WorthPoint
muonionalusta-meteorite,"92 Gm Muonionalusta Meteorite Slab Sweden, Iron Nickel Ring ETCHED",206.95,2024-07-14,92.0,2.25,WorthPoint
muonionalusta-meteorite,"Muonionalusta Meteorite Pendant, 13.06 Grams, COA, Astronomy Gift, Space Gift",68.0,2024-07-11,13.06,5.21,WorthPoint
muonionalusta-meteorite,Meteorites - 8.0g Muonionalusta Small Pieces Specimen Vial,17.95,2024-07-10,8.0,2.24,WorthPoint
muonionalusta-meteorite,Muonionalusta Meteorite Pendant With Stainless Steel Chain,15.0,2024-07-06,,,WorthPoint
muonionalusta-meteorite,"Muonionalusta Meteorite Specimen Galaxy Pendant Rosetone Stainless 20"" Chain",10.0,2024-07-04,,,WorthPoint
muonionalusta-meteorite,7.19 Grams Muonionalusta Sweden Meteorite Cut Fragment With A COA,20.5,2024-07-03,7.19,2.85,WorthPoint
muonionalusta-meteorite,"62 Gm Muonionalusta Meteorite End Cut Sweden, Iron Nickel Ring ETCHED",143.96,2024-06-29,62.0,2.32,WorthPoint
muonionalusta-meteorite,"114 Gm Muonionalusta Etched Meteorite Triple Cut Sweden, .3 Lb Iron Nickel",269.95,2024-06-18,114.0,2.37,WorthPoint
muonionalusta-meteorite,"2142 Gm Muonionalusta Meteorite Sweden, 4.7 Lb Iron Nickel Patina",2249.95,2024-06-12,2142.0,1.05,WorthPoint
muonionalusta-meteorite,58g Muonionalusta Meteorite Cube A43 Museum Quality!,100.0,2024-06-11,58.0,1.72,WorthPoint
muonionalusta-meteorite,"171 Gm Muonionalusta Meteorite Slab Sweden, Iron Nickel Ring ETCHED",404.96,2024-06-09,171.0,2.37,WorthPoint
muonionalusta-meteorite,Meteorite - 57.0g Muonionalusta Polished And Etched Slice,129.95,2024-06-04,57.0,2.28,WorthPoint
muonionalusta-meteorite,4g Muonionalusta Meteorite Fine Octahedrite Northern Scandinavia,75.0,2024-06-02,4.0,18.75,WorthPoint
muonionalusta-meteorite,"Meteorite Pendant Genuine Muonionalusta Space Gem & 20"" Silver Chain Necklace",34.99,2024-06-01,,,WorthPoint
muonionalusta-meteorite,"97 Gm Muonionalusta Meteorite Slab Sweden, Iron Nickel Ring ETCHED",224.95,2024-05-24,97.0,2.32,WorthPoint
muonionalusta-meteorite,"306 Gm Muonionalusta Meteorite Slab Sweden, .7 Lb Iron Nickel Ring ETCHED",674.95,2024-05-24,306.0,2.21,WorthPoint
muonionalusta-meteorite,"78 Gm Muonionalusta Meteorite Slab Sweden, Iron Nickel Ring ETCHED",179.95,2024-05-24,78.0,2.31,WorthPoint
muonionalusta-meteorite,"69 Gm Muonionalusta Meteorite Slab Sweden, Iron Nickel Ring ETCHED",170.95,2024-05-24,69.0,2.48,WorthPoint
muonionalusta-meteorite,238g Muonionalusta Meteorite Part Slice A1265,199.0,2024-05-15,238.0,0.84,WorthPoint
muonionalusta-meteorite,"71 Gm Muonionalusta Meteorite Slab Sweden, Iron Nickel Ring ETCHED",153.85,2024-05-14,71.0,2.17,WorthPoint
muonionalusta-meteorite,"Estate 18k Yellow Gold Muonionalusta Meteorite Cuff Links. 1/2""H X 1/2""W X 3/4""D (one)",625.0,2024-05-13,,,WorthPoint
muonionalusta-meteorite,"51 Gm Muonionalusta Etched Meteorite MULTI Cut Sweden, Iron Nickel",111.11,2024-05-08,51.0,2.18,WorthPoint
muonionalusta-meteorite,Muonionalusta Meteorite. Iron IVA 8.4 Grams. Etched Part End Cut.,20.0,2024-05-03,8.4,2.38,WorthPoint
muonionalusta-meteorite,"53 Gm Muonionalusta Meteorite Slab Sweden, Iron Nickel Ring ETCHED",119.66,2024-05-02,53.0,2.26,WorthPoint
muonionalusta-meteorite,Muonionalusta Meteorite Coin In Collector Case,21.2,2024-05-02,,,WorthPoint
muonionalusta-meteorite,Muonionalusta Iron Meteorite From Sweden: 5.5g,13.0,2024-05-02,5.5,2.36,WorthPoint
muonionalusta-meteorite,Muonionalusta Iron Meteorite From Sweden: 3.8g,12.0,2024-05-02,3.8,3.16,WorthPoint
muonionalusta-meteorite,Muonionalusta Meteorite. Iron IVA 10.1 Grams. Etched Part Slice.,22.1,2024-04-30,10.1,2.19,WorthPoint
muonionalusta-meteorite,Light Rusting 10 Grams Muonionalusta Meteorite Slice Can Be Cleaned Or Melted,6.99,2024-04-29,10.0,0.7,WorthPoint
muonionalusta-meteorite,Light Rusting 31.5 Grams Muonionalusta Meteorite Slice Can Be Sanded And Etched,17.99,2024-04-29,31.5,0.57,WorthPoint
muonionalusta-meteorite,Light Rusting 26.9 Grams Muonionalusta Meteorite Slice Can Be Sanded And Etched,14.99,2024-04-27,26.9,0.56,WorthPoint
muonionalusta-meteorite,"Muonionalusta Meteorite Pendant, 7.45 Grams, COA, Astronomy Gift, Space Gift",55.0,2024-04-25,7.45,7.38,WorthPoint
muonionalusta-meteorite,Light Rusting 32 Grams Muonionalusta Meteorite Slice Can Be Sanded And Etched,26.0,2024-04-25,32.0,0.81,WorthPoint
muonionalusta-meteorite,Light Rusting 24.2 Grams Muonionalusta Meteorite Slice Can Be Sanded And Etched,17.0,2024-04-25,24.2,0.7,WorthPoint
muonionalusta-meteorite,9.27 Grams Muonionalusta Sweden Meteorite Fragments With A COA,13.5,2024-04-25,9.27,1.46,WorthPoint
muonionalusta-meteorite,Light Rusting 37.2 Grams Muonionalusta Meteorite Slice Can Be Sanded And Etched,19.99,2024-04-22,37.2,0.54,WorthPoint
muonionalusta-meteorite,Light Rusting 31.4 Grams Muonionalusta Meteorite Slice Can Be Sanded And Etched,14.99,2024-04-22,31.4,0.48,WorthPoint
muonionalusta-meteorite,5.82 Grams Muonionalusta Sweden Meteorite Fragments With A COA,20.0,2024-04-22,5.82,3.44,WorthPoint
muonionalusta-meteorite,57 Gm Muonionalusta Meteorite Slice Sweden Iron Nickel Ring,112.46,2024-04-21,57.0,1.97,WorthPoint
muonionalusta-meteorite,Muonionalusta Etched Meteorite Pendant - 8.94 Grams + COA,29.95,2024-04-11,8.94,3.35,WorthPoint
muonionalusta-meteorite,"1906, Muonionalusta Iron Meteorite, Norrbottens, Sweden 8.0 Grams",14.25,2024-04-10,8.0,1.78,WorthPoint
muonionalusta-meteorite,Muonionalusta Meteorite 1 Oz Proof Pure Meteorite Coin 1$ Niue 2016. Box COA,300.0,2024-04-05,28.35,10.58,WorthPoint
muonionalusta-meteorite,"79 Gm Muonionalusta Meteorite Slab Sweden, Iron Nickel Ring ETCHED",179.95,2024-04-04,79.0,2.28,WorthPoint
muonionalusta-meteorite,Muonionalusta Meteorite Etched Fragment 10.1 Grams,20.99,2024-03-29,10.1,2.08,WorthPoint
muonionalusta-meteorite,47 Gm Muonionalusta Meteorite Slice Sweden Iron Nickel Ring,89.96,2024-03-28,47.0,1.91,WorthPoint
muonionalusta-meteorite,2 Muonionalusta Meteorite Cut End Pieces 150 Gms Total,225.0,2024-03-27,150.0,1.5,WorthPoint
muonionalusta-meteorite,"91 Gm Muonionalusta Meteorite Slab Sweden, Iron Nickel Ring ETCHED",224.95,2024-03-26,91.0,2.47,WorthPoint
muonionalusta-meteorite,2 Muonionalusta Meteorite Cut End Pieces 178 Gms Total,267.0,2024-03-21,178.0,1.5,WorthPoint
muonionalusta-meteorite,"208 Gm Muonionalusta Meteorite END PIECE Sweden, ETCHED .5LBS",449.96,2024-03-21,208.0,2.16,WorthPoint
muonionalusta-meteorite,"72 Gm Muonionalusta Meteorite Slab Sweden, .15 Lb Iron Nickel Ring ETCHED",179.95,2024-03-21,72.0,2.5,WorthPoint
muonionalusta-meteorite,"102 Gm Muonionalusta Meteorite END PIECE Sweden, ETCHED",233.95,2024-03-21,102.0,2.29,WorthPoint
muonionalusta-meteorite,"65 Gm Muonionalusta Meteorite END PIECE Sweden, ETCHED",134.96,2024-03-21,65.0,2.08,WorthPoint
muonionalusta-meteorite,"66 Gm Muonionalusta Meteorite Slab Sweden, .14 Lb Iron Nickel Ring ETCHED",161.95,2024-03-21,66.0,2.45,WorthPoint
muonionalusta-meteorite,"77 Gm Muonionalusta Meteorite Slab Sweden, .14 Lb Iron Nickel Ring ETCHED",188.95,2024-03-21,77.0,2.45,WorthPoint
muonionalusta-meteorite,"84 Gm Muonionalusta Meteorite Slab Sweden, .17 Lb Iron Nickel Ring ETCHED",197.95,2024-03-21,84.0,2.36,WorthPoint
muonionalusta-meteorite,"60 Gm Muonionalusta Meteorite Slab Sweden, .13 Lb Iron Nickel Ring ETCHED",161.95,2024-03-21,60.0,2.7,WorthPoint
muonionalusta-meteorite,"81 Gm Muonionalusta Meteorite Slab Sweden, .17 Lb Iron Nickel Ring ETCHED",197.95,2024-03-21,81.0,2.44,WorthPoint
muonionalusta-meteorite,"92 Gm Muonionalusta Meteorite END PIECE Sweden, .7 Lb ETCHED",224.95,2024-03-19,92.0,2.45,WorthPoint
muonionalusta-meteorite,MUONIONALUSTA IRON METEORITE Specimen Etched WIDMANSTATTEN Sphere SWEDEN,439.98,2024-03-17,,,WorthPoint
muonionalusta-meteorite,38.55 Gram - MUONIONALUSTA IRON METEORITE - Part Slice- ETCHED SPECIMEN,63.0,2024-03-09,38.55,1.63,WorthPoint
muonionalusta-meteorite,"232 Gm Muonionalusta Meteorite Sweden ETCHED SLICE, Iron Nickel AAA Gd .5 LB",539.96,2024-03-09,232.0,2.33,WorthPoint
muonionalusta-meteorite,Low Price! Etched Double Cut! Muonionalusta Swedish Iron Meteorite 33 Gms,74.25,2024-03-04,33.0,2.25,WorthPoint
muonionalusta-meteorite,Muonionalusta Iron Meteorite From Sweden: 7.9g,24.0,2024-03-03,7.9,3.04,WorthPoint
muonionalusta-meteorite,97.74 Gram - MUONIONALUSTA IRON METEORITE - Full Slice- ETCHED SPECIMEN,180.0,2024-03-01,97.74,1.84,WorthPoint
muonionalusta-meteorite,"128 Gm Muonionalusta Meteorite Sweden ETCHED SLICE, Iron Nickel AAA Gd",301.46,2024-02-29,128.0,2.36,WorthPoint
muonionalusta-meteorite,"134 Gm Muonionalusta Meteorite Sweden ETCHED SLICE, Iron Nickel AAA Gd",301.46,2024-02-21,134.0,2.25,WorthPoint
muonionalusta-meteorite,Low Price! Fantastic Full Slice! Muonionalusta Iron Meteorite 708 Gms,1199.25,2024-02-19,708.0,1.69,WorthPoint
muonionalusta-meteorite,"256 Gm Muonionalusta Meteorite Sweden ETCHED PAIR, Iron Nickel AAA Gd",449.96,2024-02-17,256.0,1.76,WorthPoint
muonionalusta-meteorite,"2016 Palau, 100% Pure MUONIONALUSTA Meteorite, Rhodium - ONLY 200! $1, NOT Niue",425.0,2024-02-16,,,WorthPoint
muonionalusta-meteorite,Genuine Muonionalusta Meteorite Coin (Bronze),59.0,2024-02-16,,,WorthPoint
muonionalusta-meteorite,Muonionalusta Iron Meteorite From Sweden: 3.9g,18.0,2024-02-15,3.9,4.62,WorthPoint
muonionalusta-meteorite,"438 Gm Muonionalusta Meteorite Sweden, 1 Lb Iron Nickel",476.96,2024-02-14,438.0,1.09,WorthPoint
muonionalusta-meteorite,Muonionalusta Meteorite Pendant + Free Bonus! #123-muon-pd,25.01,2024-02-11,,,WorthPoint
muonionalusta-meteorite,Etched World's Oldest Muonionalusta Meteorite Polished 30mm. Sweden COA 6016,84.95,2024-02-11,,,WorthPoint
muonionalusta-meteorite,Muonionalusta Meteorite Pendant (Authentic) With Silver Chain (Back In Stock!),105.0,2024-02-10,,,WorthPoint
muonionalusta-meteorite,"Muonionalusta Meteorite, Crescent Shaped, Etched And Polished, Sweden, 13.36g",33.0,2024-02-06,13.36,2.47,WorthPoint
muonionalusta-meteorite,"Meteorite Heart Necklace Laser Cut Muonionalusta Meteor & 20"" Sterling Chain",34.99,2024-02-06,,,WorthPoint
muonionalusta-meteorite,Muonionalusta Iron Meteorite From Sweden: 9.0g,27.0,2024-02-05,9.0,3.0,WorthPoint
muonionalusta-meteorite,Meteorite Necklace Genuine Sliced Muonionalusta Meteor & 20 Inch Silver Chain,37.99,2024-01-31,,,WorthPoint
muonionalusta-meteorite,Meteorite - 10.9g Muonionalusta Polished And Etched Slice,26.95,2024-01-30,10.9,2.47,WorthPoint
muonionalusta-meteorite,Meteorite Jewelry Pair Of Muonionalusta Meteorite Earrings 925 Silver Bead Star,101.2,2024-01-24,,,WorthPoint
muonionalusta-meteorite,"1906, Muonionalusta Iron Meteorite, Norrbottens, Sweden 8.3 Grams",19.0,2024-01-19,8.3,2.29,WorthPoint
muonionalusta-meteorite,Meteorite - 6.8g Muonionalusta Polished And Etched End Piece,18.95,2024-01-12,6.8,2.79,WorthPoint
muonionalusta-meteorite,Muonionalusta Meteorite Etched Full Slice 76.6 Grams Iron Meteorite,142.0,2024-01-07,76.6,1.85,WorthPoint
muonionalusta-meteorite,MUONIONALUSTA METEORITE Niue Island Year Of Issue 2016,550.0,2024-01-02,,,WorthPoint
muonionalusta-meteorite,"ORIGINAL Muonionalusta, Iron IVA Meteorite From Sweden, Etched 95g Slice, COA",260.0,2023-12-28,95.0,2.74,WorthPoint
muonionalusta-meteorite,Muonionalusta Etched Meteorite Pendant - 11.88 Grams + COA,39.95,2023-12-25,11.88,3.36,WorthPoint
muonionalusta-meteorite,Muonionalusta Meteorite Etched Full Slice 81.9 Grams Iron Meteorite,163.0,2023-12-20,81.9,1.99,WorthPoint
muonionalusta-meteorite,Muonionalusta Meteorite Etched Full Slice 89.2 Grams Iron Meteorite,175.0,2023-12-20,89.2,1.96,WorthPoint
muonionalusta-meteorite,Muonionalusta Meteorite Etched Part Slice 36.9 Grams Iron Meteorite,70.0,2023-12-20,36.9,1.9,WorthPoint
muonionalusta-meteorite,Muonionalusta Meteorite Slice Collectible Box Framed Iron IVA Fine Octahedrite,40.0,2023-12-19,,,WorthPoint
muonionalusta-meteorite,"Meteorite Heart Necklace Laser Cut Muonionalusta Space Rock & 20"" Sterling Chain",34.99,2023-12-16,,,WorthPoint
muonionalusta-meteorite,Muonionalusta Meteorite Etched Full Slice 54.4 Grams Iron Meteorite,125.0,2023-12-15,54.4,2.3,WorthPoint
muonionalusta-meteorite,Muonionalusta Meteorite CUBE 4.3g 1413,36.0,2023-12-14,4.3,8.37,WorthPoint
muonionalusta-meteorite,Meteorite - 18.3g Muonionalusta Polished And Etched Slice,41.95,2023-12-14,18.3,2.29,WorthPoint
muonionalusta-meteorite,Meteorite - 6.7g Muonionalusta Polished And Etched Slice,17.95,2023-12-14,6.7,2.68,WorthPoint
muonionalusta-meteorite,Muonionalusta Meteorite Pendant Necklace & Free Bonus! #1201-muon-pd,24.95,2023-12-08,,,WorthPoint
muonionalusta-meteorite,Meteorite Jewelry Muonionalusta Meteorite Pendant Stainless Steel 0099,75.9,2023-12-07,,,WorthPoint
muonionalusta-meteorite,Muonionalusta Iron Meteorite From Space 8.2g,26.0,2023-12-04,8.2,3.17,WorthPoint
muonionalusta-meteorite,Meteorite - 17.2g Muonionalusta Polished And Etched Slice,39.95,2023-12-03,17.2,2.32,WorthPoint
muonionalusta-meteorite,Amazing 230 Gm. Muonionalusta Etched Meteorite Slab Perfect For Rings,413.1,2023-11-27,230.0,1.8,WorthPoint
muonionalusta-meteorite,Muonionalusta Meteorite Money Clip Meteorite Stainless Steel 0135,119.9,2023-11-24,,,WorthPoint
muonionalusta-meteorite,Muonionalusta Meteorite Etched Full Slice 58 Grams Iron Meteorite,116.0,2023-11-21,58.0,2.0,WorthPoint
muonionalusta-meteorite,Meteorite - 12.7g Muonionalusta Polished And Etched Slice,29.95,2023-11-17,12.7,2.36,WorthPoint
muonionalusta-meteorite,Muonionalusta Meteorite Etched Full Slice 627 Grams Iron Meteorite,1000.0,2023-11-13,627.0,1.59,WorthPoint
muonionalusta-meteorite,Muonionalusta Meteorite End Cut,2500.0,2023-11-10,,,WorthPoint
muonionalusta-meteorite,GENUINE Muonionalusta Meteorite Slice 4 Cm 1397,89.0,2023-11-10,,,WorthPoint
muonionalusta-meteorite,Meteorite - 167.6g Muonionalusta Polished And Etched Full Slice,342.95,2023-11-05,167.6,2.05,WorthPoint
muonionalusta-meteorite,Solid Muonionalusta Meteorite Ring,75.0,2023-11-04,,,WorthPoint
muonionalusta-meteorite,"Large, Stable, Muonionalusta Iron Meteorite 488g, Stunning Etch STABLE",647.0,2023-10-30,488.0,1.33,WorthPoint
muonionalusta-meteorite,"Meteorite Heart Necklace Genuine Sliced Muonionalusta Meteor & 20"" Silver Chain",29.99,2023-10-28,,,WorthPoint
muonionalusta-meteorite,"MUONIONALUSTA Meteorite, 35 X 35 Mm, 14g, With Capsule, Widmanstatten, Etched",199.0,2023-10-16,14.0,14.21,WorthPoint
muonionalusta-meteorite,Muonionalusta Meteorite Etched Part Slice 16 Grams Iron Meteorite,32.0,2023-10-15,16.0,2.0,WorthPoint
muonionalusta-meteorite,Muonionalusta Meteorite Etched Part Slice 24 Grams Iron Meteorite,48.0,2023-10-15,24.0,2.0,WorthPoint
muonionalusta-meteorite,Muonionalusta Meteorite Etched Part Slice 26 Grams Iron Meteorite,50.0,2023-10-15,26.0,1.92,WorthPoint
muonionalusta-meteorite,Meteorite Heart Necklace Laser Cut Muonionalusta Pendant & 20 Inch Silver Chain,29.99,2023-10-13,,,WorthPoint
muonionalusta-meteorite,Muonionalusta Meteorite Etched Part Slice 13 Grams Iron Meteorite,30.0,2023-10-11,13.0,2.31,WorthPoint
muonionalusta-meteorite,Etched World's Oldest Muonionalusta Meteorite Polished Slice Sweden COA 5929,69.95,2023-10-11,,,WorthPoint
muonionalusta-meteorite,Muonionalusta Meteorite Etched End Cut 14 Grams Iron Meteorite Iron Meteorite,28.0,2023-10-11,14.0,2.0,WorthPoint
muonionalusta-meteorite,Muonionalusta Etched Meteorite Pendant - 12.02 Grams + COA,39.95,2023-10-08,12.02,3.32,WorthPoint
muonionalusta-meteorite,Muonionalusta Meteorite Etched Part Slice 13.9 Grams,27.0,2023-10-07,13.9,1.94,WorthPoint
muonionalusta-meteorite,Muonionalusta Meteorite Etched Part Slice 37.6 Grams,75.0,2023-10-05,37.6,1.99,WorthPoint
muonionalusta-meteorite,Muonionalusta Meteorite Etched Part Slice 25 Grams,70.0,2023-10-03,25.0,2.8,WorthPoint
muonionalusta-meteorite,"Rare! Iron Meteorite Muonionalusta, Sweden, Etched Slice, LARGE TROILITE 13.2 Gr",79.99,2023-09-28,13.2,6.06,WorthPoint
muonionalusta-meteorite,"Muonionalusta Iron IVA Meteorite Slice From Sweden 1906, 11.0 Gram Slice",30.0,2023-09-27,11.0,2.73,WorthPoint
muonionalusta-meteorite,Muonionalusta Meteorite Etched Part Slice 26.4 Grams,50.0,2023-09-26,26.4,1.89,WorthPoint
muonionalusta-meteorite,Meteorite - 88.4g Muonionalusta Polished And Etched Full Slice,269.95,2023-09-18,88.4,3.05,WorthPoint
muonionalusta-meteorite,"Natural Muonionalusta Meteorite Sweden Sterling Silver 925 Pendant Necklace 20""",45.0,2023-09-16,,,WorthPoint
muonionalusta-meteorite,Amazing 169 Gm. Muonionalusta Etched Meteorite Slab Perfect For Rings,332.1,2023-09-09,169.0,1.97,WorthPoint
muonionalusta-meteorite,Muonionalusta Meteorite Etched Gold Plated Stabilized Pendant 5.82g,49.0,2023-09-02,5.82,8.42,WorthPoint
muonionalusta-meteorite,Amazing 184 Gm. Muonionalusta Etched Meteorite Slab Perfect For Rings,359.1,2023-09-02,184.0,1.95,WorthPoint
muonionalusta-meteorite,"Genuine Meteorite Necklace Laser Cut Muonionalusta Meteor & 20"" Sterling Chain",29.99,2023-08-31,,,WorthPoint
muonionalusta-meteorite,"Meteorite: Muonionalusta, Class: Octahedrite Iva, Kiruna, Sweden",47.0,2023-08-28,,,WorthPoint
muonionalusta-meteorite,Amazing 7155 Gm. Muonionalusta Meteorite Sweden 15.7 Lbs,5395.5,2023-08-27,7155.0,0.75,WorthPoint
muonionalusta-meteorite,"Muonionalusta Meteorite Bracelet, 10mm Beads",285.0,2023-08-25,,,WorthPoint
muonionalusta-meteorite,Genuine Muonionalusta Meteorite Slice (385 Grams),7800.0,2023-08-24,385.0,20.26,WorthPoint
muonionalusta-meteorite,Amazing 149 Gm. Muonionalusta Etched Meteorite Slab Perfect For Rings,224.1,2023-08-23,149.0,1.5,WorthPoint
muonionalusta-meteorite,2011 Cook Islands $5 - Muonionalusta Iron Meteorite - 1 Oz Silver Coin,79.25,2023-08-16,28.35,2.8,WorthPoint
muonionalusta-meteorite,Muonionalusta Ice Age Iron Meteorite: 9.4 Grams,11.0,2023-08-08,9.4,1.17,WorthPoint
muonionalusta-meteorite,"1906, Muonionalusta Iron Meteorite, Norrbottens, Sweden 7.3 Grams",22.0,2023-08-05,7.3,3.01,WorthPoint
muonionalusta-meteorite,Muonionalusta Earrings,104.0,2023-07-27,,,WorthPoint
muonionalusta-meteorite,"Genuine Meteorite Necklace Sliced Muonionalusta Meteor & 20"" Silver Chain",29.99,2023-07-26,,,WorthPoint
muonionalusta-meteorite,"Muonionalusta From Sweden, Iron Meteorite Slice",20.0,2023-07-17,,,WorthPoint
muonionalusta-meteorite,Amazing 294 Gm. Muonionalusta Etched Meteorite Slab Perfect For Rings,449.1,2023-07-12,294.0,1.53,WorthPoint
muonionalusta-meteorite,Muonionalusta Meteorite 8.03g Etched & Plated Stabilized 1cm Scalecube,15.0,2023-07-08,8.03,1.87,WorthPoint
muonionalusta-meteorite,Meteorite Jewelry Bead Pair Of Muonionalusta Meteorite Earrings 925 Silver,114.4,2023-07-08,,,WorthPoint
muonionalusta-meteorite,Large 1912 Gm. Muonionalusta Meteorite Slab Piece; 4.2 Lb,2429.19,2023-07-05,1912.0,1.27,WorthPoint
muonionalusta-meteorite,Amazing 266 Gm. Muonionalusta Etched Meteorite Slab; .5 Lbs Perfect For Rings,404.19,2023-07-04,266.0,1.52,WorthPoint
muonionalusta-meteorite,393 Grams - MUONIONALUSTA ETCHED IRON METEORITE - These Need Re-etching,305.5,2023-06-25,393.0,0.78,WorthPoint
muonionalusta-meteorite,132 Grams - MUONIONALUSTA ECTHED IRON METEORITE - Wedge Cut,169.0,2023-06-19,132.0,1.28,WorthPoint
muonionalusta-meteorite,Muonionalusta IVA Iron Meteorite 425.8g Meteorite Stunning Etch. Stable End Cut,449.0,2023-06-19,425.8,1.05,WorthPoint
muonionalusta-meteorite,14.7 Gram MUONIONALUSTA ECTHED IRON METEORITE - Slice - Found In Sweden,45.5,2023-06-18,14.7,3.1,WorthPoint
muonionalusta-meteorite,"Genuine Meteorite Necklace! Sliced Muonionalusta Meteor & 20"" Silver Chain",29.99,2023-06-17,,,WorthPoint
muonionalusta-meteorite,"Muonionalusta Iron (IVA) Meteorite From Sweden 1906, 61.7 Gram Endcut",110.0,2023-06-16,61.7,1.78,WorthPoint
muonionalusta-meteorite,"Muonionalusta, The Ice Age Meteorite: 8.2g",20.0,2023-06-15,8.2,2.44,WorthPoint
muonionalusta-meteorite,Meteorite Jewelry Muonionalusta Meteorite Bracelet 925 Silver 8 Inches 702,193.6,2023-06-14,,,WorthPoint
muonionalusta-meteorite,25.9 Gram MUONIONALUSTA ECTHED IRON METEORITE - Slice - Found In Sweden,64.35,2023-06-12,25.9,2.48,WorthPoint
muonionalusta-meteorite,18.2 Gram MUONIONALUSTA ECTHED IRON METEORITE - Slice - Found In Sweden,51.35,2023-06-09,18.2,2.82,WorthPoint
muonionalusta-meteorite,MUONIONALUSTA IRON METEORITE PENDANT $219 Sterling 925 Silver Jewelry STARBORN,219.0,2023-06-09,,,WorthPoint
muonionalusta-meteorite,Muonionalusta Meteorite Etched Fragment 8.38 Grams,16.95,2023-06-07,8.38,2.02,WorthPoint
muonionalusta-meteorite,"Iron Meteorite Muonionalusta., Sweden, Necklace, Pendant Moon",372.99,2023-06-06,,,WorthPoint
muonionalusta-meteorite,11.86 Gram MUONIONALUSTA ECTHED IRON METEORITE Specimen - Found In SWEDEN,36.4,2023-06-06,11.86,3.07,WorthPoint
muonionalusta-meteorite,Collier Muonionalusta Meteorite Top Spinning Coin Worry Coin Pocket Top Spinner,249.0,2023-05-27,,,WorthPoint
muonionalusta-meteorite,Muonionalusta Meteorite Etched Fragment 11 Grams,20.99,2023-05-26,11.0,1.91,WorthPoint
muonionalusta-meteorite,Muonionalusta Meteorite Etched Fragment 11.84 Grams,23.99,2023-05-24,11.84,2.03,WorthPoint
muonionalusta-meteorite,"Natural Meteorite Slice, 15.3 Grams Muonionalusta Norrbotten Kiruna Sweden",49.99,2023-05-18,15.3,3.27,WorthPoint
muonionalusta-meteorite,Amazing 238 Gm. Muonionalusta Etched Meteorite Slab Perfect For Rings,431.1,2023-05-16,238.0,1.81,WorthPoint
muonionalusta-meteorite,11.8 Gram MUONIONALUSTA ECTHED IRON METEORITE - Slice - Found In Sweden,31.2,2023-05-14,11.8,2.64,WorthPoint
muonionalusta-meteorite,Muonionalusta Etched Meteorite Pendant - 7.60 Grams + COA,29.95,2023-05-06,7.6,3.94,WorthPoint
muonionalusta-meteorite,Muonionalusta Meteorite 51.46G TOP GRADE Exquisite Quality,150.0,2023-04-24,51.46,2.91,WorthPoint
muonionalusta-meteorite,17.3 Gram MUONIONALUSTA ECTHED IRON METEORITE - Slice - Found In Sweden,53.6,2023-04-23,17.3,3.1,WorthPoint
muonionalusta-meteorite,Muonionalusta Meteorite Etched Rhodium Plated Pendant 13.37 Grams,39.95,2023-04-21,13.37,2.99,WorthPoint
muonionalusta-meteorite,Muonionalusta Etched Meteorite Pendant - 4.21 Grams + COA,12.95,2023-04-21,4.21,3.08,WorthPoint
muonionalusta-meteorite,"MUONIONALUSTA Iron IVA Meteorite Etched 98g Slice, Fine Octahedrite, Sweden, COA",299.0,2023-04-21,98.0,3.05,WorthPoint
muonionalusta-meteorite,Muonionalusta Meteorite Etched Cut Fragment Rhodium Plated 11.4 Grams,22.99,2023-04-17,11.4,2.02,WorthPoint
muonionalusta-meteorite,29.0 Gram MUONIONALUSTA ECTHED IRON METEORITE - SLICE - Found In Sweden,69.3,2023-04-14,29.0,2.39,WorthPoint
muonionalusta-meteorite,Muonionalusta Meteorite 2 X 1.5 Cm RECTANGLE Slice,44.0,2023-04-14,,,WorthPoint
muonionalusta-meteorite,27.2 Gram MUONIONALUSTA ECTHED IRON METEORITE - Slice - Found In Sweden,66.5,2023-04-03,27.2,2.44,WorthPoint
muonionalusta-meteorite,Muonionalusta Meteorite And Woolly Mammoth Knife,9375.0,2023-03-31,,,WorthPoint
muonionalusta-meteorite,"Iron Meteorite Muonionalusta, Sweden, Lot Of Two Nice Cubes, Excellent Pattern",99.99,2023-03-28,,,WorthPoint
muonionalusta-meteorite,Muonionalusta Meteorite Etched Fragment 6.21 Grams,18.99,2023-03-28,6.21,3.06,WorthPoint
muonionalusta-meteorite,500 Grams - MUONIONALUSTA ETCHED IRON METEORITE Lot C - Rusted & Need Re-etching,455.0,2023-03-28,500.0,0.91,WorthPoint
muonionalusta-meteorite,Genuine Meteorite Necklace! Large Sliced Muonionalusta Meteor Pendant W/Chain!,37.99,2023-03-25,,,WorthPoint
muonionalusta-meteorite,Muonionalusta Meteorite Etched Fragment 9.26 Grams,18.99,2023-03-23,9.26,2.05,WorthPoint
muonionalusta-meteorite,500 Grams - MUONIONALUSTA ETCHED IRON METEORITE Lot B - Rusted & Need Re-etching,455.0,2023-03-21,500.0,0.91,WorthPoint
muonionalusta-meteorite,18.7 Gram MUONIONALUSTA ECTHED IRON METEORITE - SLICE - Found In Sweden,41.3,2023-03-21,18.7,2.21,WorthPoint
muonionalusta-meteorite,345 G - Mostly MUONIONALUSTA & CAMPO ECTHED METEORITE Lot - Rusted/odd Specimens,152.5,2023-03-18,345.0,0.44,WorthPoint
muonionalusta-meteorite,Muonionalusta Meteorite Etched Fragment 20.80 Grams,42.99,2023-03-16,20.8,2.07,WorthPoint
muonionalusta-meteorite,Muonionalusta Meteorite TOP GRADE Unique Pattern 65.38G,180.0,2023-03-12,65.38,2.75,WorthPoint
muonionalusta-meteorite,Muonionalusta Meteorite Etched Fragment 5.86 Grams,12.95,2023-03-12,5.86,2.21,WorthPoint
muonionalusta-meteorite,2011 Cook Islands $5 Silver The Muonionalusta Meteorite Colorized Mint 2500 Pcs,79.0,2023-03-12,,,WorthPoint
muonionalusta-meteorite,12.8 Gram MUONIONALUSTA ECTHED IRON METEORITE - Odd Shape - Found In SWEDEN,44.25,2023-03-11,12.8,3.46,WorthPoint
muonionalusta-meteorite,535 G - Mostly MUONIONALUSTA ECTHED IRON METEORITE Lot - Rusted/odd Specimens,87.0,2023-03-11,535.0,0.16,WorthPoint
muonionalusta-meteorite,555 Grams - Dealer Lot - MUONIONALUSTA ECTHED IRON METEORITE - Off Cuts,517.5,2023-03-10,555.0,0.93,WorthPoint
muonionalusta-meteorite,760 Gram MUONIONALUSTA ECTHED/CLEANED IRON METEORITE - INDIVIDUAL,855.0,2023-03-09,760.0,1.12,WorthPoint
muonionalusta-meteorite,Muonionalusta Meteorite; 2380 Grams!! Unbelievable Etching!! Museum Grade!!,2222.0,2023-03-06,2380.0,0.93,WorthPoint
muonionalusta-meteorite,"Rare! Iron Meteorite Muonionalusta, Sweden, Etched Half Sphere 5.6 Cm, 384 Grams",2499.99,2023-03-03,384.0,6.51,WorthPoint
muonionalusta-meteorite,Muonionalusta Meteorite Etched Fragment 16.8 Grams,33.99,2023-02-18,16.8,2.02,WorthPoint
muonionalusta-meteorite,Meteorite - 109.7g Muonionalusta Polished And Etched Full Slice,327.95,2023-02-15,109.7,2.99,WorthPoint
muonionalusta-meteorite,22.5 Gram MUONIONALUSTA ECTHED IRON METEORITE - Slice - Found In Sweden,65.8,2023-02-14,22.5,2.92,WorthPoint
muonionalusta-meteorite,Cook Islands Silver 2011 $5 Muonionalusta Meteorite Sterling Silver W/ Meteorite Fragment,113.29,2023-02-12,,,WorthPoint
muonionalusta-meteorite,Low Price! Terrific Thin Slice! Muonionalusta Swedish Iron Meteorite 29.2 Gms,86.25,2023-02-11,29.2,2.95,WorthPoint
muonionalusta-meteorite,Genuine Muonionalusta Meteorite (183.3 Grams) Octahedrite IVA Sweden 1906 W/ COA,299.99,2023-02-05,183.3,1.64,WorthPoint
muonionalusta-meteorite,22.2 Gram MUONIONALUSTA ECTHED IRON METEORITE - SLICE - Found In Sweden,55.3,2023-02-01,22.2,2.49,WorthPoint
muonionalusta-meteorite,"Rare! Iron Meteorite Muonionalusta, Sweden, Etched Block, LARGE TROILITE 239.5 G",1317.99,2023-01-30,239.5,5.5,WorthPoint
muonionalusta-meteorite,6.90 Gram MUONIONALUSTA ECTHED IRON METEORITE Specimen - Found In SWEDEN,31.5,2023-01-24,6.9,4.57,WorthPoint
muonionalusta-meteorite,20.4 Gram MUONIONALUSTA ECTHED IRON METEORITE - Slice - Found In Sweden,60.0,2023-01-12,20.4,2.94,WorthPoint
muonionalusta-meteorite,Muonionalusta Meteorite Etched Fragment 10.28 Grams,20.99,2023-01-10,10.28,2.04,WorthPoint
muonionalusta-meteorite,Muonionalusta Meteorite Etched Fragment 4.09 Grams,8.99,2023-01-09,4.09,2.2,WorthPoint
muonionalusta-meteorite,14.0 Gram MUONIONALUSTA ECTHED IRON METEORITE - Slice - Found In Sweden,39.2,2023-01-05,14.0,2.8,WorthPoint
muonionalusta-meteorite,13.1 Gram MUONIONALUSTA ECTHED IRON METEORITE - Slice - Found In Sweden,42.0,2023-01-02,13.1,3.21,WorthPoint
muonionalusta-meteorite,Genuine Muonionalusta Meteorite Slice (34.6 Grams),969.5,2022-12-29,34.6,28.02,WorthPoint
muonionalusta-meteorite,10PCS Muonionalusta Ecthed Iron Meteorite Pendant,17.5,2022-12-29,,,WorthPoint
muonionalusta-meteorite,19.0 Gram MUONIONALUSTA ECTHED IRON METEORITE - Slice - Found In Sweden,42.0,2022-12-29,19.0,2.21,WorthPoint
muonionalusta-meteorite,4.52 Gram MUONIONALUSTA ECTHED IRON METEORITE -slice - Found In Sweden,21.0,2022-12-26,4.52,4.65,WorthPoint
muonionalusta-meteorite,20.1 Gram MUONIONALUSTA ECTHED IRON METEORITE - Slice - Found In Sweden,56.0,2022-12-21,20.1,2.79,WorthPoint
muonionalusta-meteorite,Muonionalusta Meteorite Etched Fragment 27.75 Grams,55.95,2022-12-20,27.75,2.02,WorthPoint
muonionalusta-meteorite,10.32 Gram MUONIONALUSTA ECTHED IRON METEORITE - Slice - Found In Sweden,28.0,2022-12-19,10.32,2.71,WorthPoint
muonionalusta-meteorite,Muonionalusta Meteorite Etched Fragment 28.9 Grams,57.99,2022-12-18,28.9,2.01,WorthPoint
muonionalusta-meteorite,Amazing 136 Gm. Muonionalusta Etched Meteorite Slab,251.1,2022-12-17,136.0,1.85,WorthPoint
muonionalusta-meteorite,Muonionalusta Meteorite Jewelry Stainless Steel Meteorite Cufflink Pair 0110,94.6,2022-12-17,,,WorthPoint
muonionalusta-meteorite,15.7 Gram MUONIONALUSTA ECTHED IRON METEORITE - Slice - Found In Sweden,82.0,2022-12-17,15.7,5.22,WorthPoint
muonionalusta-meteorite,"Iron Meteorite Muonionalusta, Sweden, Nice Cut Piece 109 Grams Excellent Pattern",217.99,2022-12-15,109.0,2.0,WorthPoint
muonionalusta-meteorite,Amazing 202 Gm. Muonionalusta Etched Meteorite Slab Perfect For Rings,368.1,2022-12-13,202.0,1.82,WorthPoint
muonionalusta-meteorite,"Iron Meteorite Muonionalusta, Sweden, Necklace, Pendant Star Small",109.99,2022-12-13,,,WorthPoint
muonionalusta-meteorite,Large 1088 Gm. Muonionalusta Meteorite Slab Piece; 2.4 Lb,1100.0,2022-12-12,1088.0,1.01,WorthPoint
muonionalusta-meteorite,102g Muonionalusta Meteorite Slice,56.0,2022-12-11,102.0,0.55,WorthPoint
muonionalusta-meteorite,32.9 Gram MUONIONALUSTA ECTHED IRON METEORITE - Slice - Found In Sweden,70.0,2022-12-11,32.9,2.13,WorthPoint
muonionalusta-meteorite,2011 Cook Islands Muonionalusta Meteorite 20 Gm .999 Silver Coin In Tin/Cert,99.99,2022-12-08,20.0,5.0,WorthPoint
muonionalusta-meteorite,Meteorite - 40.2g Muonionalusta Polished And Etched Slice,117.95,2022-12-05,40.2,2.93,WorthPoint
muonionalusta-meteorite,35.2 Gram MUONIONALUSTA ECTHED IRON METEORITE - End Cut - Found In Sweden,88.0,2022-12-05,35.2,2.5,WorthPoint
muonionalusta-meteorite,Beautiful Etched MUONIONALUSTA Meteorite Ring I Size 7.75 - TOP METEORITE,110.0,2022-12-03,,,WorthPoint
muonionalusta-meteorite,32.0 Gram MUONIONALUSTA ECTHED IRON METEORITE - Slice - Found In Sweden,99.0,2022-12-03,32.0,3.09,WorthPoint
muonionalusta-meteorite,9.32 Gram MUONIONALUSTA ECTHED IRON METEORITE - Slice - Found In Sweden,28.0,2022-12-02,9.32,3.0,WorthPoint
muonionalusta-meteorite,14.5 Gram MUONIONALUSTA ECTHED IRON METEORITE - Slice - Found In Sweden,46.4,2022-12-01,14.5,3.2,WorthPoint
muonionalusta-meteorite,11.75 Gram MUONIONALUSTA ECTHED IRON METEORITE - Nugget - Found In Sweden,24.0,2022-12-01,11.75,2.04,WorthPoint
muonionalusta-meteorite,18.9 Gram MUONIONALUSTA ECTHED IRON METEORITE - Slice - Found In Sweden,64.0,2022-11-30,18.9,3.39,WorthPoint
muonionalusta-meteorite,Amazing 151 Gm. Muonionalusta Etched Meteorite Slab Perfect For Rings,305.1,2022-11-29,151.0,2.02,WorthPoint
muonionalusta-meteorite,Amazing 154 Gm. Muonionalusta Etched Meteorite Slab Perfect For Rings,305.1,2022-11-29,154.0,1.98,WorthPoint
muonionalusta-meteorite,Muonionalusta Meteorite Etched Fragment 15.6 Grams,31.95,2022-11-28,15.6,2.05,WorthPoint
muonionalusta-meteorite,"Iron Meteorite Muonionalusta, Sweden, Nice Cut Piece 103 Grams Excellent Pattern",205.99,2022-11-26,103.0,2.0,WorthPoint
muonionalusta-meteorite,17.0 Gram MUONIONALUSTA ECTHED IRON METEORITE - Slice - Found In Sweden,68.0,2022-11-26,17.0,4.0,WorthPoint
muonionalusta-meteorite,Large 450 Gm. Muonionalusta Meteorite End Piece; 1 Lb,629.1,2022-11-24,450.0,1.4,WorthPoint
muonionalusta-meteorite,IMPACT MOMENTS METEORITE Muonionalusta 2 Oz. Silver Coin Niue 2021,269.0,2022-11-23,56.7,4.74,WorthPoint
muonionalusta-meteorite,"1906, Muonionalusta Iron Meteorite, Norrbottens, Sweden 5.0 Grams",27.0,2022-11-22,5.0,5.4,WorthPoint
muonionalusta-meteorite,Muonionalusta Meteorite Etched Fragment 14.65 Grams,29.95,2022-11-18,14.65,2.04,WorthPoint
muonionalusta-meteorite,Meteorite - 8.6g Muonionalusta Polished And Etched Slice,27.95,2022-11-14,8.6,3.25,WorthPoint
muonionalusta-meteorite,22.0 Gram MUONIONALUSTA ECTHED IRON METEORITE - Slice - Found In Sweden,60.0,2022-11-13,22.0,2.73,WorthPoint
muonionalusta-meteorite,Amazing 226 Gm. Muonionalusta Etched Meteorite Slab Perfect For Rings,404.19,2022-11-09,226.0,1.79,WorthPoint
muonionalusta-meteorite,MUONIONALUSTA IRON METEORITE PENDANT $108 Sterling 925 Silver Jewelry STARBORN,108.0,2022-11-06,,,WorthPoint
muonionalusta-meteorite,Muonionalusta Meteorite Partial Cube,1562.5,2022-11-04,,,WorthPoint
muonionalusta-meteorite,Muonionalusta Meteorite Knife,9375.0,2022-11-04,,,WorthPoint
muonionalusta-meteorite,Meteorite Bracelet I Beautiful Etched MUONIONALUSTA Meteorite Jewelry - TOP,180.0,2022-11-03,,,WorthPoint
muonionalusta-meteorite,19.1 Gram MUONIONALUSTA ECTHED IRON METEORITE - SLICE - Found In Sweden,63.2,2022-11-01,19.1,3.31,WorthPoint
muonionalusta-meteorite,"Iron Meteorite Muonionalusta, Sweden, Small Sphere, 32.9 Gr, Excellent Pattern",149.99,2022-10-23,32.9,4.56,WorthPoint
muonionalusta-meteorite,12.3 Gram MUONIONALUSTA ECTHED IRON METEORITE - Slice - Found In Sweden,48.0,2022-10-18,12.3,3.9,WorthPoint
muonionalusta-meteorite,28.5 Gram MUONIONALUSTA ECTHED IRON METEORITE - Slice - Found In Sweden,76.0,2022-10-18,28.5,2.67,WorthPoint
muonionalusta-meteorite,Meteorite - 107.2g Muonionalusta Polished And Etched Full Slice,297.95,2022-10-11,107.2,2.78,WorthPoint
muonionalusta-meteorite,13.9 Gram MUONIONALUSTA ECTHED IRON METEORITE - Slice - Found In Sweden,44.8,2022-10-11,13.9,3.22,WorthPoint
muonionalusta-meteorite,476 Gram MUONIONALUSTA ECTHED/CLEANED IRON METEORITE - INDIVIDUAL,608.0,2022-10-11,476.0,1.28,WorthPoint
muonionalusta-meteorite,"Muonionalusta 254.79g Meteorite Slice, Full Slice, High Quality Etch & Protected",599.0,2022-10-07,254.79,2.35,WorthPoint
muonionalusta-meteorite,Amazing 268gm. Muonionalusta Etched Meteorite Slab Perfect For Rings,404.1,2022-10-03,268.0,1.51,WorthPoint
muonionalusta-meteorite,Muonionalusta Meteorite Sweden 18.0 Grams,55.0,2022-09-29,18.0,3.06,WorthPoint
muonionalusta-meteorite,Muonionalusta Meteorite Etched Slice 20.92 Grams 70x54x2mm,41.99,2022-09-28,20.92,2.01,WorthPoint
muonionalusta-meteorite,12.8 Gram MUONIONALUSTA ECTHED IRON METEORITE - SLICE - Found In Sweden,39.2,2022-09-26,12.8,3.06,WorthPoint
muonionalusta-meteorite,13.1 Grams MUONIONALUSTA OXIDE Low Iron Meteorite Fragment Fell In SWEDEN + COA,5.49,2022-09-23,13.1,0.42,WorthPoint
muonionalusta-meteorite,Meteorite Pendant I Beautiful Etched MUONIONALUSTA - TOP Meteorite Jewelry,65.0,2022-09-21,,,WorthPoint
muonionalusta-meteorite,"Meteorite Pendant, Genuine Etched Muonionalusta Slice With Graphite Inclusions",32.0,2022-09-20,,,WorthPoint
muonionalusta-meteorite,15.8 Gram MUONIONALUSTA ECTHED IRON METEORITE - Slice - Found In Sweden,52.0,2022-09-17,15.8,3.29,WorthPoint
muonionalusta-meteorite,"Muonionalusta Meteorite 0.8""x0.5"" RECTANGLE Slice",42.0,2022-09-15,,,WorthPoint
muonionalusta-meteorite,Amazing 118 Gm. Muonionalusta Meteorite Slab; .26 Lbs Perfect For Rings,179.1,2022-09-13,118.0,1.52,WorthPoint
muonionalusta-meteorite,Genuine Muonionalusta Meteorite Slice (39.3 Grams),1575.0,2022-09-12,39.3,40.08,WorthPoint
muonionalusta-meteorite,20.00 Gram MUONIONALUSTA ECTHED IRON METEORITE - Slice - Found In Sweden,68.0,2022-09-11,20.0,3.4,WorthPoint
muonionalusta-meteorite,Meteorite Tablet Muonionalusta Etched W/Widmanst√§tten Pattern - 40mm - 33g,179.0,2022-09-10,33.0,5.42,WorthPoint
muonionalusta-meteorite,Amazing 162 Gm. Muonionalusta Etched Meteorite Slab Perfect For Rings,323.1,2022-09-10,162.0,1.99,WorthPoint
muonionalusta-meteorite,Muonionalusta Meteorite Necklace Pendant Master Carving,196.0,2022-09-08,,,WorthPoint
muonionalusta-meteorite,Muonionalusta Meteorite Etched Fragment 20.6 Grams,41.95,2022-09-05,20.6,2.04,WorthPoint
muonionalusta-meteorite,"Meteorite Pendant, Genuine Etched Muonionalusta Slice",31.0,2022-09-05,,,WorthPoint
muonionalusta-meteorite,Pendant Displays A Muonionalusta Meteorite Slice Set In Sterling Silver,365.0,2022-08-29,,,WorthPoint
muonionalusta-meteorite,2019 Muonionalusta Meteorite Coin Niue $1 Mintage 818 Nibelungs Legend,310.0,2022-08-29,,,WorthPoint
muonionalusta-meteorite,3.84 Grams 20x13x2mm MUONIONALUSTA Iron Meteorite Cut Fragment - Fell In SWEDEN,11.99,2022-08-28,3.84,3.12,WorthPoint
muonionalusta-meteorite,Muonionalusta Meteorite Etched Fragment 13.23 Grams,30.01,2022-08-28,13.23,2.27,WorthPoint
muonionalusta-meteorite,Low Price! Incredible Internal Crystal! Muonionalusta Iron Meteorite 369 Gms,674.25,2022-08-26,369.0,1.83,WorthPoint
muonionalusta-meteorite,3.30 Grams 20x15x2mm MUONIONALUSTA Iron Meteorite Cut Fragment - Fell In SWEDEN,11.49,2022-08-26,3.3,3.48,WorthPoint
muonionalusta-meteorite,24.1 Gram MUONIONALUSTA ECTHED IRON METEORITE - Slice - Found In Sweden,68.0,2022-08-25,24.1,2.82,WorthPoint
muonionalusta-meteorite,Muonionalusta Meteorite Etched Slice 23.53 Grams 77x40x2mm,49.95,2022-08-24,23.53,2.12,WorthPoint
muonionalusta-meteorite,17.9 Gram MUONIONALUSTA ECTHED IRON METEORITE - Slice - Found In Sweden,56.16,2022-08-18,17.9,3.14,WorthPoint
muonionalusta-meteorite,24.2 Gram MUONIONALUSTA ECTHED IRON METEORITE - Slice - Found In Sweden,56.94,2022-08-17,24.2,2.35,WorthPoint
muonionalusta-meteorite,13.22 Grams MUONIONALUSTA Iron Meteorite Cut Slice Fragment - Fell In SWEDEN,12.99,2022-08-17,13.22,0.98,WorthPoint
muonionalusta-meteorite,65.7 Gram MUONIONALUSTA ECTHED IRON METEORITE - Slice - Found In Sweden,153.66,2022-08-16,65.7,2.34,WorthPoint
muonionalusta-meteorite,Muonionalusta Meteorite Etched Fragment 7.93 Grams,23.99,2022-08-16,7.93,3.03,WorthPoint
muonionalusta-meteorite,Amazing 216 Gm. Muonionalusta Etched Meteorite Slab; .5 Lbs Perfect For Rings,404.1,2022-08-14,216.0,1.87,WorthPoint
muonionalusta-meteorite,"1906, Muonionalusta Iron Meteorite, Norrbottens, Sweden 3.88 Grams",32.0,2022-08-14,3.88,8.25,WorthPoint
muonionalusta-meteorite,18.6 Gram MUONIONALUSTA ECTHED IRON METEORITE - Slice - Found In Sweden,75.0,2022-08-14,18.6,4.03,WorthPoint
muonionalusta-meteorite,31.4 Gram MUONIONALUSTA ECTHED IRON METEORITE - Slice - Found In Sweden,94.0,2022-08-14,31.4,2.99,WorthPoint
muonionalusta-meteorite,2.92 Grams 15x15x2mm MUONIONALUSTA Iron Meteorite Cut Fragment - Fell In SWEDEN,9.99,2022-08-14,2.92,3.42,WorthPoint
muonionalusta-meteorite,4.06 Grams 20x14x2mm MUONIONALUSTA Iron Meteorite Cut Fragment - Fell In SWEDEN,11.49,2022-08-12,4.06,2.83,WorthPoint
muonionalusta-meteorite,3.24 Grams 25x10x3mm MUONIONALUSTA Iron Meteorite Cut Fragment - Fell In SWEDEN,5.99,2022-08-12,3.24,1.85,WorthPoint
muonionalusta-meteorite,3.50 Grams 20x11x2mm MUONIONALUSTA Iron Meteorite Cut Fragment - Fell In SWEDEN,10.99,2022-08-12,3.5,3.14,WorthPoint
muonionalusta-meteorite,13.2 Grams MUONIONALUSTA OXIDE Low Iron Meteorite Fragment Fell In SWEDEN + COA,5.49,2022-08-12,13.2,0.42,WorthPoint
muonionalusta-meteorite,Low Price! Terrific Slice! Muonionalusta Swedish Iron Meteorite 18.7 Gms,51.75,2022-08-11,18.7,2.77,WorthPoint
muonionalusta-meteorite,Amazing 236 Gm. Muonionalusta Etched Meteorite End Piece,359.1,2022-08-10,236.0,1.52,WorthPoint
muonionalusta-meteorite,2.37 Grams 15x7x4mm MUONIONALUSTA Iron Meteorite Cut Fragment - Fell In SWEDEN,5.99,2022-08-09,2.37,2.53,WorthPoint
muonionalusta-meteorite,Amazing 264 Gm. Muonionalusta Etched Meteorite Slab Perfect For Rings,404.1,2022-08-09,264.0,1.53,WorthPoint
muonionalusta-meteorite,Muonionalusta Meteorite Etched Fragment 6.28 Grams,18.99,2022-08-07,6.28,3.02,WorthPoint
muonionalusta-meteorite,3.81 Grams 20x15x2mm MUONIONALUSTA Iron Meteorite Cut Fragment - Fell In SWEDEN,11.49,2022-08-07,3.81,3.02,WorthPoint
muonionalusta-meteorite,Amazing 390 Gm. Muonionalusta Etched Meteorite Slab Perfect For Rings,593.1,2022-08-06,390.0,1.52,WorthPoint
muonionalusta-meteorite,Amazing 155 Gm. Muonionalusta Etched Meteorite Slab Perfect For Rings,233.1,2022-08-06,155.0,1.5,WorthPoint
muonionalusta-meteorite,"48g Slice Meteorites, Muonionalusta Meteorite Part Slice E2824",99.0,2022-08-06,48.0,2.06,WorthPoint
muonionalusta-meteorite,3.19 Grams 20x11x2mm MUONIONALUSTA Iron Meteorite Cut Fragment - Fell In SWEDEN,10.99,2022-08-04,3.19,3.45,WorthPoint
muonionalusta-meteorite,58.9 Gram MUONIONALUSTA ECTHED IRON METEORITE - Slice - Found In Sweden,144.0,2022-08-02,58.9,2.44,WorthPoint
muonionalusta-meteorite,"Meteorite Lot Chondrite, Breja, Uruacu, Sikote, NWA, Koltsovo, Muonionalusta",174.5,2022-08-02,,,WorthPoint
muonionalusta-meteorite,23.4 Gram MUONIONALUSTA ECTHED IRON METEORITE - Slice - Found In Sweden,75.2,2022-08-02,23.4,3.21,WorthPoint
muonionalusta-meteorite,"Muonionalusta Iron Meteorite Etched Slice With Inclusion 80.7g Sweden, COA",265.0,2022-08-01,80.7,3.28,WorthPoint
muonionalusta-meteorite,5.8 Gram Muonionalusta Ecthed Iron Meteorite Thin Slice Found In Sweden,12.95,2022-08-01,5.8,2.23,WorthPoint
muonionalusta-meteorite,4.30 Grams 20x14x2mm MUONIONALUSTA Iron Meteorite Cut Fragment - Fell In SWEDEN,11.49,2022-08-01,4.3,2.67,WorthPoint
muonionalusta-meteorite,4.36 Grams 26x15x2mm MUONIONALUSTA Iron Meteorite Cut Fragment - Fell In SWEDEN,12.99,2022-08-01,4.36,2.98,WorthPoint
muonionalusta-meteorite,3.52 Grams 14x12x3mm MUONIONALUSTA Iron Meteorite Cut Fragment - Fell In SWEDEN,11.49,2022-08-01,3.52,3.26,WorthPoint
muonionalusta-meteorite,1.94 Grams 13x12x6mm MUONIONALUSTA Iron Meteorite Cut Fragment - Fell In SWEDEN,5.99,2022-07-29,1.94,3.09,WorthPoint
muonionalusta-meteorite,16.0 Gram MUONIONALUSTA ECTHED IRON METEORITE - Slice - Found In Sweden,52.0,2022-07-29,16.0,3.25,WorthPoint
muonionalusta-meteorite,"Iron Meteorite Muonionalusta, Sweden, Earrings Polar Star",304.99,2022-07-27,,,WorthPoint
muonionalusta-meteorite,Muonionalusta Meteorite Bead Tektite Impactite Sweden Jewelry Widmanstatten,28.0,2022-07-25,,,WorthPoint
muonionalusta-meteorite,2.91 Grams 15x14x2mm MUONIONALUSTA Iron Meteorite Cut Fragment - Fell In SWEDEN,9.99,2022-07-22,2.91,3.43,WorthPoint
muonionalusta-meteorite,"Genuine Meteorite Dog Tag Necklace! Large Muonionalusta Pendant With 20"" Chain!",49.99,2022-07-15,,,WorthPoint
muonionalusta-meteorite,Muonionalusta Meteorite Specimen Riker Display Sweden Meteorites 14.2 Grams,30.99,2022-07-13,14.2,2.18,WorthPoint
muonionalusta-meteorite,12.7 Gram MUONIONALUSTA ECTHED IRON METEORITE - Slice - Found In Sweden,41.6,2022-07-13,12.7,3.28,WorthPoint
muonionalusta-meteorite,Amazing 153 Gm. Muonionalusta Etched Meteorite Slab Perfect For Rings,233.1,2022-07-11,153.0,1.52,WorthPoint
muonionalusta-meteorite,Rare Authentic Meteorite Iron MUONIONALUSTA Etched Slice Slab Piece 202 Grams,325.0,2022-07-10,202.0,1.61,WorthPoint
muonionalusta-meteorite,10.01 Gram MUONIONALUSTA ECTHED IRON METEORITE Specimen - Found In SWEDEN,36.0,2022-07-03,10.01,3.6,WorthPoint
muonionalusta-meteorite,Meteorite RingÔºåMuonionalusta Meteorite RingÔºåCustomizable Size,99.99,2022-07-01,,,WorthPoint
muonionalusta-meteorite,2011 Cook Islands Silver Proof Muonionalusta Meteorite Genuine Embedded Fragment,185.0,2022-06-30,,,WorthPoint
muonionalusta-meteorite,Muonionalusta Meteorite I Love You Pocket Watch Meteorite Jewelry,75.9,2022-06-28,,,WorthPoint
muonionalusta-meteorite,2019 Muonionalusta Meteorite Coin Niue $1 Mintage 818,275.0,2022-06-27,,,WorthPoint
muonionalusta-meteorite,48.5 Gram MUONIONALUSTA ECTHED IRON METEORITE - Slice - Found In Sweden,116.8,2022-06-23,48.5,2.41,WorthPoint
muonionalusta-meteorite,1084 Gram MUONIONALUSTA ETCHED IRON METEORITE - Slice - Found In Sweden,157.0,2022-06-22,1084.0,0.14,WorthPoint
muonionalusta-meteorite,Muonionalusta Meteorite Etched Fragment 18.36 Grams,50.95,2022-06-21,18.36,2.78,WorthPoint
muonionalusta-meteorite,Muonionalusta Meteorite Etched Fragment 20.02 Grams,49.95,2022-06-21,20.02,2.5,WorthPoint
muonionalusta-meteorite,Muonionalusta Meteorite Etched Fragment 16.61 Grams,44.95,2022-06-20,16.61,2.71,WorthPoint
muonionalusta-meteorite,Amazing 186 Gm. Muonionalusta Etched Meteorite Slab Perfect For Rings,233.1,2022-06-19,186.0,1.25,WorthPoint
muonionalusta-meteorite,22.4 Gram MUONIONALUSTA ECTHED IRON METEORITE - Slice - Found In Sweden,54.4,2022-06-18,22.4,2.43,WorthPoint
muonionalusta-meteorite,Muonionalusta Meteorite 3x2cm RECTANGLE Slice,100.0,2022-06-18,,,WorthPoint
muonionalusta-meteorite,Muonionalusta Meteorite 2.8cm SQUARE Slice,125.0,2022-06-18,,,WorthPoint
muonionalusta-meteorite,"Authentic Muonionalusta Meteorite - Sweden - 110,000 Years Old",17.0,2022-06-11,,,WorthPoint
muonionalusta-meteorite,11 Grams Slice MeteoritesÔºåMuonionalusta Meteorite Part Slice Q490,19.0,2022-06-07,11.0,1.73,WorthPoint
muonionalusta-meteorite,Meteorite PendantÔºå Muonionalusta Meteorite Necklace Pendant Part Slice Q378,49.0,2022-05-28,,,WorthPoint
muonionalusta-meteorite,Muonionalusta Meteorite Etched Fragment 10.22 Grams,30.99,2022-05-28,10.22,3.03,WorthPoint
muonionalusta-meteorite,165.0 Gram MUONIONALUSTA ECTHED IRON METEORITE LOT - Found In Sweden,280.0,2022-05-27,165.0,1.7,WorthPoint
muonionalusta-meteorite,Amazing 134 Gm. Muonionalusta Etched Meteorite End Piece,206.1,2022-05-26,134.0,1.54,WorthPoint
muonionalusta-meteorite,16.8 Gram MUONIONALUSTA ECTHED IRON METEORITE - Slice - Found In Sweden,64.0,2022-05-25,16.8,3.81,WorthPoint
muonionalusta-meteorite,14.7 Grams 15mm MUONIONALUSTA Iron Meteorite Sphere Ball Shape - Fell In SWEDEN,44.99,2022-05-25,14.7,3.06,WorthPoint
muonionalusta-meteorite,100 Grams Slice MeteoritesÔºåMuonionalusta Meteorite Part Slice Q406,199.0,2022-05-24,100.0,1.99,WorthPoint
muonionalusta-meteorite,40.7 Gram MUONIONALUSTA ECTHED IRON METEORITE - Slice - Found In Sweden,97.6,2022-05-23,40.7,2.4,WorthPoint
muonionalusta-meteorite,15.1 Grams 15mm MUONIONALUSTA Iron Meteorite Sphere Ball Shape - Fell In SWEDEN,49.99,2022-05-22,15.1,3.31,WorthPoint
muonionalusta-meteorite,12 Grams Slice MeteoritesÔºåMuonionalusta Meteorite Part Slice Q321,21.62,2022-05-22,12.0,1.8,WorthPoint
muonionalusta-meteorite,Meteorite RingÔºåMuonionalusta Meteorite Ring ÔºàInside Diameter: 2.0cmÔºâ,20.5,2022-05-22,,,WorthPoint
muonionalusta-meteorite,Muonionalusta Meteorite Etched Fragment 5.02 Grams,14.99,2022-05-20,5.02,2.99,WorthPoint
muonionalusta-meteorite,477 Gram MUONIONALUSTA ECTHED/CLEANED IRON METEORITE - INDIVIDUAL,760.0,2022-05-20,477.0,1.59,WorthPoint
muonionalusta-meteorite,11.7 Gram MUONIONALUSTA ECTHED IRON METEORITE - Slice - Found In Sweden,36.0,2022-05-19,11.7,3.08,WorthPoint
muonionalusta-meteorite,3.23 Gram MUONIONALUSTA ECTHED IRON METEORITE - Slice - Found In Sweden,15.2,2022-05-19,3.23,4.71,WorthPoint
muonionalusta-meteorite,Amazing 236 Gm. Muonionalusta Etched Meteorite Slab Perfect For Rings,431.1,2022-05-17,236.0,1.83,WorthPoint
muonionalusta-meteorite,15.2 Grams MUONIONALUSTA OXIDE Low Iron Meteorite Fragment Fell In SWEDEN + COA,6.49,2022-05-17,15.2,0.43,WorthPoint
muonionalusta-meteorite,Amazing 255 Gm. Muonionalusta Etched Meteorite End Cut Perfect For Rings,350.0,2022-05-15,255.0,1.37,WorthPoint
muonionalusta-meteorite,71 Grams Slice MeteoritesÔºåMuonionalusta Meteorite Part Slice Q339,149.0,2022-05-15,71.0,2.1,WorthPoint
muonionalusta-meteorite,Amazing 161 Gm. Muonionalusta Etched Meteorite Slab Perfect For Rings,323.1,2022-05-12,161.0,2.01,WorthPoint
muonionalusta-meteorite,STABILIZED Muonionalusta Iron Meteorite Etched Slice With Troilite 154g Sweden,490.0,2022-05-07,154.0,3.18,WorthPoint
muonionalusta-meteorite,Muonionalusta Meteorite Etched Fragment 6.60 Grams,19.99,2022-05-05,6.6,3.03,WorthPoint
muonionalusta-meteorite,AMAZING 150 GM. MUONIONALUSTA ETCHED METEORITE SLAB; 2 Separate Pieces,179.1,2022-05-05,150.0,1.19,WorthPoint
muonionalusta-meteorite,17 Grams Slice MeteoritesÔºåMuonionalusta Meteorite Part Slice Q323,28.0,2022-05-03,17.0,1.65,WorthPoint
muonionalusta-meteorite,Cook Islands 2011 Silver $5 Proof Coin - Muonionalusta Meteorite,195.0,2022-05-02,,,WorthPoint
muonionalusta-meteorite,Muonionalusta Fine Octahedrite Meteorite Pendant Necklace Widmanstatten Sweden 9,24.75,2022-05-01,,,WorthPoint
muonionalusta-meteorite,9.09 Grams 13mm MUONIONALUSTA Iron Meteorite Sphere Ball Shape - Fell In SWEDEN,29.99,2022-05-01,9.09,3.3,WorthPoint
muonionalusta-meteorite,"Muonionalusta Meteorite Square Piece In A Square Display Box, From Sweden",44.99,2022-05-01,,,WorthPoint
muonionalusta-meteorite,"Meteorite Pendant Slice, Muonionalusta Meteorite Gold Wire Wrapped Oval Slice.",85.0,2022-04-30,,,WorthPoint
muonionalusta-meteorite,Low Price! Sensational Large Slice! Muonionalusta Swedish Iron Meteorite 268 Gms,411.75,2022-04-30,268.0,1.54,WorthPoint
muonionalusta-meteorite,Amazing 24 Gm. Muonionalusta Troilite Inclusion From Meteorite,40.46,2022-04-29,24.0,1.69,WorthPoint
muonionalusta-meteorite,Amazing 214 Gm. Muonionalusta Etched Meteorite Slab Perfect For Rings,363.69,2022-04-29,214.0,1.7,WorthPoint
muonionalusta-meteorite,"Muonionalusta Meteorite - Fell To Earth Approx. 110,000 Years Ago.",30.0,2022-04-29,,,WorthPoint
muonionalusta-meteorite,11.1 Gram MUONIONALUSTA ECTHED IRON METEORITE - Slice - Found In Sweden,31.5,2022-04-28,11.1,2.84,WorthPoint
muonionalusta-meteorite,Amazing 138 Gm. Muonionalusta Etched Meteorite Slab Perfect For Rings,225.99,2022-04-27,138.0,1.64,WorthPoint
muonionalusta-meteorite,39.1 Gram MUONIONALUSTA ECTHED IRON METEORITE - Slice - Found In Sweden,117.0,2022-04-25,39.1,2.99,WorthPoint
muonionalusta-meteorite,Muonionalusta Meteorite Etched Fragment 28.68 Grams,72.95,2022-04-25,28.68,2.54,WorthPoint
muonionalusta-meteorite,78 Grams Slice MeteoritesÔºåMuonionalusta Meteorite Part Slice Q267,145.0,2022-04-25,78.0,1.86,WorthPoint
muonionalusta-meteorite,13.5 Gram MUONIONALUSTA ECTHED IRON METEORITE - Slice - Found In Sweden,41.6,2022-04-22,13.5,3.08,WorthPoint
muonionalusta-meteorite,"Genuine Meteorite Pendant, Real Etched Muonionalusta Slice!",28.95,2022-04-21,,,WorthPoint
muonionalusta-meteorite,Amazing 92 Gm. Muonionalusta Etched Meteorite Slab,161.1,2022-04-20,92.0,1.75,WorthPoint
muonionalusta-meteorite,9.72 Gram MUONIONALUSTA ECTHED IRON METEORITE - Slice - Found In Sweden,32.0,2022-04-20,9.72,3.29,WorthPoint
muonionalusta-meteorite,6.64 Gram MUONIONALUSTA ECTHED IRON METEORITE Specimen - Found In SWEDEN,31.2,2022-04-20,6.64,4.7,WorthPoint
muonionalusta-meteorite,9.58 Gram MUONIONALUSTA ECTHED IRON METEORITE - Slice - Found In Sweden,32.0,2022-04-18,9.58,3.34,WorthPoint
muonionalusta-meteorite,STABILIZED Muonionalusta Iron Meteorite Etched Slice Fine Octahedrite 52g Sweden,169.0,2022-04-18,52.0,3.25,WorthPoint
muonionalusta-meteorite,43.1 Gram MUONIONALUSTA ECTHED IRON METEORITE - Slice - Found In Sweden,129.0,2022-04-18,43.1,2.99,WorthPoint
muonionalusta-meteorite,12.5 Grams 14mm MUONIONALUSTA Iron Meteorite Sphere Ball Shape - Fell In SWEDEN,39.99,2022-04-18,12.5,3.2,WorthPoint
muonionalusta-meteorite,Meteorite RingÔºåMuonionalusta Meteorite Ring (Inside Diameter: 1.9cm),16.5,2022-04-17,,,WorthPoint
muonionalusta-meteorite,3.75 Gram MUONIONALUSTA ECTHED IRON METEORITE - Slice - Found In Sweden,19.0,2022-04-16,3.75,5.07,WorthPoint
muonionalusta-meteorite,26.0 Gram MUONIONALUSTA ECTHED IRON METEORITE - Slice - Found In Sweden,56.0,2022-04-15,26.0,2.15,WorthPoint
muonionalusta-meteorite,49 Grams Slice MeteoritesÔºåMuonionalusta Meteorite Part Slice Q219,99.0,2022-04-15,49.0,2.02,WorthPoint
muonionalusta-meteorite,Amazing 122 Gm. Muonionalusta Etched Meteorite Slab Perfect For Rings,224.1,2022-04-15,122.0,1.84,WorthPoint
muonionalusta-meteorite,Muonionalusta Etched Iron Meteorite 81 Gm,80.0,2022-04-14,81.0,0.99,WorthPoint
muonionalusta-meteorite,Amazing 222 Gm. Muonionalusta Etched Meteorite Slab Perfect For Rings; 13 Mm Tk,422.1,2022-04-14,222.0,1.9,WorthPoint
muonionalusta-meteorite,63.9 Grams 24mm MUONIONALUSTA Iron Meteorite Sphere Ball Shape - Fell In SWEDEN,138.51,2022-04-13,63.9,2.17,WorthPoint
muonionalusta-meteorite,9.6 Gram MUONIONALUSTA ECTHED IRON METEORITE - Slice - Found In Sweden,28.0,2022-04-11,9.6,2.92,WorthPoint
muonionalusta-meteorite,8.32 Gram MUONIONALUSTA ECTHED IRON METEORITE - Slice - Found In Sweden,19.6,2022-04-11,8.32,2.36,WorthPoint
muonionalusta-meteorite,Meteorite - 127.573g Muonionalusta Polished And Etched Full Slice W/INCLUSION,142.49,2022-04-11,127.573,1.12,WorthPoint
muonionalusta-meteorite,22 Grams Slice MeteoritesÔºåMuonionalusta Meteorite Part Slice Q214,46.0,2022-04-10,22.0,2.09,WorthPoint
muonionalusta-meteorite,Muonionalusta Meteorite Etched Fragment 23.03 Grams,59.95,2022-04-08,23.03,2.6,WorthPoint
muonionalusta-meteorite,Amazing 130 Gm. Muonionalusta Etched Meteorite Slab Perfect For Rings,269.1,2022-04-04,130.0,2.07,WorthPoint
muonionalusta-meteorite,10.18 Gram MUONIONALUSTA ECTHED IRON METEORITE - Slice - Found In Sweden,33.75,2022-04-03,10.18,3.32,WorthPoint
muonionalusta-meteorite,1.63 Grams 8mm MUONIONALUSTA Iron Meteorite Sphere Ball Shape - Fell In SWEDEN,6.99,2022-04-03,1.63,4.29,WorthPoint
muonionalusta-meteorite,10.5 Gram MUONIONALUSTA ECTHED IRON METEORITE - Slice - Found In Sweden,43.0,2022-04-02,10.5,4.1,WorthPoint
muonionalusta-meteorite,9.71 Gram MUONIONALUSTA ECTHED IRON METEORITE - Slice - Found In Sweden,40.0,2022-04-02,9.71,4.12,WorthPoint
muonionalusta-meteorite,Muonionalusta Meteorite Etched Fragment 4.92 Grams,14.99,2022-04-02,4.92,3.05,WorthPoint
muonionalusta-meteorite,Meteorite RingÔºåMuonionalusta Meteorite Ring,51.0,2022-03-29,,,WorthPoint
muonionalusta-meteorite,38 Grams 20mm MUONIONALUSTA Iron Meteorite Sphere Ball Shape - Fell In SWEDEN,99.99,2022-03-27,38.0,2.63,WorthPoint
muonionalusta-meteorite,"300 Gms Of Meteorite Saw Dust; Muonionalusta, ; The Lowest Price",40.45,2022-03-26,300.0,0.13,WorthPoint
muonionalusta-meteorite,Muonionalusta Meteorite 2.36g Etched Gold Plated Pendant,49.0,2022-03-26,2.36,20.76,WorthPoint
muonionalusta-meteorite,"Muonionalusta Meteorite - : Fell To Earth Approx. 110,000 Years Ago.",35.0,2022-03-25,,,WorthPoint
muonionalusta-meteorite,Lot Of Three Muonionalusta Meteorite Sphere's. 28mm 27mm & 26mm.,193.0,2022-03-25,,,WorthPoint
muonionalusta-meteorite,Amazing 240 Gm. Muonionalusta Etched Meteorite Slab Perfect For Rings,467.1,2022-03-25,240.0,1.95,WorthPoint
muonionalusta-meteorite,9.65 Grams 13mm MUONIONALUSTA Iron Meteorite Sphere Ball Shape - Fell In SWEDEN,29.99,2022-03-24,9.65,3.11,WorthPoint
muonionalusta-meteorite,2011 Cook Islands Muonionalusta Meteorite Coin,100.0,2022-03-23,,,WorthPoint
muonionalusta-meteorite,Amazing 628 Gm. Muonionalusta Etched End Cut Meteorite; 1.4 Lbs,1079.1,2022-03-22,628.0,1.72,WorthPoint
muonionalusta-meteorite,1.19 Grams 6mm MUONIONALUSTA Iron BEAD Meteorite Sphere Ball Shape Bead With COA,5.5,2022-03-20,1.19,4.62,WorthPoint
muonionalusta-meteorite,.712 Grams 5mm MUONIONALUSTA Iron Meteorite Sphere Ball Shape - Fell In SWEDEN,5.99,2022-03-15,712.0,0.01,WorthPoint
muonionalusta-meteorite,Muonionalusta Meteorite Etched Fragment 8.51 Grams,25.95,2022-03-14,8.51,3.05,WorthPoint
muonionalusta-meteorite,Muonionalusta Meteorite Etched Fragment 4.39 Grams,13.99,2022-03-13,4.39,3.19,WorthPoint
muonionalusta-meteorite,Original Large Muonionalusta Meteorite Sphere 14.6 Oz Rare!!,899.0,2022-03-12,413.91,2.17,WorthPoint
muonionalusta-meteorite,59.8 Grams 23mm MUONIONALUSTA Iron Meteorite Sphere Ball Shape - Fell In SWEDEN,137.0,2022-03-11,59.8,2.29,WorthPoint
muonionalusta-meteorite,10.6 Gram MUONIONALUSTA ECTHED IRON METEORITE Specimen - Found In SWEDEN,52.8,2022-03-10,10.6,4.98,WorthPoint
muonionalusta-meteorite,17.2 Gram MUONIONALUSTA ECTHED IRON METEORITE - Slice - Found In Sweden,40.0,2022-03-09,17.2,2.33,WorthPoint
muonionalusta-meteorite,6.72 Gram MUONIONALUSTA ECTHED IRON METEORITE Specimen - Found In SWEDEN,31.2,2022-03-09,6.72,4.64,WorthPoint
muonionalusta-meteorite,98 Grams 28mm MUONIONALUSTA Iron Meteorite Sphere Ball Shape - Fell In SWEDEN,165.5,2022-03-08,98.0,1.69,WorthPoint
muonionalusta-meteorite,37.8 Grams 20mm MUONIONALUSTA Iron Meteorite Sphere Ball Shape - Fell In SWEDEN,105.5,2022-03-08,37.8,2.79,WorthPoint
muonionalusta-meteorite,Amazing 212 Gm. Muonionalusta Etched Meteorite Slab; .5 Lbs Perfect For Rings,404.1,2022-03-07,212.0,1.91,WorthPoint
muonionalusta-meteorite,13.4 Grams 15mm MUONIONALUSTA Iron Meteorite Sphere Ball Shape - Fell In SWEDEN,86.0,2022-03-06,13.4,6.42,WorthPoint
muonionalusta-meteorite,Genuine Muonionalusta Meteorite In Glass Display Box,69.0,2022-03-05,,,WorthPoint
muonionalusta-meteorite,Amazing 196 Gm. Muonionalusta Etched Meteorite Slab; .42 Lbs Perfect For Rings,377.1,2022-03-01,196.0,1.92,WorthPoint
muonionalusta-meteorite,"Genuine Meteorite Necklace! Sliced Muonionalusta Meteor On A 20"" Silver Chain!",29.99,2022-02-25,,,WorthPoint
muonionalusta-meteorite,21.0 Gram MUONIONALUSTA ETCHED IRON METEORITE - Slice - Found In Sweden,32.0,2022-02-25,21.0,1.52,WorthPoint
muonionalusta-meteorite,Swedish Muonionalusta Iron Meteorite Slice With Troilite Inclusion 776 Grams,730.0,2022-02-25,776.0,0.94,WorthPoint
muonionalusta-meteorite,Amazing 116 Gm. Muonionalusta Etched End Cut Meteorite; 1.4 Lbs,224.1,2022-02-25,116.0,1.93,WorthPoint
muonionalusta-meteorite,"Meteorites - 2 Muonionalusta,1 CD And 2 Campo Del Cielo Fine Dust Specimen Vials",54.75,2022-02-23,,,WorthPoint
muonionalusta-meteorite,33.9 Gram MUONIONALUSTA ETCHED IRON METEORITE - Slice - Found In Sweden,52.0,2022-02-16,33.9,1.53,WorthPoint
muonionalusta-meteorite,56.5 Gram MUONIONALUSTA ETCHED IRON METEORITE - Slice - Found In Sweden,99.0,2022-02-15,56.5,1.75,WorthPoint
muonionalusta-meteorite,2019 Niue $1 Legend Of Nibelungs Pure Muonionalusta Meteorite Coin Box COA OGP,399.95,2022-02-11,,,WorthPoint
muonionalusta-meteorite,Amazing 116 Gm. Muonionalusta Raw Cut Meteorite Slab; .2 Lbs Perfect For Rings,179.1,2022-02-11,116.0,1.54,WorthPoint
muonionalusta-meteorite,14.2 Gram MUONIONALUSTA ETCHED IRON METEORITE - Slice - Found In Sweden,35.0,2022-02-10,14.2,2.46,WorthPoint
muonionalusta-meteorite,8.59 Gram MUONIONALUSTA ECTHED IRON METEORITE Specimen - Found In SWEDEN,39.0,2022-02-07,8.59,4.54,WorthPoint
muonionalusta-meteorite,Muonionalusta Meteorite 1cm SQUARE Slice,33.0,2022-02-05,,,WorthPoint
muonionalusta-meteorite,Meteorite Muonionalusta Etched Dog Tag Pendant Stainless Frame & Acrylic Coating,16.5,2022-02-03,,,WorthPoint
muonionalusta-meteorite,"56.1 Gram Muonionalusta Etched Meteorite Slice - Iron, IVA - Found 1906 Sweden",194.99,2022-02-02,56.1,3.48,WorthPoint
muonionalusta-meteorite,3.02 Grams 13x11x5mm MUONIONALUSTA Iron Meteorite Cut Fragment - Fell In SWEDEN,15.5,2022-01-31,3.02,5.13,WorthPoint
muonionalusta-meteorite,Amazing 972 Gm. Muonionalusta Etched Meteorite Slab,1889.1,2022-01-31,972.0,1.94,WorthPoint
muonionalusta-meteorite,Meteorites - 16.2g Muonionalusta Small Pieces Specimen Vial,21.95,2022-01-28,16.2,1.35,WorthPoint
muonionalusta-meteorite,2.67 Grams 19mm MUONIONALUSTA Iron Meteorite Small Cut Fragment - Fell In SWEDEN,8.0,2022-01-26,2.67,3.0,WorthPoint
muonionalusta-meteorite,"1906, Muonionalusta Iron Meteorite, Norrbottens, Sweden 4.34 Grams",24.7,2022-01-25,4.34,5.69,WorthPoint
muonionalusta-meteorite,2.68 Grams 19mm MUONIONALUSTA Iron Meteorite Small Cut Fragment - Fell In SWEDEN,6.99,2022-01-25,2.68,2.61,WorthPoint
muonionalusta-meteorite,1.84 Grams 24mm MUONIONALUSTA Iron Meteorite Cut Fragment - Fell In SWEDEN W/COA,6.8,2022-01-23,1.84,3.7,WorthPoint
muonionalusta-meteorite,2.65 Grams 15mm MUONIONALUSTA Iron Meteorite Small Cut Fragment - Fell In SWEDEN,6.99,2022-01-20,2.65,2.64,WorthPoint
muonionalusta-meteorite,3.56 Grams 20mm MUONIONALUSTA Iron Meteorite Small Cut Fragment - Fell In SWEDEN,10.0,2022-01-20,3.56,2.81,WorthPoint
muonionalusta-meteorite,2.86 Grams 19mm MUONIONALUSTA Iron Meteorite Small Cut Fragment - Fell In SWEDEN,8.0,2022-01-20,2.86,2.8,WorthPoint
muonionalusta-meteorite,Meteorite Ring Muonionalusta Windmanst√§tten Size 9,117.0,2022-01-19,,,WorthPoint
muonionalusta-meteorite,Genuine Meteorite Necklace! Sliced Muonionalusta Meteor In A Stainless Pendant!,27.99,2022-01-19,,,WorthPoint
muonionalusta-meteorite,1.45 Grams 13mm MUONIONALUSTA Iron Meteorite Small Cut Fragment - Fell In SWEDEN,5.0,2022-01-19,1.45,3.45,WorthPoint
muonionalusta-meteorite,2.72 Grams 19mm MUONIONALUSTA Iron Meteorite Small Cut Fragment - Fell In SWEDEN,9.0,2022-01-17,2.72,3.31,WorthPoint
muonionalusta-meteorite,Meteorite - 11.1g Muonionalusta Polished And Etched Slice,29.95,2022-01-17,11.1,2.7,WorthPoint
muonionalusta-meteorite,19.2 Gram MUONIONALUSTA ECTHED IRON METEORITE - SLICE - Found In Sweden,63.2,2022-01-15,19.2,3.29,WorthPoint
muonionalusta-meteorite,3.13 Grams 20mm MUONIONALUSTA Iron Meteorite Small Cut Fragment - Fell In SWEDEN,10.0,2022-01-12,3.13,3.19,WorthPoint
muonionalusta-meteorite,Museum Quality! Fabulous Full Slice! Muonionalusta Swedish Iron Meteorite 242 Gm,543.75,2022-01-11,242.0,2.25,WorthPoint
muonionalusta-meteorite,Jag Buck Knife 501 Squire Bos Cpm-154 Blade Muonionalusta Meteorite Scales Coa,294.95,2022-01-05,,,WorthPoint
muonionalusta-meteorite,53.7gram 6mm Thick MUONIONALUSTA IRON METEORITE Found In Sweden,79.95,2022-01-04,53.7,1.49,WorthPoint
muonionalusta-meteorite,18.81 Gram MUONIONALUSTA ECTHED IRON METEORITE - THIN SLICE - Found In SWEDEN,99.0,2022-01-01,18.81,5.26,WorthPoint
muonionalusta-meteorite,11.7 Gram MUONIONALUSTA ECTHED/CLEANED IRON METEORITE - INDIVIDUAL,40.0,2022-01-01,11.7,3.42,WorthPoint
muonionalusta-meteorite,"Meteorite Muonionalusta Rectangle Shape Sterling Silver Pendant Necklace 18""",45.0,2021-12-30,,,WorthPoint
muonionalusta-meteorite,Meteorites - 21 Muonionalusta And 1 Campo Del Cielo Dust/Cuttings Specimen Vials,249.5,2021-12-30,,,WorthPoint
muonionalusta-meteorite,34.1 Gram MUONIONALUSTA ECTHED IRON METEORITE - Slice - Found In Sweden,95.0,2021-12-26,34.1,2.79,WorthPoint
muonionalusta-meteorite,Niue - 2016 Muonionalusta Meteorite - Pure Meteorite Proof Coin,601.69,2021-12-26,,,WorthPoint
muonionalusta-meteorite,2.53 Grams 19mm MUONIONALUSTA Iron Meteorite Small Cut Fragment - Fell In SWEDEN,8.0,2021-12-24,2.53,3.16,WorthPoint
muonionalusta-meteorite,4.63 Grams MUONIONALUSTA Iron Meteorite Small Weird Cut Pendant - SWEDEN W/ COA,26.0,2021-12-23,4.63,5.62,WorthPoint
muonionalusta-meteorite,23.02 Gram MUONIONALUSTA ECTHED IRON METEORITE - THIN SLICE - Found In SWEDEN,128.8,2021-12-21,23.02,5.6,WorthPoint
muonionalusta-meteorite,2.08 Grams 20mm MUONIONALUSTA Iron Meteorite Small Cut Fragment - Fell In SWEDEN,6.99,2021-12-21,2.08,3.36,WorthPoint
muonionalusta-meteorite,27.1 Gram MUONIONALUSTA ECTHED IRON METEORITE - Slice - Found In Sweden,88.0,2021-12-21,27.1,3.25,WorthPoint
muonionalusta-meteorite,49.1 Gram MUONIONALUSTA ECTHED IRON METEORITE - Slice - Found In Sweden,120.0,2021-12-21,49.1,2.44,WorthPoint
muonionalusta-meteorite,3.10 Grams 17mm MUONIONALUSTA Iron Meteorite Small Cut Fragment - Fell In SWEDEN,9.99,2021-12-21,3.1,3.22,WorthPoint
muonionalusta-meteorite,5.02 Grams MUONIONALUSTA Iron Meteorite Small Weird Cut Pendant - SWEDEN W/ COA,22.5,2021-12-20,5.02,4.48,WorthPoint
muonionalusta-meteorite,3.25 Grams MUONIONALUSTA Iron Meteorite Small Weird Cut Pendant - SWEDEN W/ COA,32.07,2021-12-20,3.25,9.87,WorthPoint
muonionalusta-meteorite,A Sphere Cut Pendant Out Of The Muonionalusta Meteorite,151.53,2021-12-20,,,WorthPoint
muonionalusta-meteorite,2.90 Grams 20mm MUONIONALUSTA Iron Meteorite Cut Fragment - Fell In SWEDEN W/COA,9.0,2021-12-19,2.9,3.1,WorthPoint
muonionalusta-meteorite,2.76 Grams MUONIONALUSTA Iron Meteorite Small Weird Cut Pendant - SWEDEN W/ COA,20.5,2021-12-18,2.76,7.43,WorthPoint
muonionalusta-meteorite,3.57 Grams 20mm MUONIONALUSTA Iron Meteorite Small Cut Fragment - Fell In SWEDEN,10.0,2021-12-18,3.57,2.8,WorthPoint
muonionalusta-meteorite,Beautiful Etched MUONIONALUSTA Meteorite Ring I Size 8 - TOP METEORITE,90.0,2021-12-18,,,WorthPoint
muonionalusta-meteorite,3.10 Grams 22mm MUONIONALUSTA Iron Meteorite Cut Fragment - Fell In SWEDEN W/COA,11.0,2021-12-17,3.1,3.55,WorthPoint
muonionalusta-meteorite,"Sterling Silver, Moldavite And Muonionalusta Meteorite Star Pendant",138.0,2021-12-16,,,WorthPoint
muonionalusta-meteorite,3.67 Grams 20mm MUONIONALUSTA Iron Meteorite Small Cut Fragment - Fell In SWEDEN,11.0,2021-12-15,3.67,3.0,WorthPoint
muonionalusta-meteorite,2.92 Grams 19mm MUONIONALUSTA Iron Meteorite Small Cut Fragment - Fell In SWEDEN,9.0,2021-12-15,2.92,3.08,WorthPoint
muonionalusta-meteorite,2.22 Grams 19mm MUONIONALUSTA Iron Meteorite Small Cut Fragment - Fell In SWEDEN,7.0,2021-12-15,2.22,3.15,WorthPoint
muonionalusta-meteorite,11.2 Gram MUONIONALUSTA ECTHED IRON METEORITE Specimen - Found In SWEDEN,52.8,2021-12-13,11.2,4.71,WorthPoint
muonionalusta-meteorite,Meteorite - 22.3g Muonionalusta Polished And Etched Slice,67.95,2021-12-13,22.3,3.05,WorthPoint
muonionalusta-meteorite,3.58 Grams 15mm MUONIONALUSTA Iron Meteorite Cut Fragment - Fell In SWEDEN W/COA,12.0,2021-12-10,3.58,3.35,WorthPoint
muonionalusta-meteorite,3.40 Grams 15mm MUONIONALUSTA Iron Meteorite Cut Fragment - Fell In SWEDEN W/COA,11.0,2021-12-08,3.4,3.24,WorthPoint
muonionalusta-meteorite,"Muonionalusta 30.06g Meteorite, Partial Slice With Great Etch, Sealed, IMCA#6236",77.0,2021-12-08,30.06,2.56,WorthPoint
muonionalusta-meteorite,Muonionalusta Meteorite Slice. Shows Widmanststten Lines.,36.0,2021-12-07,,,WorthPoint
muonionalusta-meteorite,3.98 Grams 21mm MUONIONALUSTA Iron Meteorite Cut Fragment - Fell In SWEDEN W/COA,12.0,2021-12-07,3.98,3.02,WorthPoint
muonionalusta-meteorite,3.11 Grams 20mm MUONIONALUSTA Iron Meteorite Cut Fragment - Fell In SWEDEN W/COA,10.0,2021-12-07,3.11,3.22,WorthPoint
muonionalusta-meteorite,Amazing 374 Gm. Muonionalusta Etched Meteorite End Cut,674.1,2021-12-07,374.0,1.8,WorthPoint
muonionalusta-meteorite,71.6 Gram MUONIONALUSTA ECTHED IRON METEORITE - Endcut - Found In Sweden,144.0,2021-12-06,71.6,2.01,WorthPoint
muonionalusta-meteorite,Meteorite - 69.4g Muonionalusta Polished And Etched End Piece,209.95,2021-12-05,69.4,3.03,WorthPoint
muonionalusta-meteorite,Amazing 164 Gm. Muonionalusta Etched Meteorite End Cut,296.1,2021-12-05,164.0,1.81,WorthPoint
muonionalusta-meteorite,5.4 Gram MUONIONALUSTA ECTHED IRON METEORITE - Slice - Found In Sweden,28.0,2021-12-04,5.4,5.19,WorthPoint
muonionalusta-meteorite,Meteorite - 6.6g Muonionalusta Polished And Etched Slice,24.95,2021-12-04,6.6,3.78,WorthPoint
muonionalusta-meteorite,2.60 Grams 23mm MUONIONALUSTA Iron Meteorite Small Cut Fragment - Fell In SWEDEN,8.0,2021-12-04,2.6,3.08,WorthPoint
muonionalusta-meteorite,15.3 Gram MUONIONALUSTA ECTHED IRON METEORITE - Slice - Found In Sweden,44.0,2021-12-04,15.3,2.88,WorthPoint
muonionalusta-meteorite,3.14 Grams 21mm MUONIONALUSTA Iron Meteorite Cut Fragment - Fell In SWEDEN W/COA,11.0,2021-12-03,3.14,3.5,WorthPoint
muonionalusta-meteorite,3 Grams 20mm MUONIONALUSTA Iron Meteorite Cut Fragment - Fell In SWEDEN W/COA,11.0,2021-12-02,3.0,3.67,WorthPoint
muonionalusta-meteorite,3.63 Grams 15mm MUONIONALUSTA Iron Meteorite Cut Fragment - Fell In SWEDEN W/COA,12.0,2021-12-02,3.63,3.31,WorthPoint
muonionalusta-meteorite,Muonionalusta Meteorite Necklace Pendant VS009,39.0,2021-12-01,,,WorthPoint
muonionalusta-meteorite,3.88 Gram MUONIONALUSTA ECTHED/CLEANED IRON METEORITE - INDIVIDUAL,15.2,2021-11-29,3.88,3.92,WorthPoint
muonionalusta-meteorite,40.1 Gram MUONIONALUSTA ECTHED IRON METEORITE - Slice - Found In Sweden,96.0,2021-11-29,40.1,2.39,WorthPoint
muonionalusta-meteorite,5 Grams 20mm MUONIONALUSTA Iron Meteorite Cut Fragment - Fell In SWEDEN W/COA,16.0,2021-11-27,5.0,3.2,WorthPoint
muonionalusta-meteorite,4.44 Grams 18mm MUONIONALUSTA Iron Meteorite Small Cut Fragment - Fell In SWEDEN,13.0,2021-11-26,4.44,2.93,WorthPoint
muonionalusta-meteorite,"1400 Gm. Pkg OF METEORITE SAW DUST; MUONIONALUSTA, DUST; THE LOWEST PRICE",134.96,2021-11-25,1400.0,0.1,WorthPoint
muonionalusta-meteorite,2.65 Grams 20mm MUONIONALUSTA Iron Meteorite Cut Fragment - Fell In SWEDEN W/COA,8.0,2021-11-18,2.65,3.02,WorthPoint
muonionalusta-meteorite,18.8 Gram MUONIONALUSTA ECTHED IRON METEORITE - Slice - Found In Sweden,84.15,2021-11-17,18.8,4.48,WorthPoint
muonionalusta-meteorite,14.68 Gram MUONIONALUSTA ECTHED IRON METEORITE Specimen - Found In SWEDEN,51.0,2021-11-15,14.68,3.47,WorthPoint
muonionalusta-meteorite,2.87 Grams 20mm MUONIONALUSTA Iron Meteorite Cut Fragment - Fell In SWEDEN W/COA,10.0,2021-11-13,2.87,3.48,WorthPoint
muonionalusta-meteorite,1061g Muonionalusta Etched Meteorite For Sale,979.0,2021-11-13,1061.0,0.92,WorthPoint
muonionalusta-meteorite,Amazing 130 Gm. Muonionalusta Etched Meteorite End Cut,242.1,2021-11-10,130.0,1.86,WorthPoint
muonionalusta-meteorite,Amazing 136 Gm. Muonionalusta Etched Meteorite End Cut,251.1,2021-11-09,136.0,1.85,WorthPoint
muonionalusta-meteorite,12.16 Gram MUONIONALUSTA ECTHED IRON METEORITE Specimen - Found In SWEDEN,75.0,2021-11-08,12.16,6.17,WorthPoint
muonionalusta-meteorite,Meteorite - 13.6g Muonionalusta Polished And Etched Slice,39.95,2021-11-08,13.6,2.94,WorthPoint
muonionalusta-meteorite,Meteorite Muonionalusta Pendant Collectibles Amulet Jewlry,14.99,2021-11-03,,,WorthPoint
muonionalusta-meteorite,"16.9 Gram MUONIONALUSTA ECTHED IRON METEORITE - Small Lot, Needs Re-etched",21.25,2021-11-02,16.9,1.26,WorthPoint
muonionalusta-meteorite,2.89 Grams 20mm MUONIONALUSTA Iron Meteorite Small Cut Fragment - Fell In SWEDEN,7.0,2021-11-01,2.89,2.42,WorthPoint
muonionalusta-meteorite,Low Price! Five Fabulous Specimens! Muonionalusta Swedish Iron Meteorite 8.84 Gm,33.75,2021-10-31,8.84,3.82,WorthPoint
muonionalusta-meteorite,117.1 Gram MUONIONALUSTA ECTHED IRON METEORITE - Endcut - Found In Sweden,204.0,2021-10-31,117.1,1.74,WorthPoint
muonionalusta-meteorite,3.94 Grams 17mm MUONIONALUSTA Iron Meteorite Small Cut Fragment - Fell In SWEDEN,11.0,2021-10-29,3.94,2.79,WorthPoint
muonionalusta-meteorite,3.58 Grams 19mm MUONIONALUSTA Iron Meteorite Small Cut Fragment - Fell In SWEDEN,10.0,2021-10-29,3.58,2.79,WorthPoint
muonionalusta-meteorite,Meteorite - 38.5g Muonionalusta Polished And Etched Full Slice,114.95,2021-10-28,38.5,2.99,WorthPoint
muonionalusta-meteorite,"2019 MUONIONALUSTA Meteorite, 1 Dollar Niue - Legend Of The Nibelungs",549.0,2021-10-28,,,WorthPoint
muonionalusta-meteorite,3.23 Grams 20mm MUONIONALUSTA Iron Meteorite Small Cut Fragment - Fell In SWEDEN,28.0,2021-10-27,3.23,8.67,WorthPoint
muonionalusta-meteorite,2.79 Grams 20mm MUONIONALUSTA Iron Meteorite Small Cut Fragment - Fell In SWEDEN,6.99,2021-10-27,2.79,2.51,WorthPoint
muonionalusta-meteorite,26.9 Gram MUONIONALUSTA ECTHED IRON METEORITE - Slice - Found In Sweden,63.75,2021-10-24,26.9,2.37,WorthPoint
muonionalusta-meteorite,"Muonionalusta Meteorite Square Piece In A Round Display Box, From Sweden",34.99,2021-10-23,,,WorthPoint
muonionalusta-meteorite,3.12 Grams 20mm MUONIONALUSTA Iron Meteorite Small Cut Fragment - Fell In SWEDEN,10.0,2021-10-23,3.12,3.21,WorthPoint
muonionalusta-meteorite,2.43 Grams 20mm MUONIONALUSTA Iron Meteorite Small Cut Fragment - Fell In SWEDEN,6.99,2021-10-22,2.43,2.88,WorthPoint
muonionalusta-meteorite,94.6g Muonionalusta Ecthed Iron Meteorite Leftover Material Thin Slice,20.5,2021-10-19,94.6,0.22,WorthPoint
muonionalusta-meteorite,Muonionalusta Meteorite Necklace Pendant VS010,39.0,2021-10-18,,,WorthPoint
muonionalusta-meteorite,Meteorite - 91.3g Muonionalusta Polished And Etched Full Slice,249.95,2021-10-17,91.3,2.74,WorthPoint
muonionalusta-meteorite,MUONIONALUSTA Meteorite Earrings - TOP METEORITE Jewelry,120.0,2021-10-15,,,WorthPoint
muonionalusta-meteorite,21.3 Gram MUONIONALUSTA ECTHED IRON METEORITE - Slice - Found In Sweden,63.75,2021-10-14,21.3,2.99,WorthPoint
muonionalusta-meteorite,"Muonionalusta 48.05g Iron Meteorite From Sweden, THIN END CUT, IMCA #6236",127.0,2021-10-11,48.05,2.64,WorthPoint
muonionalusta-meteorite,"Muonionalusta Meteorite Pendant, From Sweden",54.99,2021-10-11,,,WorthPoint
muonionalusta-meteorite,NEW! Muonionalusta Meteorite Display Stand Black Wooden Label --FREE SHIPPING!,16.0,2021-10-03,,,WorthPoint
muonionalusta-meteorite,Muonionalusta Meteorite Etched Part Slice 60 Grams!,107.8,2021-10-03,60.0,1.8,WorthPoint
muonionalusta-meteorite,Muonionalusta Meteorite Pendant Z010,39.99,2021-09-28,,,WorthPoint
muonionalusta-meteorite,Amazing 250 Gm. Muonionalusta Etched Meteorite Slab,476.1,2021-09-28,250.0,1.9,WorthPoint
muonionalusta-meteorite,Muonionalusta Meteorite Necklace Pendant Part Slice V362,39.99,2021-09-28,,,WorthPoint
muonionalusta-meteorite,182.00 Gram MUONIONALUSTA ECTHED IRON - THICK METEORITE SLICE - WILD INCLUSION!,550.0,2021-09-27,182.0,3.02,WorthPoint
muonionalusta-meteorite,"Meteorite Mix Of Canyon Diablos, Campos Muonionalusta. Total 5 Pc",575.0,2021-09-23,,,WorthPoint
muonionalusta-meteorite,17.4 Gram MUONIONALUSTA ECTHED IRON METEORITE - Thick SLICE - Found In SWEDEN,79.0,2021-09-21,17.4,4.54,WorthPoint
muonionalusta-meteorite,Meteorite Muonionalusta Slice,179.0,2021-09-21,,,WorthPoint
muonionalusta-meteorite,35.96 Gram MUONIONALUSTA ECTHED IRON METEORITE - Slice - Found In Sweden,115.0,2021-09-19,35.96,3.2,WorthPoint
muonionalusta-meteorite,24.7 Gram MUONIONALUSTA ECTHED IRON METEORITE - Slice - Found In Sweden,99.0,2021-09-18,24.7,4.01,WorthPoint
muonionalusta-meteorite,"Iron Meteorite Muonionalusta, Sweden, Necklace, Pendant Small Sphere",101.99,2021-09-17,,,WorthPoint
muonionalusta-meteorite,6.96 Grams 30x13x3mm MUONIONALUSTA Iron Meteorite Cut Fragment - Fell In SWEDEN,20.0,2021-09-16,6.96,2.87,WorthPoint
muonionalusta-meteorite,GENUINE Meteorite MUONIONALUSTA Sterling Silver Ring Size 7 Adjustable,68.0,2021-09-14,,,WorthPoint
muonionalusta-meteorite,2 Pcs Meteorite Pendant Muonionalusta Collectibles Amulet Fashion,34.99,2021-09-14,,,WorthPoint
muonionalusta-meteorite,2.34 Grams 15mm MUONIONALUSTA Iron Meteorite Small Cut Fragment - Fell In SWEDEN,6.99,2021-09-10,2.34,2.99,WorthPoint
muonionalusta-meteorite,Amazing 260 Gm. Muonionalusta Etched Meteorite Slab,566.1,2021-09-09,260.0,2.18,WorthPoint
muonionalusta-meteorite,Amazing 326 Gm. Muonionalusta Etched Meteorite Slab,665.1,2021-09-07,326.0,2.04,WorthPoint
muonionalusta-meteorite,MUONIONALUSTA Meteorite Part Slice-Sweden,68.95,2021-09-06,,,WorthPoint
muonionalusta-meteorite,1.69 Grams 15mm MUONIONALUSTA Iron Meteorite Small Cut Fragment - Fell In SWEDEN,7.5,2021-09-02,1.69,4.44,WorthPoint
muonionalusta-meteorite,"Muonionalusta 21.45g Iron Meteorite, Partial Slice ** GREAT ETCH ** Sealed",10.5,2021-08-22,21.45,0.49,WorthPoint
muonionalusta-meteorite,"Iron Meteorite Muonionalusta, Sweden, Necklace, Pendant Circle Small #2",84.99,2021-08-22,,,WorthPoint
muonionalusta-meteorite,15g Muonionalusta Meteorite Part Slice V508,29.99,2021-08-19,15.0,2.0,WorthPoint
muonionalusta-meteorite,3.310 Grams 20mm MUONIONALUSTA Cut Iron SWEDEN Meteorite Slice Fragment With COA,20.5,2021-08-18,3.31,6.19,WorthPoint
muonionalusta-meteorite,2.793 Grams 20mm MUONIONALUSTA Cut Iron SWEDEN Meteorite Slice Fragment With COA,14.94,2021-08-16,2.793,5.35,WorthPoint
muonionalusta-meteorite,1.14 Grams 17mm MUONIONALUSTA Iron Meteorite Small Cut Fragment - Fell In SWEDEN,11.5,2021-08-16,1.14,10.09,WorthPoint
muonionalusta-meteorite,Muonionalusta Meteorite Necklace Pendant Part Slice V415,59.99,2021-08-16,,,WorthPoint
muonionalusta-meteorite,99g MUONIONALUSTA Iron Meteorite Cut Fragment G6165,150.0,2021-08-16,99.0,1.52,WorthPoint
muonionalusta-meteorite,8.68 Grams 33mm MUONIONALUSTA Cut Iron SWEDEN Meteorite Slice Fragment With COA,25.49,2021-08-15,8.68,2.94,WorthPoint
muonionalusta-meteorite,87g Muonionalusta Meteorite Part Slice V404,109.99,2021-08-15,87.0,1.26,WorthPoint
muonionalusta-meteorite,52g Muonionalusta Meteorite Part Slice V457,89.99,2021-08-14,52.0,1.73,WorthPoint
muonionalusta-meteorite,Muonionalusta Meteorite Necklace Pendant Part Slice V407,39.99,2021-08-13,,,WorthPoint
muonionalusta-meteorite,3.171 Grams 21mm MUONIONALUSTA Cut Iron SWEDEN Meteorite Slice Fragment With COA,9.5,2021-08-13,3.171,3.0,WorthPoint
muonionalusta-meteorite,Muonionalusta Meteorite Solid Sterling Silver Handmade Pendant,75.0,2021-08-13,,,WorthPoint
muonionalusta-meteorite,143g MUONIONALUSTA Iron Meteorite Cut Fragment G6013,215.0,2021-08-12,143.0,1.5,WorthPoint
muonionalusta-meteorite,2.91 Grams 29mm MUONIONALUSTA Cut Iron SWEDEN Meteorite Slice Fragment With COA,9.5,2021-08-12,2.91,3.26,WorthPoint
muonionalusta-meteorite,35g Muonionalusta Meteorite Part Slice V388,69.99,2021-08-12,35.0,2.0,WorthPoint
muonionalusta-meteorite,4.9 G Muonionalusta Iron IVA W/COA - RARE Crusted FRAGMENT Meteorite,35.0,2021-08-12,4.9,7.14,WorthPoint
muonionalusta-meteorite,46g MUONIONALUSTA Iron Meteorite Cut Fragment G5015,69.0,2021-08-11,46.0,1.5,WorthPoint
muonionalusta-meteorite,47g MUONIONALUSTA Iron Meteorite Cut Fragment G5019,70.0,2021-08-11,47.0,1.49,WorthPoint
muonionalusta-meteorite,47g MUONIONALUSTA Iron Meteorite Cut Fragment G5016,70.0,2021-08-11,47.0,1.49,WorthPoint
muonionalusta-meteorite,Meteorite Watch Muonionalusta. Worn Once. Owned Since 2017. Needs A New Battery,205.0,2021-08-09,,,WorthPoint
muonionalusta-meteorite,9.32 Gram MUONIONALUSTA ECTHED IRON METEORITE Specimen - Found In SWEDEN,60.0,2021-08-09,9.32,6.44,WorthPoint
muonionalusta-meteorite,1.38 Grams 14mm MUONIONALUSTA Iron Meteorite Small Cut Fragment - Fell In SWEDEN,10.5,2021-08-08,1.38,7.61,WorthPoint
muonionalusta-meteorite,38g Muonionalusta Meteorite Part Slice V389,69.99,2021-08-08,38.0,1.84,WorthPoint
muonionalusta-meteorite,Muonionalusta Meteorite Necklace Pendant Part Slice V353,39.99,2021-08-08,,,WorthPoint
muonionalusta-meteorite,20g MUONIONALUSTA Iron Meteorite Cut Fragment G5116,39.99,2021-08-07,20.0,2.0,WorthPoint
muonionalusta-meteorite,3.337 Grams 17mm MUONIONALUSTA Cut Iron SWEDEN Meteorite Slice Fragment With COA,9.5,2021-08-07,3.337,2.85,WorthPoint
muonionalusta-meteorite,3.147 Grams 20mm MUONIONALUSTA Cut Iron SWEDEN Meteorite Slice Fragment With COA,9.5,2021-08-07,3.147,3.02,WorthPoint
muonionalusta-meteorite,"REAL Muonionalusta Meteorite Iron Etched Slice Fine Octahedrite 54g, Sweden",135.0,2021-08-06,54.0,2.5,WorthPoint
muonionalusta-meteorite,85g MUONIONALUSTA Iron Meteorite Cut Fragment G3183,129.0,2021-08-06,85.0,1.52,WorthPoint
muonionalusta-meteorite,110g MUONIONALUSTA Iron Meteorite Cut Fragment G3343,169.0,2021-08-03,110.0,1.54,WorthPoint
muonionalusta-meteorite,3.254 Grams 20mm MUONIONALUSTA Cut Iron SWEDEN Meteorite Slice Fragment With COA,8.99,2021-08-03,3.254,2.76,WorthPoint
muonionalusta-meteorite,3.161 Grams 20mm MUONIONALUSTA Cut Iron SWEDEN Meteorite Slice Fragment With COA,8.99,2021-08-03,3.161,2.84,WorthPoint
muonionalusta-meteorite,2.099 Grams 19mm MUONIONALUSTA Cut Iron SWEDEN Meteorite Slice Fragment With COA,6.99,2021-07-31,2.099,3.33,WorthPoint
muonionalusta-meteorite,80g MUONIONALUSTA Iron Meteorite Cut Fragment G5364,119.0,2021-07-31,80.0,1.49,WorthPoint
muonionalusta-meteorite,3.861 Grams 20mm MUONIONALUSTA Cut Iron SWEDEN Meteorite Slice Fragment With COA,11.5,2021-07-29,3.861,2.98,WorthPoint
muonionalusta-meteorite,3.444 Grams 20mm MUONIONALUSTA Cut Iron SWEDEN Meteorite Slice Fragment With COA,8.99,2021-07-29,3.444,2.61,WorthPoint
muonionalusta-meteorite,3.122 Grams 20mm MUONIONALUSTA Cut Iron SWEDEN Meteorite Slice Fragment With COA,8.99,2021-07-29,3.122,2.88,WorthPoint
muonionalusta-meteorite,3.113 Grams 22mm MUONIONALUSTA Cut Iron SWEDEN Meteorite Slice Fragment With COA,11.5,2021-07-29,3.113,3.69,WorthPoint
muonionalusta-meteorite,2.880 Grams 20mm MUONIONALUSTA Cut Iron SWEDEN Meteorite Slice Fragment With COA,7.5,2021-07-29,2.88,2.6,WorthPoint
muonionalusta-meteorite,1.319 Grams 23mm MUONIONALUSTA Cut Iron SWEDEN Meteorite Slice Fragment With COA,8.5,2021-07-29,1.319,6.44,WorthPoint
muonionalusta-meteorite,Meteorite - 17.8g Muonionalusta Polished And Etched Full Slice,49.95,2021-07-28,17.8,2.81,WorthPoint
muonionalusta-meteorite,744g MUONIONALUSTA Iron Meteorite Cut Fragment G3351,1116.0,2021-07-25,744.0,1.5,WorthPoint
muonionalusta-meteorite,Meteorite Muonionalusta Square Shape Pendant Necklace G46,35.0,2021-07-25,,,WorthPoint
muonionalusta-meteorite,Muonionalusta Meteorite Necklace Pendant Part Slice V355,10.0,2021-07-25,,,WorthPoint
muonionalusta-meteorite,93g MUONIONALUSTA Iron Meteorite Cut Fragment G3185,139.0,2021-07-23,93.0,1.49,WorthPoint
muonionalusta-meteorite,93g MUONIONALUSTA Iron Meteorite Cut Fragment G5031,139.0,2021-07-23,93.0,1.49,WorthPoint
muonionalusta-meteorite,89g MUONIONALUSTA Iron Meteorite Cut Fragment G3155,133.0,2021-07-23,89.0,1.49,WorthPoint
muonionalusta-meteorite,"Muonionalusta Etched Meteorite Tablet W/Widmanst√§tten Pattern, 39x39x3mm, 28.3 G",500.0,2021-07-23,28.3,17.67,WorthPoint
muonionalusta-meteorite,Muonionalusta Meteorite Etched Part Slice 49.3 Grams!,90.2,2021-07-22,49.3,1.83,WorthPoint
muonionalusta-meteorite,Muonionalusta Meteorite Part Slice Pendant Necklace G405,39.0,2021-07-22,,,WorthPoint
muonionalusta-meteorite,Meteorite Muonionalusta Water Droplets Shape Pendant Necklace G241,49.0,2021-07-21,,,WorthPoint
muonionalusta-meteorite,20.6 Gram MUONIONALUSTA ECTHED IRON METEORITE - Slice - Found In Sweden,99.0,2021-07-21,20.6,4.81,WorthPoint
muonionalusta-meteorite,75g MUONIONALUSTA Iron Meteorite Cut Fragment G3345,112.0,2021-07-21,75.0,1.49,WorthPoint
muonionalusta-meteorite,Muonionalusta Meteorite Necklace Pendant Part Slice V305,10.5,2021-07-20,,,WorthPoint
muonionalusta-meteorite,Muonionalusta Meteorite Part Slice Pendant Necklace G403,39.0,2021-07-18,,,WorthPoint
muonionalusta-meteorite,Muonionalusta Meteorite Ring Part Slice Adjustable Ring G3335,49.99,2021-07-18,,,WorthPoint
muonionalusta-meteorite,"Muonionalusta Meteorite, 990g Half Stone. Fully Stabilized, Guaranteed Rust Free",990.0,2021-07-17,990.0,1.0,WorthPoint
muonionalusta-meteorite,Amazing 49 Gm. Muonionalusta Etched Meteorite End Piece,111.6,2021-07-17,49.0,2.28,WorthPoint
muonionalusta-meteorite,3.30 Grams 21mm MUONIONALUSTA Iron Meteorite Small Cut Fragment - Fell In SWEDEN,8.99,2021-07-16,3.3,2.72,WorthPoint
muonionalusta-meteorite,109g MUONIONALUSTA Iron Meteorite Cut Fragment G3160,169.0,2021-07-16,109.0,1.55,WorthPoint
muonionalusta-meteorite,118g MUONIONALUSTA Iron Meteorite Cut Fragment G3161,177.0,2021-07-15,118.0,1.5,WorthPoint
muonionalusta-meteorite,76g MUONIONALUSTA Iron Meteorite Cut Fragment G3151,114.0,2021-07-14,76.0,1.5,WorthPoint
muonionalusta-meteorite,THE LEGEND OF THE NIBELUNGS - 2019 1 Oz Pure Muonionalusta Meteorite Coin - NIUE,549.95,2021-07-14,28.35,19.4,WorthPoint
muonionalusta-meteorite,Meteorite Muonionalusta Pendant Necklace G3131,49.99,2021-07-14,,,WorthPoint
muonionalusta-meteorite,78g MUONIONALUSTA Iron Meteorite Cut Fragment G3153,117.0,2021-07-13,78.0,1.5,WorthPoint
muonionalusta-meteorite,2.61 Grams 18mm MUONIONALUSTA Iron Meteorite Small Cut Fragment - Fell In SWEDEN,6.99,2021-07-13,2.61,2.68,WorthPoint
muonionalusta-meteorite,Muonionalusta Meteorite Necklace Pendant Part Slice V286,23.5,2021-07-13,,,WorthPoint
muonionalusta-meteorite,Muonionalusta Meteorite Part Slice Pendant Necklace G404,39.0,2021-07-11,,,WorthPoint
muonionalusta-meteorite,Amazing 204 Gm. Muonionalusta Etched Meteorite Slab,431.1,2021-07-11,204.0,2.11,WorthPoint
muonionalusta-meteorite,2.40 Grams 15mm MUONIONALUSTA Iron Meteorite Small Cut Fragment - Fell In SWEDEN,6.99,2021-07-09,2.4,2.91,WorthPoint
muonionalusta-meteorite,41.7 Gram MUONIONALUSTA ECTHED IRON METEORITE - Slice - Found In Sweden,129.0,2021-07-07,41.7,3.09,WorthPoint
muonionalusta-meteorite,4.14 Grams 19mm MUONIONALUSTA Iron Meteorite Small Cut Fragment - Fell In SWEDEN,13.5,2021-07-06,4.14,3.26,WorthPoint
muonionalusta-meteorite,4.60 Grams 30mm MUONIONALUSTA Iron Meteorite Small Cut Fragment - Fell In SWEDEN,11.99,2021-07-06,4.6,2.61,WorthPoint
muonionalusta-meteorite,Muonionalusta Meteorite Necklace Pendant Part Slice,6.5,2021-07-05,,,WorthPoint
muonionalusta-meteorite,4.28 Grams 30mm MUONIONALUSTA Iron Meteorite Small Cut Fragment - Fell In SWEDEN,11.99,2021-07-03,4.28,2.8,WorthPoint
muonionalusta-meteorite,2.89 Grams 19mm MUONIONALUSTA Iron Meteorite Small Cut Fragment - Fell In SWEDEN,6.99,2021-07-03,2.89,2.42,WorthPoint
muonionalusta-meteorite,"Muonionalusta Meteorite Etched End Cut 1,043 Grams!",1320.0,2021-07-03,43.0,30.7,WorthPoint
muonionalusta-meteorite,21.5 Gram MUONIONALUSTA ECTHED IRON METEORITE - Slice - Found In Sweden,55.0,2021-07-03,21.5,2.56,WorthPoint
muonionalusta-meteorite,Amazing 216 Gm. Muonionalusta Etched Meteorite Slab,449.1,2021-07-03,216.0,2.08,WorthPoint
muonionalusta-meteorite,17.6 Gram MUONIONALUSTA ECTHED IRON METEORITE - Slice - Found In Sweden,80.0,2021-07-02,17.6,4.55,WorthPoint
muonionalusta-meteorite,Muonionalusta Meteorite Etched Unique Shape 8.5 Grams,19.0,2021-07-01,8.5,2.24,WorthPoint
muonionalusta-meteorite,2.20 Grams 27mm MUONIONALUSTA Iron Meteorite Small Cut Fragment - Fell In SWEDEN,6.99,2021-06-30,2.2,3.18,WorthPoint
muonionalusta-meteorite,Muonionalusta Meteorite Pendant Z014,12.5,2021-06-30,,,WorthPoint
muonionalusta-meteorite,5.34 Grams 20mm MUONIONALUSTA Iron Meteorite Small Cut Fragment - Fell In SWEDEN,13.99,2021-06-28,5.34,2.62,WorthPoint
muonionalusta-meteorite,4.39 Grams 19mm MUONIONALUSTA Iron Meteorite Small Cut Fragment - Fell In SWEDEN,10.99,2021-06-28,4.39,2.5,WorthPoint
muonionalusta-meteorite,2.91 Grams 29mm MUONIONALUSTA Iron Meteorite Small Cut Fragment - Fell In SWEDEN,6.99,2021-06-28,2.91,2.4,WorthPoint
muonionalusta-meteorite,Meteorite - 4.9g Muonionalusta,14.95,2021-06-28,4.9,3.05,WorthPoint
muonionalusta-meteorite,Amazing 73 Gm. Muonionalusta Etched Meteorite End Piece,143.1,2021-06-27,73.0,1.96,WorthPoint
muonionalusta-meteorite,"Muonionalusta Meteorite Triangular Piece In A Square Display Box, From Sweden",34.99,2021-06-25,,,WorthPoint
muonionalusta-meteorite,Muonionalusta Meteorite Part Slice Pendant Necklace G408,39.0,2021-06-25,,,WorthPoint
muonionalusta-meteorite,Meteorite - 2.9g Muonionalusta Polished And Etched End Piece,11.95,2021-06-21,2.9,4.12,WorthPoint
muonionalusta-meteorite,Amazing 92 Gm. Muonionalusta Etched Meteorite End Piece,179.1,2021-06-17,92.0,1.95,WorthPoint
muonionalusta-meteorite,Meteorites - 10 Muonionalusta Dust/Cuttings Specimen Vials,99.5,2021-06-14,,,WorthPoint
muonionalusta-meteorite,"Iron Meteorite Muonionalusta, Sweden, Earrings Moon",329.99,2021-06-13,,,WorthPoint
muonionalusta-meteorite,Meteorite - 40.6g Muonionalusta Polished And Etched End Piece,119.95,2021-06-13,40.6,2.95,WorthPoint
muonionalusta-meteorite,Meteorite Jewelry Muonionalusta Meteorite Thin 15mm Square Slice,20.0,2021-06-12,,,WorthPoint
muonionalusta-meteorite,Amazing 348 Gm. Muonionalusta Etched Meteorite Slab,674.1,2021-06-11,348.0,1.94,WorthPoint
muonionalusta-meteorite,22.7 Gram MUONIONALUSTA ECTHED IRON METEORITE - Slice - Found In Sweden,99.0,2021-06-08,22.7,4.36,WorthPoint
muonionalusta-meteorite,30.8 Gram MUONIONALUSTA ECTHED IRON METEORITE - Slice - Found In Sweden,120.0,2021-06-04,30.8,3.9,WorthPoint
muonionalusta-meteorite,Amazing 372 Gm. Muonionalusta Etched Meteorite Slab,719.1,2021-06-02,372.0,1.93,WorthPoint
muonionalusta-meteorite,Muonionalusta Meteorite 2x1cm RECTANGLE Slice,44.0,2021-06-02,,,WorthPoint
muonionalusta-meteorite,52.3 Gram MUONIONALUSTA ECTHED IRON METEORITE - Slice - Found In Sweden,155.0,2021-06-01,52.3,2.96,WorthPoint
muonionalusta-meteorite,Meteorite Jewelry Muonionalusta Meteorite Thin 20mm Triangle Slice,27.0,2021-06-01,,,WorthPoint
muonionalusta-meteorite,35.2 Gram MUONIONALUSTA ECTHED IRON METEORITE - Endcut - Found In Sweden,105.0,2021-06-01,35.2,2.98,WorthPoint
muonionalusta-meteorite,Muonionalusta Meteorite Pocket Watch Meteorite Jewelry,69.0,2021-06-01,,,WorthPoint
muonionalusta-meteorite,Muonionalusta Meteorite Part Slice Pendant Necklace G407,39.0,2021-05-30,,,WorthPoint
muonionalusta-meteorite,Amazing 60 Gm. Muonionalusta Etched Meteorite End Piece,134.1,2021-05-30,60.0,2.23,WorthPoint
muonionalusta-meteorite,Muonionalusta Meteorite Etched Part Slice 45.9 Grams,73.0,2021-05-30,45.9,1.59,WorthPoint
muonionalusta-meteorite,Amazing 70 Gm. Muonionalusta Etched Meteorite End Piece,156.6,2021-05-26,70.0,2.24,WorthPoint
muonionalusta-meteorite,Amazing 158 Gm. Muonionalusta Etched Meteorite Slab,291.6,2021-05-26,158.0,1.85,WorthPoint
muonionalusta-meteorite,Amazing 338 Gm. Muonionalusta Etched Meteorite End Cut,566.1,2021-05-24,338.0,1.67,WorthPoint
muonionalusta-meteorite,Meteorites - 3 Campo Del Cielo And 1 Muonionalusta Dust/Cuttings Specimen Vials,39.8,2021-05-24,,,WorthPoint
muonionalusta-meteorite,Amazing 424 Gm. Muonionalusta Etched Meteorite End Cut,674.1,2021-05-23,424.0,1.59,WorthPoint
muonionalusta-meteorite,4.2 Gram MUONIONALUSTA ECTHED IRON METEORITE - Slice - Found In Sweden,19.0,2021-05-20,4.2,4.52,WorthPoint
muonionalusta-meteorite,Electroplated Meteorite Jewelry Muonionalusta Meteorite Thin 33X30mm Guitar Pick,99.0,2021-05-19,,,WorthPoint
muonionalusta-meteorite,"66g Slice Meteorites, Muonionalusta Meteorite Part Slice K5244",31.0,2021-05-19,66.0,0.47,WorthPoint
muonionalusta-meteorite,"78g Slice Meteorites, Muonionalusta Meteorite Part Slice K4316",38.0,2021-05-18,78.0,0.49,WorthPoint
muonionalusta-meteorite,2011 Stardust Of The Universe Silver Proof Coin MUONIONALUSTA IRON Meteorite,100.0,2021-05-18,,,WorthPoint
muonionalusta-meteorite,Large 610 Gm. Muonionalusta Meteorite Slab W/ Stand Sweden; Ring; Jewelry,809.19,2021-05-17,610.0,1.33,WorthPoint
muonionalusta-meteorite,15.680g Muonionalusta Etched Iron IVA Meteorite From Sweden,29.0,2021-05-17,15.68,1.85,WorthPoint
muonionalusta-meteorite,"110g Slice Meteorites, Muonionalusta Meteorite Part Slice K5299",36.0,2021-05-17,110.0,0.33,WorthPoint
muonionalusta-meteorite,"184g Slice Meteorites, Muonionalusta Meteorite Part Slice K5677",185.5,2021-05-17,184.0,1.01,WorthPoint
muonionalusta-meteorite,"43g Slice Meteorites, Muonionalusta Meteorite Part Slice K5246",43.0,2021-05-16,43.0,1.0,WorthPoint
muonionalusta-meteorite,Amazing 570 Gm. Muonionalusta Etched Meteorite Pair,899.1,2021-05-15,570.0,1.58,WorthPoint
muonionalusta-meteorite,31.1 Gram MUONIONALUSTA ECTHED IRON METEORITE - SLICE - Found In Sweden,109.0,2021-05-15,31.1,3.5,WorthPoint
muonionalusta-meteorite,22.3 Gram MUONIONALUSTA ECTHED IRON METEORITE - Slice - Found In Sweden,99.0,2021-05-15,22.3,4.44,WorthPoint
muonionalusta-meteorite,Amazing 198 Gm. Muonionalusta Etched Meteorite End Cut,323.1,2021-05-14,198.0,1.63,WorthPoint
muonionalusta-meteorite,Amazing 150 Gm. Muonionalusta Etched Meteorite End Cut,251.1,2021-05-12,150.0,1.67,WorthPoint
muonionalusta-meteorite,1.74 Grams 22mm MUONIONALUSTA Iron Meteorite Small Cut Fragment - Fell In SWEDEN,10.5,2021-05-10,1.74,6.03,WorthPoint
muonionalusta-meteorite,Amazing 302 Gm. Muonionalusta Etched Meteorite End Cut,494.1,2021-05-10,302.0,1.64,WorthPoint
muonionalusta-meteorite,Amazing 348 Gm. Muonionalusta Etched Meteorite End Cut,566.1,2021-05-10,348.0,1.63,WorthPoint
muonionalusta-meteorite,"55g Slice Meteorites, Muonionalusta Meteorite Part Slice J961",59.0,2021-05-09,55.0,1.07,WorthPoint
muonionalusta-meteorite,Meteorite Jewelry Muonionalusta Meteorite Pendant 8mm Gold Plated Bead Pendant,46.0,2021-05-08,,,WorthPoint
muonionalusta-meteorite,Amazing 252 Gm. Muonionalusta Etched Meteorite End Cut,413.1,2021-05-08,252.0,1.64,WorthPoint
muonionalusta-meteorite,Meteorite Jewelry Muonionalusta Meteorite Thin 15mm Triangle Slice,20.0,2021-05-04,,,WorthPoint
muonionalusta-meteorite,Muonionalusta Meteorite Ring Part Slice Adjustable Ring G47,29.0,2021-05-01,,,WorthPoint
muonionalusta-meteorite,"46g Slice Meteorites, Muonionalusta Meteorite Part Slice J942",59.0,2021-05-01,46.0,1.28,WorthPoint
muonionalusta-meteorite,Give Her The Stars! Heart Shaped Muonionalusta Meteor In A Stainless Pendant!,24.99,2021-04-28,,,WorthPoint
muonionalusta-meteorite,5.40 Grams 22mm MUONIONALUSTA Iron Meteorite Small Cut Fragment - Fell In SWEDEN,15.99,2021-04-28,5.4,2.96,WorthPoint
muonionalusta-meteorite,9.26 Gram MUONIONALUSTA ECTHED IRON METEORITE - Slice - Found In Sweden,45.0,2021-04-25,9.26,4.86,WorthPoint
muonionalusta-meteorite,21.8 Gram MUONIONALUSTA ECTHED IRON METEORITE - SLICE - Found In Sweden,79.0,2021-04-24,21.8,3.62,WorthPoint
muonionalusta-meteorite,31.0 Gram MUONIONALUSTA ECTHED IRON METEORITE - Slice - Found In Sweden,109.0,2021-04-24,31.0,3.52,WorthPoint
muonionalusta-meteorite,Amazing 352 Gm. Muonionalusta Etched Meteorite End Cut,539.1,2021-04-23,352.0,1.53,WorthPoint
muonionalusta-meteorite,Amazing 406 Gm. Muonionalusta Etched Meteorite End Cut,665.1,2021-04-23,406.0,1.64,WorthPoint
muonionalusta-meteorite,Amazing 196 Gm. Muonionalusta Etched Meteorite End Cut,323.1,2021-04-23,196.0,1.65,WorthPoint
muonionalusta-meteorite,"134g Slice Meteorites, Muonionalusta Meteorite Part Slice J1128",149.99,2021-04-23,134.0,1.12,WorthPoint
muonionalusta-meteorite,Amazing168 Gm. Muonionalusta Polished Meteorite End Piece; No Etch; .4 Lbs.,199.0,2021-04-21,168.0,1.18,WorthPoint
muonionalusta-meteorite,"70g Slice Meteorites, Muonionalusta Meteorite Part Slice J1123",86.99,2021-04-21,70.0,1.24,WorthPoint
muonionalusta-meteorite,Amazing 128 Gm. Muonionalusta Etched Meteorite End Cut,206.1,2021-04-20,128.0,1.61,WorthPoint
muonionalusta-meteorite,Meteorite Jewelry Muonionalusta Meteorite Pendant 10mm Gold Plated Bead Pendant,81.0,2021-04-20,,,WorthPoint
muonionalusta-meteorite,"90g Slice Meteorites, Muonionalusta Meteorite Part Slice K5676",47.0,2021-04-20,90.0,0.52,WorthPoint
muonionalusta-meteorite,"39g Slice Meteorites, Muonionalusta Meteorite Part Slice K5683",22.38,2021-04-19,39.0,0.57,WorthPoint
muonionalusta-meteorite,Meteorite RingÔºå Muonionalusta MeteoriteÔºå925 Sterling Silver Ôºå Adjustable Ring,49.99,2021-04-19,,,WorthPoint
muonionalusta-meteorite,"164g Slice Meteorites, Muonionalusta Meteorite Part Slice K5681",89.0,2021-04-18,164.0,0.54,WorthPoint
muonionalusta-meteorite,"70g Slice Meteorites, Muonionalusta Meteorite Part Slice K5680",52.0,2021-04-18,70.0,0.74,WorthPoint
muonionalusta-meteorite,"135g Slice Meteorites, Muonionalusta Meteorite Part Slice K5741",43.0,2021-04-17,135.0,0.32,WorthPoint
muonionalusta-meteorite,"74g Slice Meteorites, Muonionalusta Meteorite Part Slice K5740",29.99,2021-04-17,74.0,0.41,WorthPoint
muonionalusta-meteorite,12.0 Gram MUONIONALUSTA ECTHED IRON METEORITE - SLICE - Found In SWEDEN,45.0,2021-04-16,12.0,3.75,WorthPoint
muonionalusta-meteorite,"64g Slice Meteorites, Muonionalusta Meteorite Part Slice K5104",32.51,2021-04-16,64.0,0.51,WorthPoint
muonionalusta-meteorite,"84g Slice Meteorites, Muonionalusta Meteorite Part Slice K5602",51.0,2021-04-16,84.0,0.61,WorthPoint
muonionalusta-meteorite,25.0 Gram MUONIONALUSTA ECTHED IRON METEORITE - Slice - Found In Sweden,75.0,2021-04-16,25.0,3.0,WorthPoint
muonionalusta-meteorite,"103g Slice Meteorites, Muonionalusta Meteorite Part Slice K4419",100.0,2021-04-15,103.0,0.97,WorthPoint
muonionalusta-meteorite,52g Slice Of Meteorite Part Slice Meteorite Muonionalusta 1A56,69.0,2021-04-14,52.0,1.33,WorthPoint
muonionalusta-meteorite,"65g Slice Meteorites, Muonionalusta Meteorite Part Slice K5606",61.0,2021-04-14,65.0,0.94,WorthPoint
muonionalusta-meteorite,"106g Slice Meteorites, Muonionalusta Meteorite Part Slice K5604",100.0,2021-04-14,106.0,0.94,WorthPoint
muonionalusta-meteorite,Meteorite Muonionalusta Square Shape Pendant Necklace G44,39.0,2021-04-13,,,WorthPoint
muonionalusta-meteorite,Muonionalusta Meteorite Ring Part Slice Adjustable Ring G48,29.0,2021-04-13,,,WorthPoint
muonionalusta-meteorite,Muonionalusta Meteorite Necklace Pendant Part Slice A21,39.99,2021-04-13,,,WorthPoint
muonionalusta-meteorite,"141g Slice Meteorites, Muonionalusta Meteorite Part Slice R5802",131.5,2021-04-13,141.0,0.93,WorthPoint
muonionalusta-meteorite,9.5 Gram MUONIONALUSTA ECTHED IRON METEORITE - Odd Shape - Found In SWEDEN,49.0,2021-04-12,9.5,5.16,WorthPoint
muonionalusta-meteorite,"123g Slice Meteorites, Muonionalusta Meteorite Part Slice K4421",81.99,2021-04-12,123.0,0.67,WorthPoint
muonionalusta-meteorite,Low Price! Terrific Super Slice! Muonionalusta Swedish Iron Meteorite 51.3 Gms,101.25,2021-04-11,51.3,1.97,WorthPoint
muonionalusta-meteorite,925 Sterling Silver Muonionalusta Meteorite Ring Part Slice Adjustable Ring A122,15.5,2021-04-11,,,WorthPoint
muonionalusta-meteorite,"46g Slice Meteorites, Muonionalusta Meteorite Part Slice J491",52.0,2021-04-11,46.0,1.13,WorthPoint
muonionalusta-meteorite,19.5 Gram MUONIONALUSTA ECTHED IRON METEORITE - Odd Shape - Found In SWEDEN,99.0,2021-04-10,19.5,5.08,WorthPoint
muonionalusta-meteorite,15.4 Gram MUONIONALUSTA ECTHED IRON METEORITE - Slice - Found In Sweden,55.0,2021-04-10,15.4,3.57,WorthPoint
muonionalusta-meteorite,"Muonionalusta Meteorite Square Piece In A Display Box, From Sweden",29.99,2021-04-10,,,WorthPoint
muonionalusta-meteorite,"15g Slice Meteorites, Muonionalusta Meteorite Part Slice A58",22.0,2021-04-10,15.0,1.47,WorthPoint
muonionalusta-meteorite,"25g Slice Meteorites, Muonionalusta Meteorite Part Slice A55",30.0,2021-04-10,25.0,1.2,WorthPoint
muonionalusta-meteorite,Muonionalusta Iron Meteorite Sweden Ring Band Pendant,73.0,2021-04-10,,,WorthPoint
muonionalusta-meteorite,"37g Slice Meteorites, Muonionalusta Meteorite Part Slice A57",39.0,2021-04-10,37.0,1.05,WorthPoint
muonionalusta-meteorite,"1.5 Kg. Meteorite Saw Dust; Muonionalusta, Campo Dust; The Lowest Price; Packey",125.0,2021-04-09,1500.0,0.08,WorthPoint
muonionalusta-meteorite,Muonionalusta Meteorite Etched Part Slice THICK 255.3 Grams! Perfect For Jewelry,334.05,2021-04-09,255.3,1.31,WorthPoint
muonionalusta-meteorite,Muonionalusta Meteorite Ring Part Slice Adjustable Ring A89,11.94,2021-04-07,,,WorthPoint
muonionalusta-meteorite,25.1 Gram MUONIONALUSTA ECTHED IRON METEORITE - Slice - Found In Sweden,95.0,2021-04-06,25.1,3.78,WorthPoint
muonionalusta-meteorite,"1/2 Kg. Meteorite Saw Dust; Muonionalusta, Campo Dust; The Lowest Price; Packey",44.95,2021-04-06,2000.0,0.02,WorthPoint
muonionalusta-meteorite,"58g Slice Meteorites, Muonionalusta Meteorite Part Slice J963",69.99,2021-04-05,58.0,1.21,WorthPoint
muonionalusta-meteorite,"45g Slice Meteorites, Muonionalusta Meteorite Part Slice J1036",59.99,2021-04-05,45.0,1.33,WorthPoint
muonionalusta-meteorite,"70g Slice Meteorites, Muonionalusta Meteorite Part Slice J1034",79.99,2021-04-05,70.0,1.14,WorthPoint
muonionalusta-meteorite,"66g Slice Meteorites, Muonionalusta Meteorite Part Slice J943",79.99,2021-04-04,66.0,1.21,WorthPoint
muonionalusta-meteorite,"31g Slice Meteorites, Muonionalusta Meteorite Part Slice A54",50.0,2021-04-03,31.0,1.61,WorthPoint
muonionalusta-meteorite,Muonionalusta Meteorite Etched Part Slice THICK 246.9 Grams! Perfect For Jewelry,381.0,2021-04-02,246.9,1.54,WorthPoint
muonionalusta-meteorite,Muonionalusta Meteorite Ring Part Slice Adjustable Ring A49,13.5,2021-04-02,,,WorthPoint
muonionalusta-meteorite,"50g Slice Meteorites, Muonionalusta Meteorite Part Slice A53",55.0,2021-03-31,50.0,1.1,WorthPoint
muonionalusta-meteorite,"24g Slice Meteorites, Muonionalusta Meteorite Part Slice J1058",29.99,2021-03-29,24.0,1.25,WorthPoint
muonionalusta-meteorite,Muonionalusta Meteorite Etched Part Slice 9.9 Grams!,20.0,2021-03-28,9.9,2.02,WorthPoint
muonionalusta-meteorite,37.1 Gram MUONIONALUSTA ECTHED IRON METEORITE - Slice - Found In Sweden,129.0,2021-03-28,37.1,3.48,WorthPoint
muonionalusta-meteorite,29.6 Gram MUONIONALUSTA IRON METEORITE - CLEANED FRAGMENT!,49.0,2021-03-28,29.6,1.66,WorthPoint
muonionalusta-meteorite,54.5 Gram MUONIONALUSTA IRON METEORITE - CLEANED FRAGMENT!,79.0,2021-03-28,54.5,1.45,WorthPoint
muonionalusta-meteorite,"73g Slice Meteorites, Muonionalusta Meteorite Part Slice J1097",79.99,2021-03-28,73.0,1.1,WorthPoint
muonionalusta-meteorite,"71g Slice Meteorites, Muonionalusta Meteorite Part Slice J940",86.99,2021-03-27,71.0,1.23,WorthPoint
muonionalusta-meteorite,Low Price! Sensational Slice! Muonionalusta Swedish Iron Meteorite 12.8 Gms,36.75,2021-03-27,12.8,2.87,WorthPoint
muonionalusta-meteorite,"93g Slice Meteorites, Muonionalusta Meteorite Part Slice J1126",109.99,2021-03-27,93.0,1.18,WorthPoint
muonionalusta-meteorite,17.4 Gram MUONIONALUSTA ECTHED IRON METEORITE - Slice - Found In Sweden,50.0,2021-03-26,17.4,2.87,WorthPoint
muonionalusta-meteorite,"46g Slice Meteorites, Muonionalusta Meteorite Part Slice J1192",59.99,2021-03-23,46.0,1.3,WorthPoint
muonionalusta-meteorite,"64g Slice Meteorites, Muonionalusta Meteorite Part Slice J983",78.99,2021-03-23,64.0,1.23,WorthPoint
muonionalusta-meteorite,Muonionalusta Meteorite Etched Part Slice THICK 198.1 Grams! Perfect For Jewelry,308.0,2021-03-22,198.1,1.55,WorthPoint
muonionalusta-meteorite,21.6 Gram MUONIONALUSTA ECTHED IRON METEORITE - SLICE - Found In Sweden,69.0,2021-03-22,21.6,3.19,WorthPoint
muonionalusta-meteorite,"64g Slice Meteorites, Muonionalusta Meteorite Part Slice J703",76.0,2021-03-21,64.0,1.19,WorthPoint
muonionalusta-meteorite,55.26 Gram MUONIONALUSTA IRON METEORITE - CLEANED FRAGMENT!,69.0,2021-03-20,55.26,1.25,WorthPoint
muonionalusta-meteorite,10.8 Gram MUONIONALUSTA ECTHED IRON METEORITE Specimen - Found In SWEDEN,55.0,2021-03-20,10.8,5.09,WorthPoint
muonionalusta-meteorite,Cook Islands $5 Dollars Silver Crown 2011 Muonionalusta Meteorite Embedded Rare,85.0,2021-03-17,,,WorthPoint
muonionalusta-meteorite,"Muonionalusta Meteorite Triangular Piece In A Display Box, From Sweden",34.99,2021-03-16,,,WorthPoint
muonionalusta-meteorite,3.59 Grams 19mm MUONIONALUSTA Iron Meteorite Small Cut Fragment - Fell In SWEDEN,12.0,2021-03-15,3.59,3.34,WorthPoint
muonionalusta-meteorite,"47g Slice Meteorites, Muonionalusta Meteorite Part Slice J1083",59.99,2021-03-15,47.0,1.28,WorthPoint
muonionalusta-meteorite,"135g Slice Meteorites, Muonionalusta Meteorite Part Slice J1129",149.99,2021-03-13,135.0,1.11,WorthPoint
muonionalusta-meteorite,NICELY ETCHED 45.2 Gram MUONIONALUSTA METEORITE - GREAT FOR JEWELRY!,130.0,2021-03-10,45.2,2.88,WorthPoint
muonionalusta-meteorite,16.9 Gram MUONIONALUSTA ECTHED IRON METEORITE - Slice - Found In Sweden,75.0,2021-03-10,16.9,4.44,WorthPoint
muonionalusta-meteorite,42.65 Gram MUONIONALUSTA ECTHED IRON METEORITE - Slice - Found In Sweden,125.0,2021-03-10,42.65,2.93,WorthPoint
muonionalusta-meteorite,MUONIONALUSTA IRON METEORITE PENDANT $179 Sterling 925 Silver Jewelry STARBORN,179.0,2021-03-10,,,WorthPoint
muonionalusta-meteorite,"46g Slice Meteorites, Muonionalusta Meteorite Part Slice J1055",59.99,2021-03-10,46.0,1.3,WorthPoint
muonionalusta-meteorite,"62g Slice Meteorites, Muonionalusta Meteorite Part Slice J1125",79.99,2021-03-07,62.0,1.29,WorthPoint
muonionalusta-meteorite,Low Price! Terrific Thick Slice! Muonionalusta Swedish Iron Meteorite 52.4 Gms,101.25,2021-03-07,52.4,1.93,WorthPoint
muonionalusta-meteorite,13.0 Gram MUONIONALUSTA ECTHED IRON METEORITE - SLICE - Found In Sweden,45.0,2021-03-06,13.0,3.46,WorthPoint
muonionalusta-meteorite,Muonionalusta Meteorite Triangular Piece In A Display Box,34.99,2021-03-05,,,WorthPoint
muonionalusta-meteorite,Muonionalusta Meteorite Etched End Cut 9 Grams,21.0,2021-03-01,9.0,2.33,WorthPoint
muonionalusta-meteorite,Muonionalusta Meteorite Etched Part Slice 17.1 Grams,30.0,2021-03-01,17.1,1.75,WorthPoint
muonionalusta-meteorite,32.7 Gram MUONIONALUSTA ECTHED IRON METEORITE - Slice - Found In Sweden,105.0,2021-02-22,32.7,3.21,WorthPoint
muonionalusta-meteorite,31.6 Gram MUONIONALUSTA ECTHED IRON METEORITE - Slice - Found In Sweden,120.0,2021-02-22,31.6,3.8,WorthPoint
muonionalusta-meteorite,56.0 Gram MUONIONALUSTA ECTHED IRON METEORITE - SLICE - Found In SWEDEN,120.0,2021-02-20,56.0,2.14,WorthPoint
muonionalusta-meteorite,69.89 Gram MUONIONALUSTA ECTHED IRON METEORITE - Slice - Found In Sweden,155.0,2021-02-20,69.89,2.22,WorthPoint
muonionalusta-meteorite,Muonionalusta Meteorite Etched Part Slice 14.5 Grams,26.0,2021-02-17,14.5,1.79,WorthPoint
muonionalusta-meteorite,17.7 Gram MUONIONALUSTA ECTHED IRON METEORITE - Slice - Found In Sweden,50.0,2021-02-16,17.7,2.82,WorthPoint
muonionalusta-meteorite,Muonionalusta Meteorite Etched Slice 29.6 Gm,55.0,2021-02-14,29.6,1.86,WorthPoint
muonionalusta-meteorite,5.85 Gram MUONIONALUSTA ECTHED IRON METEORITE - Slice - Found In Sweden,19.0,2021-02-14,5.85,3.25,WorthPoint
muonionalusta-meteorite,5.86 Gram MUONIONALUSTA ECTHED IRON METEORITE - Slice - Found In Sweden,19.0,2021-02-14,5.86,3.24,WorthPoint
muonionalusta-meteorite,6.9 Gram MUONIONALUSTA ECTHED IRON METEORITE - Slice - Found In Sweden,19.0,2021-02-14,6.9,2.75,WorthPoint
muonionalusta-meteorite,Amazing 326 Gm. Muonionalusta Etched Meteorite End Cut,512.1,2021-02-13,326.0,1.57,WorthPoint
muonionalusta-meteorite,Muonionalusta Meteorite Etched Part Slice 19.4 Grams,34.0,2021-02-13,19.4,1.75,WorthPoint
muonionalusta-meteorite,4.62 Grams 31mm MUONIONALUSTA Iron Meteorite Small Cut Fragment - Fell In SWEDEN,14.99,2021-02-12,4.62,3.24,WorthPoint
muonionalusta-meteorite,20.8 Gram MUONIONALUSTA ECTHED IRON METEORITE - Slice - Found In Sweden,89.0,2021-02-12,20.8,4.28,WorthPoint
muonionalusta-meteorite,Muonionalusta Meteorite Etched Part Slice THICK 162.6 Grams! Perfect For Jewelry,254.0,2021-02-12,162.6,1.56,WorthPoint
muonionalusta-meteorite,Muonionalusta Meteorite Etched Part Slice 21.7 Grams,37.0,2021-02-10,21.7,1.71,WorthPoint
muonionalusta-meteorite,.354 Grams 9mm MUONIONALUSTA Iron Meteorite Small Cut Fragment - Fell In SWEDEN,14.5,2021-02-09,354.0,0.04,WorthPoint
muonionalusta-meteorite,12.5 Gram MUONIONALUSTA ECTHED IRON METEORITE - Slice - Found In Sweden,50.0,2021-02-08,12.5,4.0,WorthPoint
muonionalusta-meteorite,5.14 Grams 26mm MUONIONALUSTA Iron Meteorite Small Cut Fragment - Fell In SWEDEN,8.99,2021-02-07,5.14,1.75,WorthPoint
muonionalusta-meteorite,94.1 Gram MUONIONALUSTA IRON METEORITE - CLEANED FRAGMENT!,129.0,2021-02-06,94.1,1.37,WorthPoint
muonionalusta-meteorite,Amazing 218 Gm. Muonionalusta Etched Meteorite End Cut,332.1,2021-02-06,218.0,1.52,WorthPoint
muonionalusta-meteorite,Muonionalusta Meteorite Etched Part Slice 16.7 Grams,25.5,2021-02-05,16.7,1.53,WorthPoint
muonionalusta-meteorite,Amazing 330 Gm. Muonionalusta Etched Meteorite End Cut,503.1,2021-02-05,330.0,1.52,WorthPoint
muonionalusta-meteorite,Muonionalusta Meteorite Etched Part Slice 13.8 Grams,21.25,2021-02-05,13.8,1.54,WorthPoint
muonionalusta-meteorite,Muonionalusta Meteorite Etched Part Slice 12.2 Grams,19.55,2021-02-05,12.2,1.6,WorthPoint
muonionalusta-meteorite,89.6 Gram MUONIONALUSTA IRON METEORITE - CLEANED FRAGMENT!,99.0,2021-02-04,89.6,1.1,WorthPoint
muonionalusta-meteorite,1.68 Grams 15mm MUONIONALUSTA Iron Meteorite Small Cut Fragment - Fell In SWEDEN,9.55,2021-02-04,1.68,5.68,WorthPoint
muonionalusta-meteorite,Muonionalusta Meteorite Etched Part Slice 46.2 Grams!,62.9,2021-02-04,46.2,1.36,WorthPoint
muonionalusta-meteorite,14.3 Gram MUONIONALUSTA ECTHED IRON METEORITE - Thick SLICE - Found In SWEDEN,59.0,2021-02-04,14.3,4.13,WorthPoint
muonionalusta-meteorite,30.7 Gram MUONIONALUSTA ECTHED IRON METEORITE - SLICE - Found In Sweden,99.0,2021-02-01,30.7,3.22,WorthPoint
muonionalusta-meteorite,9.39 Gram MUONIONALUSTA ECTHED IRON METEORITE - THIN SLICE - Found In SWEDEN,99.0,2021-02-01,9.39,10.54,WorthPoint
muonionalusta-meteorite,575 Gram (LOT C) MUONIONALUSTA ECTHED IRON METEORITE Specimens - Found In SWEDEN,560.0,2021-01-31,575.0,0.97,WorthPoint
muonionalusta-meteorite,Muonionalusta Meteorite Etched Part Slice 18.4 Grams!,32.0,2021-01-31,18.4,1.74,WorthPoint
muonionalusta-meteorite,"Meteorite MUONIONALUSTA Iron Fine Octahedrite Etched Slice 106g, Sweden",247.0,2021-01-31,106.0,2.33,WorthPoint
muonionalusta-meteorite,Muonionalusta Meteorite Etched Part Slice 24.6 Grams,41.0,2021-01-31,24.6,1.67,WorthPoint
muonionalusta-meteorite,28.6 Gram MUONIONALUSTA ECTHED IRON METEORITE - SLICE - Found In SWEDEN,60.0,2021-01-28,28.6,2.1,WorthPoint
muonionalusta-meteorite,Muonionalusta Meteorite Etched Part Slice 12.7 Grams,24.0,2021-01-27,12.7,1.89,WorthPoint
muonionalusta-meteorite,MUONIONALUSTA IRON METEORITE PENDANT $89 Sterling 925 Silver Jewelry STARBORN,89.0,2021-01-26,,,WorthPoint
muonionalusta-meteorite,"46g Slice Meteorites, Muonionalusta Meteorite Part Slice J701",59.0,2021-01-26,46.0,1.28,WorthPoint
muonionalusta-meteorite,"35g Slice Meteorites, Muonionalusta Meteorite Part Slice J906",29.99,2021-01-26,35.0,0.86,WorthPoint
muonionalusta-meteorite,Muonionalusta Meteorite Etched Part Slice THICK 108.8 Grams! Perfect For Jewelry,174.0,2021-01-24,108.8,1.6,WorthPoint
muonionalusta-meteorite,7.33 Gram MUONIONALUSTA ECTHED IRON METEORITE Specimen - Found In SWEDEN,33.6,2021-01-22,7.33,4.58,WorthPoint
muonionalusta-meteorite,Muonionalusta Meteorite Etched Part Slice 17.5 Grams,31.0,2021-01-22,17.5,1.77,WorthPoint
muonionalusta-meteorite,15.5 Gram MUONIONALUSTA ECTHED IRON METEORITE - SLICE - Found In Sweden,36.0,2021-01-21,15.5,2.32,WorthPoint
muonionalusta-meteorite,Meteorite Jewelry Muonionalusta Meteorite Thin 10mm Square Slice,12.0,2021-01-19,,,WorthPoint
muonionalusta-meteorite,5.9 Gram MUONIONALUSTA ECTHED IRON METEORITE - SLICE - Found In Sweden,23.2,2021-01-16,5.9,3.93,WorthPoint
muonionalusta-meteorite,Muonionalusta Meteorite Etched Part Slice 9.9 Grams,19.0,2021-01-15,9.9,1.92,WorthPoint
muonionalusta-meteorite,Muonionalusta Meteorite Etched Part Slice 3 Grams,11.0,2021-01-15,3.0,3.67,WorthPoint
muonionalusta-meteorite,1.61 Grams 31mm MUONIONALUSTA Iron Meteorite Small Cut Fragment - Fell In SWEDEN,5.99,2021-01-15,1.61,3.72,WorthPoint
muonionalusta-meteorite,2.28 Grams 15mm MUONIONALUSTA Iron Meteorite Small Cut Fragment - Fell In SWEDEN,8.5,2021-01-15,2.28,3.73,WorthPoint
muonionalusta-meteorite,43.3 Gram MUONIONALUSTA ECTHED IRON METEORITE - Slice - Found In Sweden,124.0,2021-01-14,43.3,2.86,WorthPoint
muonionalusta-meteorite,Muonionalusta Meteorite Etched Part Slice 10.7 Grams,21.0,2021-01-14,10.7,1.96,WorthPoint
muonionalusta-meteorite,Muonionalusta Meteorite Etched Part Slice 20 Grams,34.0,2021-01-14,20.0,1.7,WorthPoint
muonionalusta-meteorite,Muonionalusta Meteorite Etched Part Slice 19.9 Grams!,34.0,2021-01-14,19.9,1.71,WorthPoint
muonionalusta-meteorite,Muonionalusta Meteorite Etched Part Slice 9.1 Grams,21.0,2021-01-14,9.1,2.31,WorthPoint
muonionalusta-meteorite,Amazing 296 Gm. Muonionalusta Etched Meteorite End Cut,404.1,2021-01-13,296.0,1.37,WorthPoint
muonionalusta-meteorite,1354 Gm MUONIONALUSTA IRON METEORITE ;SWEDEN; ORIGINAL PATINA;GREAT PRICE; 3 LBS,809.95,2021-01-10,1354.0,0.6,WorthPoint
muonionalusta-meteorite,Amazing 142 Gm. Muonionalusta Etched Meteorite End Cut,215.1,2021-01-08,142.0,1.51,WorthPoint
muonionalusta-meteorite,Muonionalusta Meteorite Etched Part Slice 39.9 Grams,64.0,2021-01-07,39.9,1.6,WorthPoint
muonionalusta-meteorite,Muonionalusta Meteorite Etched Part Slice 19.9 Grams,34.0,2021-01-06,19.9,1.71,WorthPoint
muonionalusta-meteorite,Amazing 148 Gm. Muonionalusta Etched Meteorite End Cut,224.1,2021-01-06,148.0,1.51,WorthPoint
muonionalusta-meteorite,Muonionalusta Meteorite Etched Part Slice 31.1 Grams,51.0,2021-01-06,31.1,1.64,WorthPoint
muonionalusta-meteorite,Amazing 532 Gm. Muonionalusta Etched Meteorite End Cut,764.1,2021-01-06,532.0,1.44,WorthPoint
muonionalusta-meteorite,11.77 Gram MUONIONALUSTA ECTHED IRON METEORITE Specimen - Found In SWEDEN,55.0,2021-01-05,11.77,4.67,WorthPoint
muonionalusta-meteorite,Low Price! Nice Thick End Slice! Muonionalusta Swedish Iron Meteorite 60.4 Gms,111.75,2021-01-04,60.4,1.85,WorthPoint
muonionalusta-meteorite,Muonionalusta Meteorite Etched Part Slice 16.3 Grams,29.0,2021-01-04,16.3,1.78,WorthPoint
muonionalusta-meteorite,Low Price! Exquisite End Cut! Muonionalusta Swedish Iron Meteorite 89.6 Gms,149.25,2021-01-04,89.6,1.67,WorthPoint
muonionalusta-meteorite,Muonionalusta Meteorite Slices 2 Pieces,22.0,2021-01-04,,,WorthPoint
muonionalusta-meteorite,Muonionalusta Meteorite Etched Part Slice 22 Grams!,37.0,2021-01-03,22.0,1.68,WorthPoint
muonionalusta-meteorite,"Iron Meteorite Muonionalusta, Sweden, Piece As It Was Found, 3200 Grams",1199.99,2021-01-02,3200.0,0.37,WorthPoint
muonionalusta-meteorite,FINE Muonionalusta Meteorite CUBE 64g,195.0,2021-01-02,64.0,3.05,WorthPoint
muonionalusta-meteorite,Muonionalusta Meteorite Etched Part Slice 6.7 Grams,18.0,2021-01-02,6.7,2.69,WorthPoint
muonionalusta-meteorite,Muonionalusta Meteorite Etched Part Slice 11 Grams,21.0,2020-12-31,11.0,1.91,WorthPoint
muonionalusta-meteorite,Muonionalusta Meteorite Sphere And Sterling Silver Ring By Starborn Creations,185.0,2020-12-31,,,WorthPoint
muonionalusta-meteorite,Muonionalusta Meteorite Etched Part Slice 18.8 Grams,33.0,2020-12-31,18.8,1.76,WorthPoint
muonionalusta-meteorite,"Iron Meteorite Muonionalusta, Sweden, Necklace, Pendant Polar Star",249.99,2020-12-29,,,WorthPoint
muonionalusta-meteorite,10.23 Gram MUONIONALUSTA ECTHED IRON METEORITE - THIN SLICE - Found In SWEDEN,89.0,2020-12-29,10.23,8.7,WorthPoint
muonionalusta-meteorite,17.37 Gram MUONIONALUSTA ECTHED IRON METEORITE - THIN SLICE - Found In SWEDEN,129.0,2020-12-29,17.37,7.43,WorthPoint
muonionalusta-meteorite,14.2 Gram MUONIONALUSTA ECTHED IRON METEORITE - SLICE - Found In SWEDEN,30.0,2020-12-29,14.2,2.11,WorthPoint
muonionalusta-meteorite,A Neat Shape! On This Etched MUONIONALUSTA Meteorite! Found In Sweden 8.6gr,29.99,2020-12-29,8.6,3.49,WorthPoint
muonionalusta-meteorite,1.47 Grams 40mm MUONIONALUSTA Iron Meteorite Small Cut Fragment - Fell In SWEDEN,8.27,2020-12-28,1.47,5.63,WorthPoint
muonionalusta-meteorite,Scarce!!! 2011 Cook Islands $5 Stardust Of The Universe Series - The Muonionalusta Iron Meteorite Fr,113.04,2020-12-26,,,WorthPoint
muonionalusta-meteorite,Amazing 184 Gm. Muonionalusta Etched Meteorite Slab,314.1,2020-12-25,184.0,1.71,WorthPoint
muonionalusta-meteorite,20.0 Gram MUONIONALUSTA ECTHED IRON METEORITE - Slice - Found In Sweden,38.5,2020-12-23,20.0,1.93,WorthPoint
muonionalusta-meteorite,Muonionalusta Meteorite Etched Part Slice 10 Grams!,22.0,2020-12-23,10.0,2.2,WorthPoint
muonionalusta-meteorite,Muonionalusta Meteorite Etched Full Slice 607.2 Grams!,830.0,2020-12-23,607.2,1.37,WorthPoint
muonionalusta-meteorite,68.9 Gram MUONIONALUSTA ECTHED IRON METEORITE - SLICE - Found In Sweden,118.3,2020-12-21,68.9,1.72,WorthPoint
muonionalusta-meteorite,MUONIONALUSTA IRON METEORITE PENDANT $159 Sterling 925 Silver Jewelry STARBORN,159.0,2020-12-20,,,WorthPoint
muonionalusta-meteorite,"4 Kg. Meteorite Saw Dust; Muonionalusta, Campo Sericho Dust; The Lowest Price",319.8,2020-12-18,4000.0,0.08,WorthPoint
muonionalusta-meteorite,Muonionalusta Meteorite Etched Part Slice 16.4 Grams!,29.0,2020-12-17,16.4,1.77,WorthPoint
muonionalusta-meteorite,Muonionalusta Meteorite Etched Part Slice 18.7 Grams!,33.0,2020-12-17,18.7,1.76,WorthPoint
muonionalusta-meteorite,Amazing 88 Gm. Muonionalusta Etched Meteorite End Cut,134.1,2020-12-16,88.0,1.52,WorthPoint
muonionalusta-meteorite,Muonionalusta Meteorite Etched Part Slice 22.7 Grams!,39.0,2020-12-16,22.7,1.72,WorthPoint
muonionalusta-meteorite,Muonionalusta Iron Meteorite Slice Both Sides Polished & Etched 49.5 Grams,51.0,2020-12-16,49.5,1.03,WorthPoint
muonionalusta-meteorite,Muonionalusta Meteorite Etched Part Slice 20.1 Grams,35.0,2020-12-16,20.1,1.74,WorthPoint
muonionalusta-meteorite,"Electroplated Muonionalusta Meteorite, Suede Necklace W/Cert Auth. 10mm Tri",28.0,2020-12-16,,,WorthPoint
muonionalusta-meteorite,19.8 Gram MUONIONALUSTA ECTHED IRON METEORITE - Slice - Found In Sweden,38.5,2020-12-16,19.8,1.94,WorthPoint
muonionalusta-meteorite,69.9 Gram MUONIONALUSTA ECTHED IRON METEORITE - SLICE WITH INCLUSIONS!,245.0,2020-12-15,69.9,3.51,WorthPoint
muonionalusta-meteorite,Amazing 294 Gm. Muonionalusta Etched Meteorite Slice,539.1,2020-12-14,294.0,1.83,WorthPoint
muonionalusta-meteorite,Muonionalusta Meteorite Etched Part Slice 11.8 Grams,22.0,2020-12-14,11.8,1.86,WorthPoint
muonionalusta-meteorite,32.6 Gram MUONIONALUSTA ECTHED IRON METEORITE - Slice - Found In Sweden,66.5,2020-12-14,32.6,2.04,WorthPoint
muonionalusta-meteorite,11.5 Gram MUONIONALUSTA ECTHED IRON METEORITE - SLICE - Found In Sweden,24.5,2020-12-14,11.5,2.13,WorthPoint
muonionalusta-meteorite,"Iron Meteorite Muonionalusta, Sweden, Lot Of Two Spheres, 2 Cm Diam, 65.7 Grams",259.99,2020-12-13,65.7,3.96,WorthPoint
muonionalusta-meteorite,21.4 Gram MUONIONALUSTA ECTHED IRON METEORITE - Slice - Found In Sweden,56.0,2020-12-12,21.4,2.62,WorthPoint
muonionalusta-meteorite,Meteorite Jewelry Muonionalusta Meteorite Thin 10mm Circle Slice,14.0,2020-12-12,,,WorthPoint
muonionalusta-meteorite,45.6 Gram MUONIONALUSTA ECTHED IRON METEORITE - SLICE - Found In Sweden,69.3,2020-12-12,45.6,1.52,WorthPoint
muonionalusta-meteorite,Muonionalusta Meteorite Etched Part Slice 38.5 Grams!,65.0,2020-12-11,38.5,1.69,WorthPoint
muonionalusta-meteorite,47.7 Gram MUONIONALUSTA ECTHED IRON METEORITE - SLICE - Found In Sweden,109.0,2020-12-11,47.7,2.29,WorthPoint
muonionalusta-meteorite,Low Price! Exqusite End Cut! Muonionalusta Swedish Iron Meteorite 26.3 Gms,44.25,2020-12-10,26.3,1.68,WorthPoint
muonionalusta-meteorite,"2138 Gms Muonionalusta Iron Meteorite, Wire Brushed, With Stand",2138.0,2020-12-10,2138.0,1.0,WorthPoint
muonionalusta-meteorite,2013 Upper Deck Goodwin Champions Muonionalusta Meteorite Relic Sweden RARE,399.99,2020-12-10,,,WorthPoint
muonionalusta-meteorite,Muonionalusta Meteorite Etched Part Slice 13.5 Grams,25.0,2020-12-08,13.5,1.85,WorthPoint
muonionalusta-meteorite,2019 Pure Muonionalusta Meteorite Proof Coin The Legend Of The Nibelungs Niue,295.0,2020-12-08,,,WorthPoint
muonionalusta-meteorite,MUONIONALUSTA IRON METEORITE PENDANT $138 Sterling 925 Silver Jewelry STARBORN,138.0,2020-12-08,,,WorthPoint
muonionalusta-meteorite,48.0 Gram MUONIONALUSTA ECTHED IRON METEORITE - SLICE - Found In SWEDEN,120.0,2020-12-07,48.0,2.5,WorthPoint
muonionalusta-meteorite,Low Price! Five Specimens! Muonionalusta Swedish Iron Meteorite 8.84 Gms,29.25,2020-12-06,8.84,3.31,WorthPoint
muonionalusta-meteorite,Amazing 190 Gm. Muonionalusta Etched Meteorite End Cut,296.1,2020-12-06,190.0,1.56,WorthPoint
muonionalusta-meteorite,Muonionalusta Meteorite Etched Part Slice 19.1 Grams!,33.0,2020-12-05,19.1,1.73,WorthPoint
muonionalusta-meteorite,Muonionalusta Meteorite Etched Part Slice 37.9 Grams,61.0,2020-12-05,37.9,1.61,WorthPoint
muonionalusta-meteorite,"Meteorite Muonionalusta Teardrop Shape Sterling Silver Pendant Necklace 18""",45.0,2020-12-05,,,WorthPoint
muonionalusta-meteorite,Muonionalusta Meteorite Etched Part Slice 15.9 Grams!,28.0,2020-12-05,15.9,1.76,WorthPoint
muonionalusta-meteorite,34.1 Gram MUONIONALUSTA ECTHED IRON METEORITE - END CUT - Found In Sweden,74.25,2020-12-04,34.1,2.18,WorthPoint
muonionalusta-meteorite,Muonionalusta Meteorite Pendant Suede Necklace W/Cert Authenticity 10mm Triangle,26.99,2020-12-03,,,WorthPoint
muonionalusta-meteorite,Meteorite Jewelry Muonionalusta Meteorite Thin 20mm Circle Slice,29.0,2020-12-03,,,WorthPoint
muonionalusta-meteorite,435gram Muonionalusta Meteorite From Sweden! AMAZING Octahedrite Structure!,189.51,2020-12-02,435.0,0.44,WorthPoint
muonionalusta-meteorite,Muonionalusta Meteorite Etched Part Slice 21.5 Grams,37.0,2020-12-02,21.5,1.72,WorthPoint
muonionalusta-meteorite,72.7 Gram MUONIONALUSTA ECTHED IRON METEORITE - SLICE - Found In Sweden,126.75,2020-12-01,72.7,1.74,WorthPoint
muonionalusta-meteorite,Muonionalusta Meteorite Etched Part Slice 12.6 Grams,23.0,2020-11-28,12.6,1.83,WorthPoint
muonionalusta-meteorite,Amazing 140 Gm. Muonionalusta Etched Meteorite End Cut,224.1,2020-11-27,140.0,1.6,WorthPoint
muonionalusta-meteorite,Muonionalusta Meteorite Etched Part Slice 18.6 Grams,32.0,2020-11-26,18.6,1.72,WorthPoint
muonionalusta-meteorite,Amazing 154 Gm. Muonionalusta Etched Meteorite End Cut,233.1,2020-11-23,154.0,1.51,WorthPoint
muonionalusta-meteorite,"Iron Meteorite Muonionalusta, Sweden, Necklace, Pendant Hexagon Small",104.99,2020-11-23,,,WorthPoint
muonionalusta-meteorite,Iron Meteorite IVA Muonionalusta 640gm Rare Piece In This Size,324.99,2020-11-21,640.0,0.51,WorthPoint
muonionalusta-meteorite,5.64 Gram MUONIONALUSTA ECTHED IRON METEORITE Specimen - Found In SWEDEN,36.0,2020-11-21,5.64,6.38,WorthPoint
muonionalusta-meteorite,Muonionalusta Meteorite Bracelet Meteorite Jewelry Leather & Stainless Steel,86.0,2020-11-20,,,WorthPoint
muonionalusta-meteorite,26.3 Gram MUONIONALUSTA ECTHED IRON METEORITE - SLICE - Found In Sweden,59.25,2020-11-19,26.3,2.25,WorthPoint
muonionalusta-meteorite,15.6 Gram MUONIONALUSTA ECTHED IRON METEORITE - SLICE - Found In SWEDEN,45.0,2020-11-18,15.6,2.88,WorthPoint
muonionalusta-meteorite,33.0 Gram MUONIONALUSTA ECTHED IRON METEORITE - SLICE - Found In Sweden,74.25,2020-11-18,33.0,2.25,WorthPoint
muonionalusta-meteorite,50.4 Gram MUONIONALUSTA ECTHED IRON METEORITE - END CUT - Found In SWEDEN,100.0,2020-11-17,50.4,1.98,WorthPoint
muonionalusta-meteorite,Muonionalusta Meteorite Etched Part Slice 22 Grams,37.0,2020-11-16,22.0,1.68,WorthPoint
muonionalusta-meteorite,Slice Of Muonionalusta Meteorite End Piece 25 Gms Stand,26.95,2020-11-15,25.0,1.08,WorthPoint
muonionalusta-meteorite,29.2 Gram MUONIONALUSTA ECTHED IRON METEORITE - SLICE - Found In Sweden,74.25,2020-11-15,29.2,2.54,WorthPoint
muonionalusta-meteorite,19.6 Gram MUONIONALUSTA ECTHED IRON METEORITE - SLICE - Found In Sweden,74.25,2020-11-15,19.6,3.79,WorthPoint
muonionalusta-meteorite,76.9 Gram MUONIONALUSTA ECTHED IRON METEORITE - SLICE - Found In SWEDEN,120.0,2020-11-14,76.9,1.56,WorthPoint
muonionalusta-meteorite,28.4 Gram MUONIONALUSTA ECTHED IRON METEORITE - SLICE - Found In SWEDEN,60.0,2020-11-13,28.4,2.11,WorthPoint
muonionalusta-meteorite,Meteorite Jewelry Muonionalusta Meteorite Pair Of Earrings 925 Silver,92.0,2020-11-11,,,WorthPoint
muonionalusta-meteorite,Meteorites - 51.0g Muonionalusta Polished And Etched Complete Slice,189.95,2020-11-11,51.0,3.72,WorthPoint
muonionalusta-meteorite,Gentleman''s Muonionalusta Meteorite Wristwatch,2000.0,2020-11-10,,,WorthPoint
muonionalusta-meteorite,24.8 Gram MUONIONALUSTA ECTHED IRON METEORITE - SLICE - Found In Sweden,79.0,2020-11-09,24.8,3.19,WorthPoint
muonionalusta-meteorite,Muonionalusta Meteorite Etched Part Slice 9.2 Grams,17.85,2020-11-09,9.2,1.94,WorthPoint
muonionalusta-meteorite,16.5 Gram MUONIONALUSTA ECTHED IRON METEORITE - SLICE - Found In Sweden,36.75,2020-11-08,16.5,2.23,WorthPoint
muonionalusta-meteorite,Muonionalusta Meteorite Etched Part Slice 24.6 Grams!,34.85,2020-11-07,24.6,1.42,WorthPoint
muonionalusta-meteorite,Muonionalusta Meteorite Etched End Cut 12.8 Grams,24.0,2020-11-04,12.8,1.88,WorthPoint
muonionalusta-meteorite,.481 Grams 13mm MUONIONALUSTA Iron Meteorite Small Cut Fragment - Fell In SWEDEN,8.39,2020-11-02,481.0,0.02,WorthPoint
muonionalusta-meteorite,3.33 Grams 18mm MUONIONALUSTA Iron Meteorite Small Cut Fragment - Fell In SWEDEN,14.5,2020-11-02,3.33,4.35,WorthPoint
muonionalusta-meteorite,78.3 Gram MUONIONALUSTA ECTHED IRON METEORITE - SLICE - Found In SWEDEN,160.0,2020-11-01,78.3,2.04,WorthPoint
muonionalusta-meteorite,4.5 Gram MUONIONALUSTA ECTHED IRON METEORITE - SLICE - Found In Sweden,26.25,2020-11-01,4.5,5.83,WorthPoint
muonionalusta-meteorite,.827 Grams 13mm MUONIONALUSTA Iron Meteorite Small Cut Fragment - Fell In SWEDEN,5.5,2020-11-01,827.0,0.01,WorthPoint
muonionalusta-meteorite,3.18 Grams 28mm MUONIONALUSTA Iron Meteorite Small Cut Fragment - Fell In SWEDEN,10.05,2020-10-29,3.18,3.16,WorthPoint
muonionalusta-meteorite,Muonionalusta Meteorite Etched End Cut 21.6 Grams,37.0,2020-10-26,21.6,1.71,WorthPoint
muonionalusta-meteorite,Muonionalusta Meteorite Etched End Cut 16.4 Grams,29.0,2020-10-24,16.4,1.77,WorthPoint
muonionalusta-meteorite,Muonionalusta Meteorite Etched Part Slice 20.7 Grams,36.0,2020-10-24,20.7,1.74,WorthPoint
muonionalusta-meteorite,Meteorite Jewelry Muonionalusta Meteorite Thin 10mm Triangle Slice,10.0,2020-10-22,,,WorthPoint
muonionalusta-meteorite,Meteorite Muonionalusta Watch,79.99,2020-10-21,,,WorthPoint
muonionalusta-meteorite,1906 MUONIONALUSTA METEORITE SPHERE 18mm 24.6 Grams OCTAHEDRITE WIDMANSTATTEN,148.0,2020-10-21,24.6,6.02,WorthPoint
muonionalusta-meteorite,Muonionalusta Meteorite Etched Part Slice 16.8 Grams,30.0,2020-10-20,16.8,1.79,WorthPoint
muonionalusta-meteorite,Muonionalusta Meteorite Etched Part Slice 12.4 Grams,23.0,2020-10-19,12.4,1.85,WorthPoint
muonionalusta-meteorite,Muonionalusta Meteorite Ring Part Slice Adjustable Ring 005,39.99,2020-10-19,,,WorthPoint
muonionalusta-meteorite,Muonionalusta Iron Meteorite,4626.25,2020-10-15,,,WorthPoint
muonionalusta-meteorite,9.93 Gram MUONIONALUSTA ECTHED IRON METEORITE - THIN SLICE - Found In SWEDEN,55.3,2020-10-11,9.93,5.57,WorthPoint
muonionalusta-meteorite,"Muonionalusta Meteorite Slice Lot, 348 Grams 195.00",195.0,2020-10-10,348.0,0.56,WorthPoint
muonionalusta-meteorite,Muonionalusta Meteorite Etched Part Slice 3.8 Grams,12.0,2020-10-09,3.8,3.16,WorthPoint
muonionalusta-meteorite,Muonionalusta Meteorite Etched Part Slice 8.3 Grams!,20.0,2020-10-09,8.3,2.41,WorthPoint
muonionalusta-meteorite,Meteorite Jewelry Muonionalusta Meteorite Thin 20mm Square Slice,29.0,2020-10-08,,,WorthPoint
muonionalusta-meteorite,Meteorite Jewelry Muonionalusta Meteorite Thin 15mm Circle Slice,23.0,2020-10-07,,,WorthPoint
muonionalusta-meteorite,Amazing 286 Gm. Muonionalusta Etched Meteorite End Cut,386.1,2020-10-05,286.0,1.35,WorthPoint
muonionalusta-meteorite,Muonionalusta Meteorite Etched Part Slice 36.4 Grams,59.0,2020-10-04,36.4,1.62,WorthPoint
muonionalusta-meteorite,2019 The Legend Of The Nibelungs Pure Muonionalusta Meteorite Proof Coin. Niue,218.3,2020-10-04,,,WorthPoint
muonionalusta-meteorite,Muonionalusta Meteorite Etched End Cut 8.2 Grams,20.0,2020-10-03,8.2,2.44,WorthPoint
muonionalusta-meteorite,Muonionalusta Meteorite Letter Opener,487.5,2020-10-01,,,WorthPoint
muonionalusta-meteorite,Muonionalusta Meteorite Cubic Form,325.0,2020-10-01,,,WorthPoint
muonionalusta-meteorite,Muonionalusta Meteorite Etched Part Slice 11.2 Grams,21.0,2020-09-29,11.2,1.88,WorthPoint
muonionalusta-meteorite,Muonionalusta Meteorite Necklace Pendant Part Slice 002,39.99,2020-09-29,,,WorthPoint
muonionalusta-meteorite,"Muonionalusta Meteorite, Large End, Best Muonio Etch I've Seen! 835g",675.0,2020-09-28,835.0,0.81,WorthPoint
muonionalusta-meteorite,Muonionalusta Beautifully Etched Slice 90 Grams,69.0,2020-09-28,90.0,0.77,WorthPoint
muonionalusta-meteorite,Muonionalusta Meteorite Ring Part Slice Adjustable Ring 003,39.99,2020-09-28,,,WorthPoint
muonionalusta-meteorite,Muonionalusta Meteorite Etched Part Slice 18.2 Grams!,32.0,2020-09-26,18.2,1.76,WorthPoint
muonionalusta-meteorite,2011 Cook Island The MUONIONALUSTA Meteorite $5 Silver Proof Coin Rare,100.0,2020-09-26,,,WorthPoint
muonionalusta-meteorite,Muonionalusta Meteorite Etched Part Slice 14.3 Grams,26.0,2020-09-25,14.3,1.82,WorthPoint
muonionalusta-meteorite,Beautiful Etched Muonionalusta Meteorite Slice. Fine Octahedrite 18.4 G,28.0,2020-09-25,18.4,1.52,WorthPoint
muonionalusta-meteorite,"Iron Meteorite Muonionalusta, Sweden, Necklace, Pendant Triangle Big",119.99,2020-09-25,,,WorthPoint
muonionalusta-meteorite,9.4 Gram MUONIONALUSTA ECTHED IRON METEORITE - Slice - Found In SWEDEN,39.2,2020-09-24,9.4,4.17,WorthPoint
muonionalusta-meteorite,Muonionalusta Meteorite Ring Part Slice Adjustable Ring 001,39.99,2020-09-23,,,WorthPoint
muonionalusta-meteorite,11.37 Gram MUONIONALUSTA ECTHED IRON METEORITE - THIN SLICE - Found In SWEDEN,99.0,2020-09-22,11.37,8.71,WorthPoint
muonionalusta-meteorite,"Iron Meteorite Muonionalusta, Sweden, With Volcanic Lava Bracelet Small Sphere",119.99,2020-09-22,,,WorthPoint
muonionalusta-meteorite,"Muonionalusta Meteorite Slice, 10mm Triangle, Pendant Necklace",16.5,2020-09-21,,,WorthPoint
muonionalusta-meteorite,21.64 Gram MUONIONALUSTA ECTHED IRON METEORITE Specimen - Found In SWEDEN,85.0,2020-09-20,21.64,3.93,WorthPoint
muonionalusta-meteorite,Muonionalusta Meteorite Etched Part Slice 17.3 Grams,30.0,2020-09-17,17.3,1.73,WorthPoint
muonionalusta-meteorite,Muonionalusta Meteorite Etched Part Slice 11.9 Grams!,22.0,2020-09-16,11.9,1.85,WorthPoint
muonionalusta-meteorite,Muonionalusta Meteorite Etched Part Slice 27.5 Grams,46.0,2020-09-15,27.5,1.67,WorthPoint
muonionalusta-meteorite,Muonionalusta Meteorite Etched Part Slice 17 Grams,24.0,2020-09-14,17.0,1.41,WorthPoint
muonionalusta-meteorite,Muonionalusta Meteorite Etched Part Slice 24.7 Grams,33.6,2020-09-14,24.7,1.36,WorthPoint
muonionalusta-meteorite,Muonionalusta Meteorite Etched End Cut 23.9 Grams,32.0,2020-09-14,23.9,1.34,WorthPoint
muonionalusta-meteorite,Muonionalusta Meteorite Etched End Cut 41.9 Grams,53.6,2020-09-14,41.9,1.28,WorthPoint
muonionalusta-meteorite,Muonionalusta Meteorite Etched Part Slice 27.7 Grams,36.8,2020-09-14,27.7,1.33,WorthPoint
muonionalusta-meteorite,Muonionalusta Meteorite Etched Part Slice 21.7 Grams!,29.6,2020-09-12,21.7,1.36,WorthPoint
muonionalusta-meteorite,Muonionalusta Meteorite Etched Part Slice 37.7 Grams,48.8,2020-09-12,37.7,1.29,WorthPoint
muonionalusta-meteorite,Amazing 118 Gm. Muonionalusta Etched Meteorite End Cut,179.1,2020-09-11,118.0,1.52,WorthPoint
muonionalusta-meteorite,Muonionalusta Meteorite Teddy Pocket Watch Meteorite Jewelry,69.0,2020-09-11,,,WorthPoint
muonionalusta-meteorite,Muonionalusta Meteorite Etched Part Slice 3.6 Grams,9.6,2020-09-10,3.6,2.67,WorthPoint
muonionalusta-meteorite,Muonionalusta Meteorite Etched Part Slice 40 Grams!,51.2,2020-09-10,40.0,1.28,WorthPoint
muonionalusta-meteorite,"1906, Muonionalusta Iron Meteorite, Norrbottens, Sweden 7.68 Grams",26.5,2020-09-09,7.68,3.45,WorthPoint
muonionalusta-meteorite,HUGE MUSEUM SPECIMEN - 14 KILO (30.8 Lb) MUONIONALUSTA ETCHED METEORITE - ENDCUT,6825.0,2020-09-08,,,WorthPoint
muonionalusta-meteorite,25.5 Gram MUONIONALUSTA ECTHED IRON METEORITE - Odd Shape - Found In SWEDEN,74.25,2020-09-07,25.5,2.91,WorthPoint
muonionalusta-meteorite,Meteorite Jewelry Bead Muonionalusta Meteorite Pendant 925 Silver,51.0,2020-09-06,,,WorthPoint
muonionalusta-meteorite,Amazing 170 Gm. Muonionalusta Etched Meteorite End Cut,233.1,2020-09-06,170.0,1.37,WorthPoint
muonionalusta-meteorite,Muonionalusta Beautifully Etched Slice 26 Grams,19.0,2020-09-05,26.0,0.73,WorthPoint
muonionalusta-meteorite,Muonionalusta Meteorite Etched Part Slice 16.1 Grams,29.0,2020-09-05,16.1,1.8,WorthPoint
muonionalusta-meteorite,Muonionalusta Meteorite Etched Part Slice 12.8 Grams!,24.0,2020-09-04,12.8,1.88,WorthPoint
muonionalusta-meteorite,Muonionalusta Meteorite Etched Part Slice 14 Grams,25.0,2020-09-04,14.0,1.79,WorthPoint
muonionalusta-meteorite,Muonionalusta Meteorite Etched Part Slice 25.6 Grams!,43.0,2020-09-04,25.6,1.68,WorthPoint
muonionalusta-meteorite,"1,700 Gram Muonionalusta Meteorite From Sweden! AMAZING Octahedrite Structure!",450.0,2020-09-03,700.0,0.64,WorthPoint
muonionalusta-meteorite,Muonionalusta Beautifully Etched Slice 50 Grams,39.0,2020-09-02,50.0,0.78,WorthPoint
muonionalusta-meteorite,Muonionalusta Meteorite Etched End Cut 16 Grams,28.0,2020-09-01,16.0,1.75,WorthPoint
muonionalusta-meteorite,Meteorite Jewelry Muonionalusta Meteorite Pendant 925 Silver 1042-1,95.0,2020-09-01,,,WorthPoint
muonionalusta-meteorite,7.24 Gram MUONIONALUSTA ECTHED IRON METEORITE Specimen - Found In SWEDEN,33.75,2020-09-01,7.24,4.66,WorthPoint
muonionalusta-meteorite,Muonionalusta Meteorite Etched Part Slice 12.9 Grams,24.0,2020-09-01,12.9,1.86,WorthPoint
muonionalusta-meteorite,Muonionalusta Beautifully Etched Pocket Piece 110 Grams,80.0,2020-09-01,110.0,0.73,WorthPoint
muonionalusta-meteorite,11.66 Gram MUONIONALUSTA ECTHED IRON METEORITE - THIN SLICE - Found In SWEDEN,59.25,2020-09-01,11.66,5.08,WorthPoint
muonionalusta-meteorite,Muonionalusta Meteorite Etched Part Slice 37.4 Grams!,61.0,2020-08-31,37.4,1.63,WorthPoint
muonionalusta-meteorite,Muonionalusta Beautifully Etched Slice 36 Grams,29.0,2020-08-31,36.0,0.81,WorthPoint
muonionalusta-meteorite,Muonionalusta Meteorite Etched Part Slice 22.1 Grams!,38.0,2020-08-31,22.1,1.72,WorthPoint
muonionalusta-meteorite,Muonionalusta Meteorite Etched Part Slice 11.7 Grams,22.0,2020-08-31,11.7,1.88,WorthPoint
muonionalusta-meteorite,Muonionalusta Meteorite Etched Part Slice 34.3 Grams!,59.0,2020-08-30,34.3,1.72,WorthPoint
muonionalusta-meteorite,Muonionalusta Beautifully Etched Triangle 32 Grams,29.0,2020-08-30,32.0,0.91,WorthPoint
muonionalusta-meteorite,Muonionalusta METEORITE Pendent Sterling Silver Chain,90.0,2020-08-29,,,WorthPoint
muonionalusta-meteorite,Muonionalusta Meteorite Etched Part Slice 25.7 Grams,43.0,2020-08-28,25.7,1.67,WorthPoint
muonionalusta-meteorite,Muonionalusta Meteorite Etched Part Slice 41.9 Grams!,67.0,2020-08-28,41.9,1.6,WorthPoint
muonionalusta-meteorite,Muonionalusta Meteorite Etched Part Slice 23.4 Grams!,40.0,2020-08-27,23.4,1.71,WorthPoint
muonionalusta-meteorite,Muonionalusta Meteorite Etched Part Slice 19.2 Grams,33.0,2020-08-25,19.2,1.72,WorthPoint
muonionalusta-meteorite,Muonionalusta Meteorite Etched Part Slice 17.5 Grams!,31.0,2020-08-25,17.5,1.77,WorthPoint
muonionalusta-meteorite,Muonionalusta Meteorite Etched Part Slice 38.3 Grams!,62.0,2020-08-25,38.3,1.62,WorthPoint
muonionalusta-meteorite,Muonionalusta Meteorite Etched Part Slice 18.5 Grams,32.0,2020-08-25,18.5,1.73,WorthPoint
muonionalusta-meteorite,Muonionalusta Meteorite Etched Part Slice 17.7 Grams,31.0,2020-08-25,17.7,1.75,WorthPoint
muonionalusta-meteorite,Muonionalusta Meteorite Etched End Cut 1.9 Grams,10.0,2020-08-25,1.9,5.26,WorthPoint
muonionalusta-meteorite,Cut And Polished Muonionalusta Meteorite From Sweden! 520 Grams! Bargain Price!,119.99,2020-08-25,520.0,0.23,WorthPoint
muonionalusta-meteorite,Muonionalusta Meteorite Etched Part Slice 21.9 Grams,37.0,2020-08-24,21.9,1.69,WorthPoint
muonionalusta-meteorite,Muonionalusta Meteorite CUTTING Rough! Bargain Priced 1380 Grams! Read All!,249.99,2020-08-24,1380.0,0.18,WorthPoint
muonionalusta-meteorite,Muonionalusta Meteorite Etched Part Slice 13.9 Grams!,25.0,2020-08-24,13.9,1.8,WorthPoint
muonionalusta-meteorite,Muonionalusta Meteorite Etched Part Slice 18.9 Grams,33.0,2020-08-24,18.9,1.75,WorthPoint
muonionalusta-meteorite,Muonionalusta Meteorite Etched Part Slice 12.7 Grams!,24.0,2020-08-22,12.7,1.89,WorthPoint
muonionalusta-meteorite,Muonionalusta Meteorite Etched Part Slice 20.8 Grams,36.0,2020-08-22,20.8,1.73,WorthPoint
muonionalusta-meteorite,Muonionalusta Meteorite Etched Part Slice 20.6 Grams!,35.0,2020-08-21,20.6,1.7,WorthPoint
muonionalusta-meteorite,17.45 Gram MUONIONALUSTA ECTHED IRON METEORITE - THIN SLICE - Found In SWEDEN,149.0,2020-08-21,17.45,8.54,WorthPoint
muonionalusta-meteorite,Amazing 670 Gm. Muonionalusta Etched Meteorite Slice,989.1,2020-08-21,670.0,1.48,WorthPoint
muonionalusta-meteorite,Muonionalusta Meteorite Etched Part Slice 18.1 Grams,32.0,2020-08-20,18.1,1.77,WorthPoint
muonionalusta-meteorite,Muonionalusta Meteorite THICK Etched Part Slice 393.3 Grams! FOR JEWELRY MAKING!,605.0,2020-08-19,393.3,1.54,WorthPoint
muonionalusta-meteorite,Muonionalusta Meteorite Etched Part Slice 13.8 Grams!,21.25,2020-08-18,13.8,1.54,WorthPoint
muonionalusta-meteorite,Muonionalusta Meteorite Etched Part Slice 22.1 Grams,32.3,2020-08-18,22.1,1.46,WorthPoint
muonionalusta-meteorite,Muonionalusta Meteorite Etched Part Slice 23.8 Grams,34.0,2020-08-16,23.8,1.43,WorthPoint
muonionalusta-meteorite,8.09 Gram MUONIONALUSTA ECTHED IRON METEORITE Specimen - Found In SWEDEN,33.75,2020-08-15,8.09,4.17,WorthPoint
muonionalusta-meteorite,Muonionalusta Meteorite Etched Part Slice 23.7 Grams!,34.0,2020-08-14,23.7,1.43,WorthPoint
muonionalusta-meteorite,Muonionalusta Etched Part Slice 254 Grams WHOLESALE PRICING!!!,190.0,2020-08-13,254.0,0.75,WorthPoint
muonionalusta-meteorite,Muonionalusta Meteorite Etched End Cut 41.6 Grams,67.0,2020-08-12,41.6,1.61,WorthPoint
muonionalusta-meteorite,6.48 Gram MUONIONALUSTA ECTHED IRON METEORITE Specimen - Found In SWEDEN,33.75,2020-08-10,6.48,5.21,WorthPoint
muonionalusta-meteorite,Woolly Mammoth Tooth & Muonionalusta Meteorite Knife,5250.0,2020-08-07,,,WorthPoint
muonionalusta-meteorite,Muonionalusta Meteorite Push Dagger,8125.0,2020-08-07,,,WorthPoint
muonionalusta-meteorite,11.33 Gram MUONIONALUSTA ECTHED IRON METEORITE - THIN SLICE - Found In SWEDEN,66.75,2020-08-07,11.33,5.89,WorthPoint
muonionalusta-meteorite,Meteorites - 48.7g Muonionalusta Polished And Etched End Piece,145.95,2020-08-05,48.7,3.0,WorthPoint
muonionalusta-meteorite,"Muonionalusta Meteorite Sphere, 49 Mms, It Weighs 492 Gr! ...",560.0,2020-08-04,492.0,1.14,WorthPoint
muonionalusta-meteorite,Muonionalusta Beautifully Etched Whole Slice 163 Grams SALE PRICED!!!,119.0,2020-08-03,163.0,0.73,WorthPoint
muonionalusta-meteorite,Muonionalusta Etched Part Slice 79 Grams,75.0,2020-08-02,79.0,0.95,WorthPoint
muonionalusta-meteorite,Meteorite Jewelry Muonionalusta Meteorite Pendant 10mm Bead Pendant,81.0,2020-08-01,,,WorthPoint
muonionalusta-meteorite,Nice Large Size Muonionalusta Meteorite Pendant - Widmanstatten Patterns!,39.99,2020-08-01,,,WorthPoint
muonionalusta-meteorite,MUONIONALUSTA METEORITE 212 Grams (7 1/2oz) FULL SLICE NICKEL IRON KIRUNA SWEDEN,125.0,2020-08-01,212.0,0.59,WorthPoint
muonionalusta-meteorite,Muonionalusta Meteorite Etched End Cut 17.8 Grams,31.0,2020-07-31,17.8,1.74,WorthPoint
muonionalusta-meteorite,55.53 Gram MUONIONALUSTA ECTHED IRON METEORITE - THIN SLICE - Found In SWEDEN,165.0,2020-07-30,55.53,2.97,WorthPoint
muonionalusta-meteorite,Muonionalusta Meteorite THICK Etched Part Slice 324.4 Grams! FOR JEWELRY MAKING!,500.0,2020-07-30,324.4,1.54,WorthPoint
muonionalusta-meteorite,Muonionalusta Meteorite THICK Etched Part Slice 264 Grams! FOR JEWELRY MAKING!,408.0,2020-07-26,264.0,1.55,WorthPoint
muonionalusta-meteorite,Meteorites - 31.3g Muonionalusta Polished And Etched Complete Slice,119.95,2020-07-25,31.3,3.83,WorthPoint
muonionalusta-meteorite,Muonionalusta Meteorite Etched End Cut 370 Grams 1906 Muonio River Sweden W/Sign,499.0,2020-07-25,370.0,1.35,WorthPoint
muonionalusta-meteorite,2011 Cook Island The MUONIONALUSTA Meteorite. $5 Silver Proof Coin,125.0,2020-07-25,,,WorthPoint
muonionalusta-meteorite,Authentic Muonionalusta Meteorite In Display Frame With Information Card,17.0,2020-07-24,,,WorthPoint
muonionalusta-meteorite,Muonionalusta Etched Iron Meteorite,69.99,2020-07-24,,,WorthPoint
muonionalusta-meteorite,"Muonionalusta Meteorite, Rough And Rusty! Bargain Priced 2300 Grams!",459.99,2020-07-24,2300.0,0.2,WorthPoint
muonionalusta-meteorite,Muonionalusta Meteorite Etched Part Slice 62.6 Grams!,102.0,2020-07-23,62.6,1.63,WorthPoint
muonionalusta-meteorite,500 Gram (LOT A) MUONIONALUSTA ECTHED IRON METEORITE Specimens - Found In SWEDEN,487.5,2020-07-23,500.0,0.97,WorthPoint
muonionalusta-meteorite,500 Gram (LOT B) MUONIONALUSTA ECTHED IRON METEORITE Specimens - Found In SWEDEN,487.5,2020-07-23,500.0,0.97,WorthPoint
muonionalusta-meteorite,Muonionalusta Beautifully Etched Part Slice 132 Grams,104.0,2020-07-22,132.0,0.79,WorthPoint
muonionalusta-meteorite,Muonionalusta Beautifully Etched Part Slice 15 Grams,14.0,2020-07-22,15.0,0.93,WorthPoint
muonionalusta-meteorite,Muonionalusta Beautifully Etched Part Slice 67 Grams,55.0,2020-07-21,67.0,0.82,WorthPoint
muonionalusta-meteorite,Muonionalusta Etched Part Slice 233 Grams WHOLESALE PRICING!!!,139.0,2020-07-18,233.0,0.6,WorthPoint
muonionalusta-meteorite,Muonionalusta Meteorite From Sweden! 420 Grams! Bargain Price!,78.0,2020-07-17,420.0,0.19,WorthPoint
muonionalusta-meteorite,Muonionalusta WHOLESALE PRICING!!! Etched Cube 387 Grams,290.0,2020-07-17,387.0,0.75,WorthPoint
muonionalusta-meteorite,Meteorite Jewelry Muonionalusta Meteorite Pendant 8mm Bead Pendant,46.0,2020-07-16,,,WorthPoint
muonionalusta-meteorite,SIXTY POUND Or 27 KG Muonionalusta Meteorite From Sweden!!!,7500.0,2020-07-16,27000.0,0.28,WorthPoint
muonionalusta-meteorite,Muonionalusta Meteorite THICK Etched Part Slice 283 Grams! FOR JEWELRY MAKING!,437.0,2020-07-16,283.0,1.54,WorthPoint
muonionalusta-meteorite,Watch With Muonionalusta Meteorite,1058.75,2020-07-16,,,WorthPoint
muonionalusta-meteorite,Muonionalusta Beautifully Etched Slice 110 Grams,88.0,2020-07-15,110.0,0.8,WorthPoint
muonionalusta-meteorite,Muonionalusta Beautifully Etched Slice 200 Grams WHOLESALE PRICING!!!,123.0,2020-07-15,200.0,0.61,WorthPoint
muonionalusta-meteorite,14.8 Gram MUONIONALUSTA ECTHED IRON METEORITE Specimen - Found In SWEDEN,85.0,2020-07-14,14.8,5.74,WorthPoint
muonionalusta-meteorite,"Muonionalusta Meteorite, Rough And Rusty! Bargain Priced HUGE 16 Pounds! Read!",1449.99,2020-07-13,,,WorthPoint
muonionalusta-meteorite,"Muonionalusta Meteorite From Sweden! Polished And Etched Halves! 2,000 Grams!",459.99,2020-07-13,,,WorthPoint
muonionalusta-meteorite,Muonionalusta Meteorite *ugly Cutting/slicing Rough Material** 12 Pounds! Read!,749.99,2020-07-13,,,WorthPoint
muonionalusta-meteorite,"1,880 Gram Muonionalusta Meteorite From Sweden! I Call It The ""battle Axe"" :)",379.99,2020-07-12,880.0,0.43,WorthPoint
muonionalusta-meteorite,"Our Biggest! 10 KILOGRAM Muonionalusta Meteorite From Sweden! 10,000 Grams!",2199.99,2020-07-12,,,WorthPoint
muonionalusta-meteorite,86.02 Gram MUONIONALUSTA ECTHED IRON METEORITE - FULL SLICE - Found In SWEDEN,259.0,2020-07-12,86.02,3.01,WorthPoint
muonionalusta-meteorite,Muonionalusta Meteorite Etched Part Slice 7.6 Grams,16.15,2020-07-11,7.6,2.12,WorthPoint
muonionalusta-meteorite,"Wow! 6 KILOGRAM Muonionalusta Meteorite From Sweden! Polished Face! 6,000 Grams!",1699.99,2020-07-10,,,WorthPoint
muonionalusta-meteorite,"Huge And COOL! 8 KILOGRAM Muonionalusta Meteorite From Sweden! 8,000 Grams!",1899.99,2020-07-10,,,WorthPoint
muonionalusta-meteorite,Muonionalusta Meteorite End Piece,475.0,2020-07-09,,,WorthPoint
muonionalusta-meteorite,Muonionalusta Beautifully Etched End Cut 551 Grams #33,386.0,2020-07-08,551.0,0.7,WorthPoint
muonionalusta-meteorite,Muonionalusta Beautifully Etched End Cut 117 Grams #37 WHOLESALE PRICE,89.0,2020-07-08,117.0,0.76,WorthPoint
muonionalusta-meteorite,Muonionalusta Meteorite From Sweden! 600 Grams! Shocked And Cracked!,149.99,2020-07-07,600.0,0.25,WorthPoint
muonionalusta-meteorite,Muonionalusta Meteorite From Sweden! 2500 Grams!,499.99,2020-07-06,2500.0,0.2,WorthPoint
muonionalusta-meteorite,10.55 Gram MUONIONALUSTA ECTHED IRON METEORITE - THIN SLICE - Found In SWEDEN,62.3,2020-07-06,10.55,5.91,WorthPoint
muonionalusta-meteorite,"1,660 Gram Muonionalusta Meteorite From Sweden, Etched And Polished Octahedrite!",449.99,2020-07-04,660.0,0.68,WorthPoint
muonionalusta-meteorite,Muonionalusta Beautifully Etched Slice 107 Grams #35,64.0,2020-07-04,107.0,0.6,WorthPoint
muonionalusta-meteorite,"530 Gram Muonionalusta Meteorite From Sweden, Etched And Polished Octahedrite!",179.99,2020-07-03,530.0,0.34,WorthPoint
muonionalusta-meteorite,Sale! Massive 4.95 KILOGRAM Muonionalusta Meteorite From Sweden! Polished Face!,1499.99,2020-07-03,,,WorthPoint
muonionalusta-meteorite,"1 Kg. Meteorite Saw Dust; Muonionalusta, Campo And Sericho; The Lowest Price",73.0,2020-07-02,1000.0,0.07,WorthPoint
muonionalusta-meteorite,12.15 Gram MUONIONALUSTA ECTHED IRON METEORITE - THIN SLICE - Found In SWEDEN,59.25,2020-07-02,12.15,4.88,WorthPoint
muonionalusta-meteorite,Muonionalusta Meteorite Bracelet Meteorite Jewelry Leather Stainless Steel 0128,115.0,2020-07-02,,,WorthPoint
muonionalusta-meteorite,Muonionalusta Beautifully Etched End Cut 174 Grams,174.0,2020-06-30,174.0,1.0,WorthPoint
muonionalusta-meteorite,Meteorites - 56.1g Muonionalusta Polished And Etched Complete Slice,167.95,2020-06-28,56.1,2.99,WorthPoint
muonionalusta-meteorite,20.54GM Muonionalusta Meteorite Slice Iron Nickel Etched Rough Jewelry Rough A04,39.98,2020-06-27,20.54,1.95,WorthPoint
muonionalusta-meteorite,Muonionalusta Etched Part Slice 67 Grams NICE ACID ETCH,60.0,2020-06-27,67.0,0.9,WorthPoint
muonionalusta-meteorite,11.01 Gram MUONIONALUSTA ECTHED IRON METEORITE Specimen - Found In SWEDEN,55.0,2020-06-27,11.01,5.0,WorthPoint
muonionalusta-meteorite,"Sterling Silver Moldavite, Muonionalusta & Campo DeCielo Meteorite-Starborn EP39",138.0,2020-06-26,,,WorthPoint
muonionalusta-meteorite,Muonionalusta Beautifully Etched Slice 75 Grams WHOLESALE PRICING!!!,52.0,2020-06-26,75.0,0.69,WorthPoint
muonionalusta-meteorite,Muonionalusta Premium Etched Part Slice 117 Grams WHOLESALE PRICING!!!,87.0,2020-06-25,117.0,0.74,WorthPoint
muonionalusta-meteorite,16.8 Gram MUONIONALUSTA ECTHED IRON METEORITE - THIN SLICE - Found In SWEDEN,85.0,2020-06-25,16.8,5.06,WorthPoint
muonionalusta-meteorite,Muonionalusta Premium Etched Part Slice 78 Grams WHOLESALE PRICING!!!,58.0,2020-06-22,78.0,0.74,WorthPoint
muonionalusta-meteorite,Muonionalusta Beautifully Etched End Cut 554 Grams WHOLESALE PRICING!!!,260.0,2020-06-22,554.0,0.47,WorthPoint
muonionalusta-meteorite,Meteorites - 43.1g Muonionalusta Polished And Etched Complete Slice,128.95,2020-06-18,43.1,2.99,WorthPoint
muonionalusta-meteorite,110.45 Gram MUONIONALUSTA ECTHED IRON METEORITE - FULL SLICE - Found In SWEDEN,247.5,2020-06-18,110.45,2.24,WorthPoint
muonionalusta-meteorite,106.69 Gram MUONIONALUSTA ECTHED IRON METEORITE - FULL SLICE - Found In SWEDEN,247.5,2020-06-14,106.69,2.32,WorthPoint
muonionalusta-meteorite,Muonionalusta Etched Slice 49 Grams,18.5,2020-06-13,49.0,0.38,WorthPoint
muonionalusta-meteorite,Muonionalusta Meteorite Etched End Cut 7.4 Grams,19.0,2020-06-12,7.4,2.57,WorthPoint
muonionalusta-meteorite,3.39 Gram MUONIONALUSTA ECTHED IRON METEORITE - THIN SLICE - Found In SWEDEN,39.0,2020-06-09,3.39,11.5,WorthPoint
muonionalusta-meteorite,6.77gram MUONIONALUSTA ECTHED IRON METEORITE Specimen - Found In SWEDEN,27.0,2020-06-06,6.77,3.99,WorthPoint
muonionalusta-meteorite,104.58 Gram MUONIONALUSTA ECTHED IRON METEORITE - FULL SLICE - Found In SWEDEN,312.0,2020-06-03,104.58,2.98,WorthPoint
muonionalusta-meteorite,Muonionalusta Meteorite Etched Part Slice 7.7 Grams!,15.3,2020-05-30,7.7,1.99,WorthPoint
muonionalusta-meteorite,Muonionalusta Meteorite Etched End Cut 5.8 Grams,13.6,2020-05-29,5.8,2.34,WorthPoint
muonionalusta-meteorite,123.04 Gram MUONIONALUSTA ECTHED IRON METEORITE - FULL SLICE - Found In SWEDEN,370.0,2020-05-28,123.04,3.01,WorthPoint
muonionalusta-meteorite,Cook Islands Coin 2011 Silver $5 Muonionalusta Meteorite MIB 20g Proof,43.0,2020-05-27,20.0,2.15,WorthPoint
muonionalusta-meteorite,Muonionalusta Meteorite Etched End Cut 48.2 Grams,77.0,2020-05-27,48.2,1.6,WorthPoint
muonionalusta-meteorite,Muonionalusta Meteorite Etched Part Slice 16.9 Grams,30.0,2020-05-26,16.9,1.78,WorthPoint
muonionalusta-meteorite,"RARE! Iron Meteorite Muonionalusta Sweden, Slice With Large Troilite, 20.6 Grams",99.99,2020-05-25,20.6,4.85,WorthPoint
muonionalusta-meteorite,Meteorites - 41.8g Muonionalusta Polished And Etched Complete Slice,124.95,2020-05-22,41.8,2.99,WorthPoint
muonionalusta-meteorite,Muonionalusta Meteorite Etched Part Slice 36.8 Grams,60.0,2020-05-22,36.8,1.63,WorthPoint
muonionalusta-meteorite,Muonionalusta Meteorite Etched Part Slice 28.1 Grams,47.0,2020-05-22,28.1,1.67,WorthPoint
muonionalusta-meteorite,Muonionalusta Rhodium Plated Meteorite Leather Watch Meteorite Jewelry! MTW 0005,138.0,2020-05-18,,,WorthPoint
muonionalusta-meteorite,"Muonionalusta Meteorite Slices, Sweden, Witmanstatten Etch 3 Pcs, Over 3 Lb.",400.0,2020-05-18,,,WorthPoint
muonionalusta-meteorite,"Swedish Meteorite, Muonionalusta, Fine Octahedrite, Type IVA, 7598 Grams",3300.0,2020-05-18,7598.0,0.43,WorthPoint
muonionalusta-meteorite,Muonionalusta Meteorite Etched End Cut 10 Grams,19.0,2020-05-17,10.0,1.9,WorthPoint
muonionalusta-meteorite,2246 Gm MUONIONALUSTA IRON METEORITE ;SWEDEN; ORIGINAL PATINA;GREAT PRICE; 5 LBS,1439.95,2020-05-17,2246.0,0.64,WorthPoint
muonionalusta-meteorite,78.44 Gram MUONIONALUSTA ECTHED IRON METEORITE - FULL SLICE - Found In SWEDEN,176.25,2020-05-17,78.44,2.25,WorthPoint
muonionalusta-meteorite,3.15 Gram MUONIONALUSTA ECTHED IRON METEORITE - THIN SLICE - Found In SWEDEN,21.75,2020-05-14,3.15,6.9,WorthPoint
muonionalusta-meteorite,"Muonionalusta Meteorite Slice, Widmanstatten Etch Sweden 5x3"", 12 Oz.",60.0,2020-05-13,340.2,0.18,WorthPoint
muonionalusta-meteorite,Muonionalusta Meteorite Etched End Cut 6.6 Grams,17.0,2020-05-12,6.6,2.58,WorthPoint
muonionalusta-meteorite,Muonionalusta Meteorite Slab,204.0,2020-05-07,,,WorthPoint
muonionalusta-meteorite,Muonionalusta Meteorite Etched End Cut 6.9 Grams,18.0,2020-05-07,6.9,2.61,WorthPoint
muonionalusta-meteorite,Muonionalusta Blue Rhodium Plated Meteorite Leather Watch Meteorite Jewelry!,456.0,2020-05-06,,,WorthPoint
muonionalusta-meteorite,Muonionalusta Meteorite Etched Part Slice 7.5 Grams,19.0,2020-05-06,7.5,2.53,WorthPoint
muonionalusta-meteorite,"Muonionalusta Meteorite Pendant Piece, From Sweden.",49.99,2020-05-05,,,WorthPoint
muonionalusta-meteorite,Muonionalusta Meteorite Etched Part Slice 17.4 Grams,31.0,2020-05-04,17.4,1.78,WorthPoint
muonionalusta-meteorite,"Knife Made From Muonionalusta Meteorite, 3"" Blade With Widmanstatten Etch, Exc.",93.0,2020-05-03,,,WorthPoint
muonionalusta-meteorite,Muonionalusta Meteorite Etched End Cut 36.1 Grams,59.0,2020-05-03,36.1,1.63,WorthPoint
muonionalusta-meteorite,"Muonionalusta Meteorite Pendant Piece Necklace, From Sweden.",49.99,2020-05-01,,,WorthPoint
muonionalusta-meteorite,20.52 Gram MUONIONALUSTA ECTHED IRON METEORITE Specimen - Found In SWEDEN,51.75,2020-05-01,20.52,2.52,WorthPoint
muonionalusta-meteorite,"Iron Meteorite Muonionalusta, Sweden, Small Sphere, About 1 Cm Diam, 4.75 Grams",29.99,2020-04-30,4.75,6.31,WorthPoint
muonionalusta-meteorite,.936 Grams 14mm MUONIONALUSTA Iron Meteorite Small Cut Fragment - Fell In SWEDEN,12.5,2020-04-28,936.0,0.01,WorthPoint
muonionalusta-meteorite,587 Grams 15mm MUONIONALUSTA Oxide Meteorite Oxidite Fragment - Fell In SWEDEN,14.59,2020-04-25,587.0,0.02,WorthPoint
muonionalusta-meteorite,1.80 Grams 15mm MUONIONALUSTA Iron Meteorite Small Cut Fragment - Fell In SWEDEN,38.0,2020-04-25,1.8,21.11,WorthPoint
muonionalusta-meteorite,.290 Grams 16mm MUONIONALUSTA Iron Meteorite Small Cut Fragment - Fell In SWEDEN,12.5,2020-04-25,290.0,0.04,WorthPoint
muonionalusta-meteorite,5.52 Gram MUONIONALUSTA ECTHED IRON METEORITE Specimen - Found In SWEDEN,21.75,2020-04-24,5.52,3.94,WorthPoint
muonionalusta-meteorite,90.39 Gram MUONIONALUSTA ECTHED IRON METEORITE - FULL SLICE - Found In SWEDEN,202.5,2020-04-24,90.39,2.24,WorthPoint
muonionalusta-meteorite,6.88 Gram MUONIONALUSTA ECTHED IRON METEORITE Specimen - Found In SWEDEN,26.25,2020-04-22,6.88,3.82,WorthPoint
muonionalusta-meteorite,65.19 Gram MUONIONALUSTA ECTHED IRON METEORITE - FULL SLICE - Found In SWEDEN,199.0,2020-04-18,65.19,3.05,WorthPoint
muonionalusta-meteorite,11.34 Gram MUONIONALUSTA ECTHED IRON METEORITE - THIN SLICE - Found In SWEDEN,59.0,2020-04-10,11.34,5.2,WorthPoint
muonionalusta-meteorite,Meteorite Jewelry Muonionalusta Meteorite Pendant Cross Pendant,159.0,2020-04-09,,,WorthPoint
muonionalusta-meteorite,Meteorite**Muonionalusta; Iron IVA**11.62 Gram Slice!! Widmanstatten Pattern!!,18.5,2020-04-06,11.62,1.59,WorthPoint
muonionalusta-meteorite,Muonionalusta Meteorite Etched Part Slice 109.9 Grams!,172.0,2020-04-02,109.9,1.57,WorthPoint
muonionalusta-meteorite,5.77 Gram MUONIONALUSTA ECTHED IRON METEORITE - THIN SLICE - Found In SWEDEN,33.75,2020-04-02,5.77,5.85,WorthPoint
muonionalusta-meteorite,50.14 Gram MUONIONALUSTA ECTHED IRON METEORITE - THIN SLICE - Found In SWEDEN,149.25,2020-03-30,50.14,2.98,WorthPoint
muonionalusta-meteorite,Meteorite**Muonionalusta; Iron IVA**7.268 Gram Slice!! Widmanstatten Pattern!!,122.5,2020-03-30,7.268,16.85,WorthPoint
muonionalusta-meteorite,9.09 Gram MUONIONALUSTA ECTHED IRON METEORITE - THIN SLICE - Found In SWEDEN,55.0,2020-03-29,9.09,6.05,WorthPoint
muonionalusta-meteorite,2011 Muonionalusta Meteorite Proof 0.925 Silver Coin With Real Meteorite Inset.,51.0,2020-03-28,,,WorthPoint
muonionalusta-meteorite,Muonionalusta Iron IVA Meteorite 229 Gm Etched,80.0,2020-03-25,229.0,0.35,WorthPoint
muonionalusta-meteorite,5.46 Gram MUONIONALUSTA ECTHED IRON METEORITE - THIN SLICE - Found In SWEDEN,47.2,2020-03-18,5.46,8.64,WorthPoint
muonionalusta-meteorite,Muonionalusta Iron Meteorite - 24.7 Gram Lot Of Fragments,10.5,2020-03-17,24.7,0.43,WorthPoint
muonionalusta-meteorite,4.10 Gram MUONIONALUSTA ECTHED IRON METEORITE - THIN SLICE - Found In SWEDEN,49.0,2020-03-16,4.1,11.95,WorthPoint
muonionalusta-meteorite,Muonionalusta Iron Meteorite Polished & Etched Slice From Sweden 444.25 Grams,450.0,2020-03-14,444.25,1.01,WorthPoint
muonionalusta-meteorite,Muonionalusta Meteorite Etched Part Slice 71.7 Grams!,117.0,2020-03-12,71.7,1.63,WorthPoint
muonionalusta-meteorite,11.40 Gram MUONIONALUSTA ECTHED IRON METEORITE - THIN SLICE - Found In SWEDEN,44.0,2020-03-12,11.4,3.86,WorthPoint
muonionalusta-meteorite,6.88 Gram MUONIONALUSTA ECTHED IRON METEORITE - THIN SLICE - Found In SWEDEN,45.0,2020-03-12,6.88,6.54,WorthPoint
muonionalusta-meteorite,Meteorite Ring I Beautiful Etched MUONIONALUSTA Meteorite Jewelry - TOP,80.0,2020-03-11,,,WorthPoint
muonionalusta-meteorite,Muonionalusta Meteorite Etched Part Slice 18.1 Grams!,31.0,2020-03-11,18.1,1.71,WorthPoint
muonionalusta-meteorite,Muonionalusta Iron Meteorite - 11.3 Gram Lot Of Beads,57.0,2020-03-10,11.3,5.04,WorthPoint
muonionalusta-meteorite,Muonionalusta Meteorite Etched Part Slice 12.5 Grams!,22.0,2020-03-10,12.5,1.76,WorthPoint
muonionalusta-meteorite,Muonionalusta Meteorite Etched Part Slice 8.5 Grams!,19.0,2020-03-09,8.5,2.24,WorthPoint
muonionalusta-meteorite,122.01 Gram MUONIONALUSTA ECTHED IRON METEORITE - FULL SLICE - Found In SWEDEN,366.0,2020-03-09,122.01,3.0,WorthPoint
muonionalusta-meteorite,Muonionalusta Meteorite Etched Part Slice 9.1 Grams!,20.0,2020-03-09,9.1,2.2,WorthPoint
muonionalusta-meteorite,Muonionalusta Meteorite Etched Part Slice 18 Grams!,30.0,2020-03-09,18.0,1.67,WorthPoint
muonionalusta-meteorite,Muonionalusta Meteorite Etched Part Slice 13.6 Grams!,24.0,2020-03-09,13.6,1.76,WorthPoint
muonionalusta-meteorite,Muonionalusta Meteorite Etched Part Slice 10.1 Grams!,19.0,2020-03-08,10.1,1.88,WorthPoint
muonionalusta-meteorite,Muonionalusta Iron IVA Meteorite 333 Gm,99.0,2020-03-03,333.0,0.3,WorthPoint
muonionalusta-meteorite,09373-Iron Fine Octahedrite Muonionalusta Meteorite Polished Section 14.47g,51.0,2020-03-03,14.47,3.52,WorthPoint
muonionalusta-meteorite,2.17 Gram MUONIONALUSTA ECTHED IRON METEORITE - THIN SLICE - Found In SWEDEN,25.0,2020-03-02,2.17,11.52,WorthPoint
muonionalusta-meteorite,Muonionalusta Meteorite Etched Part Slice 7.4 Grams!,18.0,2020-03-02,7.4,2.43,WorthPoint
muonionalusta-meteorite,Muonionalusta Meteorite Etched Part Slice 7.8 Grams!,18.0,2020-03-01,7.8,2.31,WorthPoint
muonionalusta-meteorite,25.5 Gram MUONIONALUSTA ECTHED IRON METEORITE - UGLY Specimen - Found In SWEDEN,52.0,2020-03-01,25.5,2.04,WorthPoint
muonionalusta-meteorite,Cook Islands Muonionalusta Meteorite $5 2011 Silver Proof Coin,85.0,2020-03-01,,,WorthPoint
muonionalusta-meteorite,Muonionalusta Meteorite Etched Part Slice 26 Grams,46.0,2020-03-01,26.0,1.77,WorthPoint
muonionalusta-meteorite,3.87 Gram MUONIONALUSTA ECTHED IRON METEORITE - THIN SLICE - Found In SWEDEN,39.0,2020-03-01,3.87,10.08,WorthPoint
muonionalusta-meteorite,Muonionalusta Iron Meteorite - 15.8 Gram Etched Block,56.01,2020-02-29,15.8,3.54,WorthPoint
muonionalusta-meteorite,Muonionalusta Meteorite Etched Part Slice 44.9 Grams!,74.0,2020-02-29,44.9,1.65,WorthPoint
muonionalusta-meteorite,10.65 Gram MUONIONALUSTA ECTHED IRON METEORITE - THIN SLICE - Found In SWEDEN,79.0,2020-02-28,10.65,7.42,WorthPoint
muonionalusta-meteorite,Muonionalusta Meteorite Etched Part Slice 16.8 Grams!,33.0,2020-02-27,16.8,1.96,WorthPoint
muonionalusta-meteorite,7.4g Muonionalusta Meteorite Necklace - Very Nice Widmanstatten Pattern,26.99,2020-02-25,7.4,3.65,WorthPoint
muonionalusta-meteorite,Muonionalusta Iron Meteorite - 10.6 Gram Lot Of Beads,27.78,2020-02-25,10.6,2.62,WorthPoint
muonionalusta-meteorite,14.77 Gram MUONIONALUSTA ECTHED IRON METEORITE - THIN SLICE - Found In SWEDEN,119.0,2020-02-24,14.77,8.06,WorthPoint
muonionalusta-meteorite,Muonionalusta Iron Meteorite - 16.5 Gram Etched Block,32.0,2020-02-22,16.5,1.94,WorthPoint
muonionalusta-meteorite,Muonionalusta Meteorite Etched Part Slice 22.4 Grams!,41.0,2020-02-20,22.4,1.83,WorthPoint
muonionalusta-meteorite,12.55GM Muonionalusta Meteorite Slice Iron Nickel Etched Rough Jewelry Rough A10,39.98,2020-02-20,12.55,3.19,WorthPoint
muonionalusta-meteorite,Muonionalusta Iron Meteorite - 33.5 Gram Lot,44.0,2020-02-18,33.5,1.31,WorthPoint
muonionalusta-meteorite,Muonionalusta Meteorite Etched Part Slice 9.2 Grams!,20.0,2020-02-16,9.2,2.17,WorthPoint
muonionalusta-meteorite,Muonionalusta Meteorite Etched Part Slice 63.2 Grams,103.0,2020-02-16,63.2,1.63,WorthPoint
muonionalusta-meteorite,Muonionalusta Iron Meteorite - 63.3 Etched Block,81.0,2020-02-15,,,WorthPoint
muonionalusta-meteorite,Muonionalusta Iron Nickel Meteorite Part Slice Widmanstatten Pattern 64grams,74.99,2020-02-15,64.0,1.17,WorthPoint
muonionalusta-meteorite,Muonionalusta Meteorite Etched Part Slice 21.6 Grams!,36.0,2020-02-13,21.6,1.67,WorthPoint
muonionalusta-meteorite,Muonionalusta Meteorite Etched Part Slice 33 Grams,56.0,2020-02-12,33.0,1.7,WorthPoint
muonionalusta-meteorite,Muonionalusta Meteorite Etched Part Slice 22.3 Grams!,37.0,2020-02-12,22.3,1.66,WorthPoint
muonionalusta-meteorite,Muonionalusta Meteorite Etched Part Slice 29.1 Grams*,51.0,2020-02-12,29.1,1.75,WorthPoint
muonionalusta-meteorite,Muonionalusta Meteorite Etched Part Slice 110 Grams!,168.0,2020-02-12,110.0,1.53,WorthPoint
muonionalusta-meteorite,Muonionalusta Iron Meteorite - 12.2 Gram Lot Of Beads,12.5,2020-02-11,12.2,1.02,WorthPoint
muonionalusta-meteorite,Muonionalusta Iron Meteorite - 19.8 Gram Lot,11.5,2020-02-11,19.8,0.58,WorthPoint
muonionalusta-meteorite,Muonionalusta Meteorite Etched Part Slice 48.8 Grams!,80.0,2020-02-10,48.8,1.64,WorthPoint
muonionalusta-meteorite,Muonionalusta Iron Meteorite - 46.6 Etched Block,28.0,2020-02-08,,,WorthPoint
muonionalusta-meteorite,28.50GM Muonionalusta Meteorite Slice Iron Nickel Etched Rough Jewelry Rough A02,59.98,2020-02-08,28.5,2.1,WorthPoint
muonionalusta-meteorite,Muonionalusta Meteorite Etched Part Slice 47.1 Grams!,79.0,2020-02-07,47.1,1.68,WorthPoint
muonionalusta-meteorite,Muonionalusta Meteorite Etched Part Slice 12 Grams!,21.0,2020-02-07,12.0,1.75,WorthPoint
muonionalusta-meteorite,Muonionalusta Meteorite Etched Part Slice 11.6 Grams!,21.0,2020-02-05,11.6,1.81,WorthPoint
muonionalusta-meteorite,Muonionalusta Iron Meteorite - 31.9 Etched Block,37.0,2020-02-04,,,WorthPoint
muonionalusta-meteorite,Muonionalusta Meteorite Etched Part Slice 13.7 Grams!,24.0,2020-02-03,13.7,1.75,WorthPoint
muonionalusta-meteorite,Muonionalusta Meteorite Etched Part Slice 61 Grams!,95.0,2020-02-02,61.0,1.56,WorthPoint
muonionalusta-meteorite,"100g Meteorite Slice,Muonionalusta Meteorite Iron Etched Part Slice B1050",149.0,2020-02-01,100.0,1.49,WorthPoint
muonionalusta-meteorite,Muonionalusta Meteorite Etched Part Slice 12.4 Grams!,22.0,2020-02-01,12.4,1.77,WorthPoint
muonionalusta-meteorite,Muonionalusta Meteorite Etched Part Slice 14.1 Grams!,25.0,2020-01-31,14.1,1.77,WorthPoint
muonionalusta-meteorite,Muonionalusta Meteorite Etched Part Slice 7 Grams!,17.0,2020-01-29,7.0,2.43,WorthPoint
muonionalusta-meteorite,Muonionalusta Iron Meteorite - 33.6 Gram Lot,13.39,2020-01-28,33.6,0.4,WorthPoint
muonionalusta-meteorite,Muonionalusta Meteorite Etched Part Slice 6.4 Grams!,12.8,2020-01-28,6.4,2.0,WorthPoint
muonionalusta-meteorite,Muonionalusta Meteorite Etched Part Slice 14.4 Grams!,20.0,2020-01-27,14.4,1.39,WorthPoint
muonionalusta-meteorite,Muonionalusta Meteorite Square In A Display Box,29.99,2020-01-27,,,WorthPoint
muonionalusta-meteorite,Muonionalusta Meteorite Etched Part Slice 7.3 Grams!,13.6,2020-01-26,7.3,1.86,WorthPoint
muonionalusta-meteorite,Muonionalusta Meteorite Etched Part Slice 16.2 Grams!,22.4,2020-01-26,16.2,1.38,WorthPoint
muonionalusta-meteorite,Muonionalusta Meteorite Etched Part Slice 17.7 Grams!,24.0,2020-01-26,17.7,1.36,WorthPoint
muonionalusta-meteorite,Muonionalusta Meteorite Etched Part Slice 15.3 Grams!,20.8,2020-01-26,15.3,1.36,WorthPoint
muonionalusta-meteorite,"Muonionalusta Meteorite Letter Opener - RARE ESTATE FIND, 75.3 GRAMS - MUST SEE",245.5,2020-01-26,75.3,3.26,WorthPoint
muonionalusta-meteorite,Amazing 366 Gm. Muonionalusta Etched Meteorite End Cut,539.1,2020-01-26,366.0,1.47,WorthPoint
muonionalusta-meteorite,Muonionalusta Iron Meteorite - 16.3 Gram Lot Of Beads,10.0,2020-01-25,16.3,0.61,WorthPoint
muonionalusta-meteorite,Muonionalusta Meteorite Etched End Cut 20.6 Grams!,27.2,2020-01-24,20.6,1.32,WorthPoint
muonionalusta-meteorite,34.04GM Muonionalusta Meteorite Slice Iron Nickel Etched Rough Jewelry Rough A06,69.98,2020-01-24,34.04,2.06,WorthPoint
muonionalusta-meteorite,Muonionalusta Meteorite Etched Part Slice 6.7 Grams!,13.6,2020-01-23,6.7,2.03,WorthPoint
muonionalusta-meteorite,4.25GM Muonionalusta Meteorite Slice Iron Nickel Etched Rough Jewelry Rough A08,19.98,2020-01-22,4.25,4.7,WorthPoint
muonionalusta-meteorite,Pair Of Muonionalusta Meteorite Earrings With Sterling Silver Mounts (reduced),55.0,2020-01-22,,,WorthPoint
muonionalusta-meteorite,Muonionalusta Meteorite Etched End Cut 79.4 Grams!,128.0,2020-01-21,79.4,1.61,WorthPoint
muonionalusta-meteorite,Muonionalusta Meteorite Etched Part Slice 8 Grams!,18.0,2020-01-21,8.0,2.25,WorthPoint
muonionalusta-meteorite,Amazing 408 Gm. Muonionalusta Etched Meteorite End Cut,566.1,2020-01-20,408.0,1.39,WorthPoint
muonionalusta-meteorite,"Iron Meteorite Muonionalusta, Sweden, Small Spheres, About 1 Cm Diam, 3-5 Grams",24.99,2020-01-19,5.0,5.0,WorthPoint
muonionalusta-meteorite,Muonionalusta Meteorite Etched End Cut 21 Grams!,35.0,2020-01-19,21.0,1.67,WorthPoint
muonionalusta-meteorite,Muonionalusta Meteorite Etched Part Slice 22.9 Grams!,38.0,2020-01-19,22.9,1.66,WorthPoint
muonionalusta-meteorite,Muonionalusta Meteorite Etched Part Slice 11.2 Grams!,20.0,2020-01-19,11.2,1.79,WorthPoint
muonionalusta-meteorite,Muonionalusta Meteorite Etched Part Slice 5.2 Grams!,14.0,2020-01-17,5.2,2.69,WorthPoint
muonionalusta-meteorite,Muonionalusta Meteorite Etched End Cut 2.5 Grams!,10.0,2020-01-17,2.5,4.0,WorthPoint
muonionalusta-meteorite,"99g Meteorite Slice,Muonionalusta Meteorite Iron Etched Part Slice B1359",129.0,2020-01-16,99.0,1.3,WorthPoint
muonionalusta-meteorite,Muonionalusta Meteorite Etched Part Slice 12.2 Grams!,22.0,2020-01-16,12.2,1.8,WorthPoint
muonionalusta-meteorite,"Muonionalusta (IVA) Iron Meteorite, Fine Octahedrite Sweden 252.2 Grams",189.0,2020-01-15,252.2,0.75,WorthPoint
muonionalusta-meteorite,Muonionalusta Meteorite Etched Part Slice 3.7 Grams!,11.0,2020-01-15,3.7,2.97,WorthPoint
muonionalusta-meteorite,Muonionalusta Meteorite Etched Part Slice 13.7 Grams,21.6,2020-01-14,13.7,1.58,WorthPoint
muonionalusta-meteorite,Muonionalusta Meteorite Etched Part Slice 56.3 Grams!,74.4,2020-01-14,56.3,1.32,WorthPoint
muonionalusta-meteorite,"Muonionalusta Meteorite Slice, Polished, Sweden. 32.967 Grams.",350.0,2020-01-11,32.967,10.62,WorthPoint
muonionalusta-meteorite,Muonionalusta Iron Meteorite - 16.6 Gram Lot Of Beads,34.0,2020-01-11,16.6,2.05,WorthPoint
muonionalusta-meteorite,Muonionalusta Meteorite Etched Part Slice 54.5 Grams!,90.0,2020-01-09,54.5,1.65,WorthPoint
muonionalusta-meteorite,Meteorite Pendant I Beautiful Etched MUONIONALUSTA - Meteorite Jewelry - TOP,60.0,2020-01-04,,,WorthPoint
muonionalusta-meteorite,Amazing 234 Gm. Muonionalusta Etched Meteorite End Cut,359.1,2020-01-01,234.0,1.53,WorthPoint
muonionalusta-meteorite,Muonionalusta Meteorite Etched Part Slice 21.6 Grams,40.0,2019-12-30,21.6,1.85,WorthPoint
muonionalusta-meteorite,Muonionalusta Iron Meteorite Etched Slice With Troilite Inclusion 331.9 Grams,335.0,2019-12-29,331.9,1.01,WorthPoint
muonionalusta-meteorite,2011 Cook Islands 5 Dollar Silver Medal Coin Muonionalusta Iron Meteorite COA,41.5,2019-12-29,,,WorthPoint
muonionalusta-meteorite,Muonionalusta Meteorite Etched Part Slice 17.6 Grams!,34.0,2019-12-28,17.6,1.93,WorthPoint
muonionalusta-meteorite,Muonionalusta Meteorite Etched Part Slice 18.9 Grams!,36.0,2019-12-26,18.9,1.9,WorthPoint
muonionalusta-meteorite,"32g Meteorite Slice,Muonionalusta Meteorite Iron Etched Part Slice B655",48.0,2019-12-26,32.0,1.5,WorthPoint
muonionalusta-meteorite,Muonionalusta Meteorite Etched Part Slice 20.7 Grams!,31.2,2019-12-22,20.7,1.51,WorthPoint
muonionalusta-meteorite,Muonionalusta Meteorite Etched Part Slice 5.2 Grams,13.6,2019-12-19,5.2,2.62,WorthPoint
muonionalusta-meteorite,Muonionalusta Meteorite Etched Part Slice 69 Grams!,112.0,2019-12-19,69.0,1.62,WorthPoint
muonionalusta-meteorite,Muonionalusta Meteorite Etched Full Slice 309.7 Grams! THICK GREAT FOR JEWELRY!,480.0,2019-12-19,309.7,1.55,WorthPoint
muonionalusta-meteorite,Muonionalusta Meteorite Etched Part Slice 17 Grams!,33.0,2019-12-18,17.0,1.94,WorthPoint
muonionalusta-meteorite,"51g Meteorite Slice,Muonionalusta Meteorite Iron Etched Part Slice B668",79.0,2019-12-18,51.0,1.55,WorthPoint
muonionalusta-meteorite,30.17GM Muonionalusta Meteorite Slice Iron Nickel Etched Rough Jewelry Rough A07,59.98,2019-12-16,30.17,1.99,WorthPoint
muonionalusta-meteorite,Muonionalusta Meteorite Etched Part Slice 33.6 Grams!,58.0,2019-12-16,33.6,1.73,WorthPoint
muonionalusta-meteorite,15.42GM Muonionalusta Meteorite Slice Iron Nickel Etched Rough Jewelry Rough A09,34.98,2019-12-16,15.42,2.27,WorthPoint
muonionalusta-meteorite,Muonionalusta Iron Meteorite Etched Slice With Big Troilite Inclusion 800 Grams,750.0,2019-12-15,800.0,0.94,WorthPoint
muonionalusta-meteorite,Muonionalusta Iron Meteorite - 59.7 Etched Block,56.51,2019-12-14,,,WorthPoint
muonionalusta-meteorite,Amazing 278 Gm. Muonionalusta Etched Meteorite End Cut,368.1,2019-12-14,278.0,1.32,WorthPoint
muonionalusta-meteorite,Muonionalusta Meteorite Pendant Piece,36.99,2019-12-14,,,WorthPoint
muonionalusta-meteorite,Muonionalusta Meteorite 73.3g Polished And Etched Complete Slice,224.95,2019-12-13,73.3,3.07,WorthPoint
muonionalusta-meteorite,MUONIONALUSTA METEORITE PENDANT $198 Sterling Silver Jewelry STARBORN CREATIONS,198.0,2019-12-13,,,WorthPoint
muonionalusta-meteorite,Muonionalusta Meteorite Etched Part Slice 31.5 Grams!,55.0,2019-12-12,31.5,1.75,WorthPoint
muonionalusta-meteorite,Muonionalusta Meteorite Etched Full Slice 131 Grams,206.0,2019-12-12,131.0,1.57,WorthPoint
muonionalusta-meteorite,Muonionalusta Meteorite Etched Part Slice 17.6 Grams,34.0,2019-12-12,17.6,1.93,WorthPoint
muonionalusta-meteorite,Beautiful Etched MUONIONALUSTA Meteorite Ring I Size 7.5 - TOP METEORITE Jewelry,60.0,2019-12-11,,,WorthPoint
muonionalusta-meteorite,Muonionalusta Meteorite Square In A Display Box #2,39.99,2019-12-11,,,WorthPoint
muonionalusta-meteorite,Muonionalusta Meteorite Etched Part Slice 7.9 Grams!,21.0,2019-12-10,7.9,2.66,WorthPoint
muonionalusta-meteorite,Amazing 178 Gm. Muonionalusta Etched Meteorite Slice,305.1,2019-12-10,178.0,1.71,WorthPoint
muonionalusta-meteorite,Amazing 224 Gm. Muonionalusta Etched Meteorite Slice,395.1,2019-12-10,224.0,1.76,WorthPoint
muonionalusta-meteorite,32.05GM Muonionalusta Meteorite Slice Iron Nickel Etched Rough Jewelry Rough A03,69.98,2019-12-07,32.05,2.18,WorthPoint
muonionalusta-meteorite,Muonionalusta Meteorite Etched Part Slice 17.1 Grams!,33.0,2019-12-07,17.1,1.93,WorthPoint
muonionalusta-meteorite,Starborn Sterling Silver Moldavite & Muonionalusta Meteorite Pendant,164.88,2019-12-06,,,WorthPoint
muonionalusta-meteorite,Muonionalusta Meteorite Etched Part Slice 11.5 Grams!,24.0,2019-12-06,11.5,2.09,WorthPoint
muonionalusta-meteorite,Muonionalusta Or Gibeon And Mirror Etched Complete Slice,75.0,2019-12-06,,,WorthPoint
muonionalusta-meteorite,Muonionalusta Meteorite Etched Part Slice 14.1 Grams,28.0,2019-12-05,14.1,1.99,WorthPoint
muonionalusta-meteorite,57.79GM Muonionalusta Meteorite Slice Iron Nickel Etched Rough Jewelry Rough A01,119.98,2019-12-05,57.79,2.08,WorthPoint
muonionalusta-meteorite,30.46GM Muonionalusta Meteorite Slice Iron Nickel Etched Rough Jewelry Rough A05,59.98,2019-12-05,30.46,1.97,WorthPoint
muonionalusta-meteorite,Muonionalusta Meteorite Etched Part Slice 72.8 Grams!,119.0,2019-12-04,72.8,1.63,WorthPoint
muonionalusta-meteorite,Low Price! Beautiful Quarter Cut! Muonionalusta Swedish Iron Meteorite 873.7 Gms,651.75,2019-12-03,873.7,0.75,WorthPoint
muonionalusta-meteorite,Muonionalusta Meteorite Etched Part Slice 5.6 Grams*,15.3,2019-12-03,5.6,2.73,WorthPoint
muonionalusta-meteorite,Meteorite Jewelry Muonionalusta Meteorite Triangle Pendant,87.0,2019-12-02,,,WorthPoint
muonionalusta-meteorite,Amazing 428 Gm. Muonionalusta Etched Meteorite Slice,692.1,2019-12-01,428.0,1.62,WorthPoint
muonionalusta-meteorite,Muonionalusta Iron Meteorite - 29.9 Etched Slice,42.76,2019-11-30,,,WorthPoint
muonionalusta-meteorite,Muonionalusta Meteorite Etched Part Slice 82.3 Grams!,133.0,2019-11-30,82.3,1.62,WorthPoint
muonionalusta-meteorite,Muonionalusta Meteorite Etched Part Slice 46.5 Grams!,76.0,2019-11-29,46.5,1.63,WorthPoint
muonionalusta-meteorite,Muonionalusta Meteorite Etched Part Slice 22.2 Grams!,41.0,2019-11-27,22.2,1.85,WorthPoint
muonionalusta-meteorite,Muonionalusta Meteorite Etched Part Slice 7.4 Grams,21.0,2019-11-27,7.4,2.84,WorthPoint
muonionalusta-meteorite,Muonionalusta Iron Meteorite - 33.5 Etched Slice,41.0,2019-11-26,,,WorthPoint
muonionalusta-meteorite,Muonionalusta Meteorite Etched Part Slice 10.2 Grams*,22.0,2019-11-26,10.2,2.16,WorthPoint
muonionalusta-meteorite,Muonionalusta Meteorite Etched Part Slice 46.9 Grams!,77.0,2019-11-25,46.9,1.64,WorthPoint
muonionalusta-meteorite,Muonionalusta Meteorite Etched Part Slice 7.1 Grams,20.0,2019-11-25,7.1,2.82,WorthPoint
muonionalusta-meteorite,Muonionalusta Meteorite Etched Part Slice 9 Grams!,23.0,2019-11-24,9.0,2.56,WorthPoint
muonionalusta-meteorite,Muonionalusta Meteorite Part Slice 28 Grams R2060,42.0,2019-11-24,28.0,1.5,WorthPoint
muonionalusta-meteorite,Amazing 138 Gm. Muonionalusta Etched Meteorite Slice,224.1,2019-11-23,138.0,1.62,WorthPoint
muonionalusta-meteorite,Muonionalusta Iron Meteorite - 18.6 Etched Slice,19.07,2019-11-23,,,WorthPoint
muonionalusta-meteorite,Muonionalusta Meteorite Etched Part Slice 53.3 Grams!,88.0,2019-11-21,53.3,1.65,WorthPoint
muonionalusta-meteorite,Amazing 186 Gm. Muonionalusta Etched Meteorite Slice,305.1,2019-11-20,186.0,1.64,WorthPoint
muonionalusta-meteorite,Muonionalusta Iron Meteorite - 52.3 Etched Slice,62.99,2019-11-19,,,WorthPoint
muonionalusta-meteorite,Muonionalusta Meteorite Etched Part Slice 11.1 Grams,23.0,2019-11-19,11.1,2.07,WorthPoint
muonionalusta-meteorite,Muonionalusta Meteorite Etched Part Slice 46.6 Grams!,78.0,2019-11-19,46.6,1.67,WorthPoint
muonionalusta-meteorite,Muonionalusta Meteorite Etched Part Slice 19.3 Grams!,28.0,2019-11-19,19.3,1.45,WorthPoint
muonionalusta-meteorite,Muonionalusta Meteorite Etched Part Slice 21.4 Grams!,31.2,2019-11-18,21.4,1.46,WorthPoint
muonionalusta-meteorite,Muonionalusta Meteorite Etched Part Slice 76.3 Grams!,124.0,2019-11-16,76.3,1.63,WorthPoint
muonionalusta-meteorite,Muonionalusta Meteorite Etched Part Slice 5 Grams!,17.0,2019-11-15,5.0,3.4,WorthPoint
muonionalusta-meteorite,Muonionalusta Meteorite Etched Part Slice 23.5 Grams,34.4,2019-11-15,23.5,1.46,WorthPoint
muonionalusta-meteorite,Muonionalusta Meteorite Etched Part Slice 23 Grams,33.6,2019-11-14,23.0,1.46,WorthPoint
muonionalusta-meteorite,Muonionalusta Iron Meteorite - 21.8 Gram Lot Of Beads,26.0,2019-11-12,21.8,1.19,WorthPoint
muonionalusta-meteorite,Muonionalusta Meteorite Etched Part Slice 20.4 Grams,38.0,2019-11-11,20.4,1.86,WorthPoint
muonionalusta-meteorite,Muonionalusta Meteorite Etched Part Slice 17.4 Grams!,34.0,2019-11-10,17.4,1.95,WorthPoint
muonionalusta-meteorite,Muonionalusta Iron Meteorite - 49.8 Etched Slice,48.0,2019-11-09,,,WorthPoint
muonionalusta-meteorite,"80g Meteorite , Muonionalusta Meteorite Iron Etched Part Slice B426",109.0,2019-11-08,80.0,1.36,WorthPoint
muonionalusta-meteorite,Muonionalusta Meteorite Etched Part Slice 11.3 Grams!,19.55,2019-11-06,11.3,1.73,WorthPoint
muonionalusta-meteorite,Muonionalusta Meteorite Etched Part Slice 14.2 Grams!,23.8,2019-11-06,14.2,1.68,WorthPoint
muonionalusta-meteorite,Muonionalusta Iron Meteorite - 18.5 Gram Lot Of Beads,15.5,2019-11-05,18.5,0.84,WorthPoint
muonionalusta-meteorite,Muonionalusta Meteorite Part Slice 16 Grams R1234,24.0,2019-11-05,16.0,1.5,WorthPoint
muonionalusta-meteorite,Amazing 148 Gm. Muonionalusta Etched Meteorite Slice,251.1,2019-11-04,148.0,1.7,WorthPoint
muonionalusta-meteorite,Muonionalusta Meteorite Etched Part Slice 12 Grams,24.0,2019-11-02,12.0,2.0,WorthPoint
muonionalusta-meteorite,2.28 Grams About 20x20x1mm MUONIONALUSTA Meteorite Slice With Some Rust Starting,11.72,2019-11-01,2.28,5.14,WorthPoint
muonionalusta-meteorite,Muonionalusta Meteorite Etched Part Slice 10.1 Grams*,22.0,2019-11-01,10.1,2.18,WorthPoint
muonionalusta-meteorite,NICELY ETCHED 114.2 Gram MUONIONALUSTA METEORITE - GREAT FOR JEWELRY!,184.0,2019-10-30,114.2,1.61,WorthPoint
muonionalusta-meteorite,"One Of A Kind Huge 44mm, 368 Gm Muonionalusta Etched Sphere",1079.28,2019-10-30,368.0,2.93,WorthPoint
muonionalusta-meteorite,"Iron Meteorite Muonionalusta, Sweden, Sandblasted Piece, 5170 Grams",2584.99,2019-10-30,5170.0,0.5,WorthPoint
muonionalusta-meteorite,Muonionalusta Iron Meteorite - 18.9 Gram Lot Of Beads,11.49,2019-10-29,18.9,0.61,WorthPoint
muonionalusta-meteorite,Muonionalusta Meteorite Etched Part Slice 7.8 Grams,21.0,2019-10-29,7.8,2.69,WorthPoint
muonionalusta-meteorite,Muonionalusta Meteorite Etched Part Slice 17.3 Grams!,28.05,2019-10-28,17.3,1.62,WorthPoint
muonionalusta-meteorite,Muonionalusta Meteorite Etched Part Slice 6 Grams,15.3,2019-10-28,6.0,2.55,WorthPoint
muonionalusta-meteorite,Muonionalusta Meteorite Etched Part Slice 22.7 Grams,35.7,2019-10-28,22.7,1.57,WorthPoint
muonionalusta-meteorite,Muonionalusta Meteorite Etched Part Slice 19.1 Grams,30.6,2019-10-28,19.1,1.6,WorthPoint
muonionalusta-meteorite,Muonionalusta Meteorite Etched Part Slice 16.6 Grams!,27.2,2019-10-27,16.6,1.64,WorthPoint
muonionalusta-meteorite,Muonionalusta Meteorite Etched Part Slice 9.3 Grams!,19.55,2019-10-27,9.3,2.1,WorthPoint
nwa-lunar-meteorite,Lunar Meteorite NWA 17826 - Troctolite Melt Breccia,23.1,2026-01-20,,,WorthPoint
nwa-lunar-meteorite,"NWA 13974 Moon/Lunar Meteorite, Feldspathic Breccia, Recent Find, 0.52 Grams",41.6,2026-01-19,0.52,80.0,WorthPoint
nwa-lunar-meteorite,"9.61 Grams~NWA 15373 LUNAR Meteorite End Cut \\\""Special No Reserve Auction\\\""",102.5,2026-01-19,9.61,10.67,WorthPoint
nwa-lunar-meteorite,Meteorite NWA 17869 Rare LUNAR Moon Low TKW 180g - Microscope Slide Thin Section,38.85,2026-01-18,180.0,0.22,WorthPoint
nwa-lunar-meteorite,NWA 18212 New Lunar Meteorite 3.7 G Slice Troctolite Melt Breccia Moon 1 Of 13,110.0,2026-01-16,3.7,29.73,WorthPoint
nwa-lunar-meteorite,NWA 15018 Lunar Meteorite Parcel,144.0,2026-01-15,,,WorthPoint
nwa-lunar-meteorite,"*** Meteorite NWA 17700, Lunar (troct. Melt Breccia) - 1.2 G ***",45.0,2026-01-14,1.2,37.5,WorthPoint
nwa-lunar-meteorite,"Meteorite**NEA 083, Lunar Gran. Breccia**1.282 Gram Part-slice, Rare!! üî• üåïüåë",24.5,2026-01-11,1.282,19.11,WorthPoint
nwa-lunar-meteorite,NWA 18212 New Lunar Meteorite 43.2 G Slice Troctolite Melt Breccia Moon 1 Of 13,865.0,2026-01-11,43.2,20.02,WorthPoint
nwa-lunar-meteorite,Meteorite NWA 18153 Rare Low TKW 67.6g LUNAR Moon Microscope Slide Thin Section,47.0,2026-01-11,67.6,0.7,WorthPoint
nwa-lunar-meteorite,"*** Meteorite NWA 17700, Lunar (troct. Melt Breccia) - 1.1 G ***",40.0,2026-01-11,1.1,36.36,WorthPoint
nwa-lunar-meteorite,NWA 17497 Lunar Feldspathic Breccia 4.3 Gram Meteorite Partial Slice Of The Moon,99.0,2026-01-10,4.3,23.02,WorthPoint
nwa-lunar-meteorite,"*** Meteorite NWA 17700, Lunar (troct. Melt Breccia) - 0.4 G ***",15.0,2026-01-09,0.4,37.5,WorthPoint
nwa-lunar-meteorite,"*** Meteorite NWA 177100, Lunar (troct. Melt Breccia) - 0.8 G ***",30.0,2026-01-09,0.8,37.5,WorthPoint
nwa-lunar-meteorite,"*** Meteorite NWA 177100, Lunar (troct. Melt Breccia) - 1.6 G ***",55.0,2026-01-08,1.6,34.38,WorthPoint
nwa-lunar-meteorite,NWA 18212 New Lunar Meteorite 3.0 G Slice Troctolite Melt Breccia Moon 1 Of 13,90.0,2026-01-06,3.0,30.0,WorthPoint
nwa-lunar-meteorite,Lunar Meteorite NWA 17471 - Mineral Clasts (Pyroxene And Plagioclase),46.99,2026-01-04,,,WorthPoint
nwa-lunar-meteorite,Lunar Meteorite NWA 17869 - Gabbroic And Feldspathic Clasts,46.99,2026-01-04,,,WorthPoint
nwa-lunar-meteorite,"Lunar Meteorite NWA 18153 - Fine Breccia (Gabbroic, Basaltic, And Melt Clasts)",53.0,2026-01-04,,,WorthPoint
nwa-lunar-meteorite,"Lunar Meteorite NWA 13788 - Feldspathic, Impact Melt Breccia (Vesicular)",37.99,2026-01-03,,,WorthPoint
nwa-lunar-meteorite,NWA 18212 New Lunar Meteorite 5.7 G Slice Troctolite Melt Breccia Moon 1 Of 13,170.0,2026-01-02,5.7,29.82,WorthPoint
nwa-lunar-meteorite,.365 Grams 9mm NWA 13788 Lunar As Found Meteorite (melt Breccia) With A COA,18.99,2025-12-30,365.0,0.05,WorthPoint
nwa-lunar-meteorite,"Meteorite**NWA 16716, Lunar Fragmental Breccia**6.070 Grams, New Dark Lunar!!!",140.39,2025-12-29,6.07,23.13,WorthPoint
nwa-lunar-meteorite,"Meteorite**NEA 083, Lunar Gran. Breccia**2.296 Gram Part-slice, Rare!! üî• üåïüåë",34.0,2025-12-29,2.296,14.81,WorthPoint
nwa-lunar-meteorite,"Collection LOT Of 20 NWA,Lunar Meteorite Fragment,Slice ,Specimen COA,Pallasites",295.0,2025-12-28,,,WorthPoint
nwa-lunar-meteorite,2019 $5 Cook Islands Lunar Landing Commemorative 1 Oz .999 Silver Meteorite Coin,150.0,2025-12-28,28.35,5.29,WorthPoint
nwa-lunar-meteorite,NWA 13992 Lunar Fragmental Breccia 5.2 G Polished End Cut Of The Moon. 1 Of 48,650.0,2025-12-28,5.2,125.0,WorthPoint
nwa-lunar-meteorite,NWA 15373 Lunar 1.08g Dealer‚Äôs Lot Feldspathic Breccia Meteorite,31.0,2025-12-27,1.08,28.7,WorthPoint
nwa-lunar-meteorite,Meteorite Box Set NWA 4483 & NWA 7325 - Lunar And Possibly Mercury!,15.5,2025-12-27,,,WorthPoint
nwa-lunar-meteorite,Awesome Lunar Meteorite - NWA 11212 Part Slice .358 Grams With COA,59.99,2025-12-26,358.0,0.17,WorthPoint
nwa-lunar-meteorite,NWA 17270 1.26g Slice Of A Lunar Melt Breccia Meteorite,50.0,2025-12-25,1.26,39.68,WorthPoint
nwa-lunar-meteorite,"NWA 15373 (3.969g) Lunar Meteorite, Polished End Cut, IMCA Sellers #6236 & 7294",145.0,2025-12-25,3.969,36.53,WorthPoint
nwa-lunar-meteorite,.450 Grams 8x7x4mm NWA 14577 Lunar Fragmental Breccia Meteorite With COA,19.99,2025-12-24,450.0,0.04,WorthPoint
nwa-lunar-meteorite,NWA 8277 Lunar Meteorite Full Slice Ultra Thin Weight .400 Grams,60.0,2025-12-24,400.0,0.15,WorthPoint
nwa-lunar-meteorite,9.13g Lunar Meteorite Prism Shaped I NWA 14041 - TOP METEORITE,750.0,2025-12-23,9.13,82.15,WorthPoint
nwa-lunar-meteorite,Great Deal! Amazing Nwa 11474 Lunar Meteorite Cutting Dust! 3 Grams,224.25,2025-12-23,3.0,74.75,WorthPoint
nwa-lunar-meteorite,NWA 13185 Dark Lunar Breccia Meteorite Moon Rock 3.48 Gm,324.99,2025-12-23,3.48,93.39,WorthPoint
nwa-lunar-meteorite,NWA 15482 Lunar Meteorite Micro Weight .424 Grams Troct Anorth,21.0,2025-12-23,424.0,0.05,WorthPoint
nwa-lunar-meteorite,"Meteorite**NWA 479, Lunar Mare Basalt**0.059 Gram, WORLD-FAMOUS Ultra Rare! üåëüåã",43.0,2025-12-22,0.059,728.81,WorthPoint
nwa-lunar-meteorite,"Meteorite**NEA 083, Lunar Gran. Breccia**1.720 Gram Part-slice, Rare!! üî• üåïüåë",37.0,2025-12-22,1.72,21.51,WorthPoint
nwa-lunar-meteorite,"Beautiful Meteorite NWA 13788, LUNAR MELT BRECCIA 1.723 Gram Slice With COA Moon",89.99,2025-12-21,1.723,52.23,WorthPoint
nwa-lunar-meteorite,1.07 Grams 18x13x2mm NWA 11898 Lunar Slice Moon Meteorite Feldspathic Breccia,34.99,2025-12-21,1.07,32.7,WorthPoint
nwa-lunar-meteorite,3.99 Grams 40x21x2mm NWA 17352 Lunar (frag. Breccia) Slice Moon Meteorite +COA,92.99,2025-12-20,3.99,23.31,WorthPoint
nwa-lunar-meteorite,NWA 14577 Lun 0.60g Slice Of Lunar Fragmental Breccia Meteorite,23.0,2025-12-20,0.6,38.33,WorthPoint
nwa-lunar-meteorite,CUTTING DUST - 9.21 Grams - NWA 16315 Lunar Anorthite Meteorite (melt Breccia),184.0,2025-12-20,9.21,19.98,WorthPoint
nwa-lunar-meteorite,NWA 17270 1.16g Slice Of A Lunar Fragmental Breccia Meteorite,31.0,2025-12-20,1.16,26.72,WorthPoint
nwa-lunar-meteorite,NWA 13788 Lunar Melt Breccia 3.8 Gram Polished End Piece. Of The Moon - 1 Of 43,295.0,2025-12-19,3.8,77.63,WorthPoint
nwa-lunar-meteorite,"NWA 16520, Lunar (frag. Breccia), 5.56g, Meteorite Discounted, Buried Sample",100.0,2025-12-19,5.56,17.99,WorthPoint
nwa-lunar-meteorite,.619 Grams 13mm NWA 13974 Lunar As Found Meteorite Feldspathic Melt Breccia +COA,19.99,2025-12-18,619.0,0.03,WorthPoint
nwa-lunar-meteorite,NWA 14577 Lun 0.90g Slice Of Lunar Fragmental Breccia Meteorite,33.0,2025-12-18,0.9,36.67,WorthPoint
nwa-lunar-meteorite,"Lunar Meteorite NWA 13788 - Feldsp., Impact Melt Breccia (Vesicular) - 12.71g",135.5,2025-12-17,12.71,10.66,WorthPoint
nwa-lunar-meteorite,Authentic Moon Dust/Fragments Infinity Earrings (From Lunar Meteorite NWA 11788),111.96,2025-12-16,,,WorthPoint
nwa-lunar-meteorite,3.23 Grams 34x16x2.5mm NWA 17352 Lunar (frag. Breccia) Slice Moon Meteorite +COA,79.99,2025-12-16,3.23,24.76,WorthPoint
nwa-lunar-meteorite,"NWA 17497 Lunar Feldspathic Breccia 28 Gram Full Slice Of The Moon, Polished.",580.0,2025-12-15,28.0,20.71,WorthPoint
nwa-lunar-meteorite,Northwest Africa NWA 482 Lunar Meteorite Fragment Specimen 26mg Crystalline,25.0,2025-12-14,,,WorthPoint
nwa-lunar-meteorite,.951 Grams 14mm NWA 15373 As Found Lunar Fragmental Breccia Meteorite With A COA,24.99,2025-12-14,951.0,0.03,WorthPoint
nwa-lunar-meteorite,.727 Grams 15mm NWA 11788 Lunar Meteorite (feldspathic Breccia) Comes With A COA,69.0,2025-12-12,727.0,0.09,WorthPoint
nwa-lunar-meteorite,NWA 8277 Lunar Meteorite Full Slice Ultra Thin Weight .117 Grams,18.0,2025-12-12,117.0,0.15,WorthPoint
nwa-lunar-meteorite,.744 Grams 11x9x6mm NWA 8455 Lunar Individual Moon Meteorite Northwest Africa,23.99,2025-12-12,744.0,0.03,WorthPoint
nwa-lunar-meteorite,Meteorite NWA 16372 LUNAR Trotolitic Anorthosite Very RARE In Display Box,46.84,2025-12-11,,,WorthPoint
nwa-lunar-meteorite,.340 Grams 15x10x2mm NWA 15583 Lunar Slice Meteorite Feldspathic Breccia W/ COA,14.99,2025-12-10,340.0,0.04,WorthPoint
nwa-lunar-meteorite,.787 Grams 14mm NWA 11474 Lunar Feldsp. Breccia Meteorite Individual W/COA,19.99,2025-12-10,787.0,0.03,WorthPoint
nwa-lunar-meteorite,.690 Grams 12x9x5mm NWA 8455 Lunar Individual Moon Meteorite Northwest Africa,37.99,2025-12-10,690.0,0.06,WorthPoint
nwa-lunar-meteorite,"NWA 16520, Lunar (frag. Breccia) 2.04g Meteorite Polished Face, Surface Sample",73.0,2025-12-09,2.04,35.78,WorthPoint
nwa-lunar-meteorite,.581 Grams About 13x10x5mm NWA 11788 Lunar Moon Northwest Africa Meteorite,50.0,2025-12-09,581.0,0.09,WorthPoint
nwa-lunar-meteorite,NWA 11788 Lunar Meteorite Slice! Weight .218 Grams (feldsp. Breccia),27.0,2025-12-08,218.0,0.12,WorthPoint
nwa-lunar-meteorite,3 Grams 24x20x2mm NWA 11182 Lunar Moon Slice Meteorite Feldsp. Breccia + COA,142.99,2025-12-07,3.0,47.66,WorthPoint
nwa-lunar-meteorite,Lunar Meteorite NWA 18147 - NEW Nice Diogenite Breccia,56.0,2025-12-07,,,WorthPoint
nwa-lunar-meteorite,Lunar Meteorite NWA 18153 - Feldspathic Melt Breccia (Fine Grained),29.0,2025-12-07,,,WorthPoint
nwa-lunar-meteorite,2.05 Grams 20x9x8mm NWA 8455 Lunar Individual Moon Meteorite Northwest Africa,44.99,2025-12-07,2.05,21.95,WorthPoint
nwa-lunar-meteorite,"1.92 Grams 14x12x7mm NWA 11788 Lunar Moon Meteorite - Sanded, Polished, Window",174.0,2025-12-07,1.92,90.62,WorthPoint
nwa-lunar-meteorite,1.75 Grams 14x13x5mm NWA 8455 Lunar Individual Moon Meteorite With A COA,63.99,2025-12-06,1.75,36.57,WorthPoint
nwa-lunar-meteorite,NWA 16894 Lunar Meteorite Necklace,400.0,2025-12-04,,,WorthPoint
nwa-lunar-meteorite,NWA 16684 Lunar Meteorite Necklace,159.0,2025-12-04,,,WorthPoint
nwa-lunar-meteorite,0.58 Gram - NWA 16315 - Lunar Anorthite Meteorite (melt Breccia) From Mauritania,26.1,2025-12-04,0.58,45.0,WorthPoint
nwa-lunar-meteorite,NWA 15373 Lunar Fragmental Breccia Meteorite Slice (0.60g) With COA,24.99,2025-12-04,0.6,41.65,WorthPoint
nwa-lunar-meteorite,1.40 Grams 21mm NWA 15373 Lunar Slice Fragmental Breccia Meteorite With A COA,31.0,2025-12-04,1.4,22.14,WorthPoint
nwa-lunar-meteorite,3 Grams 35x15x3mm NWA 16372 Lunar Troctolitic Anorthosite Meteorite Slice + COA,87.99,2025-12-03,3.0,29.33,WorthPoint
nwa-lunar-meteorite,NWA 15482 Lunar Meteorite Dust By The Gram (troctolitic Anorthosite),25.0,2025-12-03,,,WorthPoint
nwa-lunar-meteorite,NWA 15482 Lunar Meteorite Micro Weight .142 Grams Troct Anorth,8.0,2025-12-03,142.0,0.06,WorthPoint
nwa-lunar-meteorite,NWA 15482 Lunar Meteorite Micro Weight .162 Grams Troct Anorth,13.0,2025-12-03,162.0,0.08,WorthPoint
nwa-lunar-meteorite,"NWA 16520, Lunar (frag. Breccia) 2.06g Meteorite From Moon, Surface Collected",61.0,2025-12-03,2.06,29.61,WorthPoint
nwa-lunar-meteorite,NWA 10415 Lunar Meteorite Slice - 3.55 Grams,1125.0,2025-12-02,3.55,316.9,WorthPoint
nwa-lunar-meteorite,.713 Grams 11x7x4mm NWA 8455 Lunar Individual Moon Meteorite Northwest Africa,19.99,2025-12-02,713.0,0.03,WorthPoint
nwa-lunar-meteorite,1.30 Grams 30mm NWA 14685 Lunar Moon Meteorite One Side Polished Slice W/ COA,74.99,2025-12-02,1.3,57.68,WorthPoint
nwa-lunar-meteorite,1.08 Grams 16x9x5mm NWA 11303 Lunar Moon Meteorite With End Cut Window + COA,24.99,2025-12-02,1.08,23.14,WorthPoint
nwa-lunar-meteorite,1.93 Grams 26x15x2.5mm NWA 17352 Lunar (frag. Breccia) Slice Moon Meteorite +COA,49.99,2025-12-01,1.93,25.9,WorthPoint
nwa-lunar-meteorite,"Meteorite**NWA 13788, NEW LUNAR MELT BRECCIA**4.156 Gram Lunar Gorgeous Endcut!!",61.0,2025-12-01,4.156,14.68,WorthPoint
nwa-lunar-meteorite,Lunar Meteorite NWA 14358,35.0,2025-12-01,,,WorthPoint
nwa-lunar-meteorite,"Meteorite**NWA 479, Lunar Mare Basalt**0.072 Gram, WORLD-FAMOUS Ultra Rare! üåëüåã",46.45,2025-12-01,0.072,645.14,WorthPoint
nwa-lunar-meteorite,1 Gram 13mm NWA 11788 Lunar Meteorite (feldspathic Breccia) Comes With A COA,20.5,2025-12-01,1.0,20.5,WorthPoint
nwa-lunar-meteorite,1.70 Grams 14x13x7mm NWA 11273 Lunar Moon Meteorite End Cut Fragment With A COA,54.99,2025-12-01,1.7,32.35,WorthPoint
nwa-lunar-meteorite,1.38 Grams 23mm NWA 15373 Lunar Slice Fragmental Breccia Meteorite With A COA,28.99,2025-12-01,1.38,21.01,WorthPoint
nwa-lunar-meteorite,2.30 Grams 24x10x5mm Cut Polished NWA 14577 Lunar (frag. Breccia) Meteorite +COA,79.99,2025-12-01,2.3,34.78,WorthPoint
nwa-lunar-meteorite,"NWA 7611 Meteorite -Lunar Classification, Potential Mercurian Origin, 0.95g",60.8,2025-12-01,0.95,64.0,WorthPoint
nwa-lunar-meteorite,1.65 Grams 14mm NWA 15373 As Found Lunar Fragmental Breccia Meteorite With A COA,36.0,2025-12-01,1.65,21.82,WorthPoint
nwa-lunar-meteorite,.872 Grams 17x13x2mm NWA 11898 Lunar Slice Moon Meteorite Feldspathic Breccia,24.99,2025-11-29,872.0,0.03,WorthPoint
nwa-lunar-meteorite,1.94 Grams 24x10x5mm Cut Polished NWA 14577 Lunar (frag. Breccia) Meteorite +COA,59.99,2025-11-29,1.94,30.92,WorthPoint
nwa-lunar-meteorite,3.46 Grams 19mm NWA 15373 As Found Lunar Fragmental Breccia Meteorite With A COA,69.99,2025-11-29,3.46,20.23,WorthPoint
nwa-lunar-meteorite,""".913 Grams NWA 13951 """"starry Night"""" Lunar Meteorite Feldspathic Breccia With COA""",19.99,2025-11-28,913.0,0.02,WorthPoint
nwa-lunar-meteorite,NWA 14729 Lunar Meteorite Full Slice Weight 1.09 Grams Melt Breccia Rare,139.4,2025-11-28,1.09,127.89,WorthPoint
nwa-lunar-meteorite,0.642 Grams~NWA 17865 LUNAR METEORITE~RARE~Cut Fragment!,32.99,2025-11-27,0.642,51.39,WorthPoint
nwa-lunar-meteorite,Lunar Moon Meteorite NWA 15629 Northwest Africa 1.43g Bulletin MB113 COA 7218,109.95,2025-11-26,1.43,76.89,WorthPoint
nwa-lunar-meteorite,.741 Grams For All 4 NWA 11303 Lunar Feldspathic Breccia As Found Meteorites COA,17.99,2025-11-26,741.0,0.02,WorthPoint
nwa-lunar-meteorite,"Meteorite**NWA 11228, Lunar Felds. Breccia**3.977 Gram, Beautiful Best Endcut!!!",61.0,2025-11-24,3.977,15.34,WorthPoint
nwa-lunar-meteorite,"NWA 17679, Deep Field Lunar 3.521g Meteorite Slice, IMCA #s 6236 & 7294 Sellers",150.0,2025-11-23,3.521,42.6,WorthPoint
nwa-lunar-meteorite,0.80 Gram - NWA 16315 - Lunar Anorthite Meteorite (melt Breccia) From Mauritania,34.85,2025-11-23,0.8,43.56,WorthPoint
nwa-lunar-meteorite,Rare Meteorite NWA 16894 Lunar Basaltic Breccia - Thin Section,250.0,2025-11-23,,,WorthPoint
nwa-lunar-meteorite,NWA 14686 Lun 4.96g Thin Slice Of Lunar Fragmental Breccia Meteorite,204.5,2025-11-22,4.96,41.23,WorthPoint
nwa-lunar-meteorite,1.16 Grams~NWA 17865 LUNAR METEORITE~RARE~Cut Fragment!,59.99,2025-11-21,1.16,51.72,WorthPoint
nwa-lunar-meteorite,NWA 14729 Lunar Meteorite Micro Weight .108 Grams Melt Breccia Rare,16.0,2025-11-20,108.0,0.15,WorthPoint
nwa-lunar-meteorite,"Nwa, 6950 Lunar Gabbro Metiorite Found 2011. Ôøº",200.0,2025-11-20,,,WorthPoint
nwa-lunar-meteorite,Lunar Meteorite Nwa 15018,29.0,2025-11-17,,,WorthPoint
nwa-lunar-meteorite,"SOLAR SYSTEM MOON NWA 8609 Lunar Meteorite Silver Coin, 2015, $1 Niue.",145.5,2025-11-16,,,WorthPoint
nwa-lunar-meteorite,"NWA 17679, Deep Field Lunar 2.216g Meteorite Slice, IMCA #s 6236 & 7294 Sellers",92.0,2025-11-16,2.216,41.52,WorthPoint
nwa-lunar-meteorite,1.52 Grams 19x18x3mm NWA 16372 Lunar Troctolitic Anorthosite Meteorite Slice COA,44.99,2025-11-16,1.52,29.6,WorthPoint
nwa-lunar-meteorite,NWA 17497 Lunar Feldspathic Breccia 1 Gram Part Slice Of The Moon,7.5,2025-11-13,1.0,7.5,WorthPoint
nwa-lunar-meteorite,NWA 15482 Lunar Meteorite Micro Weight .177 Grams Troct Anorth,14.0,2025-11-13,177.0,0.08,WorthPoint
nwa-lunar-meteorite,Meteorite: NWA 16286 - Weigh 0.530 Grams * Lunar Mare Basalt *,500.0,2025-11-13,0.53,943.4,WorthPoint
nwa-lunar-meteorite,NWA 14729 Lunar Meteorite Full Slice Weight 1.05 Grams Melt Breccia Rare,158.0,2025-11-13,1.05,150.48,WorthPoint
nwa-lunar-meteorite,2.39 Grams 15mm NWA 15373 As Found Lunar Fragmental Breccia Meteorite With A COA,51.99,2025-11-12,2.39,21.75,WorthPoint
nwa-lunar-meteorite,1.14 Grams 12mm NWA 11788 Lunar Meteorite (feldspathic Breccia) Comes With A COA,79.99,2025-11-12,1.14,70.17,WorthPoint
nwa-lunar-meteorite,2.11 Grams 26x18x2mm NWA 11182 Lunar Moon Slice Meteorite Feldsp. Breccia + COA,59.99,2025-11-11,2.11,28.43,WorthPoint
nwa-lunar-meteorite,8.72 Grams 61x30x3mm NWA 16372 Lunar Troctolitic Anorthosite Meteorite Slice COA,259.0,2025-11-11,8.72,29.7,WorthPoint
nwa-lunar-meteorite,0.53 Gram - NWA 16315 - Lunar Anorthite Meteorite (melt Breccia) From Mauritania,27.0,2025-11-09,0.53,50.94,WorthPoint
nwa-lunar-meteorite,"NWA 16520, Lunar (frag. Breccia), 1.5g, Meteorite Discounted, Buried Sample",18.0,2025-11-09,1.5,12.0,WorthPoint
nwa-lunar-meteorite,NWA 14729 Lunar Meteorite Micro Weight .098 Grams Melt Breccia Rare,15.0,2025-11-07,98.0,0.15,WorthPoint
nwa-lunar-meteorite,NWA 16894 Lunar Meteorite Slice,387.5,2025-11-06,,,WorthPoint
nwa-lunar-meteorite,"NWA 16520, Lunar (frag. Breccia) 4.3g Meteorite Polished Face, Surface Sample",154.0,2025-11-06,4.3,35.81,WorthPoint
nwa-lunar-meteorite,"NWA 13859 Lunar Meteorite (Feldsp. Breccia) Found In 2021, 2.25 Grams",200.0,2025-11-05,2.25,88.89,WorthPoint
nwa-lunar-meteorite,0.15 G - NWA 16315 - Lunar Anorthite Meteorite (melt Breccia) Tiny Fragments,15.0,2025-11-05,0.15,100.0,WorthPoint
nwa-lunar-meteorite,Lunar Breccia Meteorite 28.5g Of NWA 11273 End. Legendary Colors Extreme Polish,392.0,2025-11-03,28.5,13.75,WorthPoint
nwa-lunar-meteorite,"Lunar Breccia Meteorite 10.7g NWA 17680. Polished Slice, Phosphorescent!",168.5,2025-11-03,10.7,15.75,WorthPoint
nwa-lunar-meteorite,"NWA 17679, Deep Field Lunar 4.181g Meteorite Slice, IMCA #s 6236 & 7294 Sellers",175.0,2025-11-02,4.181,41.86,WorthPoint
nwa-lunar-meteorite,NWA 17352 0.71g Lunar Fragmental Breccia Meteorite,11.0,2025-11-01,0.71,15.49,WorthPoint
nwa-lunar-meteorite,1.20 Grams 14mm NWA 13974 Lunar As Found Meteorite Feldspathic Melt Breccia +COA,29.99,2025-11-01,1.2,24.99,WorthPoint
nwa-lunar-meteorite,"NWA 17679, Deep Field Lunar 4.603g Meteorite Slice, IMCA #s 6236 & 7294 Sellers",195.0,2025-10-31,4.603,42.36,WorthPoint
nwa-lunar-meteorite,Authentic Moon Rock Heart Series Necklace (From Lunar Meteorite NWA 11788),169.95,2025-10-31,,,WorthPoint
nwa-lunar-meteorite,NWA 16683 Lunar Meteorite Slice,475.0,2025-10-30,,,WorthPoint
nwa-lunar-meteorite,.832 Gram 17x8x2mm NWA 14681 Lunar RARE (troctolitic Anorthosite) Meteorite COA,69.99,2025-10-30,832.0,0.08,WorthPoint
nwa-lunar-meteorite,"""1.46 Grams NWA 13951 """"starry Night"""" Lunar Meteorite Feldspathic Breccia With COA""",69.99,2025-10-30,1.46,47.94,WorthPoint
nwa-lunar-meteorite,NWA 15373 - Lunar Fragmental Breccia -Moon - 7.6g - Meteorite Slice,220.0,2025-10-30,7.6,28.95,WorthPoint
nwa-lunar-meteorite,NWA 17497 Lunar Feldspathic Breccia 8.1 Gram Part Slice Of The Moon,50.0,2025-10-30,8.1,6.17,WorthPoint
nwa-lunar-meteorite,NWA 14729 Lunar Meteorite Micro Weight .549 Grams Melt Breccia Rare,83.0,2025-10-27,549.0,0.15,WorthPoint
nwa-lunar-meteorite,NWA 15482 Lunar Meteorite Micro Weight .505 Grams Troct Anorth,38.0,2025-10-27,505.0,0.08,WorthPoint
nwa-lunar-meteorite,.493 Grams 14x8x3mm Slice NWA 14577 Lunar Fragmental Breccia Meteorite With COA,24.99,2025-10-26,493.0,0.05,WorthPoint
nwa-lunar-meteorite,NWA 17352 1.30g Lunar Fragmental Breccia Meteorite,38.0,2025-10-25,1.3,29.23,WorthPoint
nwa-lunar-meteorite,Lunar Meteorite Dust I One Gram - TOP METEORITE,160.0,2025-10-25,,,WorthPoint
nwa-lunar-meteorite,"NWA 17679, Deep Field Lunar 10.361g Meteorite Slice, IMCA #s 6236 & 7294 Sellers",435.0,2025-10-25,10.361,41.98,WorthPoint
nwa-lunar-meteorite,.261 Grams 9mm NWA 11421 Lunar Moon Meteorite As Found With C.O.A.,9.99,2025-10-21,261.0,0.04,WorthPoint
nwa-lunar-meteorite,0.63 Gram - NWA 16315 - Lunar Anorthite Meteorite (melt Breccia) From Mauritania,32.0,2025-10-21,0.63,50.79,WorthPoint
nwa-lunar-meteorite,Authentic Moon Dust Crescent Series Necklace (From Lunar Meteorite NWA 5000),20.0,2025-10-20,,,WorthPoint
nwa-lunar-meteorite,.416 Grams NWA 11237 Lunar Meteorite ( Feldspathic Breccia ) With A COA,12.99,2025-10-20,416.0,0.03,WorthPoint
nwa-lunar-meteorite,20.1 Gram-NWA 11898 Meteorite-Lunar Feldspathic Breccia-Polished Full Slice-Mali,440.0,2025-10-20,20.1,21.89,WorthPoint
nwa-lunar-meteorite,NWA 17352 1.52g Lunar Fragmental Breccia Meteorite,51.0,2025-10-18,1.52,33.55,WorthPoint
nwa-lunar-meteorite,"NWA 15373, Moon/Lunar Meteorite Slice, Moon Meteorite, Astronomy Gift, 8.17g",572.0,2025-10-17,8.17,70.01,WorthPoint
nwa-lunar-meteorite,"NWA 16520, Lunar (frag. Breccia) 1.39g Meteorite From Moon, Surface Collected",41.0,2025-10-17,1.39,29.5,WorthPoint
nwa-lunar-meteorite,Meteorite**NWA 11212 Lunar Breccia** Moon Rock,99.99,2025-10-16,,,WorthPoint
nwa-lunar-meteorite,"Gold Moon Rock Locket, Lunar Meteorite Necklace Jewelry With Authenticity Card",59.95,2025-10-15,,,WorthPoint
nwa-lunar-meteorite,"Moon Rock Pendant, Lunar Meteorite Necklace Jewelry With Authenticity Card",34.95,2025-10-15,,,WorthPoint
nwa-lunar-meteorite,Lunar Breccia Meteorite 10.7g Of NWA 11273. Legendary Colors Extreme Polish,425.69,2025-10-13,10.7,39.78,WorthPoint
nwa-lunar-meteorite,"NWA 17270 Lunar Breccia Meteorite 29.5g, Crazy Colorful, Full Slice Of The MOON",501.0,2025-10-13,29.5,16.98,WorthPoint
nwa-lunar-meteorite,"NWA 16520, Lunar (frag. Breccia), 2.74g, Meteorite As Found, Buried Sample",65.0,2025-10-12,2.74,23.72,WorthPoint
nwa-lunar-meteorite,.723 Grams 11x10x2.5mm NWA 6950 Lunar (gabbro) Meteorite Fragment With A COA,115.0,2025-10-12,723.0,0.16,WorthPoint
nwa-lunar-meteorite,NWA 14681 Lunar 1.37g Slice Of Troctolitic Anorthosite Moon Meteorite,43.0,2025-10-11,1.37,31.39,WorthPoint
nwa-lunar-meteorite,NWA 3163 Moon Meteorite ~ Certified Lunar Rock ~ SpaceRock,29.99,2025-10-11,,,WorthPoint
nwa-lunar-meteorite,1.72 Grams 28x15x3mm NWA 16372 Lunar Troctolitic Anorthosite Meteorite Slice COA,51.0,2025-10-10,1.72,29.65,WorthPoint
nwa-lunar-meteorite,.669 Grams 10mm NWA 11788 Lunar Meteorite (feldspathic Breccia) Comes With A COA,34.99,2025-10-10,669.0,0.05,WorthPoint
nwa-lunar-meteorite,"NWA 11182 (9.0g) Lunar Feldsp. Breccia Meteorite, Polished End Cut, Paired",375.0,2025-10-06,9.0,41.67,WorthPoint
nwa-lunar-meteorite,2.36 Grams 19x14x7mm NWA 11273 Lunar Moon Meteorite As Found Fragment With A COA,89.0,2025-10-06,2.36,37.71,WorthPoint
nwa-lunar-meteorite,"Meteorite**NWA 13992, Polymict Frag. Lunar Breccia**2.066 Gram, HARVAST MOON!!!",46.69,2025-10-06,2.066,22.6,WorthPoint
nwa-lunar-meteorite,"NWA 16520, Lunar (frag. Breccia) 0.78g Meteorite From Moon, Surface Collected",24.0,2025-10-05,0.78,30.77,WorthPoint
nwa-lunar-meteorite,"NWA 16520, Lunar (frag. Breccia), 2.47g, Meteorite Polished Face, Buried Sample",75.0,2025-10-04,2.47,30.36,WorthPoint
nwa-lunar-meteorite,"NWA 11182, Moon/Lunar Meteorite Slice, Moon Meteorite, Astronomy Gift, 5.11g",399.0,2025-10-04,5.11,78.08,WorthPoint
nwa-lunar-meteorite,NWA 5000 Meteorite & Apollo 14 Silver Coin Flown Medal LUNAR MOON Franklin Mint,249.99,2025-10-04,,,WorthPoint
nwa-lunar-meteorite,NWA 17352 1.670g Lunar Fragmental Breccia Meteorite,18.5,2025-10-04,1.67,11.08,WorthPoint
nwa-lunar-meteorite,"NWA 11182 Moon/Lunar Meteorite Slice, Moon Meteorite, Astronomy Gift, 3.64g",273.0,2025-10-03,3.64,75.0,WorthPoint
nwa-lunar-meteorite,"NWA 16520, Lunar (frag. Breccia) 4.05g Lot Of 8 Meteorites , Surface Samples",120.0,2025-10-03,4.05,29.63,WorthPoint
nwa-lunar-meteorite,"NWA 16520, Lunar (frag. Breccia), 0.5g, Meteorite Polished Face, Buried Sample",18.0,2025-10-03,0.5,36.0,WorthPoint
nwa-lunar-meteorite,"NWA 16520, Lunar (frag. Breccia), 0.72g, Meteorite Special Note- Discounted",16.0,2025-10-03,0.72,22.22,WorthPoint
nwa-lunar-meteorite,NWA 14041 Lunar Meteorite,300.0,2025-10-02,,,WorthPoint
nwa-lunar-meteorite,1.97 Grams 22x15x2.5mm NWA 17352 Lunar (frag. Breccia) Slice Moon Meteorite +COA,49.99,2025-10-02,1.97,25.38,WorthPoint
nwa-lunar-meteorite,"NWA 16520, Lunar (frag. Breccia), 0.8g, Meteorite Polished Face, Buried Sample",24.0,2025-09-30,0.8,30.0,WorthPoint
nwa-lunar-meteorite,Lunar-like NWA 4664 DIOGENITE(pm) Meteorite Part Slice - 2.98 G,39.0,2025-09-29,2.98,13.09,WorthPoint
nwa-lunar-meteorite,"Meteorite - NWA 13788, NEW LUNAR MELT BRECCIA-11.081 Gram Slice Museum Quality",399.99,2025-09-29,11.081,36.1,WorthPoint
nwa-lunar-meteorite,.732 Grams 13mm NWA 11303 Lunar Feldspathic Breccia As Found Meteorite With COA,23.99,2025-09-28,732.0,0.03,WorthPoint
nwa-lunar-meteorite,.342 Grams 10mm NWA 13788 Lunar As Found Meteorite (melt Breccia) With A COA,18.99,2025-09-27,342.0,0.06,WorthPoint
nwa-lunar-meteorite,1.19 Grams 18x15x2.5mm NWA 17352 Lunar (frag. Breccia) Slice Moon Meteorite +COA,24.99,2025-09-27,1.19,21.0,WorthPoint
nwa-lunar-meteorite,NWA 17352 1.56g Lunar Fragmental Breccia Meteorite,38.0,2025-09-27,1.56,24.36,WorthPoint
nwa-lunar-meteorite,2.21 Grams NWA 17509 Lunar Slice Fragment Moon Meteorite With A COA,65.99,2025-09-27,2.21,29.86,WorthPoint
nwa-lunar-meteorite,2016 Burkina Faso 1000 Francs - NANO Lunar Metorite NWA 10546 1 Oz Silver (moon),147.99,2025-09-27,28.35,5.22,WorthPoint
nwa-lunar-meteorite,NWA 11266 Lunar Feldspathic Breccia Meteorite 0.4 Gram Fragment,5.5,2025-09-26,0.4,13.75,WorthPoint
nwa-lunar-meteorite,2015 Mali 5000 Fr MOON LUNAR METEORITE NWA 8599 5 OZ SILVER COIN Mintage 031/130,475.0,2025-09-25,141.75,3.35,WorthPoint
nwa-lunar-meteorite,"Meteorite**NWA 17352, Lunar Frag. Breccia**15.612 Gram, W/Shock Melt Pockets!!!",999.0,2025-09-25,15.612,63.99,WorthPoint
nwa-lunar-meteorite,"NWA 16520g 8.96g Lunar (frag. Breccia) Meteorite, Polished Face, Buried Sample",270.0,2025-09-24,16520.0,0.02,WorthPoint
nwa-lunar-meteorite,1.92 Grams NWA 17509 Lunar Slice Fragment Moon Meteorite With A COA,54.99,2025-09-20,1.92,28.64,WorthPoint
nwa-lunar-meteorite,"NWA 16520, Lunar (frag. Breccia), 2.26g, Meteorite Polished Face, Buried Sample",68.0,2025-09-20,2.26,30.09,WorthPoint
nwa-lunar-meteorite,Lunar-like NWA 4664 DIOGENITE(pm) Meteorite Part Slice - 1.3 G,25.0,2025-09-19,1.3,19.23,WorthPoint
nwa-lunar-meteorite,11.3 Gram Lunar Meteorite Slice - NWA 11273 - Moon Rock Nice Slice,1400.0,2025-09-19,11.3,123.89,WorthPoint
nwa-lunar-meteorite,2.23 Grams 19x18x4mm NWA 14577 Lunar Fragmental Breccia Meteorite With A COA,79.99,2025-09-16,2.23,35.87,WorthPoint
nwa-lunar-meteorite,Meteorite**NWA 13185** Dark Lunar Breccia Moon Rock 4.24 Gm,374.99,2025-09-15,4.24,88.44,WorthPoint
nwa-lunar-meteorite,NEW Lunar Breccia Meteorite 18.3g Slice Of ‚ÄúDeep Field Lunar‚Äù NWA 17679.,615.0,2025-09-15,18.3,33.61,WorthPoint
nwa-lunar-meteorite,"NWA 15373 (1.508g) Polished Lunar Frag. Breccia Meteorite End Cut, IMCA Sellers",59.0,2025-09-14,1.508,39.12,WorthPoint
nwa-lunar-meteorite,2.78 Grams 16mm NWA 13974 Lunar Fragment Moon Meteorite Feldsp. Breccia With COA,66.99,2025-09-14,2.78,24.1,WorthPoint
nwa-lunar-meteorite,1.36 Grams 12x9x8mm NWA 13974 Lunar As Found Meteorite Feldsp. Breccia W/COA,50.99,2025-09-14,1.36,37.49,WorthPoint
nwa-lunar-meteorite,.292 Grams 8mm NWA 11421 Lunar Moon Meteorite As Found With C.O.A.,13.99,2025-09-13,292.0,0.05,WorthPoint
nwa-lunar-meteorite,"NWA 17679 Moon/Lunar Meteorite Slice, Newly Classified, Space, 3.18g",293.0,2025-09-12,3.18,92.14,WorthPoint
nwa-lunar-meteorite,1.52 Grams 21x16x2.5mm NWA 17352 Lunar (frag. Breccia) Slice Moon Meteorite +COA,39.99,2025-09-12,1.52,26.31,WorthPoint
nwa-lunar-meteorite,5.94 Grams 23x16x13mm NWA 8455 Lunar Individual Moon Meteorite NorthWest Africa,279.0,2025-09-11,5.94,46.97,WorthPoint
nwa-lunar-meteorite,12.4 Grams 70x31x3mm NWA 16372 Lunar Troctolitic Anorthosite Meteorite Slice COA,369.0,2025-09-11,12.4,29.76,WorthPoint
nwa-lunar-meteorite,NWA 11273 Lunar Meteorite,443.75,2025-09-11,,,WorthPoint
nwa-lunar-meteorite,8.47 Grams 43x30x3mm NWA 17352 Lunar (frag. Breccia) Slice Moon Meteorite +COA,179.99,2025-09-11,8.47,21.25,WorthPoint
nwa-lunar-meteorite,Meteorite NWA 17405 Lunar Frag. Breccia 7.0 Gram Hydrothermally Altered,350.0,2025-09-10,7.0,50.0,WorthPoint
nwa-lunar-meteorite,NWA 17353 16.0 Gram Slice Of Lunar Breccia Meteorite,400.0,2025-09-10,16.0,25.0,WorthPoint
nwa-lunar-meteorite,"Meteorite**NWA 13788, NEW LUNAR MELT BRECCIA**9.593 Gram Lunar Slice!!!",425.0,2025-09-09,9.593,44.3,WorthPoint
nwa-lunar-meteorite,NWA 17353 Lun 1.17g Slice Of Lunar Breccia Meteorite,42.0,2025-09-09,1.17,35.9,WorthPoint
nwa-lunar-meteorite,1.35 Grams 26mm NWA 15373 Lunar Slice Fragmental Breccia Meteorite With A COA,26.99,2025-09-09,1.35,19.99,WorthPoint
nwa-lunar-meteorite,.289 Grams 8x5x4mm NWA 8455 Lunar Individual Moon Meteorite Northwest Africa,9.99,2025-09-09,289.0,0.03,WorthPoint
nwa-lunar-meteorite,Nice 4.47 Gram - NWA 11182 Lunar (feldsp. Breccia) Meteorite Unpolished Specimen,178.0,2025-09-08,4.47,39.82,WorthPoint
nwa-lunar-meteorite,"Meteorite**NWA 17352, Lunar Frag. Breccia**10.955 Gram, W/Shock Melt Pockets!!!",197.5,2025-09-08,10.955,18.03,WorthPoint
nwa-lunar-meteorite,NWA 14729 Lunar Meteorite Micro Weight .015 Grams Melt Breccia Rare,6.0,2025-09-06,15.0,0.4,WorthPoint
nwa-lunar-meteorite,.234 Grams NWA 1123 Lunar Meteorite (feldspathic Breccia) Cut Fragment With COA,7.99,2025-09-06,234.0,0.03,WorthPoint
nwa-lunar-meteorite,"NWA 16520, Lunar (frag. Breccia), 0.53g, Meteorite Polished Face, Buried Sample",18.0,2025-09-05,0.53,33.96,WorthPoint
nwa-lunar-meteorite,Lunar And Martian Ring - Hand Crafted TOP METEORITE Jewelry - Size 7.25,2970.0,2025-09-04,,,WorthPoint
nwa-lunar-meteorite,.497 Grams 12x6x5mm NWA 8455 Lunar Individual Moon Meteorite Northwest Africa,14.99,2025-09-03,497.0,0.03,WorthPoint
nwa-lunar-meteorite,.573 Grams 14mm NWA 14685 Lunar Moon Meteorite Small Slice With A COA,17.99,2025-09-03,573.0,0.03,WorthPoint
nwa-lunar-meteorite,4.80 Grams 40x26x2mm NWA 15373 Lunar Slice Fragmental Breccia Meteorite + COA,109.99,2025-09-03,4.8,22.91,WorthPoint
nwa-lunar-meteorite,1.17 Grams 14mm NWA 15373 As Found Lunar Fragmental Breccia Meteorite With A COA,27.99,2025-09-03,1.17,23.92,WorthPoint
nwa-lunar-meteorite,"""1.52 Grams NWA 13951 """"starry Night"""" Lunar Meteorite Feldspathic Breccia With COA""",42.99,2025-09-03,1.52,28.28,WorthPoint
nwa-lunar-meteorite,.937 Grams 13mm NWA 13974 Lunar As Found Meteorite Feldspathic Melt Breccia +COA,24.99,2025-09-03,937.0,0.03,WorthPoint
nwa-lunar-meteorite,Vintage Moon Dust Pendant Necklace NWA 4881 ‚ÄìGenuine Lunar Sample In Glass Globe,45.0,2025-09-03,,,WorthPoint
nwa-lunar-meteorite,CUTTING DUST - 18.30 Grams - NWA 16315 Lunar Anorthite Meteorite (melt Breccia),369.0,2025-09-02,18.3,20.16,WorthPoint
nwa-lunar-meteorite,1.39 Grams 26x15x2mm NWA 11898 Lunar Slice Moon Meteorite Feldspathic Breccia,34.99,2025-09-02,1.39,25.17,WorthPoint
nwa-lunar-meteorite,.534 Grams 12x9x2mm NWA 11898 Lunar Slice Moon Meteorite Feldspathic Breccia COA,19.99,2025-09-02,534.0,0.04,WorthPoint
nwa-lunar-meteorite,Meteorite**NWA 11407 Lunar Breccia** Moon Rock,74.99,2025-09-02,,,WorthPoint
nwa-lunar-meteorite,"Meteorite**NWA 13788, Lunar Melt Breccia**2.329 Gram, HIGHEST QUALITY SLICE!!!!",225.0,2025-09-01,2.329,96.61,WorthPoint
nwa-lunar-meteorite,"Meteorite**NWA 479, Lunar Mare Basalt**0.505 Gram, WORLD-FAMOUS Ultra Rare! üåëüåã",331.66,2025-09-01,0.505,656.75,WorthPoint
nwa-lunar-meteorite,.774 Grams 15x15x2mm NWA 15583 Lunar Slice Meteorite Feldspathic Breccia W/ COA,31.99,2025-08-31,774.0,0.04,WorthPoint
nwa-lunar-meteorite,0.74 Gram - NWA 16315 - Lunar Anorthite Meteorite (melt Breccia) From Mauritania,37.0,2025-08-31,0.74,50.0,WorthPoint
nwa-lunar-meteorite,2.75 Gram - NWA 16315 - Lunar Anorthite Meteorite (melt Breccia) From Mauritania,110.0,2025-08-31,2.75,40.0,WorthPoint
nwa-lunar-meteorite,3.02 Gram - NWA 16315 - Lunar Anorthite Meteorite (melt Breccia) From Mauritania,120.0,2025-08-31,3.02,39.74,WorthPoint
nwa-lunar-meteorite,Meteorite: RARE Lunar Troctolitic Anorthosite NWA 16683 Slice Of 12.14 Grams,325.0,2025-08-30,12.14,26.77,WorthPoint
nwa-lunar-meteorite,Nwa 11474 Lunar Meteorite! 5.0 Grams - Museum Quality Exqusite Slice!,179.99,2025-08-30,5.0,36.0,WorthPoint
nwa-lunar-meteorite,NWA 17270 Lunar Meteorite End Cut - 40.3 Grams,4750.0,2025-08-29,40.3,117.87,WorthPoint
nwa-lunar-meteorite,NWA 16894 Lunar Meteorite End Cut - 259.8 Grams,15625.0,2025-08-29,259.8,60.14,WorthPoint
nwa-lunar-meteorite,NWA 17581 Lunar Meteorite Pendant,6000.0,2025-08-29,,,WorthPoint
nwa-lunar-meteorite,.353 Grams 10mm NWA 11788 Lunar Meteorite (feldspathic Breccia) Comes With A COA,23.99,2025-08-29,353.0,0.07,WorthPoint
nwa-lunar-meteorite,1.47 Grams 13mm NWA 15373 As Found Lunar Fragmental Breccia Meteorite With A COA,33.99,2025-08-29,1.47,23.12,WorthPoint
nwa-lunar-meteorite,""".964 Grams NWA 13951 """"starry Night"""" Lunar Meteorite Feldspathic Breccia With COA""",29.99,2025-08-29,964.0,0.03,WorthPoint
nwa-lunar-meteorite,.629 Grams All 6 NWA 11273 Lunar Moon Meteorite As Found Fragments With A COA,15.99,2025-08-28,629.0,0.03,WorthPoint
nwa-lunar-meteorite,0.78 Gram - NWA 16315 - Lunar Anorthite Meteorite (melt Breccia) From Mauritania,40.0,2025-08-28,0.78,51.28,WorthPoint
nwa-lunar-meteorite,2016 Burkina Faso Lunar Meteorite Convex NWA 10546 Nano Chip 1oz Silver Coin,89.95,2025-08-27,28.35,3.17,WorthPoint
nwa-lunar-meteorite,"Meteorite - NWA 13788, LUNAR MELT BRECCIA-4.498 Gram Fragmental Slice",159.99,2025-08-27,4.498,35.57,WorthPoint
nwa-lunar-meteorite,NWA 17353 Lun 0.35g Slice Of Lunar Breccia Meteorite,15.0,2025-08-23,0.35,42.86,WorthPoint
nwa-lunar-meteorite,NWA 17352 2.75g Lunar Fragmental Breccia Meteorite,89.0,2025-08-23,2.75,32.36,WorthPoint
nwa-lunar-meteorite,NWA 16315 Lun 2.47g Slice Of Lunar Melt Breccia Meteorite,53.0,2025-08-23,2.47,21.46,WorthPoint
nwa-lunar-meteorite,Meteorite**NWA 11266** Lunar Moon Rock 4.7gm,299.99,2025-08-23,4.7,63.83,WorthPoint
nwa-lunar-meteorite,NWA 10272 Dual Lithology Lunar Meteorite 2.53 Grams Slice Of The Moon!,90.0,2025-08-21,2.53,35.57,WorthPoint
nwa-lunar-meteorite,NWA 032 Lunar Meteorite 0.69 Gram Part Slice Rare Mare Basalt First NWA Lunar!,250.0,2025-08-21,0.69,362.32,WorthPoint
nwa-lunar-meteorite,.505 Grams 9x6x6mm NWA 8455 Lunar Individual Moon Meteorite Northwest Africa,20.99,2025-08-20,505.0,0.04,WorthPoint
nwa-lunar-meteorite,"Moon Rock Meteorite NWA 4483 , Own A Real Piece Of The Moon! Lunar Meteorite 8mg",53.99,2025-08-20,,,WorthPoint
nwa-lunar-meteorite,NWA 17352 3.36g Lunar Fragmental Breccia Meteorite,40.0,2025-08-16,3.36,11.9,WorthPoint
nwa-lunar-meteorite,NWA 16315 Lun 2.14g Slice Of Lunar Melt Breccia Meteorite,75.0,2025-08-16,2.14,35.05,WorthPoint
nwa-lunar-meteorite,.531 Grams 12mm NWA 11182 Lunar Moon Meteorite Feldsp. Breccia With COA,38.0,2025-08-14,531.0,0.07,WorthPoint
nwa-lunar-meteorite,1.53 Grams NWA 17509 Lunar Slice Fragment Moon Meteorite With A COA,42.99,2025-08-11,1.53,28.1,WorthPoint
nwa-lunar-meteorite,3.59 Grams END CUT 20x12x11mm NWA 11474 Lunar Feldsp. Breccia Meteorite With COA,109.99,2025-08-10,3.59,30.64,WorthPoint
nwa-lunar-meteorite,"""1.76 Grams NWA 13951 """"starry Night"""" Lunar Meteorite Feldspathic Breccia With COA""",84.99,2025-08-10,1.76,48.29,WorthPoint
nwa-lunar-meteorite,.785 Grams 11x8x7mm NWA 8455 Lunar Individual Moon Meteorite Northwest Africa,24.99,2025-08-09,785.0,0.03,WorthPoint
nwa-lunar-meteorite,4.97 Grams 18mm NWA 13974 Lunar ( With Polished Window ) Moon Meteorite With COA,117.99,2025-08-07,4.97,23.74,WorthPoint
nwa-lunar-meteorite,1.35 Grams 13x10x7mm NWA 13974 Lunar As Found Meteorite Feldsp. Breccia With COA,44.99,2025-08-07,1.35,33.33,WorthPoint
nwa-lunar-meteorite,5.67 Grams NWA 17509 Lunar Slice Fragment Moon Meteorite With A COA,149.99,2025-08-06,5.67,26.45,WorthPoint
nwa-lunar-meteorite,.253 Grams 11mm NWA 11421 Lunar Moon Meteorite As Found With C.O.A.,13.99,2025-08-05,253.0,0.06,WorthPoint
nwa-lunar-meteorite,"NWA 16520g 3.95g Lunar (frag. Breccia) Meteorites, Lot Of 6 Pcs Surface Samples",118.0,2025-08-04,16520.0,0.01,WorthPoint
nwa-lunar-meteorite,NWA 11273 Achondrite Lunar Feldspathic Breccia Meteorite - 11273-0447 - 0.05g,6.5,2025-08-04,0.05,130.0,WorthPoint
nwa-lunar-meteorite,"Lunar Breccia Meteorite 24.9g Of NWA 14577. Polished End, Stunning Inside & Out!",485.0,2025-08-03,24.9,19.48,WorthPoint
nwa-lunar-meteorite,"Lunar Meteorite NWA 16315 Lunar Melt 52.9g, Huge Vesicles, Full Slice!",836.69,2025-08-03,52.9,15.82,WorthPoint
nwa-lunar-meteorite,"NWA 17270 Lunar Breccia Meteorite 15.9g, Crazy Colorful, Full Slice Of The MOON",375.0,2025-08-01,15.9,23.58,WorthPoint
nwa-lunar-meteorite,.740 Grams 17mm NWA 17509 Lunar Slice Fragment Moon Meteorite With A COA,21.99,2025-07-31,740.0,0.03,WorthPoint
nwa-lunar-meteorite,2.36 Grams 24x21x3mm Slice NWA 14577 Lunar Fragmental Breccia Meteorite With COA,59.99,2025-07-28,2.36,25.42,WorthPoint
nwa-lunar-meteorite,Meteorite: RARE Lunar Basalt Breccia NWA 16894 Whole Piece Of 7.017 Grams,525.0,2025-07-27,7.017,74.82,WorthPoint
nwa-lunar-meteorite,MOON ROCK / LUNAR Feldspathic Breccia - Bechar 003 1.1g *Great Price! (1110br),44.0,2025-07-27,1.1,40.0,WorthPoint
nwa-lunar-meteorite,Meteorite: NWA 11228 Lunar Type: Weight 0.443 Grams,50.0,2025-07-26,0.443,112.87,WorthPoint
nwa-lunar-meteorite,NWA 17353 Lun 4.06g Slice Of Lunar Breccia Meteorite,88.0,2025-07-26,4.06,21.67,WorthPoint
nwa-lunar-meteorite,NWA 17352 3.18g Lunar Fragmental Breccia Meteorite,95.0,2025-07-26,3.18,29.87,WorthPoint
nwa-lunar-meteorite,.538 Grams 23x7x3mm Slice NWA 14577 Lunar Fragmental Breccia Meteorite With COA,32.0,2025-07-25,538.0,0.06,WorthPoint
nwa-lunar-meteorite,NWA 11228 Lunar Meteorite Tiny End Cut! Weight .224 Grams 1 Inch,25.0,2025-07-22,224.0,0.11,WorthPoint
nwa-lunar-meteorite,NEW Lunar Breccia Meteorite 23.25g Slice Of ‚ÄúDeep Field Lunar‚Äù NWA 17679.,800.0,2025-07-22,23.25,34.41,WorthPoint
nwa-lunar-meteorite,.130 Grams 14mm NWA 8607 Lunar Meteorite Cut Fragment With A COA,12.99,2025-07-22,130.0,0.1,WorthPoint
nwa-lunar-meteorite,1.26 Grams 20x10x2mm NWA 15373 Lunar Fragmental Breccia Meteorite Slice With COA,49.99,2025-07-22,1.26,39.67,WorthPoint
nwa-lunar-meteorite,1.29 Grams 27mm NWA 17509 Lunar Slice Fragment Moon Meteorite With A COA,37.99,2025-07-21,1.29,29.45,WorthPoint
nwa-lunar-meteorite,"NWA 15018 Lunar Meteorite For Sale, Own An Authentic Moon Rock, Certified",85.0,2025-07-18,,,WorthPoint
nwa-lunar-meteorite,NWA 11228 Individual Lunar Meteorite,575.0,2025-07-17,,,WorthPoint
nwa-lunar-meteorite,3.30 Grams 19mm NWA 15373 As Found Lunar Fragmental Breccia Meteorite With A COA,64.99,2025-07-16,3.3,19.69,WorthPoint
nwa-lunar-meteorite,.256 Grams 13x6x1.5mm NWA 6950 Lunar (gabbro) Meteorite Fragment With A COA,35.99,2025-07-14,256.0,0.14,WorthPoint
nwa-lunar-meteorite,"Meteorite**NWA 16286, Lunar Mare Basalt(olivine-phyric)**0.181 Gram, Ultra Rare!",61.55,2025-07-14,0.181,340.06,WorthPoint
nwa-lunar-meteorite,NWA 14729 Lunar Meteorite Micro Weight .676 Grams Melt Breccia Rare,99.0,2025-07-13,676.0,0.15,WorthPoint
nwa-lunar-meteorite,Meteorite**NWA 11110 Lunar Feldsp. Breccia** Moon Meteorite .53 Grams Very Rare,29.99,2025-07-13,53.0,0.57,WorthPoint
nwa-lunar-meteorite,NWA 16315 Lun 1.51g Slice Of Lunar Melt Breccia Meteorite,52.0,2025-07-12,1.51,34.44,WorthPoint
nwa-lunar-meteorite,1.13 Grams 19mm NWA 15373 Lunar Frag. Breccia Meteorite Polished Window With COA,25.99,2025-07-11,1.13,23.0,WorthPoint
nwa-lunar-meteorite,.721 Grams NWA 11303 Lunar Feldspathic Breccia Fragments Meteorite With A COA,15.99,2025-07-10,721.0,0.02,WorthPoint
nwa-lunar-meteorite,.443 Grams 9x6x5mm NWA 8455 Lunar Moon Meteorite Fragment With A C.O.A.,20.99,2025-07-07,443.0,0.05,WorthPoint
nwa-lunar-meteorite,"Meteorite**NWA 12008, LUNAR MARE BASALT**1.081 Grams, Extremely Rare",156.75,2025-07-06,1.081,145.0,WorthPoint
nwa-lunar-meteorite,NWA 11273 ~ Lunar Feldspathic Breccia Meteorite ~ 0.696 Grams ~ Eye Appealing !,36.0,2025-07-05,0.696,51.72,WorthPoint
nwa-lunar-meteorite,1.17 Grams 20mm NWA 15373 Lunar Frag. Breccia Meteorite Polished Slice With COA,23.99,2025-07-05,1.17,20.5,WorthPoint
nwa-lunar-meteorite,NWA 17352 2.19g Lunar Fragmental Breccia Meteorite,32.0,2025-07-05,2.19,14.61,WorthPoint
nwa-lunar-meteorite,3.11 Grams NWA 17352 Lunar (frag. Breccia) Slice Moon Meteorite With A COA,104.99,2025-07-03,3.11,33.76,WorthPoint
nwa-lunar-meteorite,"""1.65 Grams NWA 13951 """"starry Night"""" Lunar Meteorite Feldspathic Breccia With COA""",86.0,2025-07-02,1.65,52.12,WorthPoint
nwa-lunar-meteorite,"Lunar Meteorite NWA 8682 (Fieldspathic Breccia) , Northwest Africa .34 Grams",89.0,2025-07-01,34.0,2.62,WorthPoint
nwa-lunar-meteorite,"NEW RARE! NWA 15352 LUNAR, Feldspathic Breccia, Complete Piece, 2.44 Grams",121.99,2025-07-01,2.44,50.0,WorthPoint
nwa-lunar-meteorite,Lunar Meteorite From NWA 5000 In Case,53.0,2025-07-01,,,WorthPoint
nwa-lunar-meteorite,Lunar Meteorite NWA 12826 In Case,16.5,2025-07-01,,,WorthPoint
nwa-lunar-meteorite,Lunar Meteorite NWA 11216 In Case,33.33,2025-07-01,,,WorthPoint
nwa-lunar-meteorite,Moon Ring- Genuine Lunar Meteorite Jewelry - Size 6.25 - TOP METEORITE Jewelry,750.0,2025-07-01,,,WorthPoint
nwa-lunar-meteorite,2.42 Grams 25x18x3mm NWA 16372 Lunar Troctolitic Anorthosite Meteorite Slice COA,69.99,2025-06-28,2.42,28.92,WorthPoint
nwa-lunar-meteorite,NWA 17353 Lun 0.94g Slice Of Lunar Breccia Meteorite,20.5,2025-06-28,0.94,21.81,WorthPoint
nwa-lunar-meteorite,NWA 17352 1.85g Lunar Fragmental Breccia Meteorite,59.0,2025-06-28,1.85,31.89,WorthPoint
nwa-lunar-meteorite,2015 One Ounce Silver Coin With NWA 5000 Lunar Meteorite. Niue Island. 235/500.,102.5,2025-06-28,,,WorthPoint
nwa-lunar-meteorite,.738 Grams 15mm NWA 14685 Lunar Moon Meteorite Small Slice With A COA,20.99,2025-06-27,738.0,0.03,WorthPoint
nwa-lunar-meteorite,3.7g End Piece Of NWA 16784 Lunar Troctolitic Melt Breccia- Rare Type!!!,185.0,2025-06-26,3.7,50.0,WorthPoint
nwa-lunar-meteorite,.498 Grams 17x9x2mm NWA 11898 Lunar Slice Moon Meteorite Feldspathic Breccia COA,18.99,2025-06-25,498.0,0.04,WorthPoint
nwa-lunar-meteorite,NWA 15482 Lunar Meteorite Micro Weight .070 Grams Troct Anorth,6.0,2025-06-24,70.0,0.09,WorthPoint
nwa-lunar-meteorite,"Meteorite**NWA 17502, Lunar Frag. Breccia**1.004 Grams, NEW Black & White Lunar!",123.49,2025-06-23,1.004,123.0,WorthPoint
nwa-lunar-meteorite,"Meteorite**NWA 16286, Lunar Mare Basalt(olivine-phyric)**0.373 Gram, Ultra Rare!",18.5,2025-06-23,0.373,49.6,WorthPoint
nwa-lunar-meteorite,Moon Necklace With Real Lunar Meteorite ‚Äì NWA 11273 ‚Äì Genuine Moon Rock Jewelry,20.5,2025-06-22,,,WorthPoint
nwa-lunar-meteorite,.495 Grams NWA 16372 Lunar RARE ( Troctolitic Anorthosite ) Meteorite Slice +COA,14.99,2025-06-22,495.0,0.03,WorthPoint
nwa-lunar-meteorite,"NWA 3163 Meteorite. Lunar, Felspathic Granular. 12 Mcg. Gift Display.",7.76,2025-06-22,,,WorthPoint
nwa-lunar-meteorite,NWA 17353 Lun 4.15g Slice Of A New Lunar Breccia Meteorite,149.0,2025-06-21,4.15,35.9,WorthPoint
nwa-lunar-meteorite,NWA 17353 Lun 0.76g Slice Of Lunar Breccia Meteorite,29.0,2025-06-21,0.76,38.16,WorthPoint
nwa-lunar-meteorite,.597 Grams 19mm NWA 17509 Lunar Slice Fragment Moon Meteorite With A COA,16.99,2025-06-21,597.0,0.03,WorthPoint
nwa-lunar-meteorite,.061 Grams 5x4x1.5mm NWA 6950 Lunar (gabbro) Meteorite Fragment With A COA,17.99,2025-06-21,61.0,0.29,WorthPoint
nwa-lunar-meteorite,.079 Grams 7x3x1.5mm NWA 6950 Lunar (gabbro) Meteorite Fragment With A COA,13.99,2025-06-21,79.0,0.18,WorthPoint
nwa-lunar-meteorite,.462 Grams 15x9x2mm NWA 11898 Lunar Slice Moon Meteorite Feldspathic Breccia COA,17.99,2025-06-20,462.0,0.04,WorthPoint
nwa-lunar-meteorite,.696 Grams 12mm NWA 11273 Lunar Moon Meteorite Fragment With A COA,46.0,2025-06-19,696.0,0.07,WorthPoint
nwa-lunar-meteorite,1.48 Grams 13mm NWA 15373 Lunar Frag. Breccia Meteorite Polished Window With COA,34.99,2025-06-17,1.48,23.64,WorthPoint
nwa-lunar-meteorite,1.76 Grams 23mm NWA 15373 Lunar Fragmental Breccia As Found Meteorite With COA,31.99,2025-06-17,1.76,18.18,WorthPoint
nwa-lunar-meteorite,.721 Grams NWA 11303 Lunar Feldspathic Breccia Meteorite Fragment With A COA,26.99,2025-06-16,721.0,0.04,WorthPoint
nwa-lunar-meteorite,"Meteorite**NWA 14685, Lunar Felds. Breccia**13.580 Gram, Gorgeous Slice!!!",495.0,2025-06-16,13.58,36.45,WorthPoint
nwa-lunar-meteorite,Low Price! Superior Slice! Magnificent Nwa 14685 Lunar Meteorite! 15.3 Gms,1146.75,2025-06-16,15.3,74.95,WorthPoint
nwa-lunar-meteorite,Apollo 11 Command Module Flown Kapton Foil And NWA 10203 Moon Rock In A Deluxe Acrylic Display With Authentication By The Space Collective.,300.0,2025-06-14,,,WorthPoint
nwa-lunar-meteorite,Apollo 7 Flown Camera Power Cable Segment And NWA 10203 Moon Rock In Deluxe Acrylic Display With Authentication By The Space Collective.,219.0,2025-06-14,,,WorthPoint
nwa-lunar-meteorite,Apollo 15 Command Module Flown Kapton Foil And NWA 10203 Moon Rock In A Deluxe Acrylic Display With Authentication By The Space Collective.,144.0,2025-06-14,,,WorthPoint
nwa-lunar-meteorite,Apollo 8 Command Module Flown Heatshield Fragment And NWA 10203 Moon Rock In A Deluxe Acrylic Display With Authentication By The Space Collective.,189.0,2025-06-14,,,WorthPoint
nwa-lunar-meteorite,Apollo 9 Command Module Flown Kapton Foil And NWA 10203 Moon Rock In Deluxe Acrylic Display With Authentication By The Space Collective.,124.0,2025-06-14,,,WorthPoint
nwa-lunar-meteorite,Apollo 17 Command Module Flown Kapton Foil And NWA 10203 Moon Rock In A Deluxe Acrylic Display With Authentication By The Space Collective.,134.0,2025-06-14,,,WorthPoint
nwa-lunar-meteorite,NWA 17352 1.11g Lunar Fragmental Breccia Meteorite,39.0,2025-06-14,1.11,35.14,WorthPoint
nwa-lunar-meteorite,Nwa 5000 Lunar (moon) Meteorite,349.0,2025-06-14,,,WorthPoint
nwa-lunar-meteorite,NWA 13974 Lunar Meteorite,250.0,2025-06-12,,,WorthPoint
nwa-lunar-meteorite,NWA 11303 Lunar Meteorite,25.0,2025-06-11,,,WorthPoint
nwa-lunar-meteorite,1.77 Grams 15mm NWA 13974 Lunar ( With Polished Window ) Moon Meteorite With COA,42.99,2025-06-10,1.77,24.29,WorthPoint
nwa-lunar-meteorite,"Meteorite**NWA 16894, Lunar Mare Basaltic Breccia**1.353 Gram; Ultra Rare !!! üåí",389.35,2025-06-10,1.353,287.77,WorthPoint
nwa-lunar-meteorite,.444 Grams 10x9x4mm NWA 11474 Lunar Feldspathic Breccia Meteorite Fragment W/COA,24.99,2025-06-09,444.0,0.06,WorthPoint
nwa-lunar-meteorite,"Meteorite**NWA 16286, Lunar Mare Basalt(olivine-phyric)**0.452 Gram, Ultra Rare!",89.99,2025-06-09,0.452,199.09,WorthPoint
nwa-lunar-meteorite,.095 Grams 9x3x1.5mm NWA 6950 Lunar (gabbro) Meteorite Fragment With A COA,14.99,2025-06-09,95.0,0.16,WorthPoint
nwa-lunar-meteorite,"Meteorite**NWA 17502, Lunar Frag. Breccia**0.428 Grams, NEW Black & White Lunar!",10.7,2025-06-09,0.428,25.0,WorthPoint
nwa-lunar-meteorite,.914 Grams 20mm NWA 17509 Lunar Slice Fragment Moon Meteorite With A COA,27.99,2025-06-08,914.0,0.03,WorthPoint
nwa-lunar-meteorite,1.84 Grams 19mm NWA 15373 As Found Lunar Fragmental Breccia Meteorite With A COA,41.99,2025-06-08,1.84,22.82,WorthPoint
nwa-lunar-meteorite,.487 Grams Fragments NWA 14685 Lunar Moon Meteorite With A COA,9.99,2025-06-08,487.0,0.02,WorthPoint
nwa-lunar-meteorite,.647 Grams 15x10x3mm Slice NWA 14577 Lunar Fragmental Breccia Meteorite With COA,36.99,2025-06-07,647.0,0.06,WorthPoint
nwa-lunar-meteorite,.611 Grams 12x8x3mm NWA 13974 Lunar As Found Meteorite Feldsp. Breccia W/COA,22.99,2025-06-07,611.0,0.04,WorthPoint
nwa-lunar-meteorite,NWA 17353 Lun 2.67g Slice Of A New Lunar Breccia Meteorite,99.0,2025-06-07,2.67,37.08,WorthPoint
nwa-lunar-meteorite,NWA 17353 Lun 1.10g Slice Of Lunar Breccia Meteorite,40.0,2025-06-07,1.1,36.36,WorthPoint
nwa-lunar-meteorite,NWA 17353 Lun 0.72g Slice Of Lunar Breccia Meteorite,29.0,2025-06-07,0.72,40.28,WorthPoint
nwa-lunar-meteorite,NWA 11182 Lun 1.29g Lunar Breccia Meteorite From The Moon,30.0,2025-06-07,1.29,23.26,WorthPoint
nwa-lunar-meteorite,.620 Grams 10x8x5mm NWA 8455 Lunar Individual Moon Meteorite Northwest Africa,21.99,2025-06-07,620.0,0.04,WorthPoint
nwa-lunar-meteorite,1.64 Grams 15mm NWA 11303 Lunar Feldspathic Breccia Meteorite As Found Fragments,26.99,2025-06-06,1.64,16.46,WorthPoint
nwa-lunar-meteorite,2.95 Grams 27x20x2.5mm NWA 17352 Lunar (frag. Breccia) Slice Moon Meteorite +COA,97.99,2025-06-05,2.95,33.22,WorthPoint
nwa-lunar-meteorite,2.08 Grams 30x18x2mm NWA 11898 Lunar Slice Meteorite Feldspathic Breccia + COA,80.0,2025-06-05,2.08,38.46,WorthPoint
nwa-lunar-meteorite,1.53 Grams 22x18x2mm NWA 11182 Lunar Moon Slice Meteorite Feldsp. Breccia + COA,54.99,2025-06-05,1.53,35.94,WorthPoint
nwa-lunar-meteorite,.412 Gram Fragments NWA 14681 Lunar RARE (troctolitic Anorthosite) Meteorite COA,14.99,2025-06-04,412.0,0.04,WorthPoint
nwa-lunar-meteorite,1.01 Gram 17x10x3mm NWA 14681 Lunar RARE (troctolitic Anorthosite) Meteorite COA,79.99,2025-06-04,1.01,79.2,WorthPoint
nwa-lunar-meteorite,NWA 17353 Lun 1.88g Slice Of A New Lunar Breccia Meteorite,98.0,2025-06-03,1.88,52.13,WorthPoint
nwa-lunar-meteorite,Nwa 10901 Lunar (moon) Meteorite + Nwa 11017 Achondrite Meteorite,29.0,2025-06-03,,,WorthPoint
nwa-lunar-meteorite,NWA 15482 Lunar Meteorite Ultra Thin Slice! Weight .45 Grams .6 Inch Troc,30.0,2025-06-03,45.0,0.67,WorthPoint
nwa-lunar-meteorite,1.57 Grams 15mm NWA 11303 Lunar Feldspathic Breccia As Found Meteorite With COA,43.99,2025-06-03,1.57,28.02,WorthPoint
nwa-lunar-meteorite,.740 Grams 15mm NWA 11273 Lunar Moon Meteorite Cut Fragment With A COA,29.99,2025-06-03,740.0,0.04,WorthPoint
nwa-lunar-meteorite,.162 Grams NWA 13788 Lunar Meteorite (melt Breccia) Fragments With A COA,9.99,2025-06-02,162.0,0.06,WorthPoint
nwa-lunar-meteorite,.657 Grams Cut Fragments NWA 14577 Lunar Fragmental Breccia Meteorite With COA,12.99,2025-06-02,657.0,0.02,WorthPoint
nwa-lunar-meteorite,"Meteorite**NWA 16894, Lunar Mare Basaltic Breccia**1.000 Gram; Ultra Rare !!! üåí",199.0,2025-06-02,1.0,199.0,WorthPoint
nwa-lunar-meteorite,NWA 17353 Lun 3.56g Slice Of Lunar Breccia Meteorite,52.0,2025-05-31,3.56,14.61,WorthPoint
nwa-lunar-meteorite,NWA 17353 Lun 2.11g Slice Of Lunar Breccia Meteorite,69.0,2025-05-31,2.11,32.7,WorthPoint
nwa-lunar-meteorite,NWA 17353 Lun 1.07g Slice Of Lunar Breccia Meteorite,40.0,2025-05-31,1.07,37.38,WorthPoint
nwa-lunar-meteorite,NWA 11182 Lun 2.73g Lunar Breccia Meteorite From The Moon,88.0,2025-05-31,2.73,32.23,WorthPoint
nwa-lunar-meteorite,.531 Grams NWA 16372 Lunar RARE ( Troctolitic Anorthosite ) Meteorite Slice +COA,16.99,2025-05-30,531.0,0.03,WorthPoint
nwa-lunar-meteorite,"Meteorite**NWA 16894, Lunar Mare Basaltic Breccia**0.865 Gram; Ultra Rare !!! üåí",420.0,2025-05-30,0.865,485.55,WorthPoint
nwa-lunar-meteorite,2.50 Grams NWA 17352 Lunar (frag. Breccia) Slice Moon Meteorite With A COA,69.99,2025-05-29,2.5,28.0,WorthPoint
nwa-lunar-meteorite,"Rare NWA 15018 Lunar Meteorite, Certified Moon Rock,Space Treasure For Research",60.0,2025-05-29,,,WorthPoint
nwa-lunar-meteorite,1.01 Grams 20mm NWA 17509 Lunar Slice Fragment Moon Meteorite With A COA,29.99,2025-05-28,1.01,29.69,WorthPoint
nwa-lunar-meteorite,3.01 Grams 30x18x3mm NWA 16372 Lunar Troctolitic Anorthosite Meteorite Slice COA,89.99,2025-05-28,3.01,29.9,WorthPoint
nwa-lunar-meteorite,.920 Grams NWA 16372 Lunar RARE ( Troctolitic Anorthosite ) Meteorite Slice +COA,28.49,2025-05-27,920.0,0.03,WorthPoint
nwa-lunar-meteorite,.464 Grams NWA 16372 Lunar RARE ( Troctolitic Anorthosite ) Meteorite With A COA,14.51,2025-05-27,464.0,0.03,WorthPoint
nwa-lunar-meteorite,"""Minted 1"""" Anodized Niobium Coin Pendant Lunar Moon B Eclipse Meteorite Men Steve""",74.25,2025-05-27,,,WorthPoint
nwa-lunar-meteorite,NWA 15482 Lunar Meteorite End Piece Weight 1.93 Grams 1 Inch Troc,100.0,2025-05-26,1.93,51.81,WorthPoint
nwa-lunar-meteorite,.523 Grams NWA 16372 Lunar RARE ( Troctolitic Anorthosite ) Meteorite Slice +COA,14.99,2025-05-26,523.0,0.03,WorthPoint
nwa-lunar-meteorite,1.26 Grams 19x17x3mm NWA 16372 Lunar Troctolitic Anorthosite Meteorite Slice COA,36.99,2025-05-25,1.26,29.36,WorthPoint
nwa-lunar-meteorite,.949 Grams NWA 16372 Lunar RARE ( Troctolitic Anorthosite ) Meteorite Slice +COA,28.99,2025-05-25,949.0,0.03,WorthPoint
nwa-lunar-meteorite,4.05 Grams 22mm NWA 13974 Lunar ( With Polished Window ) Moon Meteorite With COA,99.99,2025-05-25,4.05,24.69,WorthPoint
nwa-lunar-meteorite,NWA 11182 Lun 4.40g Lunar Breccia Meteorite From The Moon,149.0,2025-05-24,4.4,33.86,WorthPoint
nwa-lunar-meteorite,MOON ROCK / LUNAR Feldspathic Breccia - Bechar 003 .86g *Great Price! (1110bt),39.0,2025-05-24,86.0,0.45,WorthPoint
nwa-lunar-meteorite,1.69 Grams NWA 17512 Lunar Slice Fragment Moon Meteorite With A COA,44.99,2025-05-23,1.69,26.62,WorthPoint
nwa-lunar-meteorite,NWA Meteorite Lunar Mare Basalt (polished On One Side) .23 G,150.0,2025-05-20,23.0,6.52,WorthPoint
nwa-lunar-meteorite,"NWA 15373 (6.53g) Polished Lunar Frag. Breccia Meteorite Slice, IMCA Sellers",232.0,2025-05-20,6.53,35.53,WorthPoint
nwa-lunar-meteorite,NWA 5000 Legendary Meteorite .1 Gr Fragments Lunar Hupe Collection July 2007,55.0,2025-05-20,1.0,55.0,WorthPoint
nwa-lunar-meteorite,MOON ROCK / LUNAR Feldspathic Breccia - Bechar 003 .67g *Great Price! (1110bv),34.0,2025-05-19,67.0,0.51,WorthPoint
nwa-lunar-meteorite,"Meteorite**NWA 13788, Lunar Melt Breccia**0.657 Gram, HIGHEST QUALITY SLICE!!!!",60.0,2025-05-19,0.657,91.32,WorthPoint
nwa-lunar-meteorite,1.16 Grams 22mm NWA 17509 Lunar Slice Fragment Moon Meteorite With A COA,33.99,2025-05-19,1.16,29.3,WorthPoint
nwa-lunar-meteorite,1.17 Grams NWA 17512 Lunar Slice Fragment Moon Meteorite With A COA,30.99,2025-05-19,1.17,26.49,WorthPoint
nwa-lunar-meteorite,Lunar Meteorites For Sale NWA 12342,95.0,2025-05-18,,,WorthPoint
nwa-lunar-meteorite,NWA 17353 Lun 1.54g Slice Of Lunar Breccia Meteorite,60.0,2025-05-17,1.54,38.96,WorthPoint
nwa-lunar-meteorite,NWA 17353 Lun 0.99g Slice Of Lunar Breccia Meteorite,41.0,2025-05-17,0.99,41.41,WorthPoint
nwa-lunar-meteorite,NWA 11182 Lun 4.16g Lunar Breccia Meteorite From The Moon,145.0,2025-05-17,4.16,34.86,WorthPoint
nwa-lunar-meteorite,"""Minted 1"""" Anodized Niobium Coin Pendant Lunar Moon A Eclipse Meteorite Men Steve""",74.25,2025-05-17,,,WorthPoint
nwa-lunar-meteorite,NWA 11182 Lun 0.64g Lunar Breccia Meteorite From The Moon,25.0,2025-05-17,0.64,39.06,WorthPoint
nwa-lunar-meteorite,.625 Grams 21mm NWA 17509 Lunar Slice Fragment Moon Meteorite With A COA,17.99,2025-05-17,625.0,0.03,WorthPoint
nwa-lunar-meteorite,.510 Grams 18mm NWA 17509 Lunar Slice Fragment Moon Meteorite With A COA,14.99,2025-05-17,510.0,0.03,WorthPoint
nwa-lunar-meteorite,.468 Grams NWA 17512 Lunar Slice Fragment Moon Meteorite With A COA,12.99,2025-05-16,468.0,0.03,WorthPoint
nwa-lunar-meteorite,NWA 15482 Lunar Meteorite Ultra Thin Slice! Weight .80 Grams 1 Inch Troc,48.0,2025-05-16,80.0,0.6,WorthPoint
nwa-lunar-meteorite,10.2 Grams NWA 17509 Lunar Slice Fragment Moon Meteorite With A COA,269.99,2025-05-16,10.2,26.47,WorthPoint
nwa-lunar-meteorite,"Meteorite**NWA 17502, Lunar Frag. Breccia**1.061 Grams, NEW Black & White Lunar!",199.99,2025-05-16,1.061,188.49,WorthPoint
nwa-lunar-meteorite,1.23 Grams NWA 17512 Lunar Slice Fragment Moon Meteorite With A COA,31.99,2025-05-16,1.23,26.01,WorthPoint
nwa-lunar-meteorite,1.90 Grams NWA 17512 Lunar Slice Fragment Moon Meteorite With A COA,49.99,2025-05-15,1.9,26.31,WorthPoint
nwa-lunar-meteorite,.754 Grams 17mm NWA 15373 As Found Lunar Fragmental Breccia Meteorite With A COA,19.99,2025-05-15,754.0,0.03,WorthPoint
nwa-lunar-meteorite,"Lunar Meteorite, Nwa 14358 Achondrite Lunar Feldspathic Breccia; End Cut; Moon",84.0,2025-05-14,,,WorthPoint
nwa-lunar-meteorite,.482 Grams NWA 17509 Lunar Slice Fragment Moon Meteorite With A COA,13.99,2025-05-14,482.0,0.03,WorthPoint
nwa-lunar-meteorite,NWA 11266 Lunar Feldspathic Breccia Meteorite 0.73 Gram Fragment,11.5,2025-05-13,0.73,15.75,WorthPoint
nwa-lunar-meteorite,.791 Grams 13x11x2mm NWA 15583 Lunar Slice Meteorite Feldspathic Breccia W/ COA,36.99,2025-05-13,791.0,0.05,WorthPoint
nwa-lunar-meteorite,1.80 Grams NWA 17352 Lunar (frag. Breccia) Slice Moon Meteorite With A COA,58.99,2025-05-13,1.8,32.77,WorthPoint
nwa-lunar-meteorite,Lunar Meteorite Nwa11524,11.61,2025-05-13,,,WorthPoint
nwa-lunar-meteorite,"Meteorite**NWA 17502, Lunar Frag. Breccia**2.086 Grams, NEW Black & White Lunar!",56.0,2025-05-13,2.086,26.85,WorthPoint
nwa-lunar-meteorite,"""1.25 Grams NWA 13951 """"starry Night"""" Lunar Meteorite Feldspathic Breccia With COA""",59.99,2025-05-12,1.25,47.99,WorthPoint
nwa-lunar-meteorite,1.68 Grams 14mm NWA 13974 Lunar Fragment Moon Meteorite Feldsp. Breccia With COA,58.0,2025-05-11,1.68,34.52,WorthPoint
nwa-lunar-meteorite,NWA 17353 Lun 3.79g Slice Of A New Lunar Breccia Meteorite,162.5,2025-05-10,3.79,42.88,WorthPoint
nwa-lunar-meteorite,""".872 Gram NWA 13951 """"starry Night"""" Lunar Meteorite Feldspathic Breccia With COA""",48.99,2025-05-08,872.0,0.06,WorthPoint
nwa-lunar-meteorite,NWA 14041 Lunar Meteorite Slice! Weight .54 Grams .35 Inch,30.0,2025-05-07,54.0,0.56,WorthPoint
nwa-lunar-meteorite,"NWA 032 Stone, Achondrite, Lunar Found 1999 Morocco 0.012 G",12.0,2025-05-07,0.012,1000.0,WorthPoint
nwa-lunar-meteorite,.555 Grams 12mm NWA 13974 Lunar Fragment Moon Meteorite Feldsp. Breccia With COA,21.0,2025-05-07,555.0,0.04,WorthPoint
nwa-lunar-meteorite,4.12 Grams 20mm NWA 13974 Lunar ( With Polished Window ) Moon Meteorite With COA,99.99,2025-05-06,4.12,24.27,WorthPoint
nwa-lunar-meteorite,NWA 17353 Lun 6.11g Slice Of Lunar Breccia Meteorite,181.0,2025-05-03,6.11,29.62,WorthPoint
nwa-lunar-meteorite,3.5g NWA 16286 Lunar Basalt- The Rarest Lunar Type!!!,525.0,2025-05-03,3.5,150.0,WorthPoint
nwa-lunar-meteorite,"7.5g End Cut NWA 16784 Lunar Troctolitic Melt Breccia- Pink Spinel, Rare Type!!!",375.0,2025-05-03,7.5,50.0,WorthPoint
nwa-lunar-meteorite,Museum Quality! Exqusite Slice! Stunning Nwa 16106 Lunar Meteorite! 0.67 Gms,153.95,2025-05-02,0.67,229.78,WorthPoint
nwa-lunar-meteorite,Copernicus Moon Crater 1 Oz Antique Finish Lunar Meteorite NWA 8609 Silver 2019,165.0,2025-05-02,28.35,5.82,WorthPoint
nwa-lunar-meteorite,NWA 5000 Meteorite From The Lunar Highlands! 0.616 Grams,245.0,2025-05-01,0.616,397.73,WorthPoint
nwa-lunar-meteorite,NWA 5000 LUNAR Meteorite Africa VERY RARE Feldspathic Breccia MOON Space IMCA C,260.99,2025-05-01,,,WorthPoint
nwa-lunar-meteorite,.766 Grams NWA 17352 Lunar (frag. Breccia) Slice Moon Meteorite With A COA,24.99,2025-05-01,766.0,0.03,WorthPoint
nwa-lunar-meteorite,NWA 11266 Lunar Feldspathic Breccia Meteorite 2 Gram Fragment,25.0,2025-05-01,2.0,12.5,WorthPoint
nwa-lunar-meteorite,.905 Grams NWA 17352 Lunar (frag. Breccia) Slice Moon Meteorite With A COA,28.99,2025-04-30,905.0,0.03,WorthPoint
nwa-lunar-meteorite,10.1 Grams NWA 17352 Lunar (frag. Breccia) Slice Moon Meteorite With A COA,299.99,2025-04-29,10.1,29.7,WorthPoint
nwa-lunar-meteorite,Achondrite Moon - Lunar Meteorite NWA 11273. Full Slice 0.98 Grams. COA,99.0,2025-04-27,0.98,101.02,WorthPoint
nwa-lunar-meteorite,NWA 17353 Lun 0.97g Slice Of Lunar Breccia Meteorite,51.0,2025-04-26,0.97,52.58,WorthPoint
nwa-lunar-meteorite,NWA 17353 Lun 3.71g Slice Of A New Lunar Breccia Meteorite,157.5,2025-04-26,3.71,42.45,WorthPoint
nwa-lunar-meteorite,NWA 16315 Lun 12.70g Slice Of Lunar Melt Breccia Meteorite,348.0,2025-04-26,12.7,27.4,WorthPoint
nwa-lunar-meteorite,3.70 Grams NWA 17352 Lunar RARE (info Soon) Slice Moon Meteorite With A COA,128.99,2025-04-26,3.7,34.86,WorthPoint
nwa-lunar-meteorite,1.84 Grams 17mm NWA 15373 Lunar Frag. Breccia Meteorite Polished Window With COA,38.99,2025-04-25,1.84,21.19,WorthPoint
nwa-lunar-meteorite,NWA 16294 Lunar Meteorite Pendant,3250.0,2025-04-23,,,WorthPoint
nwa-lunar-meteorite,NWA 16684 Lunar Meteorite Bracelet,325.0,2025-04-23,,,WorthPoint
nwa-lunar-meteorite,NWA 16684 Lunar Meteorite Adjustable Ring,875.0,2025-04-23,,,WorthPoint
nwa-lunar-meteorite,NWA 11273 Lunar Meteorite - 11.7 Grams,1062.5,2025-04-23,11.7,90.81,WorthPoint
nwa-lunar-meteorite,NWA 16683 Lunar Meteorite - 173.2 Grams,8750.0,2025-04-23,173.2,50.52,WorthPoint
nwa-lunar-meteorite,NWA 16684 Lunar Meteorite Earrings,1125.0,2025-04-23,,,WorthPoint
nwa-lunar-meteorite,NWA 16684 Lunar Meteorite Pendant,1750.0,2025-04-23,,,WorthPoint
nwa-lunar-meteorite,NWA 16894 Lunar Meteorite - 131.4 Grams,13125.0,2025-04-23,131.4,99.89,WorthPoint
nwa-lunar-meteorite,3.48 Grams NWA 17352 Lunar (frag. Breccia) Slice Moon Meteorite With A COA,119.0,2025-04-22,3.48,34.2,WorthPoint
nwa-lunar-meteorite,NWA 11228 Lunar Meteorite Ultra Thin Slice! Weight .691 Grams 1 Inch,75.0,2025-04-22,691.0,0.11,WorthPoint
nwa-lunar-meteorite,"Meteorite**NWA 13788, Lunar Melt Breccia*1.912 Gram Gorgeous Individual Lot √ó2",135.0,2025-04-21,1.912,70.61,WorthPoint
nwa-lunar-meteorite,3 Grams NWA 17352 Lunar Slice (frag. Breccia) Moon Meteorite With A COA,89.99,2025-04-21,3.0,30.0,WorthPoint
nwa-lunar-meteorite,2.44 Grams NWA 17352 Lunar (frag. Breccia) Slice Moon Meteorite With A COA,69.99,2025-04-21,2.44,28.68,WorthPoint
nwa-lunar-meteorite,"Meteorite**NWA 17502, Lunar Frag. Breccia**1.513 Grams, NEW Black & White Lunar!",38.0,2025-04-21,1.513,25.12,WorthPoint
nwa-lunar-meteorite,"Meteorite**NWA 17502, Lunar Frag. Breccia**0.329 Grams, NEW Black & White Lunar!",5.6,2025-04-21,0.329,17.02,WorthPoint
nwa-lunar-meteorite,"Meteorite**NWA 11228, Lunar Felds. Breccia**0.577 Gram, Beautiful Best Endcut!!!",10.5,2025-04-21,0.577,18.2,WorthPoint
nwa-lunar-meteorite,"Meteorite**NWA 11237, Lunar Felds. Breccia**0.304 Gram, Gorgeous Slice!!!",18.47,2025-04-21,0.304,60.76,WorthPoint
nwa-lunar-meteorite,"NWA 17270 Lunar Breccia Meteorite 14.0g, Crazy Colorful, Full Slice Of The MOON",255.0,2025-04-21,14.0,18.21,WorthPoint
nwa-lunar-meteorite,"NEW Lunar Breccia Meteorite 17.4g, Beautiful Slice Of ‚ÄúDeep Field Lunar‚Äù.",298.69,2025-04-20,17.4,17.17,WorthPoint
nwa-lunar-meteorite,4.34 Grams 20mm NWA 13974 Lunar ( With Polished Window ) Moon Meteorite With COA,109.99,2025-04-19,4.34,25.34,WorthPoint
nwa-lunar-meteorite,World Class! Sensational Slice! Amazing Nwa 11182 Lunar Meteorite! 28.3 Gms!,2099.25,2025-04-19,28.3,74.18,WorthPoint
nwa-lunar-meteorite,.902 Grams 13x9x6mm NWA 8455 Lunar Individual Moon Meteorite Northwest Africa,23.99,2025-04-18,902.0,0.03,WorthPoint
nwa-lunar-meteorite,.317 Grams 8x5x4mm NWA 8455 Lunar Individual Moon Meteorite Northwest Africa,16.99,2025-04-18,317.0,0.05,WorthPoint
nwa-lunar-meteorite,.359 Grams 11x5x4mm NWA 8455 Lunar Individual Moon Meteorite Northwest Africa,17.99,2025-04-18,359.0,0.05,WorthPoint
nwa-lunar-meteorite,.364 Grams 9x6x4mm NWA 8455 Lunar Individual Moon Meteorite Northwest Africa,18.99,2025-04-18,364.0,0.05,WorthPoint
nwa-lunar-meteorite,2.11 Grams 17mm NWA 13974 Lunar ( With Polished Window ) Moon Meteorite With COA,48.99,2025-04-18,2.11,23.22,WorthPoint
nwa-lunar-meteorite,3.53 Grams 21mm NWA 13974 Lunar ( With Polished Window ) Moon Meteorite With COA,84.99,2025-04-18,3.53,24.08,WorthPoint
nwa-lunar-meteorite,1.13 Grams NWA 17352 Lunar (frag. Breccia) Slice Moon Meteorite With A COA,36.99,2025-04-17,1.13,32.73,WorthPoint
nwa-lunar-meteorite,1.21 Grams 13mm NWA 15373 Lunar Frag. Breccia Meteorite Polished Window With COA,24.99,2025-04-15,1.21,20.65,WorthPoint
nwa-lunar-meteorite,NWA 15482 Lunar Meteorite Ultra Thin Slice! Weight .54 Grams .6 Inch Troc,35.0,2025-04-14,54.0,0.65,WorthPoint
nwa-lunar-meteorite,1.55 Grams 14mm NWA 15373 Lunar Frag. Breccia Meteorite Polished Window With COA,32.99,2025-04-14,1.55,21.28,WorthPoint
nwa-lunar-meteorite,"Meteorite**NWA 14685, Lunar Felds. Breccia**2.934 Gram, Gorgeous Slice!!!",275.0,2025-04-13,2.934,93.73,WorthPoint
nwa-lunar-meteorite,1.44 Grams NWA 17352 Lunar (frag. Breccia) Slice Moon Meteorite With A COA,38.99,2025-04-13,1.44,27.08,WorthPoint
nwa-lunar-meteorite,NWA 17353 Lun 5.54g Slice Of A New Lunar Breccia Meteorite,162.5,2025-04-12,5.54,29.33,WorthPoint
nwa-lunar-meteorite,NWA 17353 Lun 1.92g Slice Of A New Lunar Breccia Meteorite,85.0,2025-04-12,1.92,44.27,WorthPoint
nwa-lunar-meteorite,NWA 16315 Lun 4.33g Vesiculated Slice Of Lunar Melt Breccia Meteorite,152.5,2025-04-12,4.33,35.22,WorthPoint
nwa-lunar-meteorite,.592 Grams NWA 17352 Lunar (frag. Breccia) Slice Moon Meteorite With A COA,19.99,2025-04-11,592.0,0.03,WorthPoint
nwa-lunar-meteorite,Lunar Mare Basalt NWA 14526 Meteorite 0.947g - Rare Unbrecciated W/ Shock Vein!,469.0,2025-04-11,0.947,495.25,WorthPoint
nwa-lunar-meteorite,Meteorite NWA 11273 Achondrite Lunar Feldspathic Breccia - 11273-0284 - 1.57g,99.95,2025-04-10,1.57,63.66,WorthPoint
nwa-lunar-meteorite,5.46 Grams 23mm NWA 13974 Lunar ( With Polished Window ) Moon Meteorite With COA,129.99,2025-04-10,5.46,23.81,WorthPoint
nwa-lunar-meteorite,1.35 Grams 15mm NWA 15373 Lunar Frag. Breccia Meteorite Polished Window With COA,32.99,2025-04-10,1.35,24.44,WorthPoint
nwa-lunar-meteorite,"NWA 13962 Moon/Lunar Meteorite, Feldspathic Breccia, , 12.7 Grams 100mm X50mm",40.0,2025-04-10,12.7,3.15,WorthPoint
nwa-lunar-meteorite,3.92 Grams NWA 17352 Lunar (frag. Breccia) Slice Moon Meteorite With A COA,119.99,2025-04-09,3.92,30.61,WorthPoint
nwa-lunar-meteorite,MOON ROCK / LUNAR Feldspathic Breccia - Bechar 003 1.2g *Great Price! (1110bs),48.0,2025-04-09,1.2,40.0,WorthPoint
nwa-lunar-meteorite,MOON ROCK / LUNAR Feldspathic Breccia - Bechar 003 6.7g *Great Price! (1110bo),167.0,2025-04-08,6.7,24.93,WorthPoint
nwa-lunar-meteorite,.967 Grams NWA 17352 Lunar (frag. Breccia) Slice Moon Meteorite With A COA,31.99,2025-04-08,967.0,0.03,WorthPoint
nwa-lunar-meteorite,NWA 11266 Lunar Feldspathic Breccia Meteorite 4.1 Gram Fragment,61.2,2025-04-08,4.1,14.93,WorthPoint
nwa-lunar-meteorite,.677 Grams 15x9x2mm NWA 15373 Lunar Fragmental Breccia Meteorite Slice With COA,24.99,2025-04-07,677.0,0.04,WorthPoint
nwa-lunar-meteorite,"NEW Polymict Lunar Breccia Meteorite 9.15g, Big, Beautiful Slice Of The MOON!",326.18,2025-04-07,9.15,35.65,WorthPoint
nwa-lunar-meteorite,2.7g Corner Cut Of NWA 16784 Lunar Troctolitic Melt Breccia- Rare Type!!!,135.0,2025-04-06,2.7,50.0,WorthPoint
nwa-lunar-meteorite,"NWA 14681 Lunar Troctolite Meteorite 27.5g, Polished Slice. Own The Moon!",523.1,2025-04-06,27.5,19.02,WorthPoint
nwa-lunar-meteorite,NWA 16315 Lun 3.18g Slice Of Lunar Melt Breccia Meteorite,108.88,2025-04-05,3.18,34.24,WorthPoint
nwa-lunar-meteorite,NWA 16315 Lun 0.83g Slice Of Lunar Melt Breccia Meteorite,29.0,2025-04-05,0.83,34.94,WorthPoint
nwa-lunar-meteorite,1.61 Grams 12mm NWA 13974 Lunar ( With Polished Window ) Moon Meteorite With COA,38.99,2025-04-04,1.61,24.22,WorthPoint
nwa-lunar-meteorite,.363 Grams 1 1x8x4mm NWA 11303 Lunar Feldspathic Breccia As Found Meteorite +COA,15.99,2025-04-04,363.0,0.04,WorthPoint
nwa-lunar-meteorite,1.38 Grams 12mm NWA 13974 Lunar ( With Polished Window ) Moon Meteorite With COA,33.99,2025-04-04,1.38,24.63,WorthPoint
nwa-lunar-meteorite,2.43 Grams 18mm NWA 13974 Lunar ( With Polished Window ) Moon Meteorite With COA,59.99,2025-04-04,2.43,24.69,WorthPoint
nwa-lunar-meteorite,4.2g End Piece Of NWA 16286 Lunar Basalt- The Rarest Lunar Type!!!,588.0,2025-04-04,4.2,140.0,WorthPoint
nwa-lunar-meteorite,NWA 13974 Lunar Bechar Meteorite,400.0,2025-04-03,,,WorthPoint
nwa-lunar-meteorite,NWA 482 - 0.34 Gm - LUNAR Impact Melt Breccia (anorth) Slice With Crust,290.0,2025-04-03,0.34,852.94,WorthPoint
nwa-lunar-meteorite,.172 Grams NWA 17352 Lunar (frag. Breccia) Slice Moon Meteorite With A COA,6.49,2025-04-03,172.0,0.04,WorthPoint
nwa-lunar-meteorite,Meteorite: Nwa 14685 Lunar Felds. Breccia Weigh- 1.214 Grams,85.0,2025-04-02,1.214,70.02,WorthPoint
nwa-lunar-meteorite,Meteorite NWA 15604 Lunar Breccia With Swirling Flow ! High Quality Thin Section,170.0,2025-04-01,,,WorthPoint
nwa-lunar-meteorite,"NWA 16484 Lunar Breccia Meteorite, Colorful, 11.78g Slice Of MOON! Mirror Polish",307.0,2025-03-31,11.78,26.06,WorthPoint
nwa-lunar-meteorite,"NWA 17270 Lunar Breccia Meteorite 53.25g, Crazy Colorful, End Cut Of The MOON!",600.0,2025-03-31,53.25,11.27,WorthPoint
nwa-lunar-meteorite,.521 Grams NWA 17352 Lunar RARE (info Soon) Slice Moon Meteorite With A COA,60.0,2025-03-30,521.0,0.12,WorthPoint
nwa-lunar-meteorite,1.79 Grams NWA 17352 Lunar (frag. Breccia) Slice Moon Meteorite With A COA,53.99,2025-03-30,1.79,30.16,WorthPoint
nwa-lunar-meteorite,Lunar Brecchia Meteorite. NWA 15373. 3.06 Grams,70.0,2025-03-29,3.06,22.88,WorthPoint
nwa-lunar-meteorite,NWA 17353 Lun 4.07g Slice O A New Lunar Breccia Meteorite,97.0,2025-03-29,4.07,23.83,WorthPoint
nwa-lunar-meteorite,NWA 16315 Lun 1.99g Slice Of Lunar Melt Breccia Meteorite,69.0,2025-03-29,1.99,34.67,WorthPoint
nwa-lunar-meteorite,"Meteorite**NWA 14685, Lunar Felds. Breccia**3.805 Gram, Gorgeous Slice!!!",169.99,2025-03-29,3.805,44.68,WorthPoint
nwa-lunar-meteorite,.764 Grams NWA 17352 Lunar (frag. Breccia) Fragments Moon Meteorite With A COA,17.0,2025-03-28,764.0,0.02,WorthPoint
nwa-lunar-meteorite,.491 Grams NWA 17352 Lunar (frag. Breccia) Slice Moon Meteorite With A COA,16.99,2025-03-28,491.0,0.03,WorthPoint
nwa-lunar-meteorite,2.47 Grams NWA 17352 Lunar RARE (info Soon) Slice Moon Meteorite With A COA,74.58,2025-03-28,2.47,30.19,WorthPoint
nwa-lunar-meteorite,NWA 2995 MOON Meteorite Medal (first Series),70.0,2025-03-26,,,WorthPoint
nwa-lunar-meteorite,1.98 Grams 14mm NWA 15373 Lunar Frag. Breccia Meteorite Polished Window With COA,28.99,2025-03-26,1.98,14.64,WorthPoint
nwa-lunar-meteorite,NWA 17353 Lun 1.53g Slice Of A New Lunar Breccia Meteorite,90.0,2025-03-26,1.53,58.82,WorthPoint
nwa-lunar-meteorite,NWA 17353 Lun 0.76g Slice Of A New Lunar Breccia Meteorite,46.0,2025-03-25,0.76,60.53,WorthPoint
nwa-lunar-meteorite,.677 Grams 14x11x3mm Slice NWA 11303 Lunar Feldspathic Breccia Meteorite + COA,26.99,2025-03-25,677.0,0.04,WorthPoint
nwa-lunar-meteorite,.290 Grams 8mm NWA 13974 Lunar Fragment Moon Meteorite Feldsp. Breccia With COA,13.0,2025-03-25,290.0,0.04,WorthPoint
nwa-lunar-meteorite,"Meteorite**NWA 13788, Lunar Melt Breccia*1.241 Gram Gorgeous Individua! Last One",39.0,2025-03-24,1.241,31.43,WorthPoint
nwa-lunar-meteorite,"Meteorite**NWA 13788, Lunar Melt Breccia**1.611 Gram, HIGHEST QUALITY SLICE!!!!",61.0,2025-03-24,1.611,37.86,WorthPoint
nwa-lunar-meteorite,"Meteorite**NWA 14685, Lunar Felds. Breccia**0.448 Gram, Gorgeous Part-slice!!!",29.0,2025-03-24,0.448,64.73,WorthPoint
nwa-lunar-meteorite,10.5 Grams NWA 17352 Lunar RARE (info Soon) Slice Moon Meteorite With A COA,299.99,2025-03-23,10.5,28.57,WorthPoint
nwa-lunar-meteorite,.273 Grams 9mm NWA 11474 Lunar Feldsp. Breccia Meteorite Individual With COA,12.99,2025-03-22,273.0,0.05,WorthPoint
nwa-lunar-meteorite,NWA 16315 Lun 3.74g Slice Of Lunar Melt Breccia Meteorite,127.5,2025-03-22,3.74,34.09,WorthPoint
nwa-lunar-meteorite,NWA 16315 Lun 0.94g Slice Of Lunar Melt Breccia Meteorite,33.0,2025-03-22,0.94,35.11,WorthPoint
nwa-lunar-meteorite,NWA 17353 Lun 2.75g Slice Of Lunar Breccia Meteorite Under Study,129.0,2025-03-21,2.75,46.91,WorthPoint
nwa-lunar-meteorite,MOON ROCK / LUNAR Feldspathic Breccia - Bechar 003 .53g *Great Price! (1110bu),27.0,2025-03-20,53.0,0.51,WorthPoint
nwa-lunar-meteorite,2.28 Grams NWA 17352 Lunar RARE (info Soon) Slice Moon Meteorite With A COA,81.0,2025-03-20,2.28,35.53,WorthPoint
nwa-lunar-meteorite,2.15 Grams NWA 17352 Lunar RARE (info Soon) Slice Moon Meteorite With A COA,62.99,2025-03-20,2.15,29.3,WorthPoint
nwa-lunar-meteorite,2.21 Grams 16mm NWA 15373 Lunar Fragmental Breccia As Found Meteorite With COA,40.99,2025-03-20,2.21,18.55,WorthPoint
nwa-lunar-meteorite,1.49 Grams 14mm NWA 15373 Lunar Frag. Breccia Meteorite Polished Window With COA,31.99,2025-03-17,1.49,21.47,WorthPoint
nwa-lunar-meteorite,"Meteorite**NWA 14685, Lunar Felds. Breccia**0.965 Gram, Gorgeous Part-slice!!!",28.0,2025-03-17,0.965,29.02,WorthPoint
nwa-lunar-meteorite,2.66 Grams NWA 17352 Lunar RARE (info Soon) Slice Moon Meteorite With A COA,98.5,2025-03-16,2.66,37.03,WorthPoint
nwa-lunar-meteorite,NWA 17353 Lun 2.08g Slice Of Lunar Breccia Meteorite Under Study,83.0,2025-03-15,2.08,39.9,WorthPoint
nwa-lunar-meteorite,NWA 16315 Lun 0.61g Slice Of Lunar Melt Breccia Meteorite,26.0,2025-03-15,0.61,42.62,WorthPoint
nwa-lunar-meteorite,1.28 Grams 18mm NWA 15373 Lunar Frag. Breccia Meteorite Polished Window With COA,29.99,2025-03-14,1.28,23.43,WorthPoint
nwa-lunar-meteorite,"NWA 482 Stone, Achondrite, Lunar Found 2000 Morocco 0.012 G",12.0,2025-03-13,0.012,1000.0,WorthPoint
nwa-lunar-meteorite,1.56 Grams 16x9x7mm NWA 13974 Lunar As Found Meteorite Feldsp. Breccia W/COA,54.0,2025-03-13,1.56,34.62,WorthPoint
nwa-lunar-meteorite,6.27 Grams NWA 17352 Lunar RARE (info Soon) Slice Moon Meteorite With A COA,220.0,2025-03-13,6.27,35.09,WorthPoint
nwa-lunar-meteorite,.377 Grams 12x8x2mm NWA 11898 Lunar Slice Moon Meteorite Feldspathic Breccia COA,15.99,2025-03-11,377.0,0.04,WorthPoint
nwa-lunar-meteorite,.610 Grams 15mm NWA 14685 Lunar Moon Meteorite Small Slice With A COA,18.49,2025-03-11,610.0,0.03,WorthPoint
nwa-lunar-meteorite,.094 Grams 7x3x1.5mm NWA 6950 Lunar (gabbro) Meteorite Fragment With A COA,14.99,2025-03-10,94.0,0.16,WorthPoint
nwa-lunar-meteorite,"""fragments .304 Grams NWA 13951 """"starry Night"""" Lunar Meteorite Breccia With COA""",13.99,2025-03-09,304.0,0.05,WorthPoint
nwa-lunar-meteorite,NWA 17353 Lun 2.38g Slice Of Lunar Breccia Meteorite Under Study,48.13,2025-03-08,2.38,20.22,WorthPoint
nwa-lunar-meteorite,.358 Grams 8x6x5mm NWA 8455 Lunar Individual Moon Meteorite Northwest Africa,16.99,2025-03-08,358.0,0.05,WorthPoint
nwa-lunar-meteorite,.375 Grams 9x6x5mm NWA 8455 Lunar Individual Moon Meteorite Northwest Africa,16.99,2025-03-08,375.0,0.05,WorthPoint
nwa-lunar-meteorite,.384 Grams 9mm NWA 14685 Lunar Moon Meteorite Small Slice With A COA,12.99,2025-03-08,384.0,0.03,WorthPoint
nwa-lunar-meteorite,MOON ROCK / LUNAR Feldspathic Breccia - Bechar 003 4.0g *Great Price! (1110bp),112.0,2025-03-08,4.0,28.0,WorthPoint
nwa-lunar-meteorite,NWA 17353 Lun 0.26g Slice Of Lunar Breccia Meteorite Under Study,17.0,2025-03-08,0.26,65.38,WorthPoint
nwa-lunar-meteorite,3.40 Grams NWA 17352 Lunar RARE (info Soon) Slice Moon Meteorite With A COA,110.0,2025-03-08,3.4,32.35,WorthPoint
nwa-lunar-meteorite,.611 Gram NWA 11898 Lunar Fragments From Moon Meteorite Feldspathic Breccia +COA,13.5,2025-03-07,611.0,0.02,WorthPoint
nwa-lunar-meteorite,NWA 16286 2.5 G End Cut Lunar Mare Basalt Meteorite From Lunar Mare,280.0,2025-03-06,2.5,112.0,WorthPoint
nwa-lunar-meteorite,2.39 Grams NWA 17352 Lunar RARE (info Soon) Slice Moon Meteorite With A COA,79.0,2025-03-06,2.39,33.05,WorthPoint
nwa-lunar-meteorite,.313 Grams NWA 8455 Lunar As Found Individual Moon Meteorite Northwest Africa,16.99,2025-03-05,313.0,0.05,WorthPoint
nwa-lunar-meteorite,.010 Grams 3x2x1mm NWA 6950 Lunar (gabbro) Meteorite Fragment With A COA,7.99,2025-03-05,10.0,0.8,WorthPoint
nwa-lunar-meteorite,.977 Gram 18x11x2mm NWA 14681 Lunar RARE (troctolitic Anorthosite) Meteorite COA,84.99,2025-03-05,977.0,0.09,WorthPoint
nwa-lunar-meteorite,"RSR- NWA 4483 Lunar Meteorite ‚Äì Authentic Moon Rock, Rare And Certified .0042g",225.0,2025-03-03,42.0,5.36,WorthPoint
nwa-lunar-meteorite,.098 Grams NWA 8607 Lunar Meteorite Cut Fragment With A COA,8.99,2025-03-03,98.0,0.09,WorthPoint
nwa-lunar-meteorite,"NWA 17270 Lunar Breccia Meteorite 40.8g, Crazy Colorful, End Cut Of The MOON!",457.0,2025-03-03,40.8,11.2,WorthPoint
nwa-lunar-meteorite,.432 Grams 13x10x1.5mm NWA 6950 Lunar (gabbro) Meteorite Fragment With A COA,69.99,2025-03-02,432.0,0.16,WorthPoint
nwa-lunar-meteorite,.044 Grams 4x3x2mm NWA 6950 Lunar (gabbro) Meteorite Fragment With A COA,9.99,2025-03-02,44.0,0.23,WorthPoint
nwa-lunar-meteorite,NWA 4884 LUNAR Meteorite Northwest Africa RARE Basalt-rich Breccia Moon IMCA,25.0,2025-03-01,,,WorthPoint
nwa-lunar-meteorite,NWA X Lun 4.66g Slice Of Lunar Breccia Meteorite Under Study,81.0,2025-03-01,4.66,17.38,WorthPoint
nwa-lunar-meteorite,.290 Grams 9x7x2mm NWA 11898 Lunar Slice Moon Meteorite Feldspathic Breccia +COA,11.99,2025-02-28,290.0,0.04,WorthPoint
nwa-lunar-meteorite,Lunar Meteorite NWA 5000 .490 Gram Section,312.5,2025-02-27,490.0,0.64,WorthPoint
nwa-lunar-meteorite,0.19g NWA 16286 Lunar Basalt- The Rarest Lunar Type!!!,28.5,2025-02-27,0.19,150.0,WorthPoint
nwa-lunar-meteorite,.168 Grams 9x7x2mm NWA 11898 Lunar Slice Moon Meteorite Feldspathic Breccia +COA,6.99,2025-02-26,168.0,0.04,WorthPoint
nwa-lunar-meteorite,0.37g NWA 16286 Lunar Basalt- The Rarest Lunar Type!!!,48.1,2025-02-25,0.37,130.0,WorthPoint
nwa-lunar-meteorite,0.35g NWA 16286 Lunar Basalt- The Rarest Lunar Type!!!,45.5,2025-02-23,0.35,130.0,WorthPoint
nwa-lunar-meteorite,0.29g NWA 16286 Lunar Basalt- The Rarest Lunar Type!!!,40.6,2025-02-23,0.29,140.0,WorthPoint
nwa-lunar-meteorite,3 Grams NWA 11273 Lunar Meteorites,100.0,2025-02-23,3.0,33.33,WorthPoint
nwa-lunar-meteorite,0.10g NWA 16286 Lunar Basalt- The Rarest Lunar Type!!!,16.0,2025-02-23,0.1,160.0,WorthPoint
nwa-lunar-meteorite,"NWA 15373 (13.61g) Polished Lunar Frag. Breccia Meteorite End Cut, IMCA Sellers",478.0,2025-02-23,13.61,35.12,WorthPoint
nwa-lunar-meteorite,NWA 11182 Lun 13.37g Lunar Breccia Meteorite From The Moon,499.0,2025-02-22,13.37,37.32,WorthPoint
nwa-lunar-meteorite,"Meteorite**Hassi Zerara 001, Lunar Mare Basalt**1.400 Grams, Transitional-Ti !!!",1100.0,2025-02-22,1.4,785.71,WorthPoint
nwa-lunar-meteorite,NWA 14041 Lunar Meteorite Fragment,224.0,2025-02-20,,,WorthPoint
nwa-lunar-meteorite,#6 MOON LUNAR METEORITE - 36.00 Grams - Feldspathic Breccia - NWA 11828,900.0,2025-02-20,36.0,25.0,WorthPoint
nwa-lunar-meteorite,Large Lunar Moon Meteorite Slice58.4 Grams W / COA NWA 14686,67.5,2025-02-20,58.4,1.16,WorthPoint
nwa-lunar-meteorite,""".862 Gram NWA 13951 """"starry Night"""" Lunar Meteorite Feldspathic Breccia With COA""",49.99,2025-02-18,862.0,0.06,WorthPoint
nwa-lunar-meteorite,NWA 13951 Starry Night Lunar Meteorite 8.9 Grams Slice Of The Moon!,360.0,2025-02-17,8.9,40.45,WorthPoint
nwa-lunar-meteorite,"Meteorite**NWA 14685, Lunar Felds. Breccia**2.959 Gram, Gorgeous Part-slice!!!",61.0,2025-02-17,2.959,20.62,WorthPoint
nwa-lunar-meteorite,.302 Grams 8x5x5mm NWA 8455 Lunar Individual Moon Meteorite Northwest Africa,11.99,2025-02-16,302.0,0.04,WorthPoint
nwa-lunar-meteorite,1.15 Grams 13mm NWA 15373 Lunar Frag. Breccia Meteorite Polished Window With COA,28.99,2025-02-14,1.15,25.21,WorthPoint
nwa-lunar-meteorite,"Meteorite**NWA 14685, Lunar Felds. Breccia**2.167 Gram, Gorgeous Slice!!!",199.0,2025-02-13,2.167,91.83,WorthPoint
nwa-lunar-meteorite,1.95 Grams 15mm NWA 15373 Lunar Frag. Breccia Meteorite Polished Window With COA,38.99,2025-02-12,1.95,19.99,WorthPoint
nwa-lunar-meteorite,1.37 Grams 13mm NWA 13974 Lunar ( With Polished Window ) Moon Meteorite With COA,33.99,2025-02-10,1.37,24.81,WorthPoint
nwa-lunar-meteorite,NWA 5000 Meteorite & Apollo 13 Silver Coin Flown Medal LUNAR MOON Franklin Mint,149.99,2025-02-09,,,WorthPoint
nwa-lunar-meteorite,.479 Grams 20x6x2mm NWA 15373 Lunar Fragmental Breccia Meteorite Slice With COA,17.99,2025-02-07,479.0,0.04,WorthPoint
nwa-lunar-meteorite,"Authentic NWA 15018 Lunar Meteorite, Certified Moon Rock",67.0,2025-02-05,,,WorthPoint
nwa-lunar-meteorite,2.32 Grams 15mm NWA 15373 Lunar Frag. Breccia Meteorite Polished Window With COA,46.99,2025-02-03,2.32,20.25,WorthPoint
nwa-lunar-meteorite,"NWA 16520g 2.87g Lunar (frag. Breccia) Meteorites, Lot Of 6 Pcs, Buried Samples",31.0,2025-02-03,16520.0,0.0,WorthPoint
nwa-lunar-meteorite,1.92 Grams 21x9x8mm NWA 8455 Lunar Individual Moon Meteorite Northwest Africa,58.99,2025-02-02,1.92,30.72,WorthPoint
nwa-lunar-meteorite,35.1 Gram POSSIBLE NWA 11237 LUNAR METEORITE!!,11.5,2025-02-02,35.1,0.33,WorthPoint
nwa-lunar-meteorite,1.82 Grams 15mm NWA 15373 Lunar Frag. Breccia Meteorite Polished Window With COA,36.99,2025-02-01,1.82,20.32,WorthPoint
nwa-lunar-meteorite,.590 Grams 11mm NWA 15373 As Found Lunar Fragmental Breccia Meteorite With A COA,13.99,2025-01-31,590.0,0.02,WorthPoint
nwa-lunar-meteorite,.265 Grams NWA 11237 Lunar Meteorite (feldspathic Breccia) Fragment With A COA,17.99,2025-01-31,265.0,0.07,WorthPoint
nwa-lunar-meteorite,"Meteorite**NWA 14900; LUNAR FRAGMENTAL BRECCIA**1.727 Gram, W/Dunite Clasts!!!",160.0,2025-01-31,1.727,92.65,WorthPoint
nwa-lunar-meteorite,NWA 5000 From The Lunar Highlands! 0.842 Gram Slice,330.0,2025-01-30,0.842,391.92,WorthPoint
nwa-lunar-meteorite,2.19 Grams 18mm NWA 13974 Lunar ( With Polished Window ) Moon Meteorite With COA,49.99,2025-01-30,2.19,22.83,WorthPoint
nwa-lunar-meteorite,LUNAR Meteorite NWA 15373 Fragmental Breccia 1 Of 29! Huge FULL 32.5g Moon Slice,1480.0,2025-01-29,32.5,45.54,WorthPoint
nwa-lunar-meteorite,3.34 Grams 17mm NWA 13974 Lunar ( With Polished Window ) Moon Meteorite With COA,79.99,2025-01-28,3.34,23.95,WorthPoint
nwa-lunar-meteorite,"NWA 17270 Lunar Breccia Meteorite 16.65g, Crazy Colorful, Slice Of MOON!",265.01,2025-01-27,16.65,15.92,WorthPoint
nwa-lunar-meteorite,Large Lunar Moon Meteorite Slice 584gramss W / COA NWA 14686,150.0,2025-01-25,584.0,0.26,WorthPoint
nwa-lunar-meteorite,"Meteorite**NWA 16716, Lunar Fragmental Breccia**9.949 Grams,W/Glass Sphere Inc.!",224.5,2025-01-25,9.949,22.57,WorthPoint
nwa-lunar-meteorite,60mm 12.22grams NWA 15366 Lunar Frag. Breccia Meteorite Polished Window With COA,20.29,2025-01-23,12.22,1.66,WorthPoint
nwa-lunar-meteorite,NWA 15373 (12.79g) Polished Lunar Frag. Breccia Meteorite End Cut IMCA Sellers,449.0,2025-01-22,12.79,35.11,WorthPoint
nwa-lunar-meteorite,"NWA 16520g 15.9g Lunar (frag. Breccia) Meteorite Whole Stone, Buried Sample",390.0,2025-01-22,16520.0,0.02,WorthPoint
nwa-lunar-meteorite,1.20 Grams 16mm NWA 11474 Lunar Feldsp. Breccia Meteorite Individual With COA,79.99,2025-01-20,1.2,66.66,WorthPoint
nwa-lunar-meteorite,"Meteorite**NWA 16349, Lunar Mare Basalt/Gabbro Breccia**0.390 Grams, APOLLO 14!",67.0,2025-01-20,0.39,171.79,WorthPoint
nwa-lunar-meteorite,"Meteorite**NWA 13992, Polymict Frag. Lunar Breccia**2.431 Gram, HARVAST MOON!!!",71.0,2025-01-20,2.431,29.21,WorthPoint
nwa-lunar-meteorite,"NEW NWA 17270 Lunar Breccia Meteorite 40.32, Colorful, End Slice Of MOON!",510.0,2025-01-20,,,WorthPoint
nwa-lunar-meteorite,1.07 Grams 14mm NWA 15373 Lunar Frag. Breccia Meteorite Polished Window With COA,21.49,2025-01-18,1.07,20.08,WorthPoint
nwa-lunar-meteorite,""".470 Gram NWA 13951 """"starry Night"""" Lunar Meteorite Feldspathic Breccia With COA""",22.99,2025-01-17,470.0,0.05,WorthPoint
nwa-lunar-meteorite,NWA 14695 Lunar Meteorite üåô Moon Rock 7.1 Gram Stone By Steve Of Meteorite Men,355.0,2025-01-17,7.1,50.0,WorthPoint
nwa-lunar-meteorite,.775 Grams 14mm NWA 15373 Lunar Frag. Breccia Meteorite Polished Window With COA,17.5,2025-01-16,775.0,0.02,WorthPoint
nwa-lunar-meteorite,Genuine Moon Rock Lunar Meteorite NWA 11788 Noyes Collection,27.99,2025-01-15,,,WorthPoint
nwa-lunar-meteorite,NWA 11266 Lunar Feldspathic Breccia Meteorite 0.97 Gram Fragment,14.5,2025-01-15,0.97,14.95,WorthPoint
nwa-lunar-meteorite,.501 Grams NWA 11237 Lunar Meteorite (feldspathic Breccia) Fragment With A COA,34.99,2025-01-13,501.0,0.07,WorthPoint
nwa-lunar-meteorite,"Metiorite NWA 5000 Authentic Material From The Lunar Highlands 1,116 Milligram",299.0,2025-01-12,,,WorthPoint
nwa-lunar-meteorite,0.191g Lunar Basalt Breccia - Rare Lunar Meteorite Type - TOP METEORITE,477.0,2025-01-11,0.191,2497.38,WorthPoint
nwa-lunar-meteorite,"Lunar Meteorite NWA 15018, Rare Moon Rock From Space, Certified",60.0,2025-01-11,,,WorthPoint
nwa-lunar-meteorite,"NWA 15018 Lunar Meteorite ‚Äì Authentic Moon Rock, Rare And Certified",37.0,2025-01-10,,,WorthPoint
nwa-lunar-meteorite,NWA 11273 Lunar Meteorite ~ Individual ~ 11.7 G ~ Excellent Detail And Patina!!,295.0,2025-01-10,11.7,25.21,WorthPoint
nwa-lunar-meteorite,.358 Grams 8mm NWA 13974 Lunar Fragment Moon Meteorite Feldsp. Breccia With COA,34.0,2025-01-09,358.0,0.09,WorthPoint
nwa-lunar-meteorite,2.07 Grams 16mm NWA 15373 Lunar Fragmental Breccia As Found Meteorite With COA,41.99,2025-01-08,2.07,20.29,WorthPoint
nwa-lunar-meteorite,1.47 Grams 19mm NWA 11788 Lunar Meteorite (feldspathic Breccia) Comes With A COA,69.99,2025-01-06,1.47,47.61,WorthPoint
nwa-lunar-meteorite,Lunar & Mars Meteorite Specimens With COA,25.0,2025-01-06,,,WorthPoint
nwa-lunar-meteorite,"Meteorite**NWA 14900; LUNAR FRAGMENTAL BRECCIA**9.940 Gram, W/Dunite Clasts!!!",255.65,2025-01-06,9.94,25.72,WorthPoint
nwa-lunar-meteorite,"Meteorite**NWA 13788, Lunar Melt Breccia*1.129 Gram Gorgeous Individua!! Rare!!!",36.0,2025-01-06,1.129,31.89,WorthPoint
nwa-lunar-meteorite,"Meteorite**NWA 11228, Lunar Felds. Breccia**1.032 Gram, Beautiful Endcut!!!",28.0,2025-01-06,1.032,27.13,WorthPoint
nwa-lunar-meteorite,"NWA 16520g 0.71g Lunar (frag. Breccia) Meteorite Unmodified Stone, Buried Sample",5.5,2025-01-06,16520.0,0.0,WorthPoint
nwa-lunar-meteorite,2.81 Grams 18x10x10mm NWA 13974 Lunar As Found Meteorite Feldsp. Breccia W/COA,114.0,2025-01-05,2.81,40.57,WorthPoint
nwa-lunar-meteorite,.301 Grams 8mm NWA 11273 Lunar Moon Meteorite Cut Fragment With A COA,10.99,2025-01-04,301.0,0.04,WorthPoint
nwa-lunar-meteorite,.406 Grams 12x7x4mm NWA 13788 Lunar Fragment Meteorite Feldsp. Breccia With COA,13.99,2025-01-04,406.0,0.03,WorthPoint
nwa-lunar-meteorite,"NWA 11273 Lunar, 2.1 Gram Individual",90.0,2025-01-04,2.1,42.86,WorthPoint
nwa-lunar-meteorite,"""3.64 Gram - NWA 11474 Lunar (feldsp. Breccia) Meteorite In """"As Found"""" Condition""",182.0,2025-01-03,3.64,50.0,WorthPoint
nwa-lunar-meteorite,3.04 Grams 15mm NWA 15373 Lunar Fragmental Breccia As Found Meteorite With COA,54.99,2025-01-01,3.04,18.09,WorthPoint
nwa-lunar-meteorite,.895 Grams 16x12x3mm NWA 13974 Lunar As Found Meteorite Feldsp. Breccia W/COA,38.99,2025-01-01,895.0,0.04,WorthPoint
nwa-lunar-meteorite,NWA 5000 Lunar Highlands Gabbro Meteorite 316mg + 130mg (2 Piece Set),199.99,2025-01-01,,,WorthPoint
nwa-lunar-meteorite,3.23 Grams 25x20x2.5mm NWA 11182 Lunar Moon Slice Meteorite Feldsp. Breccia +COA,118.99,2024-12-31,3.23,36.84,WorthPoint
nwa-lunar-meteorite,.732 Gram 13x11x3mm NWA 14681 Lunar RARE (troctolitic Anorthosite) Meteorite COA,67.99,2024-12-31,732.0,0.09,WorthPoint
nwa-lunar-meteorite,"""NWA 16484 Lunar """"Everything Rare"""" Meteorite 29.0g Colorful Moon End Cut""",700.0,2024-12-30,29.0,24.14,WorthPoint
nwa-lunar-meteorite,Lunar Rare Moon Rock From Meteorite NWA 4932 12mg,23.51,2024-12-30,,,WorthPoint
nwa-lunar-meteorite,.786 Grams 20mm NWA 15373 As Found Lunar Fragmental Breccia Meteorite With A COA,14.99,2024-12-29,786.0,0.02,WorthPoint
nwa-lunar-meteorite,"Meteorite**NWA 13992, Polymict Frag. Lunar Breccia**0.973 Gram, HARVAST MOON!!!",75.0,2024-12-26,0.973,77.08,WorthPoint
nwa-lunar-meteorite,NWA 11266 Lunar Feldspathic Breccia Meteorite 1.3 Gram Fragment,28.51,2024-12-26,1.3,21.93,WorthPoint
nwa-lunar-meteorite,Moon Ring- Genuine Lunar Meteorite Jewelry - Size 7 - TOP METEORITE Jewelry,750.0,2024-12-25,,,WorthPoint
nwa-lunar-meteorite,3.06 Grams 23mm NWA 15373 As Found Lunar Fragmental Breccia Meteorite With A COA,59.0,2024-12-24,3.06,19.28,WorthPoint
nwa-lunar-meteorite,"Lunar Meteorite NWA 15018, Rare Moon Rock From Space",85.0,2024-12-24,,,WorthPoint
nwa-lunar-meteorite,.898 Grams 20mm NWA 15373 As Found Lunar Fragmental Breccia Meteorite With A COA,15.99,2024-12-23,898.0,0.02,WorthPoint
nwa-lunar-meteorite,Low Price! Superior Slice! Magnificent Nwa 11303 Lunar Meteorite! 19.6 Gms,1469.25,2024-12-22,19.6,74.96,WorthPoint
nwa-lunar-meteorite,.807 Grams NWA 11303 Lunar Feldspathic Breccia Meteorite Fragment With A COA,20.99,2024-12-22,807.0,0.03,WorthPoint
nwa-lunar-meteorite,2.84 Grams 14x10x8mm NWA 13974 Lunar End Cut Meteorite Feldsp. Breccia With COA,129.99,2024-12-22,2.84,45.77,WorthPoint
nwa-lunar-meteorite,Museum Quality! Many Pieces! Marvelous Nwa 12765 Lunar Meteorite! .531 Gms,51.75,2024-12-21,531.0,0.1,WorthPoint
nwa-lunar-meteorite,"Meteorite**NWA 14900; LUNAR FRAGMENTAL BRECCIA**0.747 Gram, W/Rare Dunite Clasts",75.0,2024-12-20,0.747,100.4,WorthPoint
nwa-lunar-meteorite,"Meteorite**NWA 14900; LUNAR FRAGMENTAL BRECCIA**1.770 Gram, W/Dunite Clasts!!!",150.0,2024-12-20,1.77,84.75,WorthPoint
nwa-lunar-meteorite,"NWA 15018 Lunar Meteorite, A Certified Space Artifact From The Moon",90.0,2024-12-20,,,WorthPoint
nwa-lunar-meteorite,"""3.59 Gram - NWA 11474 Lunar (feldsp. Breccia) Meteorite In """"As Found"""" Condition""",161.55,2024-12-18,3.59,45.0,WorthPoint
nwa-lunar-meteorite,"Rare NWA 15018 Lunar Meteorite, Certified Moon Rock",110.0,2024-12-17,,,WorthPoint
nwa-lunar-meteorite,.366 Grams NWA 11303 Lunar Feldspathic Breccia Meteorite Fragment With A COA,15.99,2024-12-16,366.0,0.04,WorthPoint
nwa-lunar-meteorite,1.67 Grams 17x10x7mm NWA 8455 Lunar Individual Moon Meteorite With A COA,49.99,2024-12-16,1.67,29.93,WorthPoint
nwa-lunar-meteorite,.190 Grams NWA 8607 Lunar Meteorite Fragment With A COA,12.99,2024-12-16,190.0,0.07,WorthPoint
nwa-lunar-meteorite,"Meteorite**NWA 13788, Lunar Melt Breccia*1.444 Gram Gorgeous Individua!! Rare!!!",20.5,2024-12-16,1.444,14.2,WorthPoint
nwa-lunar-meteorite,"NWA 16520g 1.29g Lunar (frag. Breccia) Meteorite Polished Window, Buried Sample",13.5,2024-12-16,16520.0,0.0,WorthPoint
nwa-lunar-meteorite,.518 Grams 10x7x6mm NWA 13974 Lunar As Found Meteorite Feldsp. Breccia With COA,43.99,2024-12-15,518.0,0.08,WorthPoint
nwa-lunar-meteorite,NWA 11331 (Lunar/Moon) Meteorite - With Display Case,37.13,2024-12-13,,,WorthPoint
nwa-lunar-meteorite,NWA 11266 Lunar Feldspathic Breccia Meteorite 0.7 Gram Fragment,22.39,2024-12-13,0.7,31.99,WorthPoint
nwa-lunar-meteorite,.100 Grams 7x3x3mm NWA 10644 Lunar Feldspathic Breccia Meteorite Fragment W/ COA,5.99,2024-12-12,100.0,0.06,WorthPoint
nwa-lunar-meteorite,.536 Grams 10mm NWA 11474 Lunar Feldspathic Breccia Meteorite Fragment With COA,14.99,2024-12-12,536.0,0.03,WorthPoint
nwa-lunar-meteorite,"NWA 16520g 0.98g Lunar (frag. Breccia) Meteorite Polished Window, Surface Sample",22.5,2024-12-12,16520.0,0.0,WorthPoint
nwa-lunar-meteorite,The Nagaoka Lunar Set - Hand Crafted Lunar Meteorite Jewelry - TOP METEORITE,1600.0,2024-12-11,,,WorthPoint
nwa-lunar-meteorite,.177 Grams 10mm NWA 14685 Lunar Moon Meteorite Cut Fragment With A COA,6.99,2024-12-09,177.0,0.04,WorthPoint
nwa-lunar-meteorite,"NWA 15018 Lunar Meteorite, Authentic Moon Rock",90.0,2024-12-09,,,WorthPoint
nwa-lunar-meteorite,"NWA 11474 Moon/Lunar Meteorite, Moon, Astronomy, Feldspathic Breccia, 4.48 Grams",235.5,2024-12-09,4.48,52.57,WorthPoint
nwa-lunar-meteorite,Meteorite NWA 5000 Authentic Material From The Lunar Highlands 1.67 G,600.0,2024-12-09,1.67,359.28,WorthPoint
nwa-lunar-meteorite,"NWA 16520g 4.20g Lunar (frag. Breccia) Meteorites, Lot Of 10 Pcs, Buried Samples",102.5,2024-12-09,16520.0,0.01,WorthPoint
nwa-lunar-meteorite,17.47 Gram Lunar Meteorite Endcut - Bechar 006 - Moon Rock Feldspathic Breccia,680.0,2024-12-09,17.47,38.92,WorthPoint
nwa-lunar-meteorite,"Lunar Meteorite NWA 15018, Rare Moon Rock",82.0,2024-12-08,,,WorthPoint
nwa-lunar-meteorite,Tiny Lunar Nwa 6950 Gabbro Specimen - Rare Meteorite - Only $7 Or Best Offer,7.0,2024-12-08,6950.0,0.0,WorthPoint
nwa-lunar-meteorite,.947 Grams 11mm NWA 11273 Lunar Moon Meteorite Fragment With A COA,34.99,2024-12-08,947.0,0.04,WorthPoint
nwa-lunar-meteorite,Apollo 10 Command Module Flown Kapton Foil And NWA 10203 Moon Rock In Deluxe Acrylic Display With Authentication By The Space Collective.,475.0,2024-12-07,,,WorthPoint
nwa-lunar-meteorite,Apollo 12 Command Module Flown Kapton Foil And NWA 10203 Moon Rock In Deluxe Acrylic Display With Authentication By The Space Collective.,450.0,2024-12-07,,,WorthPoint
nwa-lunar-meteorite,""".361 Gram NWA 13951 """"starry Night"""" Lunar Meteorite Feldspathic Breccia With COA""",17.99,2024-12-07,361.0,0.05,WorthPoint
nwa-lunar-meteorite,Meteorite: RARE Lunar Troctolitic Anorthosite NWA 16683 End Cut Of 17.8 Grams,529.0,2024-12-07,17.8,29.72,WorthPoint
nwa-lunar-meteorite,1.87 Grams 17x13x7mm NWA 13974 Lunar As Found Meteorite Feldsp. Breccia W/COA,49.99,2024-12-07,1.87,26.73,WorthPoint
nwa-lunar-meteorite,.501 Grams 10mm NWA 11273 Lunar Moon Meteorite Fragment With A COA,15.99,2024-12-05,501.0,0.03,WorthPoint
nwa-lunar-meteorite,.470 Gram 10x9x2mm NWA 14681 Lunar RARE (troctolitic Anorthosite) Meteorite COA,33.99,2024-12-05,470.0,0.07,WorthPoint
nwa-lunar-meteorite,.431 Gram 9x8x2mm NWA 14681 Lunar RARE (troctolitic Anorthosite) Meteorite COA,29.99,2024-12-05,431.0,0.07,WorthPoint
nwa-lunar-meteorite,"Meteorite**NWA 13788, LUNAR MELT BRECCIA*10.222 Gram Gorgeous Endcut!! Rare!!!",799.99,2024-12-03,10.222,78.26,WorthPoint
nwa-lunar-meteorite,NWA 3163 Meteorite. Lunar Moon Rock- 12mg. In Gift Display Case.,15.0,2024-12-03,,,WorthPoint
nwa-lunar-meteorite,"Meteorite: NWA 13992 -weigh 1.402 Grams- Lunar Endcut, Harvast Moon üåô",125.0,2024-12-02,1.402,89.16,WorthPoint
nwa-lunar-meteorite,.442 Grams 10x10x2mm NWA 15583 Lunar Slice Meteorite Feldspathic Breccia W/ COA,18.99,2024-12-02,442.0,0.04,WorthPoint
nwa-lunar-meteorite,NWA 5000 Lunar Meteorite ~ Lunar Feldspathic Breccia ~ Lunar Highlands ~ 0.098 G,88.0,2024-12-02,0.098,897.96,WorthPoint
nwa-lunar-meteorite,"NWA 15373 (3.98g) Polished Lunar Frag. Breccia Meteorite Slice, IMCA Sellers",145.0,2024-12-02,3.98,36.43,WorthPoint
nwa-lunar-meteorite,.693 Gram 14x10x2mm NWA 11898 Lunar Slice Moon Meteorite Feldspathic Breccia COA,29.0,2024-11-30,693.0,0.04,WorthPoint
nwa-lunar-meteorite,6.96 Grams 26x20x9mm NWA 15373 End Cut Lunar Fragmental Breccia Meteorite COA,199.99,2024-11-30,6.96,28.73,WorthPoint
nwa-lunar-meteorite,.961 Grams NWA 11303 Lunar Feldspathic Breccia Meteorite Fragment With A COA,22.99,2024-11-30,961.0,0.02,WorthPoint
nwa-lunar-meteorite,"NWA 15373 (4.62g) Polished Lunar Frag. Breccia Meteorite Slice, IMCA Sellers",167.0,2024-11-29,4.62,36.15,WorthPoint
nwa-lunar-meteorite,"NWA 15373 (12.87g) Polished Lunar Frag. Breccia Meteorite End Cut, IMCA Sellers",449.0,2024-11-29,12.87,34.89,WorthPoint
nwa-lunar-meteorite,"Meteorite**NWA 16716, Lunar Fragmental Breccia**7.901 Grams, New Black Lunar!!!",325.0,2024-11-28,7.901,41.13,WorthPoint
nwa-lunar-meteorite,11.35 Gr NWA 13757 LUNAR MELT BRECCIA MOON METEORITE POLISHED SLICE CRUSTED,1000.0,2024-11-28,11.35,88.11,WorthPoint
nwa-lunar-meteorite,.381 Grams 12x8x2mm NWA 11182 Lunar Moon Slice Meteorite Feldsp. Breccia + COA,16.99,2024-11-27,381.0,0.04,WorthPoint
nwa-lunar-meteorite,"NWA 15373 Moon/Lunar Meteorite End Cut, Moon Meteorite, Astronomy Gift, 35.59g",1957.0,2024-11-26,35.59,54.99,WorthPoint
nwa-lunar-meteorite,.920 Grams 12mm NWA 13974 Lunar Fragment Moon Meteorite Feldsp. Breccia With COA,38.0,2024-11-26,920.0,0.04,WorthPoint
nwa-lunar-meteorite,1.61 Grams 13x12x9mm NWA 8455 Lunar Individual Moon Meteorite With A COA,53.0,2024-11-26,1.61,32.92,WorthPoint
nwa-lunar-meteorite,.557 Gram 16x10x2mm NWA 11898 Lunar Slice Moon Meteorite Feldspathic Breccia COA,15.99,2024-11-25,557.0,0.03,WorthPoint
nwa-lunar-meteorite,NWA 2727 Lunar Meteorite 1255 Grams/2.7lbs,230.5,2024-11-25,1255.0,0.18,WorthPoint
nwa-lunar-meteorite,NWA 11474 Meteorite. LUNAR (feldspar Breccia) 1.35grams. Nice Individual.,50.0,2024-11-24,1.35,37.04,WorthPoint
nwa-lunar-meteorite,NWA 13992 1.805 Grams ‚ÄúHarvest Moon‚Äù Polished Slice,60.0,2024-11-23,1.805,33.24,WorthPoint
nwa-lunar-meteorite,"Moon Rock Display, Lunar Meteorite, Basic Edition + Easel + Certificate",19.97,2024-11-23,,,WorthPoint
nwa-lunar-meteorite,Meteorite**NWA 14686 Lunar Fragmental Breccia*approx 60 Grams,290.0,2024-11-21,60.0,4.83,WorthPoint
nwa-lunar-meteorite,Meteorite**NWA 14686 Lunar Fragmental Breccia*approx 50 Grams,260.0,2024-11-21,50.0,5.2,WorthPoint
nwa-lunar-meteorite,NWA 11474 Lunar Meteorite,3250.0,2024-11-20,,,WorthPoint
nwa-lunar-meteorite,.044 Grams 4x3x2mm NWA 10644 Lunar Feldspathic Breccia Meteorite Fragment W/ COA,6.99,2024-11-20,44.0,0.16,WorthPoint
nwa-lunar-meteorite,Lunar Feldspathic Breccia And Martian Nakhlite Meteorite,47.0,2024-11-19,,,WorthPoint
nwa-lunar-meteorite,Meteorite**NWA 14686 Lunar Fragmental Breccia*approx 10 Grams,114.0,2024-11-18,10.0,11.4,WorthPoint
nwa-lunar-meteorite,"NWA 16520g 3.41g Lunar (frag. Breccia) Meteorites, Lot Of 10 Pcs, Buried Samples",52.0,2024-11-18,16520.0,0.0,WorthPoint
nwa-lunar-meteorite,"NWA 11182 Lunar Breccia Meteorite 23.39g, Colorful, Slice Of MOON!",334.0,2024-11-18,23.39,14.28,WorthPoint
nwa-lunar-meteorite,1.72 Grams 17x11x8mm NWA 8455 Lunar Individual Moon Meteorite With A COA,25.0,2024-11-17,1.72,14.53,WorthPoint
nwa-lunar-meteorite,NWA 14695 Lunar Meteorite üåô Moon Rock 5.0 Gram Stone By Steve Of Meteorite Men,250.0,2024-11-15,5.0,50.0,WorthPoint
nwa-lunar-meteorite,"NWA 16520g 4.82g Lunar (frag. Breccia) Meteorite Polished Window, Buried Sample",56.0,2024-11-14,16520.0,0.0,WorthPoint
nwa-lunar-meteorite,NWA 3163 Meteorite. Lunar. 12 Mgr. In Display Case. Gift Idea.,15.0,2024-11-12,,,WorthPoint
nwa-lunar-meteorite,1.51 Gram - NWA 11898 Lunar (feldsp. Breccia) Meteorite Unpolished Slice,75.5,2024-11-11,1.51,50.0,WorthPoint
nwa-lunar-meteorite,NWA 16535 Lunar 3.82g Anorthositic Norite/Gabbro Melt Breccia Meteorite,153.5,2024-11-09,3.82,40.18,WorthPoint
nwa-lunar-meteorite,.251 Gram NWA 13992 Meteorite Lunar (frag. Breccia) Fragment With A COA,9.99,2024-11-09,251.0,0.04,WorthPoint
nwa-lunar-meteorite,"Meteorite**NWA 11228, Lunar Felds. Breccia**0.789 Gram Endcut And 2 Mini Peas!!",60.0,2024-11-07,0.789,76.05,WorthPoint
nwa-lunar-meteorite,Meteorite: NWA 11228 Lunar Type:: Weight 0.877 Grams:: Awesome Matrix & Endcut,50.0,2024-11-07,0.877,57.01,WorthPoint
nwa-lunar-meteorite,Meteorite: 11228 Lunar:: Weight 2.797 Grams. 1 Double Endcut And 1 Individual.,125.0,2024-11-07,2.797,44.69,WorthPoint
nwa-lunar-meteorite,"NWA 16520g 4.12g Lunar (frag. Breccia) Meteorite Polished Window, Buried Sample",65.0,2024-11-07,16520.0,0.0,WorthPoint
nwa-lunar-meteorite,RARE - 1.55 Gram - NWA 11303 METEORITE Slice - Lunar (feldsp. Breccia),137.5,2024-11-06,1.55,88.71,WorthPoint
nwa-lunar-meteorite,MOON ROCK DISPLAY -LUNAR METEORITE - DELUXE EDITION +EASEL +CERTIFICATE F,20.95,2024-11-06,,,WorthPoint
nwa-lunar-meteorite,"Meteorite**NWA 14526; LUNAR MARE BASALT**0.859 Gram Slice, FRONT-SIDE MOON!",157.5,2024-11-05,0.859,183.35,WorthPoint
nwa-lunar-meteorite,"Meteorite**Hassi Zerara 001, Lunar Mare Basalt**0.946 Grams, Transitional-Ti !!!",86.0,2024-11-05,0.946,90.91,WorthPoint
nwa-lunar-meteorite,"NWA 16520g 8.05g Lunar (frag. Breccia) Meteorite Polished Window, Buried Sample",76.0,2024-10-31,16520.0,0.0,WorthPoint
nwa-lunar-meteorite,Moon Pendant - Genuine Lunar Meteorite Jewelry - 14Kt Gold - TOP METEORITE,1750.0,2024-10-28,,,WorthPoint
nwa-lunar-meteorite,"Meteorite**NWA 13788, NEW LUNAR IMPACT MELT BRECCIA**23.51 Gram,RARE 1 Of 5 Ever",1799.99,2024-10-25,23.51,76.56,WorthPoint
nwa-lunar-meteorite,.118 Grams NWA 11237 Lunar Meteorite (feldspathic Breccia) Fragment With A COA,9.99,2024-10-25,118.0,0.08,WorthPoint
nwa-lunar-meteorite,"MOONROCKS, Meteorite: Lunar Feldspathic Breccia NWA 13859. 0.35+grams",13.5,2024-10-24,,,WorthPoint
nwa-lunar-meteorite,"NWA 15373 (12.91g) Polished Lunar Frag. Breccia Meteorite End Cut, IMCA Sellers",452.0,2024-10-21,12.91,35.01,WorthPoint
nwa-lunar-meteorite,"Meteorite**NWA 13992, Polymict Frag. Lunar Breccia**4.099 Gram, HARVAST MOON!!!",325.0,2024-10-20,4.099,79.29,WorthPoint
nwa-lunar-meteorite,METEORITE - WHOLE STONE - TOP QUALITY - B9-7218 - 3.13g - UNCLASSED LUNAR TROCTO,31.95,2024-10-20,3.13,10.21,WorthPoint
nwa-lunar-meteorite,METEORITE - WHOLE STONE - TOP QUALITY - B9-7213 - 2.34g - UNCLASSED LUNAR TROCTO,23.95,2024-10-20,2.34,10.24,WorthPoint
nwa-lunar-meteorite,METEORITE - WHOLE STONE - TOP QUALITY - B9-7212 - 1.61g - UNCLASSED LUNAR TROCTO,15.95,2024-10-20,1.61,9.91,WorthPoint
nwa-lunar-meteorite,METEORITE - WHOLE STONE - TOP QUALITY - B9-7211 - 0.76g - UNCLASSED LUNAR TROCTO,15.5,2024-10-20,0.76,20.39,WorthPoint
nwa-lunar-meteorite,"Meteorite*NWA 1388, Lunar Breccia*16.3 Grams, Magnetic Specimen Rare!!!",60.0,2024-10-18,16.3,3.68,WorthPoint
nwa-lunar-meteorite,1.03 Grams 12x9x7mm NWA 8455 Lunar Moon Meteorite Whole Individual With COA,69.99,2024-10-17,1.03,67.95,WorthPoint
nwa-lunar-meteorite,.362 Grams NWA 8455 Lunar As Found Individual Moon Meteorite Northwest Africa,14.99,2024-10-17,362.0,0.04,WorthPoint
nwa-lunar-meteorite,"Meteorite: NWA 13788 Weight 1.408 Grams , Beautiful Lunar Melt Breccia",100.0,2024-10-16,1.408,71.02,WorthPoint
nwa-lunar-meteorite,"NWA 15373 (3.23g) Polished Lunar Frag. Breccia Meteorite Slice, IMCA Sellers",118.0,2024-10-16,3.23,36.53,WorthPoint
nwa-lunar-meteorite,"NWA 15583 Moon/Lunar Meteorite Slice, Moon Meteorite, Astronomy Gift, 3.48 Grams",208.0,2024-10-14,3.48,59.77,WorthPoint
nwa-lunar-meteorite,Minted .999 Silver Coin Pendant Lunar Moon Chip Eclipse By Meteorite Men Steve,80.0,2024-10-14,,,WorthPoint
nwa-lunar-meteorite,"Meteorite**NWA 13788, Lunar Melt Breccia*1.390 Gram Gorgeous Individua!! Rare!!!",29.0,2024-10-14,1.39,20.86,WorthPoint
nwa-lunar-meteorite,MOON!! Rare Lunar Meteorite NWA 16484. 5 Grams Slice Multiple Clast Lithologies,62.57,2024-10-14,5.0,12.51,WorthPoint
nwa-lunar-meteorite,"NWA 15373 (2.32g) Polished Lunar Frag. Breccia Meteorite Slice, IMCA Sellers",87.0,2024-10-13,2.32,37.5,WorthPoint
nwa-lunar-meteorite,"NWA 15373 (8.31g) Polished Lunar Frag. Breccia Meteorite End Cut, IMCA Sellers",295.0,2024-10-11,8.31,35.5,WorthPoint
nwa-lunar-meteorite,1.47 Grams 16mm NWA 15373 As Found Lunar Fragmental Breccia Meteorite With A COA,23.99,2024-10-10,1.47,16.32,WorthPoint
nwa-lunar-meteorite,.914 Grams 15mm NWA 15373 As Found Lunar Fragmental Breccia Meteorite With A COA,15.99,2024-10-08,914.0,0.02,WorthPoint
nwa-lunar-meteorite,"NWA 16520g 3.06g Lunar (frag. Breccia) Meteorite Polished Window, Surface Sample",32.0,2024-10-07,16520.0,0.0,WorthPoint
nwa-lunar-meteorite,"NWA 16294 Troctolite, Lunar Melt Meteorite. 8.4g Slice. Mirror Polish",172.5,2024-10-07,8.4,20.54,WorthPoint
nwa-lunar-meteorite,NEW NWA 16315 Troctolite Anorthosite Vesicular Lunar Meteorite. 32.7g Slice,611.0,2024-10-07,32.7,18.69,WorthPoint
nwa-lunar-meteorite,1.12 Grams 15mm NWA 15373 As Found Lunar Fragmental Breccia Meteorite With A COA,19.99,2024-09-30,1.12,17.85,WorthPoint
nwa-lunar-meteorite,"Meteorite**Hassi Zerara 001, Lunar Mare Basalt**0.855 Grams, Transitional-Ti !!!",122.5,2024-09-30,0.855,143.27,WorthPoint
nwa-lunar-meteorite,"Meteorite**NWA 13788, Lunar Melt Breccia*1.546 Gram Gorgeous Individua!! Rare!!!",26.69,2024-09-30,1.546,17.26,WorthPoint
nwa-lunar-meteorite,NWA 16535 Lunar 3.17g Anorthositic Norite/Gabbro Melt Breccia Meteorite,101.0,2024-09-28,3.17,31.86,WorthPoint
nwa-lunar-meteorite,1.06 Grams 14mm NWA 15373 As Found Lunar Fragmental Breccia Meteorite With A COA,38.0,2024-09-26,1.06,35.85,WorthPoint
nwa-lunar-meteorite,"NWA 15373 Moon/Lunar Meteorite Slice, Moon Meteorite, Astronomy Gift, 5.63 Grams",338.0,2024-09-23,5.63,60.04,WorthPoint
nwa-lunar-meteorite,"Meteorite**NWA 14526; LUNAR MARE BASALT**0.396 Gram Endcut, Low-Ti Mare Basalt!!",229.5,2024-09-23,0.396,579.55,WorthPoint
nwa-lunar-meteorite,"Meteorite**Hassi Zerara 001, Lunar Mare Basalt**0.604 Grams, Transitional-Ti !!!",61.0,2024-09-23,0.604,100.99,WorthPoint
nwa-lunar-meteorite,"Meteorite**NWA 13788, Lunar Melt Breccia*1.391 Gram Gorgeous Individua!! Rare!!!",139.5,2024-09-23,1.391,100.29,WorthPoint
nwa-lunar-meteorite,.469 Grams 10mm NWA 11788 Lunar Meteorite (feldspathic Breccia) Comes With A COA,13.99,2024-09-22,469.0,0.03,WorthPoint
nwa-lunar-meteorite,.503 Grams 17x7x3mm Slice NWA 14577 Lunar Fragmental Breccia Meteorite With COA,36.99,2024-09-21,503.0,0.07,WorthPoint
nwa-lunar-meteorite,NWA 16535 Lunar 1.13g Anorthositic Norite/Gabbro Melt Breccia Meteorite,61.0,2024-09-21,1.13,53.98,WorthPoint
nwa-lunar-meteorite,"NWA 15373 (8.29g) Polished Lunar Frag. Breccia Meteorite End Cut, IMCA Sellers",295.0,2024-09-20,8.29,35.59,WorthPoint
nwa-lunar-meteorite,Niue Island 1 Oz MOON SOLAR SYSTEM $1 Silver Coin 2015 Lunar Meteorite NWA 8609,174.43,2024-09-20,28.35,6.15,WorthPoint
nwa-lunar-meteorite,Slice 1.10 Grams 22mm NWA 11182 Lunar Moon Meteorite Feldspathic Breccia + COA,34.99,2024-09-19,1.1,31.81,WorthPoint
nwa-lunar-meteorite,"NWA 15373 (3.9g) Polished Lunar Frag. Breccia Meteorite End Cut, IMCA Sellers",141.0,2024-09-19,3.9,36.15,WorthPoint
nwa-lunar-meteorite,NWA 14695 Lunar Meteorite üåô Moon Rock 4.33 Gram Stone By Steve Of Meteorite Men,217.0,2024-09-18,4.33,50.12,WorthPoint
nwa-lunar-meteorite,NWA 5000 Lunar Meteorite,65.0,2024-09-17,,,WorthPoint
nwa-lunar-meteorite,6.4 Gram Lunar Meteorite Endcut - Bechar 006 - Moon Rock Feldspathic Breccia,250.0,2024-09-16,6.4,39.06,WorthPoint
nwa-lunar-meteorite,3.91 Gram Lunar Meteorite Endcut - Bechar 006 - Moon Rock Feldspathic Breccia,160.0,2024-09-16,3.91,40.92,WorthPoint
nwa-lunar-meteorite,"NWA 14576 Lunar Fragmental Breccia Meteorite 25.5g, Colorful, Slice Of MOON!",389.86,2024-09-16,25.5,15.29,WorthPoint
nwa-lunar-meteorite,"NWA 16294 Troctolite, Vesicular Lunar Melt Meteorite. 18.6g End Slice",425.0,2024-09-16,18.6,22.85,WorthPoint
nwa-lunar-meteorite,"NWA 14681 Troctolite, Anorthosite Vesicular Lunar Melt Meteorite. 20.7g Slice",385.0,2024-09-16,20.7,18.6,WorthPoint
nwa-lunar-meteorite,.247 Grams NWA 11228 Lunar Meteorite (feldspathic Breccia) Fragment With A COA,10.99,2024-09-15,247.0,0.04,WorthPoint
nwa-lunar-meteorite,.193 Grams 6x6x3mm NWA 8455 Lunar Individual Moon Meteorite Northwest Africa,5.49,2024-09-14,193.0,0.03,WorthPoint
nwa-lunar-meteorite,1.13 Grams 21x16x2mm NWA 15373 Slice Lunar Fragmental Breccia Meteorite With COA,28.99,2024-09-14,1.13,25.65,WorthPoint
nwa-lunar-meteorite,"1.0 Gram NWA 11898 Lunar Meteorite Slice, (feldspathic Breccia)",39.0,2024-09-14,1.0,39.0,WorthPoint
nwa-lunar-meteorite,"NWA 15373 (8.27g) Polished Lunar Frag. Breccia Meteorite Slice, IMCA Sellers",294.0,2024-09-13,8.27,35.55,WorthPoint
nwa-lunar-meteorite,Lunar Meteorite NWA 11788 Feldspathic Breccia From The Moon! 1.1 G Individual,67.0,2024-09-13,1.1,60.91,WorthPoint
nwa-lunar-meteorite,NWA 15373 (7.35g) Polished Lunar Frag. Breccia Meteorite Slice IMCA Sellers,260.0,2024-09-13,7.35,35.37,WorthPoint
nwa-lunar-meteorite,NWA 15373 (1.704g) Polished Lunar Meteorite Slice IMCA #s 6236 & 7294 Sellers,66.0,2024-09-13,1.704,38.73,WorthPoint
nwa-lunar-meteorite,"Meteorite NWA 10253 Lunar, Feldspathic Breccia. NW Africa 2015 0.216g 2015",19.95,2024-09-12,0.216,92.36,WorthPoint
nwa-lunar-meteorite,NWA 5000 Lunar Meteorite Cutting Dust,120.0,2024-09-12,,,WorthPoint
nwa-lunar-meteorite,"2016 Burkina Faso, NWA 10546 MOON Meteorite, NANO Chip, Dome, 1oz, 1000 Francs",89.0,2024-09-12,28.35,3.14,WorthPoint
nwa-lunar-meteorite,"NWA 14755 2.32g Lunar (Feldsp. Breccia) Meteorite, Nice Whole Pebble Of The Moon",20.5,2024-09-12,2.32,8.84,WorthPoint
nwa-lunar-meteorite,.224 Grams 10x7x2mm NWA 6950 Lunar (gabbro) Fragment Moon Meteorite With A COA,54.99,2024-09-10,224.0,0.25,WorthPoint
nwa-lunar-meteorite,.592 Gram 13x8x2mm NWA 14681 Lunar RARE (troctolitic Anorthosite) Meteorite COA,54.99,2024-09-10,592.0,0.09,WorthPoint
nwa-lunar-meteorite,1.17 Grams 23x12x2mm NWA 15373 Slice Lunar Fragmental Breccia Meteorite With COA,29.99,2024-09-09,1.17,25.63,WorthPoint
nwa-lunar-meteorite,"NWA 14755 1.15g Lunar (Feldsp. Breccia) Meteorite, Nice Whole Pebble Of The Moon",22.5,2024-09-09,1.15,19.57,WorthPoint
nwa-lunar-meteorite,.110 Grams 6x5x2mm NWA 6950 Lunar (gabbro) Fragment Moon Meteorite With A COA,29.99,2024-09-07,110.0,0.27,WorthPoint
nwa-lunar-meteorite,NWA 15373 (7.2g) Polished Lunar Meteorite End Cut IMCA #s 6236 & 7294 Sellers,255.0,2024-09-02,7.2,35.42,WorthPoint
nwa-lunar-meteorite,"Meteorite**NWA 16716, Lunar Fragmental Breccia**3.280 Grams, New Dark Lunar!!!",131.5,2024-09-02,3.28,40.09,WorthPoint
nwa-lunar-meteorite,"Meteorite**NWA 13788, Lunar Melt Breccia*1.527 Gram Gorgeous Individua!! Rare!!!",48.0,2024-09-02,1.527,31.43,WorthPoint
nwa-lunar-meteorite,"NWA 16520g 1.62g Lunar (frag. Breccia) Meteorite Polished Face, Surface Sample",16.17,2024-09-02,16520.0,0.0,WorthPoint
nwa-lunar-meteorite,MOON! Rare Lunar Meteorite NWA 16484. 0.9 Grams Slice Multiple Clast Lithologies,21.61,2024-09-02,0.9,24.01,WorthPoint
nwa-lunar-meteorite,Slice 5.15 Grams 31mm NWA 11182 Lunar Moon Meteorite Feldspathic Breccia + COA,139.99,2024-09-02,5.15,27.18,WorthPoint
nwa-lunar-meteorite,#9 MOON LUNAR METEORITE - 37.99 Grams - Feldspathic Breccia - NWA 11828,850.0,2024-09-01,37.99,22.37,WorthPoint
nwa-lunar-meteorite,NWA 16535 Lunar 0.81g Anorthositic Norite/Gabbro Melt Breccia Meteorite,15.5,2024-08-31,0.81,19.14,WorthPoint
nwa-lunar-meteorite,.061 Grams NWA 11237 Lunar Meteorite (feldspathic Breccia) Fragment With A COA,6.99,2024-08-30,61.0,0.11,WorthPoint
nwa-lunar-meteorite,Authentic Moon Rock Eclipse Series Necklace (From Lunar Meteorite NWA 11788),169.95,2024-08-30,,,WorthPoint
nwa-lunar-meteorite,NWA 11788 Lunar Meteorite,625.0,2024-08-29,,,WorthPoint
nwa-lunar-meteorite,NWA 5000 Lunar Meteorite .424g Hup√© Collection- With Certificate Of Authenticity,179.0,2024-08-29,424.0,0.42,WorthPoint
nwa-lunar-meteorite,NWA 12765 Lunar Meteorite Slice,3100.0,2024-08-28,,,WorthPoint
nwa-lunar-meteorite,.127 Grams 7x5x2mm NWA 14685 Lunar Slice Fragment Breccia Meteorite With COA,6.5,2024-08-27,127.0,0.05,WorthPoint
nwa-lunar-meteorite,.243 Grams 7x5x3mm NWA 13788 Lunar Slice Of (melt Breccia) Meteorite With A COA,11.99,2024-08-27,243.0,0.05,WorthPoint
nwa-lunar-meteorite,.730 Grams 10x9x6mm NWA 8455 Lunar Individual Moon Meteorite Northwest Africa,36.99,2024-08-27,730.0,0.05,WorthPoint
nwa-lunar-meteorite,1.89 Grams 11mm NWA 11474 Lunar Feldsp. Breccia Meteorite Individual W/COA,37.99,2024-08-27,1.89,20.1,WorthPoint
nwa-lunar-meteorite,"Meteorite**NWA 16716, Lunar Fragmental Breccia**5.207 Grams, New Dark Lunar!!!",332.5,2024-08-27,5.207,63.86,WorthPoint
nwa-lunar-meteorite,.256 Grams NWA 8607 Lunar Meteorite Fragment With A COA,14.99,2024-08-27,256.0,0.06,WorthPoint
nwa-lunar-meteorite,.544 11x10x2mm NWA 15583 Lunar Slice Moon Meteorite Feldspathic Breccia With COA,29.99,2024-08-26,,,WorthPoint
nwa-lunar-meteorite,3.26 Grams 22x14x8mm NWA 13974 Lunar As Found Meteorite Feldsp. Breccia With COA,124.99,2024-08-26,3.26,38.34,WorthPoint
nwa-lunar-meteorite,.812 Grams 17x11x3mm Slice NWA 14577 Lunar Fragmental Breccia Meteorite With COA,55.0,2024-08-26,812.0,0.07,WorthPoint
nwa-lunar-meteorite,"Meteorite**NWA 13788, NEW LUNAR MELT BRECCIA**8.343 Gram, RARE W/GOLDEN CLASTS!!",127.5,2024-08-26,8.343,15.28,WorthPoint
nwa-lunar-meteorite,"Meteorite**NWA 16716, Lunar Fragmental Breccia**2.450 Grams, New Dark Lunar!!!",122.5,2024-08-26,2.45,50.0,WorthPoint
nwa-lunar-meteorite,"NWA 16520g 1.52g Lunar (frag. Breccia) Meteorite Whole Pebble, Surface Sample",51.0,2024-08-26,16520.0,0.0,WorthPoint
nwa-lunar-meteorite,"NWA 16484 Lunar ""Everything Rare"" Meteorite 29.0g, Colorful, End Cut Of MOON!",641.0,2024-08-26,29.0,22.1,WorthPoint
nwa-lunar-meteorite,"NWA 11182 Lunar Breccia Meteorite 23.2g, Colorful, Slice Of MOON!",416.0,2024-08-26,23.2,17.93,WorthPoint
nwa-lunar-meteorite,NWA 15373 (3.72g) Polished Lunar Meteorite End Cut IMCA #s 6236 & 7294 Sellers,135.0,2024-08-25,3.72,36.29,WorthPoint
nwa-lunar-meteorite,NWA 15373 (2.206g) Polished Lunar Meteorite Slice IMCA #s 6236 & 7294 Sellers,85.0,2024-08-25,2.206,38.53,WorthPoint
nwa-lunar-meteorite,2.6g End Piece Of NWA 16784 Lunar Troctolitic Melt Breccia- Rare Type!!!,130.0,2024-08-25,2.6,50.0,WorthPoint
nwa-lunar-meteorite,1.29 Gram 24x16x2mm NWA 11898 Lunar Slice Moon Meteorite Feldspathic Breccia COA,34.99,2024-08-25,1.29,27.12,WorthPoint
nwa-lunar-meteorite,1.32 Grams 15mm NWA 11421 Lunar Moon Meteorite As Found Individual With A C.O.A.,24.99,2024-08-25,1.32,18.93,WorthPoint
nwa-lunar-meteorite,Real Moon Rock Meteorite Heart Shaped Necklace (From Lunar Meteorite NWA 11788),169.95,2024-08-25,,,WorthPoint
nwa-lunar-meteorite,#4 MOON LUNAR METEORITE -38.80 Grams - Feldspathic Breccia - NWA 11828,850.0,2024-08-21,38.8,21.91,WorthPoint
nwa-lunar-meteorite,.873 Grams 14x10x4mm NWA 8455 Lunar Individual Moon Meteorite Northwest Africa,62.99,2024-08-19,873.0,0.07,WorthPoint
nwa-lunar-meteorite,1.43 Grams 12x11x7mm NWA 13974 Lunar As Found Meteorite Feldsp. Breccia W/COA,59.0,2024-08-19,1.43,41.26,WorthPoint
nwa-lunar-meteorite,.920 Grams 15mm NWA 11273 Lunar Moon Meteorite Individual As Found With A COA,62.99,2024-08-19,920.0,0.07,WorthPoint
nwa-lunar-meteorite,"Gorgeous MOON Slice NWA 14681, Troctolite And Anorthosite Melt 3.3 Grams Polish",100.0,2024-08-19,3.3,30.3,WorthPoint
nwa-lunar-meteorite,"NWA 16520g 1.39g Lunar (frag. Breccia) Meteorite Whole Pebble, Surface Sample",47.0,2024-08-19,16520.0,0.0,WorthPoint
nwa-lunar-meteorite,"NWA 16484 Lunar ""Everything Rare"" Meteorite 14.15g, Colorful, End Cut Of MOON!",565.0,2024-08-19,14.15,39.93,WorthPoint
nwa-lunar-meteorite,Piece Of The MOON!! NWA 16292 Lunar Meteorite 2.77 Grams Polished Slice,83.0,2024-08-19,2.77,29.96,WorthPoint
nwa-lunar-meteorite,NWA 11851 Lunar Meteorite Thin Section With Metal W. 0.40 Slice. LAST ONE,250.0,2024-08-17,,,WorthPoint
nwa-lunar-meteorite,.903 Gram 16x12x2mm NWA 11898 Lunar Slice Moon Meteorite Feldspathic Breccia COA,39.99,2024-08-16,903.0,0.04,WorthPoint
nwa-lunar-meteorite,.410 Grams NWA 13408 Lunar Meteorite (feldspathic Breccia) With A COA,14.99,2024-08-16,410.0,0.04,WorthPoint
nwa-lunar-meteorite,"NWA 16520g 2.35g Lunar (frag. Breccia) Meteorite Polished Window, Surface Sample",55.0,2024-08-15,16520.0,0.0,WorthPoint
nwa-lunar-meteorite,3.84g Lunar Meteorite Slice I NWA 14041 - TOP METEORITE,635.0,2024-08-15,3.84,165.36,WorthPoint
nwa-lunar-meteorite,2.0 Gram - NWA 11182 Lunar Meteorite Slice (feldsp. Breccia) - 2017 Find,74.25,2024-08-14,2.0,37.12,WorthPoint
nwa-lunar-meteorite,2.05 Gram - NWA 11898 Lunar (feldsp. Breccia) Meteorite Unpolished Slice,205.0,2024-08-14,2.05,100.0,WorthPoint
nwa-lunar-meteorite,2.0g End Piece Of NWA 16784 Lunar Troctolitic Melt Breccia- Rare Type!!!,100.0,2024-08-14,2.0,50.0,WorthPoint
nwa-lunar-meteorite,.316 Grams NWA 12008 Lunar Meteorite (feldspathic Breccia) With A COA,12.99,2024-08-13,316.0,0.04,WorthPoint
nwa-lunar-meteorite,.389 Grams NWA 11228 Lunar Meteorite (feldspathic Breccia) Fragment With A COA,13.99,2024-08-12,389.0,0.04,WorthPoint
nwa-lunar-meteorite,MOON!! Rare Lunar Meteorite NWA 16484 5.35 Grams SliceMultiple Clast Lithologies,116.5,2024-08-12,5.35,21.78,WorthPoint
nwa-lunar-meteorite,.194 Grams NWA 13408 Lunar Meteorite (feldspathic Breccia) With A COA,6.99,2024-08-11,194.0,0.04,WorthPoint
nwa-lunar-meteorite,NWA 16535 Lunar 0.37g Anorthositic Norite/Gabbro Melt Breccia Meteorite,28.0,2024-08-10,0.37,75.68,WorthPoint
nwa-lunar-meteorite,"Real Moon Dust Meteorite Necklace, With A Sample From Lunar Meteorite NWA 5000",169.95,2024-08-10,,,WorthPoint
nwa-lunar-meteorite,NWA 15373 (4.099g) Polished Lunar Meteorite End Cut IMCA #s 6236 & 7294 Sellers,149.0,2024-08-09,4.099,36.35,WorthPoint
nwa-lunar-meteorite,Bechar 003 Lunar Meteorite,387.5,2024-08-08,,,WorthPoint
nwa-lunar-meteorite,".9 Gram NWA 11898 Lunar Meteorite Slice, (feldspathic Breccia)",34.0,2024-08-08,9.0,3.78,WorthPoint
nwa-lunar-meteorite,"0.3 Gram NWA 11898 Lunar Meteorite Slice, (feldspathic Breccia)",15.0,2024-08-08,0.3,50.0,WorthPoint
nwa-lunar-meteorite,"NWA 16520g 4.42g Lunar (frag. Breccia) Meteorite Polished Window, Buried Sample",60.0,2024-08-08,16520.0,0.0,WorthPoint
nwa-lunar-meteorite,Meteorite: NWA 13907 Weigh 0.587 - Rare Lunar Similar To Apollo 16,45.0,2024-07-30,,,WorthPoint
nwa-lunar-meteorite,"Meteorite**NWA 13788, LUNAR MELT BRECCIA**8.998 Gram End, W/RARE HIGH METAL!!!",304.0,2024-07-29,8.998,33.79,WorthPoint
nwa-lunar-meteorite,"NWA 14755 6.23g Lunar (Feldsp. Breccia) Meteorite, Nice Whole Pebble Of The Moon",113.5,2024-07-29,6.23,18.22,WorthPoint
nwa-lunar-meteorite,MOON!! Rare Lunar Meteorite NWA 16484 5.88 Grams End. Multiple Clast Lithologies,249.67,2024-07-29,5.88,42.46,WorthPoint
nwa-lunar-meteorite,NWA 16535 Lunar 0.27g Anorthositic Norite/Gabbro Melt Breccia Meteorite,12.5,2024-07-27,0.27,46.3,WorthPoint
nwa-lunar-meteorite,1.48 Grams 17mm NWA 11788 Lunar Meteorite (feldspathic Breccia) Comes With A COA,90.0,2024-07-27,1.48,60.81,WorthPoint
nwa-lunar-meteorite,"NWA 16520g 3.17g Lunar (frag. Breccia) Meteorite Polished Window, Buried Sample",86.0,2024-07-25,16520.0,0.01,WorthPoint
nwa-lunar-meteorite,.338 Grams 8x6x5mm NWA 8455 Lunar Individual Moon Meteorite NorthWest Africa,25.99,2024-07-24,338.0,0.08,WorthPoint
nwa-lunar-meteorite,NWA 15373 Lunar 0.35g Part Slice Feldspathic Breccia Moon Rock,20.0,2024-07-23,0.35,57.14,WorthPoint
nwa-lunar-meteorite,"NWA 16520g 3.77g Lunar (frag. Breccia) Meteorite Polished Window, Surface Sample",113.5,2024-07-22,16520.0,0.01,WorthPoint
nwa-lunar-meteorite,"NWA 16294 Troctolite, Vesicular Lunar Melt Meteorite. 7.93g Slice",163.5,2024-07-22,7.93,20.62,WorthPoint
nwa-lunar-meteorite,"NWA 11182 Lunar Breccia Meteorite 17.55g, Colorful, Slice Of MOON!",365.0,2024-07-22,17.55,20.8,WorthPoint
nwa-lunar-meteorite,NWA 7044 LUNAR Meteorite RARE Fusion Crust Breccia Moon Space Whole Stone,16.31,2024-07-21,,,WorthPoint
nwa-lunar-meteorite,2.14 Grams 16mm NWA 11421 Lunar Moon Meteorite As Found Individual With A C.O.A.,54.99,2024-07-20,2.14,25.7,WorthPoint
nwa-lunar-meteorite,"Meteorite**NWA 13788, LUNAR MELT BRECCIA**0.894 Gram Slice, Colorful Lunar!!!",80.0,2024-07-19,0.894,89.49,WorthPoint
nwa-lunar-meteorite,.501 Grams 9mm NWA 11273 Lunar Moon Meteorite As Found With A COA,29.99,2024-07-19,501.0,0.06,WorthPoint
nwa-lunar-meteorite,Piece Of The Moon! Lunar Meteorite NWA 4881 Moon Rock Collector's Display Box,29.99,2024-07-19,,,WorthPoint
nwa-lunar-meteorite,NWA 11273 LUNAR (Moon Rock) METEORITE - In Display Case,99.0,2024-07-18,,,WorthPoint
nwa-lunar-meteorite,"NWA 14761 3.46g Lunar (Feldsp. Breccia) Meteorite, Whole Pebble Of The Moon",152.5,2024-07-18,3.46,44.08,WorthPoint
nwa-lunar-meteorite,"4.5g End Cut NWA 16784 Lunar Troctolitic Melt Breccia- Pink Spinel, Rare Type!!!",225.0,2024-07-16,4.5,50.0,WorthPoint
nwa-lunar-meteorite,"Meteorite**NWA 13788, LUNAR MELT BRECCIA**1.405 Gram, Lunar Gorgeous Slice!!!",99.0,2024-07-15,1.405,70.46,WorthPoint
nwa-lunar-meteorite,"Meteorite**NWA 16716, Lunar Fragmental Breccia**3.503 Grams, New Black Lunar!!!",62.0,2024-07-15,3.503,17.7,WorthPoint
nwa-lunar-meteorite,"NWA 16520g 1.52g Lunar (frag. Breccia) Meteorite, Surface Collected Specimen",27.0,2024-07-15,16520.0,0.0,WorthPoint
nwa-lunar-meteorite,NWA 16520g 2.79g Lunar (frag. Breccia) Meteorite Polished Window. Buried Sample.,83.0,2024-07-15,16520.0,0.01,WorthPoint
nwa-lunar-meteorite,.844 Gram NWA 14526 Lunar Meteorite (basalt) Fragments With COA,12.99,2024-07-14,844.0,0.02,WorthPoint
nwa-lunar-meteorite,.286 Gram NWA 13992 Meteorite Lunar (frag. Breccia) Fragment With A COA,8.99,2024-07-13,286.0,0.03,WorthPoint
nwa-lunar-meteorite,NWA 16520g 1.55g Lunar (frag. Breccia) Meteorite Pebble With Polished Window,34.0,2024-07-11,16520.0,0.0,WorthPoint
nwa-lunar-meteorite,.514 Grams 11mm NWA 11273 Lunar Moon Meteorite As Found With A COA,29.99,2024-07-10,514.0,0.06,WorthPoint
nwa-lunar-meteorite,.963 Grams 14mm NWA 13974 Lunar Fragment Moon Meteorite Feldsp. Breccia With COA,89.0,2024-07-10,963.0,0.09,WorthPoint
nwa-lunar-meteorite,.775 Grams 10x9x6mm NWA 8455 Lunar Moon Meteorite Whole Individual With COA,46.99,2024-07-10,775.0,0.06,WorthPoint
nwa-lunar-meteorite,.483 Grams 10x7x5mm NWA 8455 Lunar Individual Moon Meteorite Northwest Africa,36.99,2024-07-10,483.0,0.08,WorthPoint
nwa-lunar-meteorite,BONHAMS Natural History -- Tyrannosaurus Bataar Lunar Meteorite Azurite Melo Pear,21.95,2024-07-09,,,WorthPoint
nwa-lunar-meteorite,.065 Grams 5x5x2mm NWA 6950 Lunar (gabbro) Fragment Moon Meteorite With A COA,15.99,2024-07-08,65.0,0.25,WorthPoint
nwa-lunar-meteorite,"Meteorite**NWA 16716, Lunar Fragmental Breccia**1.038 Grams, New Dark Lunar!!!",58.0,2024-07-08,1.038,55.88,WorthPoint
nwa-lunar-meteorite,"Meteorite**NWA 13788, LUNAR MELT BRECCIA**0.895 Gram, GORGEOUS INDIVIDUAL !!!",46.0,2024-07-08,0.895,51.4,WorthPoint
nwa-lunar-meteorite,NWA 16520g 1.46g Lunar (frag. Breccia) Meteorite Example Of The Buried Material,26.0,2024-07-08,16520.0,0.0,WorthPoint
nwa-lunar-meteorite,9.5g End Piece Of NWA 16784 Lunar Troctolitic Melt Breccia- Rare Type!!!,380.0,2024-07-07,9.5,40.0,WorthPoint
nwa-lunar-meteorite,3.18 Grams 25x11x10mm NWA 13974 Lunar As Found Meteorite Feldsp. Breccia W/COA,199.99,2024-07-05,3.18,62.89,WorthPoint
nwa-lunar-meteorite,1.14 Grams 13mm NWA 11788 Lunar Meteorite (feldspathic Breccia) Comes With A COA,39.99,2024-07-04,1.14,35.08,WorthPoint
nwa-lunar-meteorite,NWA 16520g 2.92g Lunar (frag. Breccia) Meteorite Pebble With Polished Window,102.5,2024-07-04,16520.0,0.01,WorthPoint
nwa-lunar-meteorite,NWA 16520g 2.73g Lunar (frag. Breccia) Meteorite Pebble With Polished Window,81.0,2024-07-04,16520.0,0.0,WorthPoint
nwa-lunar-meteorite,"NWA 15377 Lunar Breccia, Found In 2021, 9.0 Gram Beautifully Polished Slice!",450.0,2024-07-04,9.0,50.0,WorthPoint
nwa-lunar-meteorite,NWA 16535 Lunar 0.40g Anorthositic Norite/Gabbro Melt Breccia Meteorite,16.0,2024-06-29,0.4,40.0,WorthPoint
nwa-lunar-meteorite,"Meteorite**NWA 16716, Lunar Fragmental Breccia**16.051 Grams, New Dark Lunar!!!",1600.0,2024-06-17,16.051,99.68,WorthPoint
nwa-lunar-meteorite,Meteorite NWA 12985 LUNAR!,225.0,2024-06-17,,,WorthPoint
nwa-lunar-meteorite,"Meteorite**NWA 16349, Lunar Mare Basalt/Gabbro Breccia**0.577 Grams, APOLLO 14!",105.5,2024-06-17,0.577,182.84,WorthPoint
nwa-lunar-meteorite,"Meteorite**NWA 16484, Lunar Frag. Breccia**6.899 Gram Endcut, Rare Blue Lunar!!!",197.5,2024-06-17,6.899,28.63,WorthPoint
nwa-lunar-meteorite,"Meteorite**NWA 11228, Lunar Felds. Breccia**1.064 Gram, W/Veins HIGHLY SHOCKED!!",33.75,2024-06-17,1.064,31.72,WorthPoint
nwa-lunar-meteorite,"Meteorite**NWA 13788, NEW LUNAR MELT BRECCIA**2.093 Gram Lunar Individual!!!",51.0,2024-06-17,2.093,24.37,WorthPoint
nwa-lunar-meteorite,Apollo 17 Command Module Flown Kapton Foil And Moon Rock (Lunar Meteorite NWA 10203) Segments In A High Quality Acrylic Display.,475.0,2024-06-15,,,WorthPoint
nwa-lunar-meteorite,.906 Grams 12mm NWA 11182 Lunar Moon Meteorite Feldspathic Breccia With COA,49.99,2024-06-14,906.0,0.06,WorthPoint
nwa-lunar-meteorite,"Meteorite**NWA 14900; LUNAR FRAGMENTAL BRECCIA**1.041 Gram, W/Dunite Clasts!!!",89.0,2024-06-11,1.041,85.49,WorthPoint
nwa-lunar-meteorite,"Meteorite**NWA 16716, Lunar Fragmental Breccia**1.283 Grams, New Black Lunar!!!",33.33,2024-06-10,1.283,25.98,WorthPoint
nwa-lunar-meteorite,"Meteorite**NWA 13788, LUNAR MELT BRECCIA**2.573 Gram, GORGEOUS INDIVIDUAL !!!",81.75,2024-06-10,2.573,31.77,WorthPoint
nwa-lunar-meteorite,"NWA 11182 Lunar Breccia Meteorite 17.8g Large, Colorful, Slice Of MOON!",349.0,2024-06-10,17.8,19.61,WorthPoint
nwa-lunar-meteorite,NWA 14524 LUNAR (Moon Rock) METEORITE 0.98g In Display Case With COA,20.5,2024-06-09,0.98,20.92,WorthPoint
nwa-lunar-meteorite,NWA 16535 Lunar 0.85g Anorthositic Norite/Gabbro Melt Breccia Meteorite,41.0,2024-06-08,0.85,48.24,WorthPoint
nwa-lunar-meteorite,.036 Grams 3x3x2mm NWA 6950 Lunar (gabbro) Slice Moon Meteorite With A COA,8.99,2024-06-08,36.0,0.25,WorthPoint
nwa-lunar-meteorite,"NWA 11898 Moon/Lunar Meteorite Slice, Moon Meteorite, Astronomy Gift, 4.47g",313.0,2024-06-08,4.47,70.02,WorthPoint
nwa-lunar-meteorite,.647 Grams NWA 13974 Lunar Fragment Moon Meteorite Feldsp. Breccia With COA,44.99,2024-06-07,647.0,0.07,WorthPoint
nwa-lunar-meteorite,.081 Grams NWA 10644 Lunar Feldspathic Breccia Meteorite Fragments W/COA,7.99,2024-06-07,81.0,0.1,WorthPoint
nwa-lunar-meteorite,2.05 Grams 27x18x2mm NWA 15373 Slice Lunar Fragmental Breccia Meteorite With COA,48.99,2024-06-05,2.05,23.9,WorthPoint
nwa-lunar-meteorite,5.06 Grams 24x14x13mm NWA 15373 Polished End Cut Lunar Meteorite With A COA,99.99,2024-06-05,5.06,19.76,WorthPoint
nwa-lunar-meteorite,.385 Grams 10mm NWA 11788 Lunar Meteorite (Feldspathic Breccia) Individual & COA,6.99,2024-06-04,385.0,0.02,WorthPoint
nwa-lunar-meteorite,Lunar Feldspathic Breccia Moon Meteorite NWA 11788 54.1 GRAMS,89.99,2024-06-03,54.1,1.66,WorthPoint
nwa-lunar-meteorite,Meteorite:NWA 16716:weight:2.294G: Beautiful Black Lunar With Anorthistic Clast!,180.0,2024-06-03,2.294,78.47,WorthPoint
nwa-lunar-meteorite,NWA 11788 Lunar Meteorite (feldspathic Breccia) Mali 0.614 Grams,62.75,2024-06-02,0.614,102.2,WorthPoint
nwa-lunar-meteorite,"NWA 14685 (19.65g) Lunar Meteorite, Polished End Cut, A+ Quality, IMCA SELLERS!",1180.0,2024-06-02,19.65,60.05,WorthPoint
nwa-lunar-meteorite,NWA 16366 LUNAR/MOON ANORTHOSITIC METEORITE 86.4 Grams,99.99,2024-06-01,86.4,1.16,WorthPoint
nwa-lunar-meteorite,.160 Grams 7mm NWA 8455 Lunar Individual Moon Meteorite With A COA,7.49,2024-05-30,160.0,0.05,WorthPoint
nwa-lunar-meteorite,".570 Gram NWA 13951 ""starry Night"" Lunar Meteorite Feldspathic Breccia With COA",49.99,2024-05-30,570.0,0.09,WorthPoint
nwa-lunar-meteorite,.709 Grams 11mm NWA 11474 Lunar Feldsp. Breccia Meteorite Individual W/COA,29.99,2024-05-29,709.0,0.04,WorthPoint
nwa-lunar-meteorite,.442 Grams NWA 12971 Meteorite Lunar (troctolitic Melt Rock) Fragment With A COA,29.99,2024-05-29,442.0,0.07,WorthPoint
nwa-lunar-meteorite,.275 Grams NWA 8455 Lunar As Found Individual Moon Meteorite Northwest Africa,16.99,2024-05-29,275.0,0.06,WorthPoint
nwa-lunar-meteorite,6.88 Grams 20x19x11mm NWA 8455 Lunar Individual Moon Meteorite NorthWest Africa,404.99,2024-05-29,6.88,58.86,WorthPoint
nwa-lunar-meteorite,.149 Grams 7mm NWA 8455 Lunar Individual Moon Meteorite With A COA,6.99,2024-05-27,149.0,0.05,WorthPoint
nwa-lunar-meteorite,1.48 Grams 27x13x2mm NWA 15373 Slice Lunar Fragmental Breccia Meteorite With COA,29.99,2024-05-27,1.48,20.26,WorthPoint
nwa-lunar-meteorite,.266 Grams 15mm Slice NWA 14577 Lunar Fragmental Breccia Meteorite With COA,19.99,2024-05-27,266.0,0.08,WorthPoint
nwa-lunar-meteorite,".561 Gram NWA 13951 ""starry Night"" Lunar Meteorite Feldspathic Breccia With COA",49.99,2024-05-27,561.0,0.09,WorthPoint
nwa-lunar-meteorite,.178 Grams 10x5x2mm NWA 13788 Lunar Slice Of (melt Breccia) Meteorite With A COA,7.99,2024-05-27,178.0,0.04,WorthPoint
nwa-lunar-meteorite,.801 Grams 16x11x2mm NWA 14685 Lunar Slice Fragment Breccia Meteorite With COA,39.99,2024-05-27,801.0,0.05,WorthPoint
nwa-lunar-meteorite,"Meteorite**NWA 16716, Lunar Fragmental Breccia**1.728 Grams, New Black Lunar!!!",62.0,2024-05-27,1.728,35.88,WorthPoint
nwa-lunar-meteorite,"Meteorite**NWA 11228, Lunar Felds. Breccia**0.451 Gram, W/Veins HIGHLY SHOCKED!!",26.0,2024-05-27,0.451,57.65,WorthPoint
nwa-lunar-meteorite,.029 Grams 4x2x2mm NWA 6950 Lunar (gabbro) Fragment Moon Meteorite With A COA,8.99,2024-05-25,29.0,0.31,WorthPoint
nwa-lunar-meteorite,NWA 16535 Lunar 2.37g Anorthositic Norite/Gabbro Melt Breccia Meteorite,249.0,2024-05-25,2.37,105.06,WorthPoint
nwa-lunar-meteorite,NWA 13788 Lunar Meteorite Slice,750.0,2024-05-24,,,WorthPoint
nwa-lunar-meteorite,MOON ROCK / LUNAR Feldspathic Breccia - Bechar 003 .64g *Great Price! (1110bk),32.0,2024-05-22,64.0,0.5,WorthPoint
nwa-lunar-meteorite,.344 Grams 9mm NWA 11788 Lunar Meteorite (feldspathic Breccia) Comes With A COA,32.99,2024-05-13,344.0,0.1,WorthPoint
nwa-lunar-meteorite,"Meteorite**NWA 16484, Lunar Frag. Breccia**4.453 Gram Slice, Rare Blue Lunar!!!",204.5,2024-05-13,4.453,45.92,WorthPoint
nwa-lunar-meteorite,"Meteorite**NWA 13788, LUNAR MELT BRECCIA**1.141 Gram Lunar Individual!!!",26.01,2024-05-13,1.141,22.8,WorthPoint
nwa-lunar-meteorite,"Meteorite**NWA 13788, NEW LUNAR MELT BRECCIA**2.443 Gram Lunar Individual!!!",40.63,2024-05-13,2.443,16.63,WorthPoint
nwa-lunar-meteorite,"Meteorite**NWA 13907, FAN Lunar**0.541 Gram Individual, Rare Anorth., APOLLO 16!",32.0,2024-05-13,0.541,59.15,WorthPoint
nwa-lunar-meteorite,Lunar/Moon Feldspathic Breccia NWA 14798 20.9 Grams,150.0,2024-05-10,20.9,7.18,WorthPoint
nwa-lunar-meteorite,.821 Grams 15x11x2mm Slice NWA 14577 Lunar Fragmental Breccia Meteorite With COA,54.99,2024-05-08,821.0,0.07,WorthPoint
nwa-lunar-meteorite,"Meteorite**NWA 13992, Polymict Frag. Lunar Breccia**2.534 Gram,üçÅHARVAST MOONüåô",94.33,2024-05-06,2.534,37.23,WorthPoint
nwa-lunar-meteorite,"Meteorite**NWA 13788, NEW LUNAR MELT BRECCIA**2.284 Gram Lunar Individual!!!",82.0,2024-05-06,2.284,35.9,WorthPoint
nwa-lunar-meteorite,"Meteorite**NWA 13907, FAN Lunar**0.620 Gram Individual, Rare Anorth., APOLLO 16!",77.0,2024-05-06,0.62,124.19,WorthPoint
nwa-lunar-meteorite,"Meteorite**NWA 11228, Lunar Felds. Breccia**1.236 Gram, W/Veins HIGHLY SHOCKED!!",40.63,2024-05-06,1.236,32.87,WorthPoint
nwa-lunar-meteorite,"NWA 11303 Moon/Lunar Meteorite Slice, Moon Meteorite, Astronomy Gift, 18.09g",882.0,2024-05-04,18.09,48.76,WorthPoint
nwa-lunar-meteorite,Lunar Meteorite NWA 5000. 1.676 Milligram Specimen. (good Condition),700.0,2024-05-04,,,WorthPoint
nwa-lunar-meteorite,"Meteorite**NWA 13788, NEW LUNAR MELT BRECCIA**2.279 Gram, BLACK LUNAR!!",89.0,2024-05-04,2.279,39.05,WorthPoint
nwa-lunar-meteorite,"Meteorite**NWA 16349, Lunar Mare Basalt/Gabbro Breccia**0.595 Grams, APOLLO 14!",499.0,2024-04-29,0.595,838.66,WorthPoint
nwa-lunar-meteorite,"Meteorite**NWA 11228, Lunar Felds. Breccia**1.115 Gram, W/Veins HIGHLY SHOCKED!!",51.0,2024-04-29,1.115,45.74,WorthPoint
nwa-lunar-meteorite,"Meteorite**NWA 13992, Polymict Frag. Lunar Breccia**1.805 Gram,üçÅHARVAST MOONüåô",66.0,2024-04-29,1.805,36.57,WorthPoint
nwa-lunar-meteorite,"Meteorite**NWA 13788, NEW LUNAR IMPACT MELT BRECCIA**5.275 Gram, BLACK LUNAR!!",107.5,2024-04-28,5.275,20.38,WorthPoint
nwa-lunar-meteorite,".976 Gram NWA 13951 ""starry Night"" Lunar Meteorite Feldspathic Breccia With COA",88.99,2024-04-26,976.0,0.09,WorthPoint
nwa-lunar-meteorite,NWA 13788 Complete Lunar Meteorite,3125.0,2024-04-24,,,WorthPoint
nwa-lunar-meteorite,NWA 14041 Lunar Meteorite Sphere,6250.0,2024-04-24,,,WorthPoint
nwa-lunar-meteorite,NWA 13119 Lunar Meteorite End Cut,25000.0,2024-04-24,,,WorthPoint
nwa-lunar-meteorite,NWA 14685 Complete Lunar Meteorite,8125.0,2024-04-24,,,WorthPoint
nwa-lunar-meteorite,3.06 Grams 19mm NWA 15373 As Found Lunar Fragmental Breccia Meteorite With A COA,79.99,2024-04-21,3.06,26.14,WorthPoint
nwa-lunar-meteorite,.680 Gram 15x10x2mm NWA 11898 Lunar Slice Moon Meteorite Feldspathic Breccia COA,49.99,2024-04-21,680.0,0.07,WorthPoint
nwa-lunar-meteorite,.175 Grams 10mm NWA 11421 Lunar Moon Meteorite As Found Individual With A C.O.A.,9.99,2024-04-21,175.0,0.06,WorthPoint
nwa-lunar-meteorite,Lunar Troctolitic Anorthosite Meteorite NWA 11252 (Paired),289.99,2024-04-20,,,WorthPoint
nwa-lunar-meteorite,Polished Lunar Meteorites Slice,59.0,2024-04-11,,,WorthPoint
nwa-lunar-meteorite,"Meteorite**NWA 11228, Lunar Felds. Breccia**1.053 Gram Slice, Shock Melted Lunar",79.99,2024-04-10,1.053,75.96,WorthPoint
nwa-lunar-meteorite,NWA 15373 (1.229g) Polished Lunar Meteorite End Cut IMCA #s 6236 & 7294 Sellers,49.0,2024-04-10,1.229,39.87,WorthPoint
nwa-lunar-meteorite,"Lunar Meteorite NWA 11266 (Fieldspathic Breccia) , Northwest Africa .93 Grams",52.5,2024-04-10,93.0,0.56,WorthPoint
nwa-lunar-meteorite,.911 Grams 15x9x7mm NWA 11474 Lunar Feldsp. Breccia Meteorite Individual W/COA,49.99,2024-04-09,911.0,0.05,WorthPoint
nwa-lunar-meteorite,Meteorite NWA 6355 Achondrite Lunar Feldspathic Breccia - 6355-0018 - 0.09g,89.95,2024-04-09,0.09,999.44,WorthPoint
nwa-lunar-meteorite,"Meteorite**NWA 13992, Polymict Frag. Lunar Breccia**1.397 Gram,üçÅHARVAST MOONüåô",52.0,2024-04-08,1.397,37.22,WorthPoint
nwa-lunar-meteorite,"Meteorite**NWA 14900; LUNAR FRAGMENTAL BRECCIA**0.904 Gram, W/Dunite Clasts!!!",39.99,2024-04-08,0.904,44.24,WorthPoint
nwa-lunar-meteorite,"Meteorite**NWA 11228, Lunar Felds. Breccia**1.203 Gram, W/Veins HIGHLY SHOCKED!!",15.0,2024-04-08,1.203,12.47,WorthPoint
nwa-lunar-meteorite,"Lunar Fragmental Breccia Meteorite 15.5g, NWA 16484 Glass Polish End Cut",262.77,2024-04-08,15.5,16.95,WorthPoint
nwa-lunar-meteorite,1.07 Grams 21x15x2mm NWA 11182 Lunar Moon Slice Meteorite Feldsp. Breccia + COA,49.99,2024-04-04,1.07,46.72,WorthPoint
nwa-lunar-meteorite,Nice 1.28 Gram - NWA 11474 Lunar (feldsp. Breccia) Meteorite Unpolished Specimen,128.0,2024-04-04,1.28,100.0,WorthPoint
nwa-lunar-meteorite,.037 Grams 5x2x2mm NWA 10644 Lunar Feldspathic Breccia Meteorite Fragment W/ COA,7.99,2024-04-04,37.0,0.22,WorthPoint
nwa-lunar-meteorite,1.86 Grams 15mm NWA 15373 As Found Lunar Fragmental Breccia Meteorite With A COA,42.99,2024-04-04,1.86,23.11,WorthPoint
nwa-lunar-meteorite,.310 Grams 12x6x2mm NWA 6950 Lunar (gabbro) Slice Moon Meteorite With A COA,54.99,2024-04-03,310.0,0.18,WorthPoint
nwa-lunar-meteorite,"1.14 Grams NWA 13951 ""starry Night"" Lunar Meteorite Feldspathic Breccia W/ COA",79.99,2024-04-03,1.14,70.17,WorthPoint
nwa-lunar-meteorite,"1 Gram NWA 13951 ""starry Night"" Lunar Meteorite Feldspathic Breccia With A COA",92.0,2024-04-03,1.0,92.0,WorthPoint
nwa-lunar-meteorite,"NWA 14685 Moon/Lunar Meteorite Slice, Moon Meteorite, Astronomy Gift, 0.65 Grams",49.0,2024-04-01,0.65,75.38,WorthPoint
nwa-lunar-meteorite,3 MOON ROCK DISPLAY- 37mg LUNAR METEORITE - MUSEUM EDITION - Jumbo Display+Easel,37.95,2024-04-01,,,WorthPoint
nwa-lunar-meteorite,"Meteorite**NWA 13992, Polymict Frag. Lunar Breccia**2.966 Gram,üçÅHARVAST MOONüåô",88.0,2024-04-01,2.966,29.67,WorthPoint
nwa-lunar-meteorite,"Meteorite**NWA 13788, NEW LUNAR MELT BRECCIA**4.791 Gram Lunar Individual!!!",93.67,2024-04-01,4.791,19.55,WorthPoint
nwa-lunar-meteorite,"Meteorite**NWA 16349, Lunar Mare Basalt/Gabbro Breccia**0.382 Grams, APOLLO 14!",299.99,2024-04-01,0.382,785.31,WorthPoint
nwa-lunar-meteorite,"AMAZING, SHOWY 16.1g NWA 14685 LUNAR METEORITE FULL SLICE METEORITE MOON ROCK!",1595.0,2024-03-30,16.1,99.07,WorthPoint
nwa-lunar-meteorite,NWA 15373 (1.497g) Polished Lunar Meteorite Slice IMCA #s 6236 & 7294 Sellers,58.0,2024-03-30,1.497,38.74,WorthPoint
nwa-lunar-meteorite,.622 Grams 16mm As Found NWA 11303 Lunar Feldspathic Breccia Meteorite + COA,19.99,2024-03-28,622.0,0.03,WorthPoint
nwa-lunar-meteorite,.325 Grams 7x7x5mm NWA 8455 Lunar Individual Moon Meteorite Northwest Africa,24.99,2024-03-28,325.0,0.08,WorthPoint
nwa-lunar-meteorite,NWA 11228 Meteorite Lunar Moon Rock Individual Weight 1.30 Grams,110.0,2024-03-27,1.3,84.62,WorthPoint
nwa-lunar-meteorite,Museum Quality. Marvelous Nwa 11182 Lunar Meteorite. 2.34 Gms,60.0,2024-03-25,2.34,25.64,WorthPoint
nwa-lunar-meteorite,"Meteorite**NWA 14188; Lunar Mare Basaltic Breccia**3.586 Grams, Front-side Moon!",899.0,2024-03-25,3.586,250.7,WorthPoint
nwa-lunar-meteorite,"Meteorite**NWA 16349, Lunar Mare Basalt/Gabbro Breccia**0.231 Grams, APOLLO 14!",157.5,2024-03-25,0.231,681.82,WorthPoint
nwa-lunar-meteorite,2.73 Grams Cut Chunk 17x12x10mm NWA 11273 Lunar Moon Meteorite With A COA,129.99,2024-03-24,2.73,47.62,WorthPoint
nwa-lunar-meteorite,.515 Gram 13x9x3mm NWA 14681 Lunar RARE (troctolitic Anorthosite) Meteorite COA,49.99,2024-03-24,515.0,0.1,WorthPoint
nwa-lunar-meteorite,"Meteorite**NWA 14900; LUNAR FRAGMENTAL BRECCIA**2.433 Gram, W/Dunite Clasts!!!",400.0,2024-03-23,2.433,164.41,WorthPoint
nwa-lunar-meteorite,"Meteorite**NWA 13992, Polymict Frag. Lunar Breccia**5.872 Gram, HARVAST MOON!!!",499.99,2024-03-23,5.872,85.15,WorthPoint
nwa-lunar-meteorite,"Meteorite**NWA 13788, NEW LUNAR IMPACT MELT BRECCIA**4.168 Gram, BLACK LUNAR!!",399.99,2024-03-23,4.168,95.97,WorthPoint
nwa-lunar-meteorite,Small Cut On The 1.45 Gram 22mm NWA 15373 Lunar Fragmental Breccia Meteorite COA,18.99,2024-03-23,1.45,13.1,WorthPoint
nwa-lunar-meteorite,"1.63 Gram NWA 13951 ""starry Night"" Lunar Meteorite Feldspathic Breccia With COA",145.0,2024-03-23,1.63,88.96,WorthPoint
nwa-lunar-meteorite,1.10 Gram 20x13x2mm NWA 11898 Lunar Slice Moon Meteorite Feldspathic Breccia COA,59.99,2024-03-21,1.1,54.54,WorthPoint
nwa-lunar-meteorite,.513 Grams 7x7x6mm NWA 8455 Lunar Moon Meteorite Fragment With A C.O.A.,43.99,2024-03-21,513.0,0.09,WorthPoint
nwa-lunar-meteorite,NWA 15373 (0.596g) Polished Lunar Meteorite Slice IMCA #s 6236 & 7294 Sellers,27.0,2024-03-19,0.596,45.3,WorthPoint
nwa-lunar-meteorite,"NWA 13992, Lunar Polymict Frag. Breccia, Mauritania 2021, 4.34 Gram Slice",218.0,2024-03-18,4.34,50.23,WorthPoint
nwa-lunar-meteorite,"Meteorite**NWA 13788, LUNAR MELT BRECCIA**6.133 Gram Endcut; Beautiful Endcut!!!",116.39,2024-03-18,6.133,18.98,WorthPoint
nwa-lunar-meteorite,"Meteorite**NWA 13992, Polymict Frag. Lunar Breccia**2.640 Grams, HARVAST MOONüåô",56.0,2024-03-18,2.64,21.21,WorthPoint
nwa-lunar-meteorite,"Meteorite**NWA 14900; LUNAR FRAGMENTAL BRECCIA**0.464 Gram, W/Dunite Clasts!!!",11.5,2024-03-18,0.464,24.78,WorthPoint
nwa-lunar-meteorite,.439 Grams 12x9x2mm NWA 14685 Lunar Slice Fragment Breccia Meteorite With COA,19.99,2024-03-15,439.0,0.05,WorthPoint
nwa-lunar-meteorite,MOON ROCK / LUNAR Feldspathic Breccia - Bechar 003 .59g *Great Price! (1110bl),26.0,2024-03-15,59.0,0.44,WorthPoint
nwa-lunar-meteorite,"Meteorite**NWA 16349, Lunar Mare Basalt/Gabbro Breccia**THIN SECTION, APOLLO 14!",250.0,2024-03-15,,,WorthPoint
nwa-lunar-meteorite,.276 Grams NWA 8455 Lunar As Found Individual Moon Meteorite Northwest Africa,17.99,2024-03-12,276.0,0.07,WorthPoint
nwa-lunar-meteorite,"LUNAR Meteorite NWA 11228, 1.11g Endcut. Piece Of The MOON! Low TKW!",69.0,2024-03-12,1.11,62.16,WorthPoint
nwa-lunar-meteorite,.222 Grams 10x7x2mm NWA 8607 Lunar Cut Fragment Meteorite With COA,9.99,2024-03-12,222.0,0.04,WorthPoint
nwa-lunar-meteorite,Lunar-like NWA 4664 DIOGENITE(pm) Meteorite Part End Cut - 2.04 G,29.0,2024-03-12,2.04,14.22,WorthPoint
nwa-lunar-meteorite,MOON ROCK / LUNAR Feldspathic Breccia - Bechar 003 .66g *Great Price! (1110bm),29.0,2024-03-12,66.0,0.44,WorthPoint
nwa-lunar-meteorite,MOON ROCK / LUNAR Feldspathic Breccia - Bechar 003 .91g *Great Price! (1110bh),40.0,2024-03-11,91.0,0.44,WorthPoint
nwa-lunar-meteorite,"Meteorite**NWA 13788, LUNAR MELT BRECCIA**5.685 Gram Endcut; Beautiful Endcut!!!",102.5,2024-03-11,5.685,18.03,WorthPoint
nwa-lunar-meteorite,"Meteorite**NWA 11228, Lunar Felds. Breccia**0.792 Gram, W/Veins HIGHLY SHOCKED!!",40.0,2024-03-11,0.792,50.51,WorthPoint
nwa-lunar-meteorite,"NWA 16315 Troctolite, Anorthosite Vesicular Lunar Melt Meteorite. 15.15g Slice",422.0,2024-03-11,15.15,27.85,WorthPoint
nwa-lunar-meteorite,.894 Grams 19x12x2mm NWA 15373 Slice Lunar Fragmental Breccia Meteorite With COA,26.99,2024-03-08,894.0,0.03,WorthPoint
nwa-lunar-meteorite,MOON ROCK / LUNAR Feldspathic Breccia - Bechar 003 1.0g *Great Price! (1110bi),45.0,2024-03-08,1.0,45.0,WorthPoint
nwa-lunar-meteorite,"Meteorite**NWA 13788, NEW LUNAR MELT BRECCIA**29.598 Gram Lunar Individual!!!",2100.0,2024-03-08,29.598,70.95,WorthPoint
nwa-lunar-meteorite,"Huge Lunar-like Monomict Eucrite Meteorite NWA 15923, 200x200mm FULL 241g Slice",1045.0,2024-03-06,241.0,4.34,WorthPoint
nwa-lunar-meteorite,MOON ROCK / LUNAR Feldspathic Breccia - Bechar 003 .77g *Great Price! (1110bn),34.0,2024-03-05,77.0,0.44,WorthPoint
nwa-lunar-meteorite,"Meteorite**NWA 14577, Lunar Frag. Breccia**30.991 Gram Endcut, Highly Shocked!!",2999.99,2024-03-05,30.991,96.8,WorthPoint
nwa-lunar-meteorite,.901 Grams NWA 11474 Lunar Feldspathic Breccia Meteorite Fragments With COA,15.5,2024-03-04,901.0,0.02,WorthPoint
nwa-lunar-meteorite,"Meteorite**NWA 11228, NWA 14899, Touat 008** Martian & Lunar!! For Tim",184.0,2024-03-04,,,WorthPoint
nwa-lunar-meteorite,.455 Gram 11x8x3mm NWA 14681 Lunar RARE (troctolitic Anorthosite) Meteorite COA,39.99,2024-03-04,455.0,0.09,WorthPoint
nwa-lunar-meteorite,"Meteorite**NWA 16349, Lunar Mare Basalt/Gabbro Breccia**0.259 Grams, APOLLO 14!",199.0,2024-03-04,0.259,768.34,WorthPoint
nwa-lunar-meteorite,"Meteorite**NWA 13992, Polymict Frag. Lunar Breccia**1.891 Grams, HARVAST MOONüåô",82.0,2024-03-04,1.891,43.36,WorthPoint
nwa-lunar-meteorite,"Meteorite**NWA 11228, Lunar Felds. Breccia**0.694 Gram, W/Veins HIGHLY SHOCKED!!",12.5,2024-03-04,0.694,18.01,WorthPoint
nwa-lunar-meteorite,Genuine Authentic Actual MOON ROCK Lunar Meteorite PIECE NWA 11788 Display,6.0,2024-03-03,,,WorthPoint
nwa-lunar-meteorite,.328 Grams 8x7x4mm NWA 11303 Lunar Feldspathic Breccia As Found Meteorite + COA,29.0,2024-03-02,328.0,0.09,WorthPoint
nwa-lunar-meteorite,.136 Grams 14x6x1mm NWA 13788 Lunar Slice Of (melt Breccia) Meteorite With A COA,7.99,2024-03-02,136.0,0.06,WorthPoint
nwa-lunar-meteorite,.301 Grams 11x9x2mm NWA 14685 Lunar Slice Fragment Breccia Meteorite With COA,21.38,2024-03-02,301.0,0.07,WorthPoint
nwa-lunar-meteorite,.541 Grams 14x10x2mm NWA 15373 Slice Lunar Fragmental Breccia Meteorite With COA,22.38,2024-03-02,541.0,0.04,WorthPoint
nwa-lunar-meteorite,.896 Grams NWA 11421 Lunar Moon Meteorite Fragments With A C.O.A.,13.99,2024-03-01,896.0,0.02,WorthPoint
nwa-lunar-meteorite,NWA 14695 Lunar Meteorite üåô Moon Rock 5.40 Gram Stone By Steve Of Meteorite Men,270.0,2024-02-29,5.4,50.0,WorthPoint
nwa-lunar-meteorite,"LUNAR Meteorite NWA 11228, 1.32g Endcut. Piece Of The MOON! Low TKW!",63.0,2024-02-29,1.32,47.73,WorthPoint
nwa-lunar-meteorite,.125 Grams 9x5x2mm NWA 13788 Lunar Slice Of (melt Breccia) Meteorite With A COA,6.99,2024-02-29,125.0,0.06,WorthPoint
nwa-lunar-meteorite,.222 Grams 11x7x2mm NWA 6950 Lunar (gabbro) Slice Moon Meteorite With A COA,34.99,2024-02-28,222.0,0.16,WorthPoint
nwa-lunar-meteorite,".444 Gram NWA 13951 ""starry Night"" Lunar Meteorite Feldspathic Breccia With COA",16.99,2024-02-28,444.0,0.04,WorthPoint
nwa-lunar-meteorite,.694 Gram 19x9x2mm NWA 11898 Lunar Slice Moon Meteorite Feldspathic Breccia COA,29.99,2024-02-28,694.0,0.04,WorthPoint
nwa-lunar-meteorite,"Lunar Melt Breccia, Meteorite NWA 13788, 5.8g Slice. Piece Of The MOON! 1 Of 26!",310.0,2024-02-26,5.8,53.45,WorthPoint
nwa-lunar-meteorite,Lunar (moon) Meteorite,28.0,2024-02-26,,,WorthPoint
nwa-lunar-meteorite,"Meteorite**NWA 13788, LUNAR MELT BRECCIA**5.702 Gram, Gorgeous Lunar Endcut!!!",110.5,2024-02-26,5.702,19.38,WorthPoint
nwa-lunar-meteorite,"Meteorite**NWA 13992, Polymict Frag. Lunar Breccia**2.000 Gram, HARVAST MOONüåô",69.0,2024-02-26,2.0,34.5,WorthPoint
nwa-lunar-meteorite,"Lunar Fragmental Breccia Meteorite 18.14g, MOON! Colorful Clasts, Glass Polish",318.0,2024-02-26,18.14,17.53,WorthPoint
nwa-lunar-meteorite,"NWA 11303, Lunar Breccia Meteorite, 10.45g Mirror Polish, Stunning Clasts!",227.5,2024-02-26,10.45,21.77,WorthPoint
nwa-lunar-meteorite,MOON ROCK / LUNAR Feldspathic Breccia - Bechar 003 1.8g *Great Price! (1110bg),72.0,2024-02-24,1.8,40.0,WorthPoint
nwa-lunar-meteorite,Low Price! Superior Slice! Magnificent Nwa 11898 Lunar Meteorite! 1.95 Gms,231.75,2024-02-23,1.95,118.85,WorthPoint
nwa-lunar-meteorite,Mars Meteorite Nwa 12269 + Lunar Meteorite Nwa 10901 + 3 Other Meteorites,28.0,2024-02-20,,,WorthPoint
nwa-lunar-meteorite,MOON ROCK / LUNAR Feldspathic Breccia - Bechar 003 2.1g *Great Price! (1110bd),72.0,2024-02-20,2.1,34.29,WorthPoint
nwa-lunar-meteorite,"Meteorite**NWA 13788, NEW LUNAR MELT BRECCIA**3.603 Gram, RARE W/GOLDEN CLASTS!!",79.0,2024-02-19,3.603,21.93,WorthPoint
nwa-lunar-meteorite,"Meteorite**NWA 14900; LUNAR FRAGMENTAL BRECCIA**0.292 Gram, W/Dunite Clasts!!!",12.5,2024-02-19,0.292,42.81,WorthPoint
nwa-lunar-meteorite,"Meteorite**NWA 13992, Polymict Frag. Lunar Breccia**1.804 G. ‚òØÔ∏è HARVAST MOONüåô",41.0,2024-02-19,1.804,22.73,WorthPoint
nwa-lunar-meteorite,.223 Grams 8x5x3mm NWA 8455 Lunar Individual Moon Meteorite Northwest Africa,18.99,2024-02-18,223.0,0.09,WorthPoint
nwa-lunar-meteorite,"LUNAR Meteorite NWA 11228, Whole Individual. Piece Of The MOON! Low TKW! + COA",40.0,2024-02-17,,,WorthPoint
nwa-lunar-meteorite,Meteorite: Lunar Feldspathic Breccia NWA 13859. 0.35- 0.80 Grams,13.5,2024-02-17,0.8,16.88,WorthPoint
nwa-lunar-meteorite,"Meteorite**NWA 14900; LUNAR FRAGMENTAL BRECCIA**1.105 Gram, W/Dunite Clasts!!!",169.99,2024-02-13,1.105,153.84,WorthPoint
nwa-lunar-meteorite,.415 Grams 12mm NWA 15373 End Cut Lunar Fragmental Breccia Meteorite With A COA,17.99,2024-02-13,415.0,0.04,WorthPoint
nwa-lunar-meteorite,"Lunar-like Monomict Eucrite Meteorite NWA 15923, Huge FULL 179.6g Slice",799.0,2024-02-06,179.6,4.45,WorthPoint
nwa-lunar-meteorite,.347 Grams 12mm NWA 11182 Lunar As Found Moon Meteorite Feldsp. Breccia With COA,29.99,2024-02-05,347.0,0.09,WorthPoint
nwa-lunar-meteorite,1.70 Grams 23x15x2mm NWA 11182 Lunar Moon Slice Meteorite Feldsp. Breccia + COA,127.0,2024-02-05,1.7,74.71,WorthPoint
nwa-lunar-meteorite,"NWA 14681 Troctolite, Anorthosite Lunar Melt Meteorite. 9.85g Mirror Polish",263.0,2024-02-04,9.85,26.7,WorthPoint
nwa-lunar-meteorite,Lunar Meteorite NWA 13036 Thin Section (LAST ONE),75.0,2024-02-02,,,WorthPoint
nwa-lunar-meteorite,#55 LUNAR METEORITE NWA 11828 - 2.01 Gr - Feldspathic Breccia With FeNi Metal,50.0,2024-01-31,2.01,24.88,WorthPoint
nwa-lunar-meteorite,Certified Lunar METEORITE 4.45g (gram) Northwest Africa (Morocco 2017) NWA 11828,149.99,2024-01-31,4.45,33.71,WorthPoint
nwa-lunar-meteorite,MOON ROCK / LUNAR Feldspathic Breccia - Bechar 003 3.1g *Great Price! (1110ba),93.0,2024-01-27,3.1,30.0,WorthPoint
nwa-lunar-meteorite,"MOON!! NWA 14576, Fragmental Breccia Meteorite, 3.6 Grams Mirror Polished",79.0,2024-01-22,3.6,21.94,WorthPoint
nwa-lunar-meteorite,Moon Pendant - Genuine Lunar Meteorite Jewelry - Silver - TOP METEORITE,375.0,2024-01-21,,,WorthPoint
nwa-lunar-meteorite,Lunar-like NWA 4664 DIOGENITE(pm) Meteorite Cut Fragment - 13.9 G,89.0,2024-01-21,13.9,6.4,WorthPoint
nwa-lunar-meteorite,NWA 14041 Meteorite Lunar Moon Rock Part Slice Weight 7.39 Grams,665.0,2024-01-21,7.39,89.99,WorthPoint
nwa-lunar-meteorite,LUNAR 13.7g NWA 13930 Main Mass Endcut Meteorite Feldspathic Breccia TKW 92G,499.0,2024-01-20,13.7,36.42,WorthPoint
nwa-lunar-meteorite,MOON ROCK / LUNAR Feldspathic Breccia - Bechar 003 3.0g *Great Price! (1110bc),105.0,2024-01-18,3.0,35.0,WorthPoint
nwa-lunar-meteorite,"Meteorite**NWA 11228, Lunar Felds. Breccia**2.818 Grams, W/Veins HIGHLY SHOCKED!",33.0,2024-01-18,2.818,11.71,WorthPoint
nwa-lunar-meteorite,"Meteorite**NWA 13992, Polymict Frag. Lunar Breccia**3.085 Gram,üçÅHARVAST MOONüåô",122.0,2024-01-18,3.085,39.55,WorthPoint
nwa-lunar-meteorite,.493 Gram 19x6x2mm NWA 11898 Lunar Slice Moon Meteorite Feldspathic Breccia COA,39.0,2024-01-17,493.0,0.08,WorthPoint
nwa-lunar-meteorite,Lunar Meteorite NWA 12971 Thin Section (extremely Rare Type).,175.0,2024-01-13,,,WorthPoint
nwa-lunar-meteorite,Meteorite**NWA 14899 And NWA 15910**5.558 Grams & 9.766 Grams Lunar/Martian Lot,1400.0,2024-01-13,5.558,251.89,WorthPoint
nwa-lunar-meteorite,"NWA 15373 (14.29g) Lunar Meteorite, Individual Stone, IMCA #s 6236 & 7294",335.0,2024-01-11,14.29,23.44,WorthPoint
nwa-lunar-meteorite,.138 Grams NWA 12971 Meteorite Lunar (troctolitic Melt Rock) Fragment With A COA,17.0,2024-01-11,138.0,0.12,WorthPoint
nwa-lunar-meteorite,.181 Grams 13x9x2mm NWA 8607 Lunar Cut Fragment Meteorite With COA,12.25,2024-01-09,181.0,0.07,WorthPoint
nwa-lunar-meteorite,.220 Grams 11mm NWA 11474 Lunar Feldsp. Breccia Meteorite Individual With COA,11.99,2024-01-08,220.0,0.05,WorthPoint
nwa-lunar-meteorite,#7 MOON LUNAR METEORITE - 33.66 Grams - Feldspathic Breccia - NWA 11828,700.0,2024-01-08,33.66,20.8,WorthPoint
nwa-lunar-meteorite,"Meteorite**NWA 14900; LUNAR FRAGMENTAL BRECCIA**2.033 Gram, W/Dunite Clasts!!!",76.0,2024-01-08,2.033,37.38,WorthPoint
nwa-lunar-meteorite,NWA 14358 Achondrite Lunar Meteorite - G731-0002 - 23.85g Feldspathic Breccia,399.95,2024-01-06,23.85,16.77,WorthPoint
nwa-lunar-meteorite,NWA 14358 Achondrite Lunar Meteorite - G731-0008 - 17.71g Feldspathic Breccia,299.95,2024-01-04,17.71,16.94,WorthPoint
nwa-lunar-meteorite,".888 Gram NWA 13951 ""starry Night"" Lunar Meteorite Feldspathic Breccia With COA",69.0,2024-01-04,888.0,0.08,WorthPoint
nwa-lunar-meteorite,NWA 14358 Achondrite Lunar Meteorite - G731-0003 - 22.67g Feldspathic Breccia,399.95,2024-01-03,22.67,17.64,WorthPoint
nwa-lunar-meteorite,"Lunar Meteorite Paired With NWA 8455, Found In 2014, 0.21 Grams, Robert Verish!",22.0,2024-01-02,0.21,104.76,WorthPoint
nwa-lunar-meteorite,.387 Grams 15x9x2mm NWA 14685 Lunar Slice Fragment Breccia Meteorite With COA,16.99,2024-01-02,387.0,0.04,WorthPoint
nwa-lunar-meteorite,"Lunar Breccia Meteorite NWA 15377, 15.32g, MOON! Colorful Clasts, Glass Polish",602.0,2024-01-01,15.32,39.3,WorthPoint
nwa-lunar-meteorite,"NWA 11303, Lunar Breccia Meteorite, 13.28g Mirror Polish, Stunning Clasts!",357.0,2024-01-01,13.28,26.88,WorthPoint
nwa-lunar-meteorite,.334 Grams 17mm End Cut NWA 11303 Lunar Feldspathic Breccia Meteorite With COA,33.0,2023-12-30,334.0,0.1,WorthPoint
nwa-lunar-meteorite,"4.9 Grams NWA 11898, Lunar, Feldsp. Brecc. Slice Of Meteorite",171.95,2023-12-30,4.9,35.09,WorthPoint
nwa-lunar-meteorite,.422 Grams 14x9x2mm NWA 14577 Lunar Slice Fragmental Breccia Meteorite With COA,41.0,2023-12-30,422.0,0.1,WorthPoint
nwa-lunar-meteorite,.630 Grams 15x14x2mm NWA 14685 Lunar Slice Fragment Breccia Meteorite With COA,49.99,2023-12-30,630.0,0.08,WorthPoint
nwa-lunar-meteorite,NWA 14358 Achondrite Lunar Meteorite - G731-0006 - 10.08g Feldspathic Breccia,199.95,2023-12-30,10.08,19.84,WorthPoint
nwa-lunar-meteorite,NWA 14358 Achondrite Lunar Meteorite - G731-0001 - 24.42g Feldspathic Breccia,399.95,2023-12-29,24.42,16.38,WorthPoint
nwa-lunar-meteorite,2.98 G NWA 11182 Lunar (Moon) Meteorite Slice (feldsp. Breccia) Found In Africa,186.0,2023-12-29,2.98,62.42,WorthPoint
nwa-lunar-meteorite,2016 Burkina Faso NWA 10546 Moon Meteorite 1oz Domed Silver Coin W/Nano Chip OGP,107.5,2023-12-27,28.35,3.79,WorthPoint
nwa-lunar-meteorite,2015 SOLAR SYSTEM MOON NWA 8609 Lunar Meteorite Ultra High Relief 1oz Silver OGP,109.95,2023-12-27,28.35,3.88,WorthPoint
nwa-lunar-meteorite,"LUNAR Meteorite NWA 14755, Whole Individual + COA. Piece Of The MOON!",69.0,2023-12-26,,,WorthPoint
nwa-lunar-meteorite,"Meteorite**NWA 13788, LUNAR MELT BRECCIA**12.054 Gram Full Slice, High Metal!!!",218.5,2023-12-25,12.054,18.13,WorthPoint
nwa-lunar-meteorite,"Meteorite**NWA 15583, Lunar Felds. Breccia**7.988 Gram Slice, Rare Pink Lunar!!!",200.01,2023-12-25,7.988,25.04,WorthPoint
nwa-lunar-meteorite,"Meteorite**NWA 14900; LUNAR FRAGMENTAL BRECCIA**1.697 Gram, W/Dunite Clasts!!!",59.0,2023-12-25,1.697,34.77,WorthPoint
nwa-lunar-meteorite,.125 Grams 7x4x2mm NWA 10644 Lunar Feldspathic Breccia Meteorite Fragment W/ COA,18.99,2023-12-24,125.0,0.15,WorthPoint
nwa-lunar-meteorite,Lunar-like NWA 4664 DIOGENITE(pm) Meteorite Part Slice - 3.70 G,49.0,2023-12-21,3.7,13.24,WorthPoint
nwa-lunar-meteorite,1.36 Grams 19mm NWA 15373 As Found Lunar Fragmental Breccia Meteorite With A COA,38.99,2023-12-20,1.36,28.67,WorthPoint
nwa-lunar-meteorite,"LUNAR Meteorite NWA 11515, 3.73g Whole Individual + COA. Piece Of The MOON!",275.0,2023-12-20,3.73,73.73,WorthPoint
nwa-lunar-meteorite,2.60 Grams 22x18x5mm NWA 15373 End Cut Lunar Fragmental Breccia Meteorite COA,83.99,2023-12-19,2.6,32.3,WorthPoint
nwa-lunar-meteorite,"Meteorite**NWA 11228, Lunar Felds. Breccia**4.134 Gram, W/Veins HIGHLY SHOCKED!",59.2,2023-12-18,4.134,14.32,WorthPoint
nwa-lunar-meteorite,"Meteorite**NWA 14900; LUNAR FRAGMENTAL BRECCIA**0.500 Gram, W/Dunite Clasts!!!",26.0,2023-12-18,0.5,52.0,WorthPoint
nwa-lunar-meteorite,"Meteorite**NWA 13788, NEW LUNAR IMPACT MELT BRECCIA**4.429 Gram Endcut, RARE!",399.99,2023-12-16,4.429,90.31,WorthPoint
nwa-lunar-meteorite,Low Price! Superior Individual! Magnificent Nwa 11228 Lunar Meteorite! 1.947 Gms,186.75,2023-12-15,1.947,95.92,WorthPoint
nwa-lunar-meteorite,Real Moon Dust/Fragments Infinity Earrings (From Lunar Meteorite NWA 11788),139.95,2023-12-14,,,WorthPoint
nwa-lunar-meteorite,MOON ROCK / LUNAR Feldspathic Breccia - Bechar 003 1.5g *Great Price! (1110be),55.0,2023-12-13,1.5,36.67,WorthPoint
nwa-lunar-meteorite,"NWA 11303 Lunar Meteorite, 1.5 Gram Individual",21.77,2023-12-13,1.5,14.51,WorthPoint
nwa-lunar-meteorite,3.04 Grams 16mm NWA 15373 As Found Lunar Fragmental Breccia Meteorite With A COA,79.99,2023-12-11,3.04,26.31,WorthPoint
nwa-lunar-meteorite,"Real Moon Rock Meteorite Necklace, From Lunar Meteorite NWA 11788--Rose Gold",169.95,2023-12-11,,,WorthPoint
nwa-lunar-meteorite,"Meteorite**NWA 14900; LUNAR FRAGMENTAL BRECCIA**0.487 Gram, W/Dunite Clasts!!!",74.0,2023-12-11,0.487,151.95,WorthPoint
nwa-lunar-meteorite,"Meteorite**NWA 11228, Lunar Felds. Breccia**3.971 Gram, W/Veins HIGHLY SHOCKED!",99.0,2023-12-11,3.971,24.93,WorthPoint
nwa-lunar-meteorite,"Meteorite**NWA 13788, NEW LUNAR MELT BRECCIA**2.806 Gram Endcut, FROM THE MOON!!",66.0,2023-12-11,2.806,23.52,WorthPoint
nwa-lunar-meteorite,"Lunar Fragmental Breccia Meteorite 18.0g, MOON! Colorful Clasts, Glass Polish",425.0,2023-12-11,18.0,23.61,WorthPoint
nwa-lunar-meteorite,Lunar Meteorite NWA 13408 Thin Section (LAST ONE),150.0,2023-12-11,,,WorthPoint
nwa-lunar-meteorite,.583 Gram 15x9x2mm NWA 11898 Lunar Slice Moon Meteorite Feldspathic Breccia COA,41.99,2023-12-10,583.0,0.07,WorthPoint
nwa-lunar-meteorite,Museum Quality! Sensational Slice! Marvelous Nwa 12765 Lunar Meteorite! 1.7 Gms,164.25,2023-12-10,1.7,96.62,WorthPoint
nwa-lunar-meteorite,"MOON!! NWA 14576, Fragmental Breccia Meteorite, 13.1 Grams Mirror Polished",305.0,2023-12-10,13.1,23.28,WorthPoint
nwa-lunar-meteorite,.317 Grams 10mm NWA 11421 Lunar Moon Meteorite As Found Individual With A C.O.A.,21.99,2023-12-07,317.0,0.07,WorthPoint
nwa-lunar-meteorite,"Lunar Melt Breccia, Meteorite NWA 13788, 3.2g Slice. Piece Of The MOON! 1 Of 26!",230.0,2023-12-05,3.2,71.88,WorthPoint
nwa-lunar-meteorite,"MOON!! NWA 14576, Fragmental Breccia Meteorite, 9.1 Grams Mirror Polished",190.0,2023-12-05,9.1,20.88,WorthPoint
nwa-lunar-meteorite,NWA 10401 Meteorite Lunar Moon Rock Part Slice Weight .335 Grams Micro,50.0,2023-12-05,335.0,0.15,WorthPoint
nwa-lunar-meteorite,"2.2 Grams Lunar, NWA 11898, Meteorite Slice. (Feldsp. Brecc.)",87.0,2023-12-05,2.2,39.55,WorthPoint
nwa-lunar-meteorite,"2.8 Grams Lunar, NWA 11898, Meteorite Slice. (Feldsp. Brecc.)",111.0,2023-12-05,2.8,39.64,WorthPoint
nwa-lunar-meteorite,"Meteorite**NWA 14900; LUNAR FRAGMENTAL BRECCIA**1.684 Gram, W/Dunite Clasts!!!",107.99,2023-12-04,1.684,64.13,WorthPoint
nwa-lunar-meteorite,"A Rock From Our Moon! NWA 11788, Lunar Feldspathic Breccia",29.86,2023-12-04,,,WorthPoint
nwa-lunar-meteorite,.313 Grams 12x6x2mm NWA 11182 Lunar Moon Meteorite (feldsp. Breccia) With COA,29.99,2023-12-04,313.0,0.1,WorthPoint
nwa-lunar-meteorite,Lunar Meteorite NWA 13408 Thin Section,150.0,2023-12-04,,,WorthPoint
nwa-lunar-meteorite,"Meteorite**NWA 14900; LUNAR FRAGMENTAL BRECCIA**2.079 Gram, W/Dunite Clasts!!!",179.99,2023-12-04,2.079,86.58,WorthPoint
nwa-lunar-meteorite,"Meteorite**NWA 12008, LUNAR MARE BASALT**0.872 Grams, Extremely Rare W/Low-Ti!!",235.5,2023-12-04,0.872,270.07,WorthPoint
nwa-lunar-meteorite,"Meteorite**NWA 15349; Lunar Frag Breccia**1.691 Gram Fragment, W/Fusion Crust!!",43.0,2023-12-04,1.691,25.43,WorthPoint
nwa-lunar-meteorite,"Meteorite**NWA 11228, Lunar Felds. Breccia**5.221 Gram, W/Veins HIGHLY SHOCKED!",76.01,2023-12-04,5.221,14.56,WorthPoint
nwa-lunar-meteorite,1.41 Gram 20x15x2mm NWA 11898 Lunar Slice Moon Meteorite Feldspathic Breccia COA,39.99,2023-12-04,1.41,28.36,WorthPoint
nwa-lunar-meteorite,MOON ROCK / LUNAR Feldspathic Breccia - Bechar 003 3.7g *Great Price! (1110ar),115.0,2023-12-03,3.7,31.08,WorthPoint
nwa-lunar-meteorite,NWA 11428 Lunar Meteorite Slice,1625.0,2023-11-30,,,WorthPoint
nwa-lunar-meteorite,".705 Gram NWA 13951 ""starry Night"" Lunar Meteorite Feldspathic Breccia With COA",59.0,2023-11-30,705.0,0.08,WorthPoint
nwa-lunar-meteorite,1.97 Grams 18mm NWA 15373 End Cut Lunar Fragmental Breccia Meteorite With A COA,69.99,2023-11-30,1.97,35.53,WorthPoint
nwa-lunar-meteorite,"4.5 Grams NWA 11898, Lunar, Feldsp. Brecc. Meteorite Slice.",224.95,2023-11-29,4.5,49.99,WorthPoint
nwa-lunar-meteorite,2015 $1 Niue LUNAR MOON METEORITE NWA 5000 Antique Finish 1 Oz Silver Coin.,269.95,2023-11-29,28.35,9.52,WorthPoint
nwa-lunar-meteorite,"NWA 10401, Lunar Troctolite, Found In 2015, 0.93 Gram Slice",70.0,2023-11-29,0.93,75.27,WorthPoint
nwa-lunar-meteorite,"Meteorite - 2.134g - NWA 13992, Polymict Frag. Lunar Breccia - 1 Of 7!",179.0,2023-11-29,2.134,83.88,WorthPoint
nwa-lunar-meteorite,MOON ROCK / LUNAR Feldspathic Breccia - Bechar 003 3.9g *Great Price! (1110as),122.0,2023-11-29,3.9,31.28,WorthPoint
nwa-lunar-meteorite,3.24 Grams 18mm NWA 15373 As Found Lunar Fragmental Breccia Meteorite With A COA,94.99,2023-11-29,3.24,29.32,WorthPoint
nwa-lunar-meteorite,MOON ROCK / LUNAR Feldspathic Breccia - Bechar 003 1.7g *Great Price! (1110av),59.0,2023-11-28,1.7,34.71,WorthPoint
nwa-lunar-meteorite,"NWA 11898 Moon/Lunar Meteorite Polished Cut Face, Moon Meteorite, Moon, 2.09g",157.0,2023-11-28,2.09,75.12,WorthPoint
nwa-lunar-meteorite,Meteorite:: NWA 14900:: Weight 0.755 Grams:: Lunar Fraf. Breccia,100.0,2023-11-27,0.755,132.45,WorthPoint
nwa-lunar-meteorite,.688 Gram 13x9x2mm NWA 14681 Lunar RARE (troctolitic Anorthosite) Meteorite COA,58.99,2023-11-27,688.0,0.09,WorthPoint
nwa-lunar-meteorite,"Meteorite**NWA 14900; LUNAR FRAGMENTAL BRECCIA**1.965 Gram, W/Dunite Clasts!!!",103.5,2023-11-27,1.965,52.67,WorthPoint
nwa-lunar-meteorite,"Meteorite**NWA 13788, NEW LUNAR MELT BRECCIA**5.799 Grams Slice, FROM THE MOON!!",150.0,2023-11-27,5.799,25.87,WorthPoint
nwa-lunar-meteorite,"1.33"" Polished Lunar Meteorite Slice - NWA 11273",495.6,2023-11-26,,,WorthPoint
nwa-lunar-meteorite,Meteorite:: NWA 14577Lunar Frag.Breccia:: 0.975 Grams Beautiful Fragment Slice.,75.0,2023-11-26,0.975,76.92,WorthPoint
nwa-lunar-meteorite,.211 Grams 8mm NWA 11273 Lunar Moon Meteorite Fragment With A COA,9.99,2023-11-26,211.0,0.05,WorthPoint
nwa-lunar-meteorite,"3.3 Grams Lunar, NWA 11898, Meteorite Slice. (Feldsp. Brecc.)",125.0,2023-11-26,3.3,37.88,WorthPoint
nwa-lunar-meteorite,NWA 10964 Meteorite Lunar Feldspathic Breccia Moon Rock Part Slice Weight Grams,550.0,2023-11-25,,,WorthPoint
nwa-lunar-meteorite,NWA 11787 Meteorite Lunar Moon Rock End Cut Weight 3.0 Grams,300.0,2023-11-25,3.0,100.0,WorthPoint
nwa-lunar-meteorite,NWA 5000 Lunar Meteorite ~ Renowned For Its Beauty ~ 0.034 Grams,18.0,2023-11-25,0.034,529.41,WorthPoint
nwa-lunar-meteorite,.654 Grams 11mm NWA 13974 Lunar Fragment Moon Meteorite Feldsp. Breccia With COA,39.99,2023-11-20,654.0,0.06,WorthPoint
nwa-lunar-meteorite,"Meteorite**NWA 11228, Lunar Felds. Breccia**4.948 Gram, W/Veins HIGHLY SHOCKED!",75.0,2023-11-20,4.948,15.16,WorthPoint
nwa-lunar-meteorite,"NWA 11303 Lunar Feldsp. Breccia, Found 2017, 0.39 Gram Slice",20.0,2023-11-14,0.39,51.28,WorthPoint
nwa-lunar-meteorite,.093 Grams 5x4x2mm NWA 6950 Meteorite Lunar (gabbro) Slice Fragment With A COA,22.5,2023-11-13,93.0,0.24,WorthPoint
nwa-lunar-meteorite,"Meteorite**NWA 12971, Lunar Troc. Melt Rock**5.326 Grams; Extremely Rare Lunar!!",231.0,2023-11-13,5.326,43.37,WorthPoint
nwa-lunar-meteorite,"20.6 Grams Lunar, NWA 11898, Meteorite Slice. (Feldsp. Brecc.)",944.95,2023-11-13,20.6,45.87,WorthPoint
nwa-lunar-meteorite,"Meteorite**NWA 14741, LUNAR BASALT BRECCIA**0.633 Grams, THE ONLY MICROVESICULAR",342.0,2023-11-13,0.633,540.28,WorthPoint
nwa-lunar-meteorite,"Meteorite**NWA 13788, NEW LUNAR MELT BRECCIA**2.626 Grams Slice, FROM THE MOON!!",45.0,2023-11-13,2.626,17.14,WorthPoint
nwa-lunar-meteorite,Meteorite:: NWA 13992::weight 1.355grams::lunar Polymict Breccia::,80.0,2023-11-13,1.355,59.04,WorthPoint
nwa-lunar-meteorite,0.142g Lunar Basalt Breccia - Rare Lunar Meteorite Type - TOP METEORITE,355.0,2023-11-11,0.142,2500.0,WorthPoint
nwa-lunar-meteorite,NWA 14685 Lunar 1.11g Lunar Feldspathic Breccia Meteorite,44.0,2023-11-11,1.11,39.64,WorthPoint
nwa-lunar-meteorite,NWA 13119 Lunar Meteorite Pendant,3250.0,2023-11-10,,,WorthPoint
nwa-lunar-meteorite,NWA 15655 Lunar Meteorite End Cut,7600.0,2023-11-10,,,WorthPoint
nwa-lunar-meteorite,NWA 14041 Lunar Meteorite Pendant,17500.0,2023-11-10,,,WorthPoint
nwa-lunar-meteorite,NWA 13119 Lunar Meteorite Slice,3750.0,2023-11-10,,,WorthPoint
nwa-lunar-meteorite,NWA 11303 Lunar Meteorite Pendant,2187.5,2023-11-10,,,WorthPoint
nwa-lunar-meteorite,Meteorite::NWA 12008:: Weight 0.551Grams:: Extremely Rare Lunar:small Part Slice,475.0,2023-11-10,0.551,862.07,WorthPoint
nwa-lunar-meteorite,Lunar Meteorite NWA 13757 .617 Grams (1 Of Only 4 Lunar Melt Breccias),70.0,2023-11-10,617.0,0.11,WorthPoint
nwa-lunar-meteorite,2.68 G NWA 11474 Lunar (Moon) Meteorite Specimen (feldsp. Breccia) From Africa,201.0,2023-11-10,2.68,75.0,WorthPoint
nwa-lunar-meteorite,.491 Grams 9mm NWA 13974 Lunar Fragment Moon Meteorite Feldsp. Breccia With COA,47.0,2023-11-08,491.0,0.1,WorthPoint
nwa-lunar-meteorite,.915 Gram 15x13x2mm NWA 11898 Lunar Slice Moon Meteorite Feldspathic Breccia COA,68.99,2023-11-08,915.0,0.08,WorthPoint
nwa-lunar-meteorite,.404 Grams 11mm Slice NWA 15373 Lunar Fragmental Breccia Meteorite With A COA,9.99,2023-11-07,404.0,0.02,WorthPoint
nwa-lunar-meteorite,MOON ROCK / LUNAR Feldspathic Breccia - Bechar 003 3.2g *Great Price! (1110ap),100.0,2023-11-06,3.2,31.25,WorthPoint
nwa-lunar-meteorite,"Meteorite**NWA 13788, NEW LUNAR MELT BRECCIA**4.654 Grams Slice, W/High Metal!!",102.5,2023-11-06,4.654,22.02,WorthPoint
nwa-lunar-meteorite,"Meteorite**NWA 11228, Lunar Felds. Breccia**0.910 Gram Beautiful Shocked Endcut!",12.5,2023-11-06,0.91,13.74,WorthPoint
nwa-lunar-meteorite,"Meteorite**NWA 13907, Lunar Ferroan Anorthosite**0.713 Gram Individual, Rare!",41.0,2023-11-06,0.713,57.5,WorthPoint
nwa-lunar-meteorite,"Meteorite**NWA 11228, Lunar Felds. Breccia**0.676 Gram Beautiful Shocked Slice!",29.0,2023-11-06,0.676,42.9,WorthPoint
nwa-lunar-meteorite,1.20 Grams NWA 13974 Lunar Cut Fragment Moon Meteorite With A COA,59.99,2023-11-05,1.2,49.99,WorthPoint
nwa-lunar-meteorite,.552 Grams 12x9x2mm Slice NWA 14577 Lunar Fragmental Breccia Meteorite With COA,55.0,2023-11-05,552.0,0.1,WorthPoint
nwa-lunar-meteorite,1.41 Grams 17x7x6mm NWA 13974 Lunar As Found Meteorite Feldsp. Breccia W/COA,79.0,2023-11-05,1.41,56.03,WorthPoint
nwa-lunar-meteorite,.406 Grams 10mm NWA 11303 Lunar Feldspathic Breccia Meteorite With A COA,37.0,2023-11-05,406.0,0.09,WorthPoint
nwa-lunar-meteorite,.607 Gram 13x9x2mm NWA 14681 Lunar RARE (troctolitic Anorthosite) Meteorite COA,49.99,2023-11-05,607.0,0.08,WorthPoint
nwa-lunar-meteorite,.412 Gram 11x9x2mm NWA 11898 Lunar Slice Moon Meteorite Feldspathic Breccia COA,31.99,2023-11-05,412.0,0.08,WorthPoint
nwa-lunar-meteorite,1.64 Grams 18mm NWA 15373 As Found Lunar Fragmental Breccia Meteorite With A COA,48.99,2023-11-05,1.64,29.87,WorthPoint
nwa-lunar-meteorite,"1.17 Gram NWA 13951 ""starry Night"" Lunar Meteorite Feldspathic Breccia With COA",89.0,2023-11-05,1.17,76.07,WorthPoint
nwa-lunar-meteorite,1.07 Grams 17mm Slice NWA 11303 Moon Lunar Feldspathic Breccia Meteorite W/COA,54.0,2023-11-04,1.07,50.47,WorthPoint
nwa-lunar-meteorite,NWA 12971 ~ Lunar Troctolitic Melt Slice ~ 1 Of 2 Known ~ Low Total Known Weight,95.0,2023-11-04,,,WorthPoint
nwa-lunar-meteorite,2.90 G NWA 11474 Lunar (Moon) Meteorite Specimen (feldsp. Breccia) From Africa,217.2,2023-11-04,2.9,74.9,WorthPoint
nwa-lunar-meteorite,1.29 Grams 15mm End Cut NWA 11303 Moon Lunar Feldspathic Breccia Meteorite W/COA,49.99,2023-11-03,1.29,38.75,WorthPoint
nwa-lunar-meteorite,NWA 10318 Lunar Meteorite ~ Green Translucent Glass ~ Stunning!!,1925.0,2023-11-03,,,WorthPoint
nwa-lunar-meteorite,7.39 Grams 39x25x5mm NWA 15373 End Cut Lunar Fragmental Breccia Meteorite COA,239.99,2023-11-02,7.39,32.47,WorthPoint
nwa-lunar-meteorite,MOON ROCK / LUNAR Feldspathic Breccia - Bechar 003 17g *Great Price! (1110ap),425.0,2023-11-02,17.0,25.0,WorthPoint
nwa-lunar-meteorite,Moon Rock (Lunar Meteorite),300.0,2023-11-02,,,WorthPoint
nwa-lunar-meteorite,NWA 11787 Meteorite Lunar Moon Rock End Cut Weight .463 Grams,50.0,2023-11-02,463.0,0.11,WorthPoint
nwa-lunar-meteorite,.301 Grams NWA 11898 Lunar Slice Fragment Moon Meteorite Feldspathic Breccia COA,21.48,2023-10-31,301.0,0.07,WorthPoint
nwa-lunar-meteorite,.566 Grams 17mm Slice NWA 11303 Moon Lunar Feldspathic Breccia Meteorite W/COA,26.0,2023-10-30,566.0,0.05,WorthPoint
nwa-lunar-meteorite,"Meteorite**NWA 12008, LUNAR MARE BASALT**0.608 Grams, Extremely Rare W/Low-Ti!!",163.7,2023-10-30,0.608,269.24,WorthPoint
nwa-lunar-meteorite,"Meteorite**NWA 14900; LUNAR FRAGMENTAL BRECCIA**1.431 Gram, W/Dunite Clasts!!!",51.0,2023-10-30,1.431,35.64,WorthPoint
nwa-lunar-meteorite,"Meteorite**NWA 11228, Lunar Felds. Breccia**0.976 Gram Slice, Fireball Clast! ‚òÑÔ∏è",27.0,2023-10-30,0.976,27.66,WorthPoint
nwa-lunar-meteorite,"Meteorite**NWA 13907, Lunar Ferroan Anorthosite**0.757 Gram Individual, Rare!",32.0,2023-10-30,0.757,42.27,WorthPoint
nwa-lunar-meteorite,Troctolite Melt Breccia Lunar Meteorite. NWA 16294(prov). 26.05g Mirror Polish.,525.0,2023-10-30,26.05,20.15,WorthPoint
nwa-lunar-meteorite,MOON ROCK / LUNAR Feldspathic Breccia - Bechar 003 .94g *Great Price! (1110ay),35.0,2023-10-29,94.0,0.37,WorthPoint
nwa-lunar-meteorite,MOON ROCK / LUNAR Feldspathic Breccia - Bechar 003 2.6g *Great Price! (1110at),88.0,2023-10-29,2.6,33.85,WorthPoint
nwa-lunar-meteorite,3.23 Grams 39x20x2mm NWA 15373 Moon Slice Lunar Fragmental Breccia Meteorite COA,99.99,2023-10-27,3.23,30.96,WorthPoint
nwa-lunar-meteorite,.178 Grams 8x5x2mm NWA 6950 Meteorite Lunar (gabbro) Slice Fragment With A COA,34.99,2023-10-27,178.0,0.2,WorthPoint
nwa-lunar-meteorite,.648 Grams 18x14x2mm NWA 14685 Lunar Slice Fragment Breccia Meteorite With COA,49.99,2023-10-21,648.0,0.08,WorthPoint
nwa-lunar-meteorite,NWA 14685 Lunar Meteorite 20.20g Slice With COA,510.0,2023-10-17,20.2,25.25,WorthPoint
nwa-lunar-meteorite,.252 Grams NWA 12971 Meteorite Lunar (troctolitic Melt Rock) Fragment With A COA,14.99,2023-10-16,252.0,0.06,WorthPoint
nwa-lunar-meteorite,"1.24 Grams NWA 13951 ""starry Night"" Lunar Meteorite Feldspathic Breccia With COA",109.99,2023-10-16,1.24,88.7,WorthPoint
nwa-lunar-meteorite,"Meteorite**NWA 13907, Lunar Ferroan Anorthosite**1.004 Gram Part-slice, Rare!!!",56.0,2023-10-16,1.004,55.78,WorthPoint
nwa-lunar-meteorite,"Meteorite**NWA 12008, LUNAR MARE BASALT**0.491 Grams, Extremely Rare W/Low-Ti!!",163.5,2023-10-16,0.491,332.99,WorthPoint
nwa-lunar-meteorite,NWA 14685 Lunar 7.00g SALE! Lunar Feldspathic Breccia Meteorite,249.0,2023-10-14,7.0,35.57,WorthPoint
nwa-lunar-meteorite,.123 Grams 12x4x2mm NWA 8607 Lunar Cut Fragment Meteorite With COA,9.99,2023-10-11,123.0,0.08,WorthPoint
nwa-lunar-meteorite,3.83 Grams 19mm NWA 15373 As Found Lunar Fragmental Breccia Meteorite With A COA,79.99,2023-10-10,3.83,20.89,WorthPoint
nwa-lunar-meteorite,1.062 Grams 13x9x6mm NWA 8455 Lunar Individual Moon Meteorite Comes With COA,75.99,2023-10-10,1.062,71.55,WorthPoint
nwa-lunar-meteorite,"NWA 13974 Moon/Lunar Meteorite, Feldspathic Breccia, Lot Of Nine, 5.04 Grams",300.0,2023-10-10,5.04,59.52,WorthPoint
nwa-lunar-meteorite,Rare Crusted Lunar Meteorite 0.4g NWA 11898 Feldspathic Breccia Own The Moon!,5.5,2023-10-10,0.4,13.75,WorthPoint
nwa-lunar-meteorite,"Meteorite**NWA 12008, LUNAR MARE BASALT**1.275 Grams, Extremely Rare W/Low-Ti!!",311.0,2023-10-09,1.275,243.92,WorthPoint
nwa-lunar-meteorite,"Meteorite**NWA 13788, NEW LUNAR MELT BRECCIA**32.702 Gram, MASSIVE LUNAR SLICE!!",367.0,2023-10-09,32.702,11.22,WorthPoint
nwa-lunar-meteorite,"Meteorite**NWA 5744, LUNAR GRANULITIC TROCTOLITIC BRECCIA**2.854 GRAM STONE!!!!",280.55,2023-10-09,2.854,98.3,WorthPoint
nwa-lunar-meteorite,"Meteorite**NWA 14900; LUNAR FRAGMENTAL BRECCIA**1.678 Gram, W/Dunite Clasts!!!",61.61,2023-10-09,1.678,36.72,WorthPoint
nwa-lunar-meteorite,"Meteorite**NWA 13992, Polymict Frag. Lunar Breccia**5.216 Gram Orange/Red Clasts",531.0,2023-10-09,5.216,101.8,WorthPoint
nwa-lunar-meteorite,3.02 Grams 41x15x2mm NWA 15373 Slice Of Lunar Fragmental Breccia Meteorite W/COA,99.99,2023-10-08,3.02,33.11,WorthPoint
nwa-lunar-meteorite,"Nwa Moon/Lunar Meteorite, Recent Find, 80 Grams",41.0,2023-10-08,80.0,0.51,WorthPoint
nwa-lunar-meteorite,MOON ROCK / LUNAR Feldspathic Breccia - Bechar 003 .68g *Great Price! (1110az),28.0,2023-10-08,68.0,0.41,WorthPoint
nwa-lunar-meteorite,"0.8 Grams Lunar, NWA 11898, Meteorite Slice. (Feldsp. Brecc.)",24.0,2023-10-07,0.8,30.0,WorthPoint
nwa-lunar-meteorite,"MOON ROCK!! 3.782 Gr NWA 6355 LUNAR METEORITE SLICE,APOLLO 16 SOILS COMPARABLE",650.0,2023-10-07,3.782,171.87,WorthPoint
nwa-lunar-meteorite,MOON ROCK / LUNAR Feldspathic Breccia - Bechar 003 3.8g *Great Price! (1110ag),95.0,2023-10-06,3.8,25.0,WorthPoint
nwa-lunar-meteorite,"NWA 14685 (8.182g) Lunar Meteorite, Polished Slice, A+ Quality, IMCA SELLERS!",540.0,2023-10-04,8.182,66.0,WorthPoint
nwa-lunar-meteorite,"Meteorite**NWA 12008, LUNAR MARE BASALT**1.371 Grams, Extremely Rare W/Low-Ti!!",416.0,2023-10-04,1.371,303.43,WorthPoint
nwa-lunar-meteorite,.619 Grams 15x10x2mm Slice NWA 14577 Lunar Fragmental Breccia Meteorite With COA,54.0,2023-10-03,619.0,0.09,WorthPoint
nwa-lunar-meteorite,Lunar Meteorite NWA 15349 Thin Section,100.0,2023-10-02,,,WorthPoint
nwa-lunar-meteorite,NWA 14358 Achondrite Lunar Meteorite - G731-0050 - 7.26g Feldspathic Breccia NEW,99.95,2023-10-02,7.26,13.77,WorthPoint
nwa-lunar-meteorite,"Meteorite ::: NWA 14577, Lunar Frag.Breccia :::3.107grams Part Slice.",250.0,2023-10-01,3.107,80.46,WorthPoint
nwa-lunar-meteorite,"1.33 Gram NWA 13951 ""starry Night"" Lunar Meteorite Feldspathic Breccia With COA",119.0,2023-10-01,1.33,89.47,WorthPoint
nwa-lunar-meteorite,NWA 14358 Achondrite Lunar Meteorite - G731-0005 - 12.08g Feldspathic Breccia,172.5,2023-10-01,12.08,14.28,WorthPoint
nwa-lunar-meteorite,NWA 14358 Achondrite Lunar Meteorite - G731-0049 - 4.87g Feldspathic Breccia NEW,54.0,2023-09-30,4.87,11.09,WorthPoint
nwa-lunar-meteorite,"NWA 14761 Lunar Feldspathic Breccia .7g Whole Stone, Hold A Moon Nugget",10.5,2023-09-28,7.0,1.5,WorthPoint
nwa-lunar-meteorite,MOON ROCK / LUNAR Feldspathic Breccia - Bechar 003 1.3g *Great Price! (1110am),35.0,2023-09-27,1.3,26.92,WorthPoint
nwa-lunar-meteorite,"NWA 13739 Moon/Lunar Meteorite Slice, Moon Meteorite, Astronomy Gift, 3.37 Grams",236.0,2023-09-26,3.37,70.03,WorthPoint
nwa-lunar-meteorite,NWA 14358 - LUNAR METEORITE FRAGMENTS / MOON ROCK - Feldspathic Breccia,17.0,2023-09-25,,,WorthPoint
nwa-lunar-meteorite,"Meteorite**NWA 14577, Lunar Frag. Breccia**5.587 Gram Slice, Highly Shocked!!",535.0,2023-09-25,5.587,95.76,WorthPoint
nwa-lunar-meteorite,"Meteorite**NWA 11228, Lunar Felds. Breccia**7.176 Gram, W/Veins HIGHLY SHOCKED!",155.0,2023-09-25,7.176,21.6,WorthPoint
nwa-lunar-meteorite,"Meteorite**NWA 12008, LUNAR MARE BASALT**0.744 Grams, Extremely Rare W/Low-Ti!!",260.0,2023-09-25,0.744,349.46,WorthPoint
nwa-lunar-meteorite,.190 Grams 9x5x3mm NWA 8455 Lunar Individual Moon Meteorite Northwest Africa,9.99,2023-09-24,190.0,0.05,WorthPoint
nwa-lunar-meteorite,Lunar Meteorite NWA 13859 Thin Section,150.0,2023-09-24,,,WorthPoint
nwa-lunar-meteorite,Huge Lot Of Meteorites Lunar Martian Ataxite Iron Crusted Windowed Over 130!,2075.0,2023-09-22,,,WorthPoint
nwa-lunar-meteorite,2.24 Grams 19mm NWA 15373 As Found Lunar Fragmental Breccia Meteorite With A COA,64.99,2023-09-21,2.24,29.01,WorthPoint
nwa-lunar-meteorite,1.98 Grams 12mm NWA 15373 As Found Lunar Fragmental Breccia Meteorite With A COA,64.99,2023-09-21,1.98,32.82,WorthPoint
nwa-lunar-meteorite,NWA 13119 Lunar Pendant,375.0,2023-09-21,,,WorthPoint
nwa-lunar-meteorite,NWA 11303 Lunar Slice,214.0,2023-09-21,,,WorthPoint
nwa-lunar-meteorite,NWA 13119 Lunar Slice,219.0,2023-09-21,,,WorthPoint
nwa-lunar-meteorite,"2.1 Grams Lunar, NWA 11898, Meteorite Slice. (Feldsp. Brecc.)",74.95,2023-09-20,2.1,35.69,WorthPoint
nwa-lunar-meteorite,"1.1 Grams Lunar, NWA 11898, Meteorite Slice. (Feldsp. Brecc.)",35.0,2023-09-20,1.1,31.82,WorthPoint
nwa-lunar-meteorite,"2.3 Grams Lunar, NWA 11898, Meteorite Slice. (Feldsp. Brecc.)",59.95,2023-09-19,2.3,26.07,WorthPoint
nwa-lunar-meteorite,"3.5 Grams Lunar, NWA 11898, Meteorite Slice. (Feldsp. Brecc.)",76.0,2023-09-19,3.5,21.71,WorthPoint
nwa-lunar-meteorite,.677 Grams 19x10x3mm NWA 11182 Lunar Moon Meteorite (feldsp. Breccia) With COA,47.99,2023-09-18,677.0,0.07,WorthPoint
nwa-lunar-meteorite,#61 MOON - Lunar Meteorite - 1.96 Grams - NWA 11828,50.0,2023-09-18,1.96,25.51,WorthPoint
nwa-lunar-meteorite,"Meteorite**NWA 12008, LUNAR MARE BASALT**0.240 Grams, Extremely Rare W/Low-Ti!!",189.0,2023-09-18,0.24,787.5,WorthPoint
nwa-lunar-meteorite,"Meteorite**NWA 14900; LUNAR FRAGMENTAL BRECCIA**0.583 Gram,W/Rare Dunite Clasts!",73.0,2023-09-18,0.583,125.21,WorthPoint
nwa-lunar-meteorite,"Meteorite**NWA 11228, Lunar Felds. Breccia**9.855 Gram, W/Veins HIGHLY SHOCKED!",165.0,2023-09-18,9.855,16.74,WorthPoint
nwa-lunar-meteorite,NWA 14358 Achondrite Lunar Meteorite - G731-0004 - 31.54g Feldspathic Breccia,338.89,2023-09-16,31.54,10.74,WorthPoint
nwa-lunar-meteorite,.886 Grams 16x10x2mm Slice NWA 14577 Lunar Fragmental Breccia Meteorite With COA,59.99,2023-09-16,886.0,0.07,WorthPoint
nwa-lunar-meteorite,1.03 Grams 11mm NWA 11182 Lunar Moon Meteorite Feldspathic Breccia With COA,66.99,2023-09-16,1.03,65.04,WorthPoint
nwa-lunar-meteorite,NWA 14358 Achondrite Lunar Meteorite - G731-0010 - 28.85g Feldspathic Breccia,399.95,2023-09-15,28.85,13.86,WorthPoint
nwa-lunar-meteorite,"1.82 Gram NWA 13951 ""starry Night"" Lunar Meteorite Feldspathic Breccia With COA",139.99,2023-09-14,1.82,76.92,WorthPoint
nwa-lunar-meteorite,"NWA 11474 Lunar Feldsp. Breccia, Found 2017, 0.97 Gram Individual",40.0,2023-09-14,0.97,41.24,WorthPoint
nwa-lunar-meteorite,"Meteorite**NWA 12008, LUNAR MARE BASALT**0.525 Grams, Extremely Rare W/Low-Ti!!",699.99,2023-09-14,0.525,1333.31,WorthPoint
nwa-lunar-meteorite,Small Lunar Mingled Regolith Breccia Meteorite Section.,191.25,2023-09-14,,,WorthPoint
nwa-lunar-meteorite,"NWA 14755 Lunar Feldspathic Breccia .96g Meteorite, Hold A Pebble Of The Moon",14.02,2023-09-14,96.0,0.15,WorthPoint
nwa-lunar-meteorite,Lunar Meteorite Lot: 0.74 Gram Nwa 5000 Fragment + 0.78 Gram Nwa 10291 End-cut!!,350.0,2023-09-12,0.74,472.97,WorthPoint
nwa-lunar-meteorite,"21.5 Grams Lunar, NWA 11898, Meteorite Slice. (Feldsp. Brecc.)",995.95,2023-09-12,21.5,46.32,WorthPoint
nwa-lunar-meteorite,"LUNAR Meteorite NWA 14576, Fragmental Breccia, 9.8g Slice. Piece Of The MOON!",645.0,2023-09-12,9.8,65.82,WorthPoint
nwa-lunar-meteorite,"Meteorite**NWA 15349; Lunar Frag Breccia**10.340 Gram Fragment Slice, NEW FIND!!",610.0,2023-09-11,10.34,58.99,WorthPoint
nwa-lunar-meteorite,"Meteorite**NWA 12008, LUNAR MARE BASALT**0.544 Grams, Extremely Rare W/Low-Ti!!",399.0,2023-09-11,0.544,733.46,WorthPoint
nwa-lunar-meteorite,"Meteorite**NWA 14900; LUNAR FRAGMENTAL BRECCIA**2.243 Gram, W/Dunite Clasts!!!",73.0,2023-09-11,2.243,32.55,WorthPoint
nwa-lunar-meteorite,"Meteorite**NWA 11228, Lunar Felds. Breccia**5.085 Gram, W/Veins HIGHLY SHOCKED!",97.0,2023-09-11,5.085,19.08,WorthPoint
nwa-lunar-meteorite,Meteorite**Gadamis 003 & NWA 14714**3.081 Gram Lot;Lunar Anorth. & Martian Sherg,257.0,2023-09-11,3.081,83.41,WorthPoint
nwa-lunar-meteorite,"NWA 13185 Lunar Felds. Breccia Meteorite, Morocco 2019, 1.55 Gram Slice",125.0,2023-09-11,1.55,80.65,WorthPoint
nwa-lunar-meteorite,"4.1 Grams NWA 11898, Lunar, Feldsp. Brecc. Meteorite Slice.",110.0,2023-09-10,4.1,26.83,WorthPoint
nwa-lunar-meteorite,"NWA 13992 Polymict. Fragmental Lunar Breccia, 2.49 Gram Individual Meteorite",180.0,2023-09-10,2.49,72.29,WorthPoint
nwa-lunar-meteorite,"Meteorite**NWA 14577, Lunar Frag. Breccia**16.921 Gram Slice, Highly Shocked!!",1299.99,2023-09-08,16.921,76.83,WorthPoint
nwa-lunar-meteorite,"Meteorite**NWA 5000, LUNAR FELD. BRECCIA**1.708 Gram Slice, WORLD FAMOUS MOON!!!",1200.0,2023-09-07,1.708,702.58,WorthPoint
nwa-lunar-meteorite,NWA 11273 - LUNAR METEORITE FRAGMENTS / MOON ROCK - Feldspathic Breccia,17.0,2023-09-07,,,WorthPoint
nwa-lunar-meteorite,2.08 Grams 23mm NWA 15373 As Found Lunar Fragmental Breccia Meteorite With A COA,59.99,2023-09-07,2.08,28.84,WorthPoint
nwa-lunar-meteorite,"1.4 Grams NWA 11898, Lunar, Feldsp. Brecc. Meteorite Slice.",40.0,2023-09-06,1.4,28.57,WorthPoint
nwa-lunar-meteorite,NWA 14755 Lunar Feldspathic Breccia .41g Fragment With Polished Face,13.0,2023-09-05,41.0,0.32,WorthPoint
nwa-lunar-meteorite,"Niue Islands 2015- Lunar Meteorite NWA 5000, $1, ONLY 500 MADE! Moon Meteorite",299.0,2023-09-04,,,WorthPoint
nwa-lunar-meteorite,MOON ROCK / LUNAR Feldspathic Breccia - Bechar 003 4.6g *Great Price! (1110al),133.0,2023-09-03,4.6,28.91,WorthPoint
nwa-lunar-meteorite,NWA 14358 Achondrite Lunar Meteorite - G731-0205 - Feldspathic Breccia - P-Slice,12.5,2023-09-03,,,WorthPoint
nwa-lunar-meteorite,"A Genuine Piece Of Our Moon: NWA 5000 LUNAR Meteorite, 576 Mg, VERY RARE",230.0,2023-09-03,,,WorthPoint
nwa-lunar-meteorite,"19.7 Gram NWA 13951 ""starry Night"" Lunar Meteorite Feldspathic Breccia With COA",779.99,2023-09-02,19.7,39.59,WorthPoint
nwa-lunar-meteorite,"LUNAR Meteorite NWA 15604, 3g Whole Individual + COA. Piece Of The MOON!",145.0,2023-09-02,3.0,48.33,WorthPoint
nwa-lunar-meteorite,3.66 Grams 31x24x2mm NWA 15373 Slice Of Lunar Fragmental Breccia Meteorite W/COA,124.99,2023-09-02,3.66,34.15,WorthPoint
nwa-lunar-meteorite,NWA 14358 Achondrite Lunar Meteorite - G731-0204 - Feldspathic Breccia - P-Slice,11.5,2023-09-01,,,WorthPoint
nwa-lunar-meteorite,"3.2 Grams NWA 11898, Lunar, Feldsp. Brecc. Meteorite Slice.",103.0,2023-08-31,3.2,32.19,WorthPoint
nwa-lunar-meteorite,2.63 Grams 27x20x3mm NWA 15373 Slice Lunar Fragmental Breccia Meteorite COA,79.99,2023-08-30,2.63,30.41,WorthPoint
nwa-lunar-meteorite,"2007, NWA 5000 Lunar Meteorite Moon Rock, Northwest Africa .10 Gram Lot",45.0,2023-08-30,10.0,4.5,WorthPoint
nwa-lunar-meteorite,.298 Grams 8mm NWA 11788 Lunar Meteorite (feldspathic Breccia) Comes With A COA,22.99,2023-08-29,298.0,0.08,WorthPoint
nwa-lunar-meteorite,Lunar Meteorite NWA 13036 Thin Section,75.0,2023-08-28,,,WorthPoint
nwa-lunar-meteorite,1.07 Grams 12mm NWA 11273 Lunar Moon Meteorite Cut Fragment With A COA,49.99,2023-08-28,1.07,46.72,WorthPoint
nwa-lunar-meteorite,"Meteorite**NWA 14900; LUNAR FRAGMENTAL BRECCIA**2.551 Gram,W/Rare Dunite Clasts!",71.0,2023-08-28,2.551,27.83,WorthPoint
nwa-lunar-meteorite,"NWA 14755 Lunar Feldspathic Breccia .52g Whole Stone, Hold A Moon Pebble",15.5,2023-08-28,52.0,0.3,WorthPoint
nwa-lunar-meteorite,Lunar Meteorite NWA 12691 Thin Section,150.0,2023-08-26,,,WorthPoint
nwa-lunar-meteorite,NWA 5000 ~ Lunar Feldspathic Breccia Meteorite ~ Two Fragments ~ 0.017 Grams,12.0,2023-08-26,0.017,705.88,WorthPoint
nwa-lunar-meteorite,"1.50 Grams 25mm NWA 13951 ""starry Night"" Lunar Meteorite Feldspathic Breccia COA",99.99,2023-08-25,1.5,66.66,WorthPoint
nwa-lunar-meteorite,NWA 14358 Achondrite Lunar Meteorite - G731-0203 - Feldspathic Breccia - P-Slice,5.5,2023-08-22,,,WorthPoint
nwa-lunar-meteorite,NWA 14358 Achondrite Lunar Meteorite - G731-0202 - Feldspathic Breccia - P-Slice,5.5,2023-08-21,,,WorthPoint
nwa-lunar-meteorite,"Meteorite**NWA 13788, LUNAR MELT BRECCIA**13.877 Gram Endcut, W/Rare Melt Vein",266.0,2023-08-21,13.877,19.17,WorthPoint
nwa-lunar-meteorite,"Meteorite**NWA 11228, Lunar Felds. Breccia**2.602 Gram Lot W/INSANE SHOCK VEINS!",57.0,2023-08-21,2.602,21.91,WorthPoint
nwa-lunar-meteorite,"Meteorite**NWA 14577, Lunar Frag. Breccia**1.518 Gram Slice, Highly Shocked!!",80.0,2023-08-21,1.518,52.7,WorthPoint
nwa-lunar-meteorite,"Meteorite**NWA 14188; Lunar Mare Basaltic Breccia**3.317 Grams,ULTRA RARE LUNAR!",610.0,2023-08-21,3.317,183.9,WorthPoint
nwa-lunar-meteorite,"Meteorite**NWA 13992, Polymict Frag. Lunar Breccia**1.304 Gram Gorgeous Slice!!",77.0,2023-08-21,1.304,59.05,WorthPoint
nwa-lunar-meteorite,NWA 14358 Achondrite Lunar Meteorite - G731-0190 - Feldspathic Breccia - P-Slice,8.05,2023-08-19,,,WorthPoint
nwa-lunar-meteorite,NWA 14041 Meteorite Lunar Moon Rock Part Slice Weight 4.51 Grams,400.0,2023-08-18,4.51,88.69,WorthPoint
nwa-lunar-meteorite,NWA 15373 12.67g Lunar End Piece With COA,385.0,2023-08-18,12.67,30.39,WorthPoint
nwa-lunar-meteorite,".604 Gram NWA 13951 ""starry Night"" Lunar Meteorite Feldspathic Breccia With COA",49.99,2023-08-15,604.0,0.08,WorthPoint
nwa-lunar-meteorite,2009 Cooks Island Silver Moon Landing Coin With Lunar Meteorite NWA 4881.,211.88,2023-08-15,,,WorthPoint
nwa-lunar-meteorite,"Meteorite**NWA 13992, Polymict Frag. Lunar Breccia**7.241 Gram Endcut,Rare Lunar",222.5,2023-08-14,7.241,30.73,WorthPoint
nwa-lunar-meteorite,"Meteorite**NWA 14900; LUNAR FRAGMENTAL BRECCIA**0.860 Gram,W/Rare Dunite Clasts!",31.0,2023-08-14,0.86,36.05,WorthPoint
nwa-lunar-meteorite,"Meteorite**NWA 14577, Lunar Frag. Breccia**1.161 Gram Slice, Highly Shocked!!",37.99,2023-08-14,1.161,32.72,WorthPoint
nwa-lunar-meteorite,"NWA 14576, Lunar Fragmental Breccia Meteorite, 15.9g Mirror Polished",380.0,2023-08-14,15.9,23.9,WorthPoint
nwa-lunar-meteorite,NWA 14685 Lunar 0.89g Lunar Feldspathic Breccia Meteorite,20.5,2023-08-12,0.89,23.03,WorthPoint
nwa-lunar-meteorite,1.36 Gram - NWA 14685 LUNAR METEORITE Thin Slice - Lunar (frag. Breccia),129.35,2023-08-09,1.36,95.11,WorthPoint
nwa-lunar-meteorite,1.76 Grams 12mm NWA 15373 As Found Lunar Fragmental Breccia Meteorite With A COA,59.99,2023-08-07,1.76,34.09,WorthPoint
nwa-lunar-meteorite,1.24 Grams 16mm NWA 15373 As Found Lunar Fragmental Breccia Meteorite With A COA,33.99,2023-08-07,1.24,27.41,WorthPoint
nwa-lunar-meteorite,"Meteorite**NWA 13788, NEW LUNAR MELT BRECCIA**9.553 Gram Slice,Highest Quality!",177.5,2023-08-07,9.553,18.58,WorthPoint
nwa-lunar-meteorite,"Meteorite ::: NWA 14900, Lunar Frag.Breccia :: 0.966 Perfect Polish To One Side.",75.0,2023-08-07,,,WorthPoint
nwa-lunar-meteorite,"Meteorite**NWA 14577, Lunar Frag. Breccia**14.186 Gram Slice, Highly Shocked!!",610.0,2023-08-07,14.186,43.0,WorthPoint
nwa-lunar-meteorite,"Meteorite**NWA 14900; LUNAR FRAGMENTAL BRECCIA**1.187 Gram,W/Rare Dunite Clasts!",103.5,2023-08-07,1.187,87.19,WorthPoint
nwa-lunar-meteorite,NWA 14685 Lunar Meteorite - Eye Appealing Fragmented Breccia - 0.283 Grams,32.99,2023-08-06,0.283,116.57,WorthPoint
nwa-lunar-meteorite,.610 Gram 15x12x2mm NWA 11898 Lunar Slice Moon Meteorite Feldspathic Breccia COA,49.99,2023-08-02,610.0,0.08,WorthPoint
nwa-lunar-meteorite,1.10 Grams 14x10x6mm NWA 11303 Lunar Feldspathic Breccia Meteorite Fragment +COA,59.99,2023-08-01,1.1,54.54,WorthPoint
nwa-lunar-meteorite,"Meteorite**NWA 14900; LUNAR FRAGMENTAL BRECCIA**2.356 Gram,W/Rare Dunite Clasts!",130.39,2023-07-31,2.356,55.34,WorthPoint
nwa-lunar-meteorite,"Meteorite**NWA 13788, NEW LUNAR IMPACT MELT BRECCIA**3.815 Gram Endcut, RARE!",182.5,2023-07-31,3.815,47.84,WorthPoint
nwa-lunar-meteorite,"Meteorite**NWA 14577, Lunar Frag. Breccia**1.856 Gram Slice, Highly Shocked!!",132.5,2023-07-31,1.856,71.39,WorthPoint
nwa-lunar-meteorite,.283 Grams 10x7x2mm NWA 14685 Lunar Slice Fragment Breccia Meteorite With A COA,26.99,2023-07-30,283.0,0.1,WorthPoint
nwa-lunar-meteorite,NWA 11182 9.20g Lunar Meteorite With COA,117.5,2023-07-29,9.2,12.77,WorthPoint
nwa-lunar-meteorite,NWA 12985 1.72g Lunar (feldspathic Fragmental Breccia) Part Slice Of The Moon,75.0,2023-07-29,1.72,43.6,WorthPoint
nwa-lunar-meteorite,".617 Grams NWA 13951 ""starry Night"" Lunar Meteorite Feldspathic Breccia With COA",49.99,2023-07-29,617.0,0.08,WorthPoint
nwa-lunar-meteorite,MOON ROCK / LUNAR Feldspathic Breccia - Bechar 003 5.7g *Great Price! (1110xxx),199.0,2023-07-27,5.7,34.91,WorthPoint
nwa-lunar-meteorite,NWA 13119 Lunar Meteorite,189.0,2023-07-27,,,WorthPoint
nwa-lunar-meteorite,NWA 11228 Lunar Bead And Turquoise Necklace,512.5,2023-07-27,,,WorthPoint
nwa-lunar-meteorite,Apollo 12 Lunar Surface Flown Film & Moon Rock Lucite - NASA / Apollo Program,600.0,2023-07-27,,,WorthPoint
nwa-lunar-meteorite,0.20g - NWA 15583 Meteorite - Polished Lunar Fragments - Feldsp. Breccia Slice,16.25,2023-07-25,0.2,81.25,WorthPoint
nwa-lunar-meteorite,"NWA 13185 Lunar Felds. Breccia Meteorite, Morocco 2019, 3.607 Gram End Cut",64.0,2023-07-25,3.607,17.74,WorthPoint
nwa-lunar-meteorite,Museum Quality! Exqusite Full Slice Nwa 11474 Lunar Meteorite! 3.77 Grams,76.0,2023-07-25,3.77,20.16,WorthPoint
nwa-lunar-meteorite,"NWA 11237, Lunar Meteorite, Felds. Breccia 3.256 Gram Endcut",130.0,2023-07-24,3.256,39.93,WorthPoint
nwa-lunar-meteorite,"NWA 14755 Lunar Feldspathic Breccia .97g Whole Stone, Hold A Moon Nugget",18.5,2023-07-24,97.0,0.19,WorthPoint
nwa-lunar-meteorite,"NWA 14729 Troctolite, Anorthosite Lunar Melt Meteorite. 14.35g, Mirror Polish",393.88,2023-07-24,14.35,27.45,WorthPoint
nwa-lunar-meteorite,NWA 13788 Lunar Meteorite End Cut,1562.5,2023-07-22,,,WorthPoint
nwa-lunar-meteorite,NWA 11303 Lunar Meteorite Slice,3000.0,2023-07-22,,,WorthPoint
nwa-lunar-meteorite,"Meteorite**NWA 13788, NEW LUNAR IMPACT MELT BRECCIA**198.00 Gram, 1 Of 3 Ever!!!",5999.99,2023-07-19,198.0,30.3,WorthPoint
nwa-lunar-meteorite,"Meteorite ::: NWA 14577, Lunar Frag.Breccia :::1.409 Grams Part-Slice.",99.0,2023-07-18,1.409,70.26,WorthPoint
nwa-lunar-meteorite,0.57 Gram NWA 12368 LUNAR (feldsp. Breccia) METEORITE SLICE - Polished One Side,31.85,2023-07-18,0.57,55.88,WorthPoint
nwa-lunar-meteorite,"Meteorite**NWA 14577, Lunar Frag. Breccia**2.815 Gram Slice, Highly Shocked!!",127.5,2023-07-17,2.815,45.29,WorthPoint
nwa-lunar-meteorite,"NWA 14755 Lunar Feldspathic Breccia .64g Whole Stone, Hold A Moon Nugget",17.5,2023-07-17,64.0,0.27,WorthPoint
nwa-lunar-meteorite,"Polymict, Troctolite, Anorthosite Lunar Melt Breccia Meteorite. 56.3g NWA 14729",949.0,2023-07-17,56.3,16.86,WorthPoint
nwa-lunar-meteorite,Rare 654mg NWA 5000 Lunar Meteorite Authentic Moon Rock From The Hupe Collection,115.5,2023-07-16,,,WorthPoint
nwa-lunar-meteorite,NWA 14685 Lunar Meteorite Slice 7.21g With COA,166.5,2023-07-15,7.21,23.09,WorthPoint
nwa-lunar-meteorite,NWA 15373 Lunar Meteorite 23.35g With COA,280.0,2023-07-15,23.35,11.99,WorthPoint
nwa-lunar-meteorite,.550 Gram 10x9x2mm NWA 14681 Lunar RARE (troctolitic Anorthosite) Meteorite COA,49.99,2023-07-13,550.0,0.09,WorthPoint
nwa-lunar-meteorite,.094 Gram Fragments NWA 6950 LUNAR GABBRO METEORITE A Plastic Gem Case With COA,11.99,2023-07-13,94.0,0.13,WorthPoint
nwa-lunar-meteorite,"NWA 14755 Lunar Feldspathic Breccia .5.3g Whole Stone, Hold A Moon Nugget",80.0,2023-07-13,5.3,15.09,WorthPoint
nwa-lunar-meteorite,"Nice NWA Unclassified Lunar Meteorite Slice, Polished On One Side, 0.81 Grams",40.0,2023-07-13,0.81,49.38,WorthPoint
nwa-lunar-meteorite,"4.9 Grams NWA 11898, Lunar, Feldsp. Brecc. Meteorite Slice.",275.0,2023-07-12,4.9,56.12,WorthPoint
nwa-lunar-meteorite,.123 Grams 15x6x2mm NWA 11303 Lunar Feldspathic Breccia Slice Meteorite + COA,9.99,2023-07-11,123.0,0.08,WorthPoint
nwa-lunar-meteorite,.691 Gram 14x8x2mm NWA 14681 Lunar RARE (troctolitic Anorthosite) Meteorite COA,69.99,2023-07-11,691.0,0.1,WorthPoint
nwa-lunar-meteorite,.921 Gram 15x13x2mm NWA 11898 Lunar Slice Moon Meteorite Feldspathic Breccia COA,69.99,2023-07-10,921.0,0.08,WorthPoint
nwa-lunar-meteorite,"Meteorite**NWA 14900; LUNAR FRAGMENTAL BRECCIA**2.250 Gram, W/Dunite Clasts!!!",127.5,2023-07-10,2.25,56.67,WorthPoint
nwa-lunar-meteorite,"Meteorite**NWA 15373, Lunar Fragmental Breccia**8.584 Gram Gorgeous Slice!!!",180.0,2023-07-10,8.584,20.97,WorthPoint
nwa-lunar-meteorite,"Meteorite**NWA 14577, Lunar Frag. Breccia**2.458 Gram Slice, Highly Shocked!!",83.0,2023-07-10,2.458,33.77,WorthPoint
nwa-lunar-meteorite,"Meteorite**NWA 11228, Lunar Felds. Breccia**0.381 Gram, W/Metal, HIGHLY SHOCKED!",47.0,2023-07-10,0.381,123.36,WorthPoint
nwa-lunar-meteorite,"NWA 14755 Lunar Feldspathic Breccia 1.1g Whole Stone, Hold A Moon Nugget",55.88,2023-07-10,1.1,50.8,WorthPoint
nwa-lunar-meteorite,"NWA 14761 Lunar Feldspathic Breccia .82g Whole Stone, Hold A Moon Nugget",41.88,2023-07-10,82.0,0.51,WorthPoint
nwa-lunar-meteorite,4.26 Grams 35x29x2mm NWA 11182 Lunar Moon Slice Meteorite Feldsp. Breccia + COA,229.0,2023-07-09,4.26,53.76,WorthPoint
nwa-lunar-meteorite,NWA 14685 Lunar 0.88g Lunar Feldspathic Breccia Meteorite,20.5,2023-07-08,0.88,23.3,WorthPoint
nwa-lunar-meteorite,Meteorite NWA 12971 Lunar Troctolitic Melt Moon Rock Extremely Rare 1 Of 2,404.69,2023-07-07,,,WorthPoint
nwa-lunar-meteorite,1.05 G NWA 11474 Lunar (Moon) Meteorite Specimen (feldsp. Breccia) From Africa,155.0,2023-07-06,1.05,147.62,WorthPoint
nwa-lunar-meteorite,NWA 11421 - LUNAR METEORITE FRAGMENTS / MOON ROCK - Feldspathic Breccia,34.0,2023-07-06,,,WorthPoint
nwa-lunar-meteorite,#72 - MOON Lunar Meteorite - 1.85 Grams - NWA 11828,48.0,2023-07-06,1.85,25.95,WorthPoint
nwa-lunar-meteorite,.614 Grams 13x8x3mm NWA 14685 Lunar Slice Fragment Breccia Meteorite With COA,49.99,2023-07-05,614.0,0.08,WorthPoint
nwa-lunar-meteorite,"Meteorite**NWA 13992, Polymict Frag. Lunar Breccia**1.13 Gram Slice,Rare Lunar",54.99,2023-07-05,1.13,48.66,WorthPoint
nwa-lunar-meteorite,"Meteorite**NWA 13992, Polymict Frag. Lunar Breccia**0.694 Gram, HARVAST MOON!!!",69.99,2023-07-04,0.694,100.85,WorthPoint
nwa-lunar-meteorite,MOON ROCK / LUNAR Feldspathic Breccia - Bechar 003 2.4g *Great Price! (1110ae),84.0,2023-07-04,2.4,35.0,WorthPoint
nwa-lunar-meteorite,MOON ROCK / LUNAR Feldspathic Breccia - Bechar 003 4.4g *Great Price! (1110ah),154.0,2023-07-03,4.4,35.0,WorthPoint
nwa-lunar-meteorite,NWA 14358 Achondrite Lunar Meteorite - G731-0188 - Feldspathic Breccia - P-Slice,10.5,2023-07-03,,,WorthPoint
nwa-lunar-meteorite,"Meteorite**NWA 13788, LUNAR MELT BRECCIA**3.203 Gram Gorgeous Endcut With Metal!",76.0,2023-07-03,3.203,23.73,WorthPoint
nwa-lunar-meteorite,"Meteorite**NWA 11228, Lunar Felds. Breccia**1.199 Gram, HIGHLY SHOCKED!!!",48.53,2023-07-03,1.199,40.48,WorthPoint
nwa-lunar-meteorite,.461 Gram 9x9x2mm NWA 14681 Lunar RARE (troctolitic Anorthosite) Meteorite COA,39.99,2023-07-03,461.0,0.09,WorthPoint
nwa-lunar-meteorite,"NWA 14761 Lunar Feldspathic Breccia 1.02g Whole Stone, Hold A Moon Nugget",42.99,2023-07-03,1.02,42.15,WorthPoint
nwa-lunar-meteorite,A Rock From The Moon! NWA 11303 Meteorite 0.7 Grams,46.0,2023-07-02,0.7,65.71,WorthPoint
nwa-lunar-meteorite,"NWA Unclassified Lunar Meteorite From Tindouf Algeria 2017, 0.48 Grams",35.0,2023-07-01,0.48,72.92,WorthPoint
nwa-lunar-meteorite,NWA 14685 Lunar 0.56g Lunar Feldspathic Breccia Meteorite,28.0,2023-07-01,0.56,50.0,WorthPoint
nwa-lunar-meteorite,.262 Grams 10x6x4mm NWA 8455 Lunar Individual Moon Meteorite Northwest Africa,14.99,2023-06-28,262.0,0.06,WorthPoint
nwa-lunar-meteorite,.875 Grams 11mm NWA 13974 Lunar Fragment Moon Meteorite Feldsp. Breccia With COA,49.99,2023-06-26,875.0,0.06,WorthPoint
nwa-lunar-meteorite,1.51 Grams 15x12x6mm NWA 11303 Lunar Feldspathic Breccia END CUT Meteorite + COA,39.99,2023-06-26,1.51,26.48,WorthPoint
nwa-lunar-meteorite,8.37 Grams 44x31x3mm NWA 15373 Slice Of Lunar Fragmental Breccia Meteorite W/COA,249.99,2023-06-26,8.37,29.87,WorthPoint
nwa-lunar-meteorite,"Lunar Meteorite ""Starry Night Lunar"" NWA 13951, 19.7g, Glass Polish",600.0,2023-06-26,19.7,30.46,WorthPoint
nwa-lunar-meteorite,"Lunar Breccia Meteorite NWA 11303 26.5g, MOON! Incredible Clasts, Glass Polish",545.0,2023-06-26,26.5,20.57,WorthPoint
nwa-lunar-meteorite,.643 Grams 11x11x2mm NWA 14685 Lunar Slice Fragment Breccia Meteorite With COA,29.99,2023-06-25,643.0,0.05,WorthPoint
nwa-lunar-meteorite,NWA 15583 Moon 2.82g Lunar Feldspathic Breccia Meteorite,112.0,2023-06-24,2.82,39.72,WorthPoint
nwa-lunar-meteorite,NWA 15583 Moon 1.15g Lunar Feldspathic Breccia Meteorite,46.0,2023-06-24,1.15,40.0,WorthPoint
nwa-lunar-meteorite,"LUNAR Feldspathic - Bechar 003 1.8g (1110af), 1.0g (1110ak), 1.4g (1110aj)",250.0,2023-06-24,1.8,138.89,WorthPoint
nwa-lunar-meteorite,"1.7 Grams NWA 11898, Lunar, Feldsp. Brecc. Meteorite Slice.",115.0,2023-06-24,1.7,67.65,WorthPoint
nwa-lunar-meteorite,MOON ROCK / LUNAR Feldspathic Breccia - Bechar 003 1.4g *Great Price! (1110aj),49.0,2023-06-23,1.4,35.0,WorthPoint
nwa-lunar-meteorite,.309 Grams 11x6x2mm NWA 14685 Lunar Slice Fragment Breccia Meteorite With COA,14.99,2023-06-23,309.0,0.05,WorthPoint
nwa-lunar-meteorite,1.28 G NWA 11182 Lunar (Moon) Meteorite Slice (feldsp. Breccia) Found In Africa,129.35,2023-06-23,1.28,101.05,WorthPoint
nwa-lunar-meteorite,MOON ROCK / LUNAR Feldspathic Breccia - Bechar 003 .84g *Great Price! (1110iii),35.0,2023-06-22,84.0,0.42,WorthPoint
nwa-lunar-meteorite,1.87 Grams 19mm NWA 15373 End Cut Lunar Fragmental Breccia Meteorite With A COA,65.99,2023-06-22,1.87,35.29,WorthPoint
nwa-lunar-meteorite,"Meteorite**NWA 11237, Lunar Felds. Breccia**9.427 Gram, Gorgeous Individual!!!",245.59,2023-06-19,9.427,26.05,WorthPoint
nwa-lunar-meteorite,NWA 15583 Moon 4.14g SALE! Lunar W/ Metal Impactor Inclusion Meteorite,199.0,2023-06-17,4.14,48.07,WorthPoint
nwa-lunar-meteorite,.453 Grams 13x7x4mm NWA 8455 Lunar Individual Moon Meteorite Northwest Africa,27.99,2023-06-15,453.0,0.06,WorthPoint
nwa-lunar-meteorite,.224 Grams 8x6x2mm NWA 14685 Lunar Slice Fragment Breccia Meteorite With COA,18.99,2023-06-14,224.0,0.08,WorthPoint
nwa-lunar-meteorite,"Meteorite**NWA 13992, Polymict Frag. Lunar Breccia**2.375 Gram Gorgeous Slice!!",96.0,2023-06-12,2.375,40.42,WorthPoint
nwa-lunar-meteorite,"Meteorite**NWA 13992, Polymict Frag. Lunar Breccia**0.697 Gram Gorgeous Slice!!",26.0,2023-06-12,0.697,37.3,WorthPoint
nwa-lunar-meteorite,"Meteorite**NWA 14188; Lunar Mare Basaltic Breccia**1.861 Grams, Front-side Moon!",227.5,2023-06-12,1.861,122.25,WorthPoint
nwa-lunar-meteorite,"Meteorite**NWA 13408, Lunar Felds. Breccia**1.220 Gram Endcut, Aka Golden Lunar!",56.0,2023-06-12,1.22,45.9,WorthPoint
nwa-lunar-meteorite,"Meteorite**NWA 13788, NEW LUNAR IMPACT MELT BRECCIA**4.969 Gram, DARK LUNAR!!",136.06,2023-06-12,4.969,27.38,WorthPoint
nwa-lunar-meteorite,"Meteorite**NWA 15373, Lunar Fragmental Breccia**36.205 Gram Gorgeous Endcut!!!!",850.0,2023-06-12,36.205,23.48,WorthPoint
nwa-lunar-meteorite,"NWA 14755 Lunar Feldspathic Breccia .98g Whole Stone, Hold A Moon Nugget",39.0,2023-06-12,98.0,0.4,WorthPoint
nwa-lunar-meteorite,.253 Grams 9x6x2mm Slice NWA 14577 Lunar Fragmental Breccia Meteorite With COA,21.99,2023-06-11,253.0,0.09,WorthPoint
nwa-lunar-meteorite,.278 Grams 8x6x2mm NWA 14685 Lunar Slice Fragment Breccia Meteorite With COA,19.99,2023-06-11,278.0,0.07,WorthPoint
nwa-lunar-meteorite,NWA 15583 Moon 0.83g Lunar Feldspathic Breccia Meteorite,20.5,2023-06-10,0.83,24.7,WorthPoint
nwa-lunar-meteorite,.341 Grams 9mm NWA 11788 Lunar Meteorite (feldspathic Breccia) Comes With A COA,35.0,2023-06-09,341.0,0.1,WorthPoint
nwa-lunar-meteorite,NWA 14358 Achondrite Lunar Meteorite - G731-0186 - Feldspathic Breccia - P-Slice,9.95,2023-06-09,,,WorthPoint
nwa-lunar-meteorite,NWA 15373 Lunar 1.94g Part Slice Feldspathic Breccia Moon Rock,90.0,2023-06-05,1.94,46.39,WorthPoint
nwa-lunar-meteorite,"NWA 14755 Lunar Feldspathic Breccia 2.73g Whole Stone, Hold A Moon Nugget",84.99,2023-06-05,2.73,31.13,WorthPoint
nwa-lunar-meteorite,NWA 14358 Achondrite Lunar Meteorite - G731-0187 - Feldspathic Breccia - P-Slice,9.95,2023-06-05,,,WorthPoint
nwa-lunar-meteorite,NWA 15583 Moon 0.40g Lunar Feldspathic Breccia Meteorite,34.0,2023-06-03,0.4,85.0,WorthPoint
nwa-lunar-meteorite,3 MOON ROCK DISPLAY- 33mg LUNAR METEORITE - MUSEUM EDITION - Jumbo Display+Easel,33.95,2023-05-29,,,WorthPoint
nwa-lunar-meteorite,"Meteorite**NWA 15373, Lunar Fragmental Breccia**2.588 Gram Gorgeous Endcut!!!!",72.89,2023-05-29,2.588,28.16,WorthPoint
nwa-lunar-meteorite,"Meteorite**NWA 11228, Lunar Felds. Breccia**2.379 Gram Lot W/INSANE SHOCK VEINS!",37.0,2023-05-29,2.379,15.55,WorthPoint
nwa-lunar-meteorite,NWA 15373 Lunar 1.70g Part Slice Feldspathic Breccia Moon Rock,36.0,2023-05-27,1.7,21.18,WorthPoint
nwa-lunar-meteorite,NWA 14685 Lunar 7.57g Lunar Feldspathic Breccia Meteorite,325.0,2023-05-27,7.57,42.93,WorthPoint
nwa-lunar-meteorite,MOON ROCK / LUNAR Feldspathic Breccia - Bechar 003 2.9g *Great Price! (1110ooo),84.0,2023-05-27,2.9,28.97,WorthPoint
nwa-lunar-meteorite,MOON ROCK / LUNAR Feldspathic Breccia - Bechar 003 3.5g *Great Price! (1110ab),99.0,2023-05-27,3.5,28.29,WorthPoint
nwa-lunar-meteorite,"Lunar, Feldsp. Brecc. Meteorite Slice. 6.9 Grams",385.0,2023-05-26,6.9,55.8,WorthPoint
nwa-lunar-meteorite,NWA 14358 Achondrite Lunar Meteorite - G731-0170 - Feldspathic Breccia - End Cut,18.5,2023-05-25,,,WorthPoint
nwa-lunar-meteorite,".714 Grams 15mm NWA 13951 ""starry Night"" Lunar Meteorite Feldspathic Breccia COA",59.99,2023-05-25,714.0,0.08,WorthPoint
nwa-lunar-meteorite,.404 Grams 12mm NWA 11273 Lunar Moon Meteorite Individual As Found With A COA,24.99,2023-05-24,404.0,0.06,WorthPoint
nwa-lunar-meteorite,3.40 Grams 21mm Slice NWA 15373 Lunar Fragmental Breccia Meteorite With A COA,59.99,2023-05-24,3.4,17.64,WorthPoint
nwa-lunar-meteorite,2.36 Grams 34x17x2mm NWA 11182 Lunar Moon Slice Meteorite Feldsp. Breccia + COA,145.0,2023-05-22,2.36,61.44,WorthPoint
nwa-lunar-meteorite,"Meteorite**NWA 15373, Lunar Fragmental Breccia**18.774 Gram Gorgeous Endcut!!!!",338.0,2023-05-22,18.774,18.0,WorthPoint
nwa-lunar-meteorite,"NWA 14755 Lunar Feldspathic Breccia 2.28g Whole Stone, Hold A Moon Nugget",59.99,2023-05-22,2.28,26.31,WorthPoint
nwa-lunar-meteorite,MOON ROCK / LUNAR Feldspathic Breccia - Bechar 003 2.3g *Great Price! (1110zzz),67.0,2023-05-21,2.3,29.13,WorthPoint
nwa-lunar-meteorite,1.86 G NWA 11182 Lunar (Moon) Meteorite Slice (feldsp. Breccia) Found In Africa,181.35,2023-05-21,1.86,97.5,WorthPoint
nwa-lunar-meteorite,NWA 15583 Moon 1.80g Lunar Feldspathic Breccia Meteorite,53.0,2023-05-20,1.8,29.44,WorthPoint
nwa-lunar-meteorite,2.27 G NWA 11474 Lunar (Moon) Meteorite Specimen (feldsp. Breccia) From Africa,194.35,2023-05-18,2.27,85.62,WorthPoint
nwa-lunar-meteorite,"Meteorite**NWA 15373, Lunar Fragmental Breccia**4.047 Gram Gorgeous Endcut!!!!",91.2,2023-05-16,4.047,22.54,WorthPoint
nwa-lunar-meteorite,NWA 12592 Lunar Moon Meteorite Cutting Dust 0.5 Gram With COA,115.0,2023-05-16,0.5,230.0,WorthPoint
nwa-lunar-meteorite,2.38 G NWA 11182 Lunar (Moon) Meteorite Slice (feldsp. Breccia) Found In Africa,194.35,2023-05-16,2.38,81.66,WorthPoint
nwa-lunar-meteorite,.109 Grams NWA 12971 Lunar (troctolitic Melt Rock) METEORITE Fragment - With COA,13.5,2023-05-15,109.0,0.12,WorthPoint
nwa-lunar-meteorite,.200 Grams 17x5x2mm NWA 8607 Lunar Cut Fragment Meteorite With COA,10.0,2023-05-15,200.0,0.05,WorthPoint
nwa-lunar-meteorite,NWA 15373 Lunar 1.88g Part Slice Feldspathic Breccia Moon Rock,51.0,2023-05-13,1.88,27.13,WorthPoint
nwa-lunar-meteorite,NWA 14685 Lunar 4.72g Lunar Feldspathic Breccia Meteorite,210.0,2023-05-13,4.72,44.49,WorthPoint
nwa-lunar-meteorite,.309 Grams 13mm NWA 11273 Lunar Moon Meteorite Individual As Found With A COA,22.99,2023-05-12,309.0,0.07,WorthPoint
nwa-lunar-meteorite,2.54 Grams 19mm Slice NWA 15373 Lunar Fragmental Breccia Meteorite With A COA,39.99,2023-05-10,2.54,15.74,WorthPoint
nwa-lunar-meteorite,0.95 G NWA 11182 Lunar (Moon) Meteorite Slice (feldsp. Breccia) Found In Africa,100.5,2023-05-09,0.95,105.79,WorthPoint
nwa-lunar-meteorite,"Meteorite**NWA 15583, Lunar Fragmental Breccia**38.673 Gram Gorgeous Endcut! NEW",955.0,2023-05-08,38.673,24.69,WorthPoint
nwa-lunar-meteorite,"Meteorite**NWA 13992, Polymict Frag. Lunar Breccia**0.696 Gram Slice, Rare Lunar",37.0,2023-05-08,0.696,53.16,WorthPoint
nwa-lunar-meteorite,"NWA 14755 Lunar Feldspathic Breccia 1.48g Whole Stone, Hold A Moon Nugget",26.0,2023-05-08,1.48,17.57,WorthPoint
nwa-lunar-meteorite,1.92 Grams 17mm Slice NWA 15373 Lunar Fragmental Breccia Meteorite With A COA,39.99,2023-05-07,1.92,20.83,WorthPoint
nwa-lunar-meteorite,"2.24 Gram NWA 13951 ""starry Night"" 23x19x2mm Lunar Meteorite Feldspathic Breccia",199.0,2023-05-05,2.24,88.84,WorthPoint
nwa-lunar-meteorite,1.72 Grams 14mm NWA 11474 Lunar Feldsp. Breccia Meteorite Individual With COA,99.99,2023-05-05,1.72,58.13,WorthPoint
nwa-lunar-meteorite,.244 Grams 10x6x3mm NWA 6950 LUNAR GABBRO METEORITE A Plastic Gem Case W/COA,79.99,2023-05-04,244.0,0.33,WorthPoint
nwa-lunar-meteorite,.327 Grams 9x6x3mm NWA 6950 LUNAR GABBRO METEORITE A Plastic Gem Case W/COA,99.99,2023-05-04,327.0,0.31,WorthPoint
nwa-lunar-meteorite,.338 Grams 10x9x2mm NWA 6950 LUNAR GABBRO METEORITE A Glass Top Case With COA,109.0,2023-05-04,338.0,0.32,WorthPoint
nwa-lunar-meteorite,.601 Gram 13x11x2mm NWA 11898 Lunar Slice Moon Meteorite Feldspathic Breccia COA,57.99,2023-05-04,601.0,0.1,WorthPoint
nwa-lunar-meteorite,NWA 15051 Lunar Meteorite üåô Moon Rock 2.14 Gram Slice By Steve Of Meteorite Men,310.0,2023-05-02,2.14,144.86,WorthPoint
nwa-lunar-meteorite,NWA 15373 Lunar 1.61g Part Slice Feldspathic Breccia Moon Rock,73.0,2023-05-01,1.61,45.34,WorthPoint
nwa-lunar-meteorite,MOON ROCK / LUNAR Feldspathic Breccia - Bechar 003 1.6g *Great Price! (1110www),46.0,2023-05-01,1.6,28.75,WorthPoint
nwa-lunar-meteorite,MOON ROCK / LUNAR Feldspathic Breccia - Bechar 003 1.9g *Great Price! (1110uuu),55.0,2023-05-01,1.9,28.95,WorthPoint
nwa-lunar-meteorite,10.98 Grams 39x29x7mm NWA 15373 End Cut Lunar Fragmental Breccia Meteorite + COA,319.99,2023-05-01,10.98,29.14,WorthPoint
nwa-lunar-meteorite,1.06 Grams 12x10x6mm NWA 8455 Lunar Moon Meteorite Whole Individual With COA,94.0,2023-05-01,1.06,88.68,WorthPoint
nwa-lunar-meteorite,"NWA 11182, Lunar Breccia Meteorite, 29.7g, Mirror Polished, Translucent MOON!",630.0,2023-05-01,29.7,21.21,WorthPoint
nwa-lunar-meteorite,"Meteorite**NWA 14526; LUNAR MARE BASALT**1.000 Gram Endcut, FRONT-SIDE MOON!",749.99,2023-04-29,1.0,749.99,WorthPoint
nwa-lunar-meteorite,"Meteorite**NWA 14741, LUNAR MARE BASALT BRECCIA**2.184 Grams, RAREST LUNAR EVER!",3374.99,2023-04-29,2.184,1545.33,WorthPoint
nwa-lunar-meteorite,2.11 Grams 22mm NWA 15373 End Cut Lunar Fragmental Breccia Meteorite With A COA,73.99,2023-04-28,2.11,35.07,WorthPoint
nwa-lunar-meteorite,NWA 14041 Meteorite Lunar Moon Rock Part Slice Weight .631 Grams,78.0,2023-04-26,631.0,0.12,WorthPoint
nwa-lunar-meteorite,MOON ROCK / LUNAR Feldspathic Breccia - Bechar 003 .63g *Great Price! (1110rrr),22.0,2023-04-26,63.0,0.35,WorthPoint
nwa-lunar-meteorite,"Meteorite**NWA 6950; LUNAR GABBRO**1.641 Gram Slice, Extremely Rare Lunar!!!",799.99,2023-04-24,1.641,487.5,WorthPoint
nwa-lunar-meteorite,Nwa 10901 Lunar (moon) Meteorite + Nwa 10999 H5 Chondrite Meteorite,12.0,2023-04-24,,,WorthPoint
nwa-lunar-meteorite,GORGEOUS LUNAR! NWA 10822 LUNAR MOON METEORITE POLISHED SLICE 0.838 Gr. CRUSTED,85.0,2023-04-24,0.838,101.43,WorthPoint
nwa-lunar-meteorite,"Meteorite**NWA 11228, Lunar Felds. Breccia**4.287 Gram, Gorgeous Unique Endcut!!",133.85,2023-04-24,4.287,31.22,WorthPoint
nwa-lunar-meteorite,"Meteorite**NWA 14526; LUNAR MARE BASALT**5.354 Gram Full Slice, FRONT-SIDE MOON!",867.0,2023-04-24,5.354,161.94,WorthPoint
nwa-lunar-meteorite,"Meteorite**NWA 13408, Lunar Felds. Breccia**2.273 Gram Slice, Aka Golden Lunar!!",102.5,2023-04-24,2.273,45.09,WorthPoint
nwa-lunar-meteorite,"Meteorite**NWA 11228, Lunar Felds. Breccia**4.496 Gram Lot W/INSANE SHOCK VEINS!",115.38,2023-04-24,4.496,25.66,WorthPoint
nwa-lunar-meteorite,MOON / LUNAR Feldspathic Breccia - Bechar 003 45.3g GREAT LUNAR PRICE!!!!!!!,799.0,2023-04-24,45.3,17.64,WorthPoint
nwa-lunar-meteorite,"NWA 14755 Lunar Feldspathic Breccia 1.37g Whole Stone, Hold A Moon Nugget",45.0,2023-04-24,1.37,32.85,WorthPoint
nwa-lunar-meteorite,MOON ROCK / LUNAR Feldspathic Breccia - Bechar 003 .99g *Great Price! (1110qqq),29.0,2023-04-24,99.0,0.29,WorthPoint
nwa-lunar-meteorite,NWA 11237 Lunar Felds Breccia Meteorite,19.0,2023-04-22,,,WorthPoint
nwa-lunar-meteorite,.153 Grams 8mm NWA 11421 Lunar Moon Meteorite As Found Individual With A C.O.A.,11.99,2023-04-22,153.0,0.08,WorthPoint
nwa-lunar-meteorite,.154 Grams 6mm NWA 11421 Lunar Moon Meteorite As Found Individual With A C.O.A.,10.99,2023-04-22,154.0,0.07,WorthPoint
nwa-lunar-meteorite,NWA 14685 Lunar 0.92g Slice W/ Metal Bleb From Impactor,39.0,2023-04-22,0.92,42.39,WorthPoint
nwa-lunar-meteorite,69.25 Gram NWA 12368 LUNAR (feldsp. Breccia) METEORITE SLICE - Polished One Side,1859.25,2023-04-22,69.25,26.85,WorthPoint
nwa-lunar-meteorite,".759 Grams 17mm NWA 13951 ""starry Night"" Lunar Meteorite Feldspathic Breccia COA",59.99,2023-04-21,759.0,0.08,WorthPoint
nwa-lunar-meteorite,.101 Gram Fragments NWA 6950 LUNAR GABBRO METEORITE A Plastic Gem Case With COA,12.99,2023-04-20,101.0,0.13,WorthPoint
nwa-lunar-meteorite,1.51 Grams 19x14x2mm Slice NWA 14577 Lunar Fragmental Breccia Meteorite With COA,119.0,2023-04-20,1.51,78.81,WorthPoint
nwa-lunar-meteorite,.108 Grams 7mm NWA 11788 Lunar Meteorite (feldspathic Breccia) Individual + COA,8.99,2023-04-20,108.0,0.08,WorthPoint
nwa-lunar-meteorite,"Meteorite**NWA 14188; Lunar Mare Basaltic Breccia**4.800 Grams, Front-side Moon!",2700.0,2023-04-20,4.8,562.5,WorthPoint
nwa-lunar-meteorite,".692 Grams 17mm NWA 13951 ""starry Night"" Lunar Meteorite Feldspathic Breccia COA",59.99,2023-04-18,692.0,0.09,WorthPoint
nwa-lunar-meteorite,Low Price! Sensational Slice! Stunning Nwa 11474 Lunar Meteorite! .601 Gms,66.75,2023-04-18,601.0,0.11,WorthPoint
nwa-lunar-meteorite,"Meteorite**NWA 14900; LUNAR FRAGMENTAL BRECCIA**3.130 Gram, W/Dunite Clasts!!!",67.0,2023-04-17,3.13,21.41,WorthPoint
nwa-lunar-meteorite,"Meteorite**NWA 15373, Lunar Fragmental Breccia**44.192 Gram Gorgeous Endcut!!!",921.0,2023-04-17,44.192,20.84,WorthPoint
nwa-lunar-meteorite,"Meteorite**NWA 11237, Lunar Felds. Breccia**1.491 Gram, Gorgeous Endcut Lot!!!",96.0,2023-04-17,1.491,64.39,WorthPoint
nwa-lunar-meteorite,"Meteorite**NWA 11228, Lunar Felds. Breccia**2.852gram Lot W/INSANE SHOCK VEINS!!",81.0,2023-04-17,2.852,28.4,WorthPoint
nwa-lunar-meteorite,"Meteorite**NWA 14900; LUNAR FRAGMENTAL BRECCIA**1.589 Gram, W/Dunite Clasts!!!",289.99,2023-04-16,1.589,182.5,WorthPoint
nwa-lunar-meteorite,.372 Grams NWA 10608 Lunar 14x9x2mm Cut Meteorite Moon Rock Fragment With A COA,24.99,2023-04-16,372.0,0.07,WorthPoint
nwa-lunar-meteorite,13.8 Gram - NWA 10203 METEORITE Individual - LUNAR SPECIMEN - Ex Rob Wesel,1336.65,2023-04-15,13.8,96.86,WorthPoint
nwa-lunar-meteorite,"LUNAR Meteorite NWA 15373, Fragmental Breccia, 5.3g Slice. Piece Of The MOON!",299.0,2023-04-15,5.3,56.42,WorthPoint
nwa-lunar-meteorite,".166 Grams 10mm NWA 13951 ""starry Night"" Lunar Meteorite Feldspathic Breccia COA",13.99,2023-04-13,166.0,0.08,WorthPoint
nwa-lunar-meteorite,.659 Grams 16x12x2mm NWA 14685 Lunar Slice Fragment Breccia Meteorite With COA,49.99,2023-04-10,659.0,0.08,WorthPoint
nwa-lunar-meteorite,2015 1 Oz Silver $1 Niue LUNAR MOON METEORITE NWA 5000 Antique Finish Coin,235.14,2023-04-10,28.35,8.29,WorthPoint
nwa-lunar-meteorite,NWA 11273 - LUNAR METEORITE FRAGMENT / MOON ROCK - Feldspathic Breccia,19.0,2023-04-09,,,WorthPoint
nwa-lunar-meteorite,NWA 14685 Lunar 2.12g SALE! Part Slice Of A Fantastic Fragmental Breccia,99.0,2023-04-08,2.12,46.7,WorthPoint
nwa-lunar-meteorite,NWA 13788 5.06g SALE! On Lunar Impact Melt Breccia Meteorite,130.5,2023-04-08,5.06,25.79,WorthPoint
nwa-lunar-meteorite,NWA 8607 Lunar Meteorite Slice,325.0,2023-04-06,,,WorthPoint
nwa-lunar-meteorite,NWA 13119 Lunar Meteorite Earrings,325.0,2023-04-06,,,WorthPoint
nwa-lunar-meteorite,Real Moon Dust Meteorite Necklace (From Lunar Meteorite NWA 5000),90.0,2023-04-06,,,WorthPoint
nwa-lunar-meteorite,NWA 14685 Lunar 4.39g SALE! Endcut/Slice Of A Fantastic Fragmental Breccia,244.0,2023-04-05,4.39,55.58,WorthPoint
nwa-lunar-meteorite,MOON / LUNAR Feldspathic Breccia - Bechar 003 15.6g **SALE PRICE**!!!!!!!,349.0,2023-04-05,15.6,22.37,WorthPoint
nwa-lunar-meteorite,"Lunar Fragmental Breccia Meteorite NWA 14576, 20.0g, Slice Of MOON!",565.0,2023-04-03,20.0,28.25,WorthPoint
nwa-lunar-meteorite,.587 Grams 16mm End Cut NWA 11303 Moon Lunar Feldspathic Breccia Meteorite W/COA,41.99,2023-04-02,587.0,0.07,WorthPoint
nwa-lunar-meteorite,NWA 11788 Meteorite Lunar Moon Rock End Cut Polished Face Weight 6.29 Grams,345.0,2023-04-02,6.29,54.85,WorthPoint
nwa-lunar-meteorite,3.07 Grams 31x22x2mm NWA 15373 Slice Of Lunar Fragmental Breccia Meteorite W/COA,109.99,2023-04-01,3.07,35.83,WorthPoint
nwa-lunar-meteorite,NWA 14695 Lunar Meteorite üåô Moon Rock 5.43 Gram Stone By Steve Of Meteorite Men,272.0,2023-04-01,5.43,50.09,WorthPoint
nwa-lunar-meteorite,NWA 6950 Lunar Meteorite End Cut,1812.5,2023-03-31,,,WorthPoint
nwa-lunar-meteorite,NWA 13859 Lunar Meteorite,12500.0,2023-03-31,,,WorthPoint
nwa-lunar-meteorite,2.44 Gram - NWA 11898 Meteorite - Polished Lunar Feldsp. Breccia - Cutting Dust,183.0,2023-03-30,2.44,75.0,WorthPoint
nwa-lunar-meteorite,.362 Grams 9mm NWA 11273 Lunar Moon Meteorite Individual As Found With A COA,24.99,2023-03-28,362.0,0.07,WorthPoint
nwa-lunar-meteorite,"Meteorite, (Extremely Rare), Lunar Feldspathic Breccia Meteorite",240.0,2023-03-28,,,WorthPoint
nwa-lunar-meteorite,Beautiful 82.5 G - NWA 11898 Meteorite - Polished Lunar Feldsp. Breccia End Cut,2870.0,2023-03-26,82.5,34.79,WorthPoint
nwa-lunar-meteorite,.178 Grams 9mm NWA 13788 Lunar (melt Breccia) Moon Meteorite Slice With A COA,9.99,2023-03-26,178.0,0.06,WorthPoint
nwa-lunar-meteorite,1.85 Grams NWA 15373 Slices Of Lunar Fragmental Breccia Meteorite With A COA,39.99,2023-03-25,1.85,21.62,WorthPoint
nwa-lunar-meteorite,1.93 Grams 13mm NWA 15373 As Found Lunar Fragmental Breccia Meteorite With A COA,61.0,2023-03-25,1.93,31.61,WorthPoint
nwa-lunar-meteorite,"1.45 Gram NWA 13951 ""starry Night"" Lunar Meteorite Feldspathic Breccia With COA",128.0,2023-03-25,1.45,88.28,WorthPoint
nwa-lunar-meteorite,NWA 15583 Moon 5.10g Lunar Feldspathic Breccia Meteorite,332.0,2023-03-25,5.1,65.1,WorthPoint
nwa-lunar-meteorite,NWA 15583 Moon 0.45g Lunar Feldspathic Breccia Meteorite,23.5,2023-03-25,0.45,52.22,WorthPoint
nwa-lunar-meteorite,NWA 14685 Lunar 4.67g SALE! Endcut/Slice Of A Fantastic Fragmental Breccia,187.0,2023-03-25,4.67,40.04,WorthPoint
nwa-lunar-meteorite,NWA 14685 Lunar 2.63g SALE! Part Slice Of A Fantastic Fragmental Breccia,105.0,2023-03-25,2.63,39.92,WorthPoint
nwa-lunar-meteorite,NWA 11788 0.83g Lunar Feldspathic Breccia Meteorite Fragment,36.0,2023-03-25,0.83,43.37,WorthPoint
nwa-lunar-meteorite,.368 Grams 9x8x3mm NWA 14577 Lunar Slice Fragment Breccia Meteorite With COA,35.99,2023-03-25,368.0,0.1,WorthPoint
nwa-lunar-meteorite,NWA 14358 Achondrite Lunar Meteorite - G731-0169 - Feldspathic Breccia - End Cut,17.5,2023-03-23,,,WorthPoint
nwa-lunar-meteorite,1.063 Grams 18mm NWA 15373 End Cut Lunar Fragmental Breccia Meteorite With A COA,34.99,2023-03-21,1.063,32.92,WorthPoint
nwa-lunar-meteorite,.147 Grams 7x6x2mm NWA 6950 LUNAR GABBRO METEORITE A Plastic Gem Case W/COA,29.99,2023-03-21,147.0,0.2,WorthPoint
nwa-lunar-meteorite,.117 Grams 9x4x2mm NWA 6950 LUNAR GABBRO METEORITE A Plastic Gem Case W/COA,19.99,2023-03-21,117.0,0.17,WorthPoint
nwa-lunar-meteorite,NWA 14358 Achondrite Lunar Meteorite - G731-0168 - Feldspathic Breccia - P-Slice,9.95,2023-03-20,,,WorthPoint
nwa-lunar-meteorite,"Meteorite**NWA 15373, Lunar Fragmental Breccia**14.344 Gram Gorgeous Slice!!!!",485.0,2023-03-20,14.344,33.81,WorthPoint
nwa-lunar-meteorite,"Meteorite**NWA 11228, Lunar Felds. Breccia**1.090 Gram, Beautiful Best Endcut!!!",26.0,2023-03-20,1.09,23.85,WorthPoint
nwa-lunar-meteorite,"Troctolite An Anorthosite Lunar Melt Breccia Meteorite. 7.4g, Polished Slice",415.0,2023-03-20,7.4,56.08,WorthPoint
nwa-lunar-meteorite,1.29 Gram NWA 12368 LUNAR (feldsp. Breccia) METEORITE SLICE - Polished One Side,66.5,2023-03-19,1.29,51.55,WorthPoint
nwa-lunar-meteorite,1.11 Grams 11x10x7mm NWA 8455 Lunar Individual Moon Meteorite NorthWest Africa,79.99,2023-03-18,1.11,72.06,WorthPoint
nwa-lunar-meteorite,NWA 15583 Moon 1.11g Lunar Feldspathic Breccia Meteorite,98.0,2023-03-18,1.11,88.29,WorthPoint
nwa-lunar-meteorite,NWA 15583 Moon 2.63g Lunar Feldspathic Breccia Meteorite,167.5,2023-03-18,2.63,63.69,WorthPoint
nwa-lunar-meteorite,NWA 15373 Lunar 2.13g Part Slice Feldspathic Breccia Moon Rock,88.0,2023-03-18,2.13,41.31,WorthPoint
nwa-lunar-meteorite,Meteorite ~ NWA 11182 ~ Visually Stunning Lunar Meteorite ~ 24.2 Grams,1550.0,2023-03-17,24.2,64.05,WorthPoint
nwa-lunar-meteorite,MOON ROCK / LUNAR Feldspathic Breccia - Bechar 003 3.9g **SALE Price! (1110fff),99.0,2023-03-16,3.9,25.38,WorthPoint
nwa-lunar-meteorite,5.88 Grams 26x19x9mm NWA 15373 End Cut Lunar Fragmental Breccia Meteorite COA,169.99,2023-03-15,5.88,28.91,WorthPoint
nwa-lunar-meteorite,0.95 Gram - NWA 10401 LUNAR Meteorite (anorthositic Troctolitic Breccia) Dust,75.0,2023-03-15,0.95,78.95,WorthPoint
nwa-lunar-meteorite,2.50 Gram - NWA 11898 Meteorite - Polished Lunar Feldsp. Breccia - Cutting Dust,187.5,2023-03-15,2.5,75.0,WorthPoint
nwa-lunar-meteorite,"2.52 Gram NWA 13951 ""starry Night"" 25x20x2mm Lunar Meteorite Feldspathic Breccia",224.99,2023-03-15,2.52,89.28,WorthPoint
nwa-lunar-meteorite,2.17 Grams 33x16x6mm NWA 15373 End Cut Lunar Fragmental Breccia Meteorite COA,77.99,2023-03-14,2.17,35.94,WorthPoint
nwa-lunar-meteorite,Meteorite NWA 6950 Achondrite Lunar Gabbro - 6950-0301 - Micro - Rare - Case,8.0,2023-03-12,,,WorthPoint
nwa-lunar-meteorite,.113 Grams 5mm NWA 11273 Lunar Moon Meteorite Cut Fragment With A COA,12.99,2023-03-12,113.0,0.11,WorthPoint
nwa-lunar-meteorite,NWA 15583 Moon 2.20g Lunar Feldspathic Breccia Meteorite,143.0,2023-03-11,2.2,65.0,WorthPoint
nwa-lunar-meteorite,NWA 14685 Lunar 1.74g Part Slice Of A Fantastic Fragmental Breccia,45.0,2023-03-11,1.74,25.86,WorthPoint
nwa-lunar-meteorite,"Meteorite**NWA 11228, Lunar Felds. Breccia**2.377 Gram, W/INSANE SHOCK VEINS!!!",91.0,2023-03-11,2.377,38.28,WorthPoint
nwa-lunar-meteorite,"Meteorite**NWA 11228, Lunar Felds. Breccia**1.726 Gram, Beautiful Best Endcut!!!",63.0,2023-03-11,1.726,36.5,WorthPoint
nwa-lunar-meteorite,"Meteorite**NWA 15373, Lunar Fragmental Breccia**17.156 Gram Gorgeous Slice!!!!",787.77,2023-03-11,17.156,45.92,WorthPoint
nwa-lunar-meteorite,MOON / LUNAR Feldspathic Breccia - Bechar 003 50.1g GREAT LUNAR PRICE!!!!,849.0,2023-03-10,50.1,16.95,WorthPoint
nwa-lunar-meteorite,"Meteorite**NWA 13788, NEW LUNAR MELT BRECCIA**14.095 Gram Slice, W/High Metal!",799.99,2023-03-08,14.095,56.76,WorthPoint
nwa-lunar-meteorite,.662 Gram 13x12x2mm NWA 11898 Lunar Slice Moon Meteorite Feldspathic Breccia COA,58.99,2023-03-07,662.0,0.09,WorthPoint
nwa-lunar-meteorite,.271 Grams 10x7x3mm NWA 11474 Lunar Feldspathic Breccia Meteorite Fragment W/COA,17.99,2023-03-07,271.0,0.07,WorthPoint
nwa-lunar-meteorite,.346 Grams 12x7x4mm NWA 14577 Lunar Fragmental Breccia Meteorite With COA,24.99,2023-03-07,346.0,0.07,WorthPoint
nwa-lunar-meteorite,7.10 Grams 26x20x10mm NWA 15373 End Cut Lunar Fragmental Breccia Meteorite COA,249.99,2023-03-07,7.1,35.21,WorthPoint
nwa-lunar-meteorite,NWA 10964 Meteorite Lunar Moon Rock Part Slice Weight 1.22 Grams,120.0,2023-03-07,1.22,98.36,WorthPoint
nwa-lunar-meteorite,NWA 15373 Lunar 4.00g SALE! Part Slice Feldspathic Breccia Moon Rock,194.0,2023-03-06,4.0,48.5,WorthPoint
nwa-lunar-meteorite,.854 Gram 14x12x2mm NWA 14681 Lunar RARE (troctolitic Anorthosite) Meteorite COA,110.0,2023-03-06,854.0,0.13,WorthPoint
nwa-lunar-meteorite,1.06 Grams 21mm NWA 15373 Slice Of Lunar Fragmental Breccia Meteorite With A COA,34.99,2023-03-05,1.06,33.01,WorthPoint
nwa-lunar-meteorite,.159 Grams NWA 12971 Lunar (troctolitic Melt Rock) METEORITE Fragment - With COA,9.99,2023-03-04,159.0,0.06,WorthPoint
nwa-lunar-meteorite,NWA 15373 Lunar 2.16g Part Slice Feldspathic Breccia Moon Rock,86.0,2023-03-04,2.16,39.81,WorthPoint
nwa-lunar-meteorite,NWA 15373 Lunar 1.10g Part Slice Feldspathic Breccia Moon Rock,56.0,2023-03-04,1.1,50.91,WorthPoint
nwa-lunar-meteorite,NWA 14685 Lunar 1.48g Part Slice Of A Fantastic Fragmental Breccia,74.0,2023-03-04,1.48,50.0,WorthPoint
nwa-lunar-meteorite,.945 Grams 15mm NWA 15373 Slice Of Lunar Fragmental Breccia Meteorite With A COA,32.99,2023-03-03,945.0,0.03,WorthPoint
nwa-lunar-meteorite,1.17 Grams 15mm NWA 15373 End Cut Lunar Fragmental Breccia Meteorite With A COA,41.99,2023-03-01,1.17,35.89,WorthPoint
nwa-lunar-meteorite,".367 Grams NWA 13951 ""starry Night"" Lunar Meteorite Feldspathic Breccia With COA",32.99,2023-03-01,367.0,0.09,WorthPoint
nwa-lunar-meteorite,".880 Grams NWA 13951 ""starry Night"" Lunar Meteorite Feldspathic Breccia With COA",76.99,2023-03-01,880.0,0.09,WorthPoint
nwa-lunar-meteorite,"Meteorite**NWA 14188; Lunar Mare Basaltic Breccia**1.164 Grams,Extremely Rare!!",162.5,2023-03-01,1.164,139.6,WorthPoint
nwa-lunar-meteorite,Meteorite: Lunar Feldspathic Breccia NWA 13859. 0.75 Grams,20.0,2023-02-27,0.75,26.67,WorthPoint
nwa-lunar-meteorite,"Meteorite**NWA 11228, Lunar Frag. Breccia**5.074 Gram, Gorgeous Endcut!!BEST!!",132.38,2023-02-27,5.074,26.09,WorthPoint
nwa-lunar-meteorite,"Meteorite**NWA 15373, Lunar Fragmental Breccia**14.062 Gram Gorgeous Slice!!!!",390.0,2023-02-27,14.062,27.73,WorthPoint
nwa-lunar-meteorite,Meteorite: Lunar Feldspathic Breccia NWA 13859. 136 Grams!,400.0,2023-02-26,136.0,2.94,WorthPoint
nwa-lunar-meteorite,.319 Grams 8mm NWA 11273 Lunar Moon Meteorite Cut Fragment With A COA,23.99,2023-02-26,319.0,0.08,WorthPoint
nwa-lunar-meteorite,"1.07 Grams NWA 13951 ""starry Night"" Lunar Meteorite Feldspathic Breccia With COA",94.99,2023-02-26,1.07,88.78,WorthPoint
nwa-lunar-meteorite,"2.22 Gram NWA 13951 ""starry Night"" Lunar Meteorite Feldspathic Breccia With COA",199.0,2023-02-25,2.22,89.64,WorthPoint
nwa-lunar-meteorite,NWA 14685 Lunar 3.56g Part Slice Of A Fantastic Fragmental Breccia,61.0,2023-02-25,3.56,17.13,WorthPoint
nwa-lunar-meteorite,(Extremely Rare) Lunar Breccia Meteorite,2900.0,2023-02-25,,,WorthPoint
nwa-lunar-meteorite,Meteorite NWA 14358 Achondrite Lunar - G731-0176 - Micro - Feldspathic Breccia,6.5,2023-02-23,,,WorthPoint
nwa-lunar-meteorite,Meteorite: Lunar Feldspathic Breccia NWA 13859. 21.31 Grams!,50.0,2023-02-22,21.31,2.35,WorthPoint
nwa-lunar-meteorite,46.67 Gram NWA 10644 METEORITE End Cut - Lunar (feldsp. Breccia) Ex Mendy O.,3996.0,2023-02-22,46.67,85.62,WorthPoint
nwa-lunar-meteorite,1.53 Grams 23x13x4mm NWA 11182 Lunar Moon End Cut Meteorite Feldsp. Breccia +COA,109.0,2023-02-22,1.53,71.24,WorthPoint
nwa-lunar-meteorite,"Meteorite**NWA 13788, NEW LUNAR IMPACT MELT BRECCIA**7.500 Gram,Beautiful Slice!",202.5,2023-02-20,7.5,27.0,WorthPoint
nwa-lunar-meteorite,"Meteorite**NWA 11228, Lunar Felds. Breccia**4.550 Gram, Gorgeous Unique Endcut!!",91.01,2023-02-20,4.55,20.0,WorthPoint
nwa-lunar-meteorite,"Meteorite**NWA 13788, NEW LUNAR MELT BRECCIA**21.146 Gram Slice, W/High Metal!",537.72,2023-02-20,21.146,25.43,WorthPoint
nwa-lunar-meteorite,"Meteorite**NWA 11237, Lunar Felds. Breccia**5.191 Gram, Gorgeous Individual!!!",124.5,2023-02-20,5.191,23.98,WorthPoint
nwa-lunar-meteorite,"Meteorite**NWA 11237, Lunar Felds. Breccia**10.922 Gram, Gorgeous Individual!!!",228.5,2023-02-20,10.922,20.92,WorthPoint
nwa-lunar-meteorite,"Meteorite**NWA 12971, Lunar Troc. Melt Rock**3.225 Grams; Extremely Rare 1 Of 1!",118.5,2023-02-20,3.225,36.74,WorthPoint
nwa-lunar-meteorite,"NWA 15286 ""everything Rare"" Lunar Melt Breccia Meteorite. 8.0g, Polished Slice",355.0,2023-02-20,8.0,44.38,WorthPoint
nwa-lunar-meteorite,NWA 15373 Lunar 1.02g Part Slice Feldspathic Breccia Moon Rock,52.0,2023-02-19,1.02,50.98,WorthPoint
nwa-lunar-meteorite,13.41 G NWA 11303 Extra THIN Lunar (Moon) Meteorite Specimen (feldsp. Breccia),700.0,2023-02-19,13.41,52.2,WorthPoint
nwa-lunar-meteorite,NWA 13951 Lunar 3.41g 'Starry Night' Feldspathic Breccia Moon Rock,52.0,2023-02-18,3.41,15.25,WorthPoint
nwa-lunar-meteorite,Meteorite: Lunar Feldspathic Breccia NWA 15018 End Cut 3.125 Grams #612,157.0,2023-02-18,3.125,50.24,WorthPoint
nwa-lunar-meteorite,2016 1 Oz Silver Burkina Faso LUNAR METEORITE Convex NWA 10546 Nano Chip Coin.,309.95,2023-02-16,28.35,10.93,WorthPoint
nwa-lunar-meteorite,.123 Grams 6x5x3mm NWA 10644 Lunar Feldspathic Breccia Meteorite Fragment W/ COA,19.99,2023-02-15,123.0,0.16,WorthPoint
nwa-lunar-meteorite,NWA 14358 Achondrite Lunar Meteorite - G731-0162 - Feldspathic Breccia - P-Slice,16.95,2023-02-14,,,WorthPoint
nwa-lunar-meteorite,1.06 Grams 13x9x6mm NWA 8455 Lunar Individual Moon Meteorite,20.0,2023-02-14,1.06,18.87,WorthPoint
nwa-lunar-meteorite,"2.06 Gram NWA 13951 ""starry Night"" Lunar Meteorite Feldspathic Breccia With COA",174.0,2023-02-13,2.06,84.47,WorthPoint
nwa-lunar-meteorite,"Lunar Fragmental Breccia Meteorite NWA 14576, 17.3g, Slice Of MOON!",350.0,2023-02-13,17.3,20.23,WorthPoint
nwa-lunar-meteorite,Meteorite NWA 14358 Achondrite Lunar - G731-0174 - Micro - Feldspathic Breccia,5.5,2023-02-12,,,WorthPoint
nwa-lunar-meteorite,Meteorite ** Lunar Fragmental Breccia ** NWA 15373 ** 3.3 Gram Slice,70.0,2023-02-12,3.3,21.21,WorthPoint
nwa-lunar-meteorite,NWA 14685 Lunar 0.56g Part Slice Of A Fantastic Fragmental Breccia,38.0,2023-02-11,0.56,67.86,WorthPoint
nwa-lunar-meteorite,NWA 15373 Lunar 0.43g Part Slice Feldspathic Breccia Moon Rock,26.0,2023-02-11,0.43,60.47,WorthPoint
nwa-lunar-meteorite,NWA 15373 Lunar 1.07g Part Slice Feldspathic Breccia Moon Rock,56.0,2023-02-11,1.07,52.34,WorthPoint
nwa-lunar-meteorite,Meteorite ** Lunar Fragmental Breccia ** NWA 15373 ** 5.3 Gram Slice,51.0,2023-02-11,5.3,9.62,WorthPoint
nwa-lunar-meteorite,NWA 5000 Lunar Meteorite Moon Dust 1 Gram,269.98,2023-02-11,1.0,269.98,WorthPoint
nwa-lunar-meteorite,NWA 14685 Lunar 0.37g Endcut Of A Fantastic Fragmental Breccia,12.5,2023-02-11,0.37,33.78,WorthPoint
nwa-lunar-meteorite,47.7 G- NWA 14685 LUNAR METEORITE Slice [Lunar Frag. Breccia] Only $50 Per Gram,1669.5,2023-02-10,47.7,35.0,WorthPoint
nwa-lunar-meteorite,".810 Grams NWA 13951 ""starry Night"" Lunar Meteorite Feldspathic Breccia With COA",70.99,2023-02-09,810.0,0.09,WorthPoint
nwa-lunar-meteorite,1.83 Grams 16mm NWA 15373 As Found Lunar Fragmental Breccia Meteorite With A COA,67.0,2023-02-08,1.83,36.61,WorthPoint
nwa-lunar-meteorite,.276 Grams 8mm NWA 11788 Lunar Meteorite (feldspathic Breccia) Comes With A COA,25.0,2023-02-08,276.0,0.09,WorthPoint
nwa-lunar-meteorite,.232 Grams 8x6x3mm NWA 14685 Lunar Slice Fragment Breccia Meteorite With COA,24.99,2023-02-08,232.0,0.11,WorthPoint
nwa-lunar-meteorite,0.42 G NWA 11182 Lunar (Moon) Meteorite Frag (feldsp. Breccia) Found In Africa,59.5,2023-02-08,0.42,141.67,WorthPoint
nwa-lunar-meteorite,Meteorite: Lunar Feldspathic Breccia NWA 13859 Whole Individual 1.075 Grams #934,75.0,2023-02-06,1.075,69.77,WorthPoint
nwa-lunar-meteorite,2009 Cook Islands $5 Silver Moon Coin With Piece Of NWA 4881 Lunar Meteorite,324.95,2023-02-05,,,WorthPoint
nwa-lunar-meteorite,MUSEUM EDITION - 3 MOON ROCK DISPLAY- 33mg LUNAR METEORITE - Jumbo Display+Easel,33.95,2023-02-05,,,WorthPoint
nwa-lunar-meteorite,NWA 14358 Achondrite Lunar Meteorite - G731-0163 - Feldspathic Breccia - P-Slice,18.95,2023-02-04,,,WorthPoint
nwa-lunar-meteorite,NWA 15373 Lunar 3.28g Part Slice Feldspathic Breccia Moon Rock,131.0,2023-02-04,3.28,39.94,WorthPoint
nwa-lunar-meteorite,NWA 14685 Lunar 1.91g Part Slice Of A Fantastic Fragmental Breccia,62.98,2023-02-04,1.91,32.97,WorthPoint
nwa-lunar-meteorite,NWA 14685 Lunar 0.21g Part Slice Of A Fantastic Fragmental Breccia,15.0,2023-02-04,0.21,71.43,WorthPoint
nwa-lunar-meteorite,NWA 14685 Lunar 0.61g Part Slice Of A Fantastic Fragmental Breccia,39.0,2023-02-02,0.61,63.93,WorthPoint
nwa-lunar-meteorite,"NWA 14685 (8.387g) Lunar Meteorite, Polished Slice, A+ Quality, Free Stand, IMCA",560.0,2023-02-01,8.387,66.77,WorthPoint
nwa-lunar-meteorite,"NWA 14755 Lunar Feldspathic Breccia 2.22g Stone Polished Face, Hold The Moon",62.0,2023-02-01,2.22,27.93,WorthPoint
nwa-lunar-meteorite,2.39 Grams 23x11x8mm NWA 8455 Lunar Moon Meteorite Whole Individual With COA,159.0,2023-01-30,2.39,66.53,WorthPoint
nwa-lunar-meteorite,0.50 G NWA 14729 Lunar (polymict Anorthositic Troctolite Melt Breccia) Meteorite,120.0,2023-01-29,0.5,240.0,WorthPoint
nwa-lunar-meteorite,2.14 Grams 23x15x3mm Slice NWA 14577 Lunar Fragmental Breccia Meteorite With COA,129.99,2023-01-29,2.14,60.74,WorthPoint
nwa-lunar-meteorite,Meteorite: Lunar Granulitic Breccia NWA 4881 Slice Fragment 0.243 Grams #393,36.0,2023-01-28,0.243,148.15,WorthPoint
nwa-lunar-meteorite,.133 Grams NWA 11273 Lunar Moon Meteorite Cut Fragments With A COA,6.99,2023-01-28,133.0,0.05,WorthPoint
nwa-lunar-meteorite,NWA 15373 Lunar 0.92g Part Slice Feldspathic Breccia Moon Rock,37.0,2023-01-28,0.92,40.22,WorthPoint
nwa-lunar-meteorite,"LUNAR METEORITE, NWA 5000 (MOON ROCK), Very Rare",315.0,2023-01-27,,,WorthPoint
nwa-lunar-meteorite,"NWA 14755 Lunar Feldspathic Breccia 5.5g Stone With Polished Face, Hold The Moon",138.5,2023-01-26,5.5,25.18,WorthPoint
nwa-lunar-meteorite,.569 Grams 9x7x6mm NWA 8455 Lunar Individual Moon Meteorite NorthWest Africa,29.99,2023-01-24,569.0,0.05,WorthPoint
nwa-lunar-meteorite,Meteorite ** Lunar Fragmental Breccia ** NWA 15373 ** 5.6 Grams End Cut!,113.5,2023-01-22,5.6,20.27,WorthPoint
nwa-lunar-meteorite,"Meteorite**NWA 11228, Lunar Felds. Breccia**1.441 Gram, Beautiful Best Endcut!!!",47.89,2023-01-22,1.441,33.23,WorthPoint
nwa-lunar-meteorite,"Meteorite**NWA 11237, Lunar Felds. Breccia**1.289 Gram, Gorgeous Endcut!!!!",57.0,2023-01-22,1.289,44.22,WorthPoint
nwa-lunar-meteorite,"Meteorite**NWA 11228, Lunar Felds. Breccia**2.997 Gram, Beautiful Lot!!",61.0,2023-01-22,2.997,20.35,WorthPoint
nwa-lunar-meteorite,"Meteorite**NWA 15373, Lunar Fragmental Breccia**4.796 Gram Gorgeous Slice!!!!",150.0,2023-01-22,4.796,31.28,WorthPoint
nwa-lunar-meteorite,"Meteorite**NWA 11228, Lunar Felds. Breccia**2.208 Gram, Beautiful Endcut!!",67.0,2023-01-22,2.208,30.34,WorthPoint
nwa-lunar-meteorite,NWA 14685 Lunar 2.07g Part Slice Of A Fantastic Fragmental Breccia,60.0,2023-01-21,2.07,28.99,WorthPoint
nwa-lunar-meteorite,NWA 15373 Lunar 1.33g Part Slice Feldspathic Breccia Moon Rock,55.0,2023-01-21,1.33,41.35,WorthPoint
nwa-lunar-meteorite,NWA 11788 0.46g Part Slice Of Lunar Feldspathic Breccia Meteorite,25.0,2023-01-21,0.46,54.35,WorthPoint
nwa-lunar-meteorite,.341 Grams 8x5x5mm NWA 11421 Lunar Moon Meteorite As Found With C.O.A.,34.0,2023-01-20,341.0,0.1,WorthPoint
nwa-lunar-meteorite,Lunar-like NWA 4664 DIOGENITE(pm) Meteorite Part Slice - 1.69g,35.0,2023-01-18,1.69,20.71,WorthPoint
nwa-lunar-meteorite,RARE 14.3 Gram NWA 6355 METEORITE Signed By CHARLIE DUKE Apollo 16 Moon Walker!,3496.5,2023-01-17,14.3,244.51,WorthPoint
nwa-lunar-meteorite,"Meteorite**NWA 14681, Lunar Troc. Anorthosite**1.312 Gram Slice, Very Rare Lunar",152.5,2023-01-16,1.312,116.23,WorthPoint
nwa-lunar-meteorite,"Meteorite**NWA 11228, Lunar Felds. Breccia**1.268 Gram, Beautiful Endcut!!",31.2,2023-01-16,1.268,24.61,WorthPoint
nwa-lunar-meteorite,"Meteorite**NWA 11228, Lunar Felds. Breccia**0.794 Gram, Beautiful Endcut!!",22.5,2023-01-16,0.794,28.34,WorthPoint
nwa-lunar-meteorite,"Meteorite**NWA 11237, Lunar Felds. Breccia**1.0 Gram, Beautiful Slice!",63.99,2023-01-15,1.0,63.99,WorthPoint
nwa-lunar-meteorite,NWA 11788 Lunar Meteorite 5 Grams Total,65.0,2023-01-15,5.0,13.0,WorthPoint
nwa-lunar-meteorite,Meteorite ** Lunar Fragmental Breccia ** NWA 15373 ** 2.9 Grams End Cut!,59.0,2023-01-15,2.9,20.34,WorthPoint
nwa-lunar-meteorite,1.23 Grams 18x14x2mm NWA 11474 Lunar Feldsp. Breccia Meteorite Slice With A COA,104.99,2023-01-15,1.23,85.36,WorthPoint
nwa-lunar-meteorite,NWA 15373 Lunar 0.79g Part Slice Feldspathic Breccia Moon Rock,42.0,2023-01-14,0.79,53.16,WorthPoint
nwa-lunar-meteorite,NWA 15373 Lunar 4.43g Part Slice Feldspathic Breccia Moon Rock,177.0,2023-01-14,4.43,39.95,WorthPoint
nwa-lunar-meteorite,NWA 15373 Lunar 0.51g Part Slice Feldspathic Breccia Moon Rock,21.0,2023-01-14,0.51,41.18,WorthPoint
nwa-lunar-meteorite,NWA 14041 Meteorite Lunar Moon Rock Part Slice Weight .548 Grams,68.0,2023-01-09,548.0,0.12,WorthPoint
nwa-lunar-meteorite,"Meteorite**NWA 14900; LUNAR FRAGMENTAL BRECCIA**3.956 Gram, W/Dunite Clasts!!!",168.5,2023-01-09,3.956,42.59,WorthPoint
nwa-lunar-meteorite,"Meteorite**NWA 15373, Lunar Fragmental Breccia**3.138 Gram Gorgeous Slice!!!!",134.5,2023-01-09,3.138,42.86,WorthPoint
nwa-lunar-meteorite,"Meteorite**NWA 11228, Lunar Felds. Breccia**3.360 Gram, Nice Endcut & Individual",90.0,2023-01-09,3.36,26.79,WorthPoint
nwa-lunar-meteorite,"Meteorite**NWA 14681, Lunar Troc. Anorthosite**1.763 Gram Slice,Very Rare Lunar",197.28,2023-01-09,1.763,111.9,WorthPoint
nwa-lunar-meteorite,"Meteorite**NWA 032; Lunar Mare Basalt**0.324 Gram Frag. Slice, Historic Lunar!!!",265.0,2023-01-09,0.324,817.9,WorthPoint
nwa-lunar-meteorite,Meteorite NWA 14358 Achondrite Lunar - G731-0158 - Micro - Feldspathic Breccia,5.5,2023-01-08,,,WorthPoint
nwa-lunar-meteorite,NWA 14685 Lunar 4.99g Part Slice Of A Fantastic Fragmental Breccia,249.0,2023-01-07,4.99,49.9,WorthPoint
nwa-lunar-meteorite,NWA 11182 Lunar 1.68g Feldspathic Breccia Slice Of The Moon,84.0,2023-01-07,1.68,50.0,WorthPoint
nwa-lunar-meteorite,NWA 15373 Lunar 3.15g Part Slice Feldspathic Breccia Moon Rock,125.0,2023-01-07,3.15,39.68,WorthPoint
nwa-lunar-meteorite,NWA 15373 Lunar 1.20g Part Slice Feldspathic Breccia Moon Rock,46.0,2023-01-07,1.2,38.33,WorthPoint
nwa-lunar-meteorite,"Meteorite**NWA 13788, NEW LUNAR IMPACT MELT BRECCIA**5.712 Gram,Beautiful Slice!",429.99,2023-01-06,5.712,75.28,WorthPoint
nwa-lunar-meteorite,NWA 5000 - LUNAR METEORITE FRAGMENT / MOON ROCK - Feldsp Breccia - Hupe,39.0,2023-01-06,,,WorthPoint
nwa-lunar-meteorite,Meteorite ** Lunar Fragmental Breccia ** NWA 15373 ** 9.2 Grams Slice,182.5,2023-01-05,9.2,19.84,WorthPoint
nwa-lunar-meteorite,2015 $50 Niue Meteorite Kilogram Silver Coin. Lunar NWA 5000 Only 99 Made!,2200.0,2023-01-04,,,WorthPoint
nwa-lunar-meteorite,Meteorite NWA 14358 Achondrite Lunar - G731-0154 - Micro - Feldspathic Breccia,7.71,2023-01-02,,,WorthPoint
nwa-lunar-meteorite,"Meteorite**NWA 11228, Lunar Frag. Breccia**0.907 Gram, Gorgeous Unique Endcut!!",30.0,2023-01-02,0.907,33.08,WorthPoint
nwa-lunar-meteorite,"Meteorite**NWA 14900; LUNAR FRAGMENTAL BRECCIA**3.838 Gram, W/+6 Lithologies!!!",416.0,2023-01-02,3.838,108.39,WorthPoint
nwa-lunar-meteorite,"Meteorite**NWA 11228, Lunar Felds. Breccia**1.173 Gram, Gorgeous Unique Endcut!!",40.0,2023-01-02,1.173,34.1,WorthPoint
nwa-lunar-meteorite,Meteorite NWA 14358 Achondrite Lunar - G731-0157 - Micro - Feldspathic Breccia,6.1,2023-01-01,,,WorthPoint
nwa-lunar-meteorite,NWA 14358 Achondrite Lunar Meteorite - G731-0161 - Feldspathic Breccia - P-Slice,10.95,2022-12-31,,,WorthPoint
nwa-lunar-meteorite,Meteorite NWA 14358 Achondrite Lunar - G731-0156 - Micro - Feldspathic Breccia,9.06,2022-12-31,,,WorthPoint
nwa-lunar-meteorite,Meteorite: Lunar Feldspathic Breccia NWA 15018 End Cut 1.897 Grams #648,95.0,2022-12-31,1.897,50.08,WorthPoint
nwa-lunar-meteorite,NWA 15373 Lunar 4.32g Part Slice Feldspathic Breccia Moon Rock,154.5,2022-12-31,4.32,35.76,WorthPoint
nwa-lunar-meteorite,NWA 15373 Lunar 1.19g Part Slice Feldspathic Breccia Moon Rock,48.0,2022-12-31,1.19,40.34,WorthPoint
nwa-lunar-meteorite,NWA 15373 Lunar 0.48g Part Slice Feldspathic Breccia Moon Rock,31.0,2022-12-31,0.48,64.58,WorthPoint
nwa-lunar-meteorite,Meteorite ** Lunar Fragmental Breccia ** NWA 15373 End Cut ** 6.8 Grams,177.5,2022-12-31,6.8,26.1,WorthPoint
nwa-lunar-meteorite,NWA 14358 Achondrite Lunar Meteorite - G731-0165 - Feldspathic Breccia - P-Slice,17.95,2022-12-30,,,WorthPoint
nwa-lunar-meteorite,#40B2 MOON LUNAR METEORITE 45.74 G Feldspathic Breccia W/metal NWA 11828,1600.0,2022-12-29,45.74,34.98,WorthPoint
nwa-lunar-meteorite,NWA 15051 Lunar Meteorite üåô Moon Rock 1.14 Gram Slice By Steve Of Meteorite Men,165.0,2022-12-27,1.14,144.74,WorthPoint
nwa-lunar-meteorite,"Meteorite**NWA 11228, Lunar Felds. Breccia**1.483 Gram, Gorgeous Unique Endcut!!",67.0,2022-12-26,1.483,45.18,WorthPoint
nwa-lunar-meteorite,"Meteorite**NWA 11237, Lunar Felds. Breccia**1.072 Gram, Gorgeous Endcut!!!!",69.0,2022-12-26,1.072,64.37,WorthPoint
nwa-lunar-meteorite,"Meteorite**NWA 15373, Lunar Fragmental Breccia**2.002 Gram Gorgeous Slice!!!!",85.0,2022-12-26,2.002,42.46,WorthPoint
nwa-lunar-meteorite,"Meteorite**NWA 14681, Lunar Troc. Anorthosite**1.442 Gram Slice,Very Rare Lunar",207.5,2022-12-26,1.442,143.9,WorthPoint
nwa-lunar-meteorite,"Meteorite**NWA 11228, Lunar Felds. Breccia**1.697 Gram, Gorgeous Unique Endcut!!",50.0,2022-12-26,1.697,29.46,WorthPoint
nwa-lunar-meteorite,"Meteorite**NWA 11228, Lunar Felds. Breccia**2.206 Gram, Gorgeous Unique Endcut!!",66.0,2022-12-26,2.206,29.92,WorthPoint
nwa-lunar-meteorite,Lunar (moon) And Martian Meteorite (2 Meteorites),19.0,2022-12-25,,,WorthPoint
nwa-lunar-meteorite,10.21 Grams 60x38x2mm NWA 13951 Starry Night Lunar Meteorite Feldspathic Breccia,770.0,2022-12-25,10.21,75.42,WorthPoint
nwa-lunar-meteorite,8.18 Grams 52x35x2mm NWA 13951 Starry Night Lunar Meteorite Feldspathic Breccia,620.0,2022-12-25,8.18,75.79,WorthPoint
nwa-lunar-meteorite,5.98 Grams 37x35x2mm NWA 13951 Starry Night Lunar Meteorite Feldspathic Breccia,479.99,2022-12-25,5.98,80.27,WorthPoint
nwa-lunar-meteorite,6.51 Grams 50x28x2mm NWA 13951 Starry Night Lunar Meteorite Feldspathic Breccia,489.0,2022-12-25,6.51,75.12,WorthPoint
nwa-lunar-meteorite,4.62 Grams 35x25x2mm NWA 13951 Starry Night Lunar Meteorite Feldspathic Breccia,369.95,2022-12-25,4.62,80.08,WorthPoint
nwa-lunar-meteorite,3.97 Grams 38x23x2mm NWA 13951 Starry Night Lunar Meteorite Feldspathic Breccia,395.0,2022-12-25,3.97,99.5,WorthPoint
nwa-lunar-meteorite,"7.93 Grams 46x39xmm NWA 13951 ""starry Night"" Lunar Meteorite Feldspathic Breccia",529.0,2022-12-25,7.93,66.71,WorthPoint
nwa-lunar-meteorite,".901 Gram 18x10x2mm NWA 13951 ""starry Night"" Lunar Meteorite Feldspathic Breccia",76.99,2022-12-25,901.0,0.09,WorthPoint
nwa-lunar-meteorite,"1.32 Gram 20x15x2mm NWA 13951 ""starry Night"" Lunar Meteorite Feldspathic Breccia",104.99,2022-12-25,1.32,79.54,WorthPoint
nwa-lunar-meteorite,"1.12 Gram 18x15x3mm NWA 13951 ""starry Night"" Lunar Meteorite Feldspathic Breccia",89.99,2022-12-25,1.12,80.35,WorthPoint
nwa-lunar-meteorite,".379 Grams 10x6x3mm NWA 13951 ""starry Night"" Lunar Meteorite Feldspathic Breccia",32.99,2022-12-25,379.0,0.09,WorthPoint
nwa-lunar-meteorite,".707 Grams 15x9x3mm NWA 13951 ""starry Night"" Lunar Meteorite Feldspathic Breccia",59.0,2022-12-25,707.0,0.08,WorthPoint
nwa-lunar-meteorite,"1.65 Gram 26x15x2mm NWA 13951 ""starry Night"" Lunar Meteorite Feldspathic Breccia",124.99,2022-12-25,1.65,75.75,WorthPoint
nwa-lunar-meteorite,NWA 11266 Lunar Feldspathic Breccia Meteorite 1.1 Gram Fragment,41.0,2022-12-24,1.1,37.27,WorthPoint
nwa-lunar-meteorite,.867 Grams 19x11x2mm NWA 11182 Lunar Slice Meteorite (feldsp. Breccia) With COA,54.99,2022-12-24,867.0,0.06,WorthPoint
nwa-lunar-meteorite,NWA 15373 Lunar 3.78g Part Slice Feldspathic Breccia Moon Rock,99.55,2022-12-24,3.78,26.34,WorthPoint
nwa-lunar-meteorite,NWA 15373 Lunar 1.38g Part Slice Feldspathic Breccia Moon Rock,64.0,2022-12-24,1.38,46.38,WorthPoint
nwa-lunar-meteorite,2016 Lady Liberty Ounce Of Walking On Moon Lunar Meteorite Silver Coin 1/1000,75.0,2022-12-23,,,WorthPoint
nwa-lunar-meteorite,1.96 Grams 16mm NWA 15373 As Found Lunar Fragmental Breccia Meteorite With A COA,59.0,2022-12-23,1.96,30.1,WorthPoint
nwa-lunar-meteorite,.841 Grams 13mm NWA 15373 As Found Lunar Fragmental Breccia Meteorite With A COA,19.99,2022-12-22,841.0,0.02,WorthPoint
nwa-lunar-meteorite,1.59 Grams NWA 13974 Lunar Cut Fragment Moon Meteorite With A COA,84.99,2022-12-22,1.59,53.45,WorthPoint
nwa-lunar-meteorite,Meteorite: Lunar Feldspathic Breccia NWA 15018 Slice 1.27 Grams #657,64.0,2022-12-22,1.27,50.39,WorthPoint
nwa-lunar-meteorite,1.95 Gram - NWA 14685 LUNAR METEORITE Thin Slice - Lunar (frag. Breccia),203.0,2022-12-21,1.95,104.1,WorthPoint
nwa-lunar-meteorite,"Meteorite**NWA 15373, Lunar Fragmental Breccia**8.116 Gram Gorgeous Slice!!!!",199.5,2022-12-21,8.116,24.58,WorthPoint
nwa-lunar-meteorite,"MOON PIECE! Bechar 003 Lunar Breccia Meteorite, 2.0g Polished Piece Of The Moon!",63.0,2022-12-21,2.0,31.5,WorthPoint
nwa-lunar-meteorite,NWA 5000 Lunar Meteorite Moon Rock Hupe Provenance MG Fragment NR,15.0,2022-12-19,,,WorthPoint
nwa-lunar-meteorite,"Meteorite**NWA 11228, Lunar Felds Breccia**3.567 Gram Endcut,W/Micro-Gabbro Frag",139.99,2022-12-19,3.567,39.25,WorthPoint
nwa-lunar-meteorite,"Meteorite**NWA 11228, Lunar Felds. Breccia**1.48 Gram Endcut,W/Shock Melt Veins!",40.0,2022-12-19,1.48,27.03,WorthPoint
nwa-lunar-meteorite,"Meteorite**NWA 13951, Lunar Felds Breccia**25.508 Gram Slice, AKA STARRY NIGHT!!",580.0,2022-12-19,25.508,22.74,WorthPoint
nwa-lunar-meteorite,"Meteorite**NWA 11228, Lunar Felds. Breccia**3.120 Gram, Gorgeous Unique Endcut!!",100.0,2022-12-19,3.12,32.05,WorthPoint
nwa-lunar-meteorite,"MOON PIECE! Bechar 003 Lunar Breccia Meteorite, 1.8g Polished Piece Of The Moon!",50.0,2022-12-19,1.8,27.78,WorthPoint
nwa-lunar-meteorite,"LUNAR NWA 14576 Piece Of The MOON, 3.2g Polished Part Slice, Gorgeous 3D-look!",91.0,2022-12-19,3.2,28.44,WorthPoint
nwa-lunar-meteorite,"MOON PIECE! Bechar 003 Lunar Breccia Meteorite, 2.2g Polished Piece Of The Moon!",88.0,2022-12-19,2.2,40.0,WorthPoint
nwa-lunar-meteorite,"MOON PIECE! Bechar 003 Lunar Breccia Meteorite, 5.7g Polished End Of The Moon!",96.0,2022-12-19,5.7,16.84,WorthPoint
nwa-lunar-meteorite,Meteorite: Lunar Feldspathic Breccia NWA 15018 End Cut 0.902 Grams #666,46.0,2022-12-18,0.902,51.0,WorthPoint
nwa-lunar-meteorite,2.39 Grams 19mm NWA 15373 As Found Lunar Fragmental Breccia Meteorite With A COA,69.0,2022-12-18,2.39,28.87,WorthPoint
nwa-lunar-meteorite,.753 Gram 19x12x2mm NWA 11898 Lunar Slice Moon Meteorite Feldspathic Breccia COA,72.0,2022-12-18,753.0,0.1,WorthPoint
nwa-lunar-meteorite,NWA 15373 Lunar 1.87g Part Slice Feldspathic Breccia Moon Rock,75.0,2022-12-17,1.87,40.11,WorthPoint
nwa-lunar-meteorite,NWA 15373 Lunar 1.08g Part Slice Feldspathic Breccia Moon Rock,44.57,2022-12-17,1.08,41.27,WorthPoint
nwa-lunar-meteorite,.349 Grams 14x6x3mm NWA 14685 Lunar Slice Fragment Breccia Meteorite With COA,33.99,2022-12-17,349.0,0.1,WorthPoint
nwa-lunar-meteorite,.050 Grams 4x3x2mm NWA 10644 Lunar Feldspathic Breccia Meteorite Fragment W/ COA,9.99,2022-12-16,50.0,0.2,WorthPoint
nwa-lunar-meteorite,#79 GIVE THEM THE MOON - Lunar Meteorite - 1.14 Grams - NWA 11828,39.9,2022-12-15,79.0,0.51,WorthPoint
nwa-lunar-meteorite,33.71 G- NWA 14685 LUNAR METEORITE Slice [Lunar Frag. Breccia] Only $50 Per Gram,1685.0,2022-12-14,33.71,49.99,WorthPoint
nwa-lunar-meteorite,NWA 11182 Lunar 1.24g Feldspathic Breccia Slice Of The Moon,82.0,2022-12-13,1.24,66.13,WorthPoint
nwa-lunar-meteorite,Meteorite: Lunar Feldspathic Breccia NWA 15018 Whole Individual 1.19 Grams #530,59.5,2022-12-12,1.19,50.0,WorthPoint
nwa-lunar-meteorite,"Meteorite**NWA 11228, Lunar Frag. Breccia**1.656 Gram, Gorgeous Unique Endcut!!",49.99,2022-12-12,1.656,30.19,WorthPoint
nwa-lunar-meteorite,"Meteorite**NWA 11228, Lunar Frag. Breccia**3.286 Gram, Gorgeous Unique Endcut!!",81.0,2022-12-12,3.286,24.65,WorthPoint
nwa-lunar-meteorite,"Meteorite**NWA 8687, Lunar Troctolitic**8.216 Gram Endcut!! HIGHLY SHOCKED!!!",760.0,2022-12-12,8.216,92.5,WorthPoint
nwa-lunar-meteorite,Part Of The MOON! NWA 14686 Lunar Meteorite. 6.8g MOON Polished Both Side!,210.5,2022-12-12,6.8,30.96,WorthPoint
nwa-lunar-meteorite,"Meteorite**NWA 11237, Lunar Felds. Breccia**1.869 Gram, Gorgeous Golden Endcut!",78.75,2022-12-12,1.869,42.13,WorthPoint
nwa-lunar-meteorite,"Meteorite**NWA 11228, Lunar Frag. Breccia**2.999 Gram, Gorgeous Unique Endcut!!",88.0,2022-12-12,2.999,29.34,WorthPoint
nwa-lunar-meteorite,"LUNAR NWA 14576 Piece Of The MOON, 3.7g Polished Part Slice, Gorgeous 3D-look!",107.89,2022-12-12,3.7,29.16,WorthPoint
nwa-lunar-meteorite,"MOON PIECE! Bechar 003 Lunar Breccia Meteorite, 3.3g Polished Piece Of The Moon!",71.0,2022-12-12,3.3,21.52,WorthPoint
nwa-lunar-meteorite,"MOON PIECE! Bechar 003 Lunar Breccia Meteorite, 2.5g Polished Piece Of The Moon!",99.0,2022-12-12,2.5,39.6,WorthPoint
nwa-lunar-meteorite,"Meteorite**NWA 14681, Lunar Troc. Anorthosite**4.842 Gram Slice,Very Rare Lunar",202.5,2022-12-12,4.842,41.82,WorthPoint
nwa-lunar-meteorite,Meteorite: Lunar Feldspathic Breccia NWA 15018 End Cut 0.876 Grams #684,44.0,2022-12-11,0.876,50.23,WorthPoint
nwa-lunar-meteorite,Meteorite: Lunar Feldspathic Breccia NWA 15018 Full Slice 0.620 Grams #639,31.0,2022-12-11,0.62,50.0,WorthPoint
nwa-lunar-meteorite,#62 GIVE THEM THE MOON - Lunar Meteorite - 2.36 Grams - NWA 11828,82.6,2022-12-11,62.0,1.33,WorthPoint
nwa-lunar-meteorite,Meteorite: Lunar Feldspathic Breccia NWA 15018 End Cut 1.103 Grams #675,56.0,2022-12-10,1.103,50.77,WorthPoint
nwa-lunar-meteorite,NWA 14685 Lunar 3.27g SALE! Part Slice Of A Fantastic Fragmental Breccia,130.0,2022-12-10,3.27,39.76,WorthPoint
nwa-lunar-meteorite,NWA 15373 Lunar 1.58g Full Slice Feldspathic Breccia Moon Rock,63.0,2022-12-10,1.58,39.87,WorthPoint
nwa-lunar-meteorite,"1.07 Gram 15x12x3mm NWA 13951 ""starry Night"" Lunar Meteorite Feldspathic Breccia",82.0,2022-12-10,1.07,76.64,WorthPoint
nwa-lunar-meteorite,".551 Gram 14x10x3mm NWA 13951 ""starry Night"" Lunar Meteorite Feldspathic Breccia",47.99,2022-12-10,551.0,0.09,WorthPoint
nwa-lunar-meteorite,".481 Grams 14x9x3mm NWA 13951 ""starry Night"" Lunar Meteorite Feldspathic Breccia",43.99,2022-12-10,481.0,0.09,WorthPoint
nwa-lunar-meteorite,NWA 14358 Achondrite Lunar Meteorite - G731-0167 - Feldspathic Breccia - P-Slice,25.95,2022-12-09,,,WorthPoint
nwa-lunar-meteorite,.501 Grams 16x9x3mm Slice NWA 14577 Lunar Fragmental Breccia Meteorite With COA,49.0,2022-12-09,501.0,0.1,WorthPoint
nwa-lunar-meteorite,.807 Grams 15x11x3mm Slice NWA 14577 Lunar Fragmental Breccia Meteorite With COA,69.0,2022-12-09,807.0,0.09,WorthPoint
nwa-lunar-meteorite,.543 Grams 12mm NWA 15373 As Found Lunar Fragmental Breccia Meteorite With A COA,12.99,2022-12-08,543.0,0.02,WorthPoint
nwa-lunar-meteorite,".263 Grams 12x5x2mm NWA 13951 ""starry Night"" Lunar Meteorite Feldspathic Breccia",24.99,2022-12-08,263.0,0.1,WorthPoint
nwa-lunar-meteorite,NWA 5000 Authentic Piece Of MOON üåô .464 Grams Lunar Meteorite Hupe Collection,219.99,2022-12-05,464.0,0.47,WorthPoint
nwa-lunar-meteorite,".154 Grams NWA 13951 ""starry Night"" Lunar Meteorite Feldspathic Breccia With COA",9.99,2022-12-04,154.0,0.06,WorthPoint
nwa-lunar-meteorite,.498 Grams 12x9x3mm NWA 11182 Lunar Moon Meteorite (feldsp. Breccia) With COA,39.99,2022-12-04,498.0,0.08,WorthPoint
nwa-lunar-meteorite,NWA 14358 Achondrite Lunar Meteorite - G731-0166 - Feldspathic Breccia - End Cut,20.0,2022-12-03,,,WorthPoint
nwa-lunar-meteorite,".259 Grams 10x6x2mm NWA 13951 ""starry Night"" Lunar Meteorite Feldspathic Breccia",24.99,2022-12-03,259.0,0.1,WorthPoint
nwa-lunar-meteorite,NWA 14685 Lunar 4.54g Part Slice Of A Fantastic Fragmental Breccia,225.0,2022-12-03,4.54,49.56,WorthPoint
nwa-lunar-meteorite,NWA 13951 Lunar 3.46g 'Starry Night' Feldspathic Breccia Moon Rock,173.0,2022-12-03,3.46,50.0,WorthPoint
nwa-lunar-meteorite,NWA 11788 1.16g Part Slice Of Lunar Feldspathic Breccia Meteorite,63.0,2022-12-03,1.16,54.31,WorthPoint
nwa-lunar-meteorite,Lunar-like NWA 4664 DIOGENITE(pm) Meteorite Part Slice - 4.60 G,57.0,2022-12-02,4.6,12.39,WorthPoint
nwa-lunar-meteorite,NWA 15051 Lunar Meteorite üåô Moon Rock 0.29 Gram Slice By Steve Of Meteorite Men,45.0,2022-12-02,0.29,155.17,WorthPoint
nwa-lunar-meteorite,NWA 12971 Lunar Troctolite Melt Moon Rock Meteorite (1 Of 1) .17g Slice Fragment,70.1,2022-12-01,17.0,4.12,WorthPoint
nwa-lunar-meteorite,NWA 15051 Lunar Meteorite üåô Moon Rock 0.74 Gram Slice By Steve Of Meteorite Men,115.0,2022-12-01,0.74,155.41,WorthPoint
nwa-lunar-meteorite,2.76 Grams 38x13x3mm Slice NWA 14577 Lunar Fragmental Breccia Meteorite With COA,134.0,2022-11-30,2.76,48.55,WorthPoint
nwa-lunar-meteorite,.301 Grams 14mm NWA 11898 Lunar Slice Moon Meteorite Feldspathic Breccia COA,28.99,2022-11-29,301.0,0.1,WorthPoint
nwa-lunar-meteorite,".170 Grams 13x4x2mm NWA 13951 ""starry Night"" Lunar Meteorite Feldspathic Breccia",17.0,2022-11-29,170.0,0.1,WorthPoint
nwa-lunar-meteorite,"Meteorite**NWA 032; Lunar Mare Basalt**0.111 Gram Frag. Slice, Historic Lunar!!!",147.5,2022-11-28,0.111,1328.83,WorthPoint
nwa-lunar-meteorite,"Meteorite**NWA 13951, Lunar Felds Breccia**31.435 Gram Endcut, AKA STARRY NIGHT!",920.0,2022-11-28,31.435,29.27,WorthPoint
nwa-lunar-meteorite,"Meteorite**NWA 14526;LUNAR MARE BASALT**1.547 Gram Endcut, FRONT-SIDE MOON! Rare",328.23,2022-11-28,1.547,212.17,WorthPoint
nwa-lunar-meteorite,"Meteorite**NWA 8687, LUNAR TROCTOLITIC**2.092 GRAM SLICE!! HIGHLY SHOCKED!!!",256.0,2022-11-28,2.092,122.37,WorthPoint
nwa-lunar-meteorite,"NWA 14686, Lunar Fragmental Breccia Meteorite. 41.6g Super Colors! Great Clasts!",911.01,2022-11-28,41.6,21.9,WorthPoint
nwa-lunar-meteorite,.434 Grams 14x8x3mm NWA 14685 Lunar Slice Fragment Breccia Meteorite With COA,43.99,2022-11-27,434.0,0.1,WorthPoint
nwa-lunar-meteorite,.281 Grams 10x8x3mm NWA 11303 Lunar Feldspathic Breccia Meteorite Fragment + COA,27.0,2022-11-25,281.0,0.1,WorthPoint
nwa-lunar-meteorite,Meteorite NWA 14358 Achondrite Lunar - G731-0139 - Feldspathic Breccia - P-Slice,14.95,2022-11-25,,,WorthPoint
nwa-lunar-meteorite,1.21 Gram 22x16x2mm NWA 11898 Lunar Slice Moon Meteorite Feldspathic Breccia COA,99.99,2022-11-24,1.21,82.64,WorthPoint
nwa-lunar-meteorite,"2.20 Gram 24x20x3mm NWA 13951 ""starry Night"" Lunar Meteorite Feldspathic Breccia",159.99,2022-11-24,2.2,72.72,WorthPoint
nwa-lunar-meteorite,.561 Grams 11mm NWA 15373 As Found Lunar Fragmental Breccia Meteorite With A COA,12.99,2022-11-22,561.0,0.02,WorthPoint
nwa-lunar-meteorite,Meteorite NWA 14358 Achondrite Lunar - G731-0140 - Feldspathic Breccia - P-Slice,17.95,2022-11-22,,,WorthPoint
nwa-lunar-meteorite,Genuine Moon Dust! From Lunar Meteorite NWA 11788 0.5 Grams From The Moon! COA,38.0,2022-11-22,0.5,76.0,WorthPoint
nwa-lunar-meteorite,.081 Grams 5x5x2mm NWA 6950 LUNAR GABBRO METEORITE A Glass Top Case With COA,32.99,2022-11-22,81.0,0.41,WorthPoint
nwa-lunar-meteorite,NWA 11266 Lunar Feldspathic Breccia Meteorite 0.8 Gram Fragment,31.51,2022-11-21,0.8,39.39,WorthPoint
nwa-lunar-meteorite,"Lunar Meteorite Set (micro) NWA 4734 Basalt, NWA 6950 Gabbro, NWA 5000 Breccia",120.0,2022-11-21,6950.0,0.02,WorthPoint
nwa-lunar-meteorite,"Meteorite**NWA Unc.; Lunar Felds. Breccia**57.10 Grams Massive Slice, NEW FIND!",1325.0,2022-11-21,57.1,23.2,WorthPoint
nwa-lunar-meteorite,"Meteorite**NWA 14681, Lunar Troc. Anorthosite**11.170 Gram Slice,Very Rare Lunar",380.0,2022-11-21,11.17,34.02,WorthPoint
nwa-lunar-meteorite,"Meteorite**NWA 15373, Lunar Fragmental Breccia**16.642 Gram Gorgeous Slice!!!!",455.0,2022-11-21,16.642,27.34,WorthPoint
nwa-lunar-meteorite,"Meteorite**NWA 14188; Lunar Mare Basaltic Breccia**1.481 Grams,Extremely Rare!!!",162.5,2022-11-21,1.481,109.72,WorthPoint
nwa-lunar-meteorite,8.42 G- NWA 14685 LUNAR METEORITE Slice [Lunar Frag. Breccia] Only $50 Per Gram,336.8,2022-11-21,8.42,40.0,WorthPoint
nwa-lunar-meteorite,"Meteorite**NWA 11237, Lunar Felds. Breccia**2.551 Gram, Gorgeous Unique Slice!!",225.0,2022-11-21,2.551,88.2,WorthPoint
nwa-lunar-meteorite,.504 Grams 10mm NWA 15373 As Found Lunar Fragmental Breccia Meteorite With A COA,16.5,2022-11-20,504.0,0.03,WorthPoint
nwa-lunar-meteorite,NWA 14358 Achondrite Lunar Meteorite - G731-0138 - Feldspathic Breccia - P-Slice,27.0,2022-11-20,,,WorthPoint
nwa-lunar-meteorite,Meteorite NWA 14358 Achondrite Lunar - G731-0145 - Micro - Feldspathic Breccia,10.5,2022-11-19,,,WorthPoint
nwa-lunar-meteorite,.472 Grams 16x6x2mm Slice NWA 14577 Lunar Fragmental Breccia Meteorite With COA,47.0,2022-11-18,472.0,0.1,WorthPoint
nwa-lunar-meteorite,.260 Grams 9x7x3mm NWA 6950 LUNAR GABBRO METEORITE A Plastic Gem Case W/COA,79.99,2022-11-18,260.0,0.31,WorthPoint
nwa-lunar-meteorite,11.86 G- NWA 14685 LUNAR METEORITE Slice [Lunar Frag. Breccia] Only $50 Per Gram,474.4,2022-11-18,11.86,40.0,WorthPoint
nwa-lunar-meteorite,"Meteorite**NWA 15373, Lunar Fragmental Breccia**9.740 Gram Gorgeous Endcut!!!",345.0,2022-11-18,9.74,35.42,WorthPoint
nwa-lunar-meteorite,"Meteorite**NWA 6950; LUNAR GABBRO**0.203 Gram Slice, Extremely Rare Lunar!!!",42.25,2022-11-18,0.203,208.13,WorthPoint
nwa-lunar-meteorite,31.39 G- NWA 14685 LUNAR METEORITE Slice [Lunar Frag. Breccia] Only $50 Per Gram,1256.0,2022-11-16,31.39,40.01,WorthPoint
nwa-lunar-meteorite,Low Price! Fabulous Fragment! Stunning Nwa 11474 Lunar Meteorite! .718 Gms,71.25,2022-11-15,718.0,0.1,WorthPoint
nwa-lunar-meteorite,"21.05g NWA 15377 Lunar Feldspathic Breccia Meteorite. Mirror Polish, Colorful",610.0,2022-11-14,21.05,28.98,WorthPoint
nwa-lunar-meteorite,"NWA 15286 ""everything Rare"" Lunar (troct, Anorth, Basalt) Meteorite. 10.3g Slice",355.0,2022-11-14,10.3,34.47,WorthPoint
nwa-lunar-meteorite,Lunar-like NWA 4664 DIOGENITE(pm) Meteorite Part Slice - 3.57 G,49.0,2022-11-13,3.57,13.73,WorthPoint
nwa-lunar-meteorite,NWA 14685 Lunar 1.19g Part Slice Of A Fantastic Fragmental Breccia,60.0,2022-11-12,1.19,50.42,WorthPoint
nwa-lunar-meteorite,NWA 11182 Lunar 1.20g Feldspathic Breccia Slice Of The Moon,60.0,2022-11-12,1.2,50.0,WorthPoint
nwa-lunar-meteorite,24.2 G- NWA 14685 LUNAR METEORITE Slice [Lunar Frag. Breccia] Only $50 Per Gram,968.0,2022-11-11,24.2,40.0,WorthPoint
nwa-lunar-meteorite,1.75 Grams 21x17x3mm Slice NWA 14577 Lunar Fragmental Breccia Meteorite With COA,79.0,2022-11-11,1.75,45.14,WorthPoint
nwa-lunar-meteorite,14.05g - NWA 14685 LUNAR METEORITE Slice [Lunar Frag. Breccia] Only $50 Per Gram,560.0,2022-11-11,14.05,39.86,WorthPoint
nwa-lunar-meteorite,"Meteorite**NWA 14526;LUNAR MARE BASALT**3.155 Gram Endcut, FRONT-SIDE MOON! Rare",535.25,2022-11-07,3.155,169.65,WorthPoint
nwa-lunar-meteorite,"Meteorite**NWA 14681, Lunar Troc. Anorthosite**9.957 Gram Slice, Very Rare Lunar",305.0,2022-11-07,9.957,30.63,WorthPoint
nwa-lunar-meteorite,Meteorite**NWA Unc.; Lunar Felds. Breccia**7.665 Gram Slice BEAUTIFUL NEW FIND!,98.0,2022-11-07,7.665,12.79,WorthPoint
nwa-lunar-meteorite,"Meteorite**NWA 8687, LUNAR TROCTOLITIC**0.496 GRAM SLICE!! HIGHLY SHOCKED!!!",82.0,2022-11-07,0.496,165.32,WorthPoint
nwa-lunar-meteorite,"Meteorite**NWA 15349; Lunar Frag Breccia**2.120 Gram Fragment Slice, NEW FIND!!!",86.0,2022-11-07,2.12,40.57,WorthPoint
nwa-lunar-meteorite,"Meteorite*Lunar Feldspathic Breccia**7.489 Gram Slice, UNDER CLASSIFICATION!!!",200.0,2022-11-07,7.489,26.71,WorthPoint
nwa-lunar-meteorite,Meteorite NWA 14358 Achondrite Lunar - G731-0137 - Feldspathic Breccia - P-Slice,11.95,2022-11-06,,,WorthPoint
nwa-lunar-meteorite,CK4 Carbonaceous - 27g NWA 15319 & Lunar 3.8g Bechar 003,465.0,2022-11-06,27.0,17.22,WorthPoint
nwa-lunar-meteorite,Meteorite NWA 14358 Achondrite Lunar - G731-0136 - Feldspathic Breccia - P-Slice,13.95,2022-11-05,,,WorthPoint
nwa-lunar-meteorite,.892 Grams 12x7x7mm NWA 11182 Lunar Moon Meteorite (feldsp. Breccia) With COA,37.99,2022-11-05,892.0,0.04,WorthPoint
nwa-lunar-meteorite,.393 Gram 11x9x2mm NWA 11898 Lunar Slice Moon Meteorite Feldspathic Breccia COA,59.95,2022-11-05,393.0,0.15,WorthPoint
nwa-lunar-meteorite,NWA 11788 1.47g Part Slice Of Lunar Feldspathic Breccia Meteorite,79.0,2022-11-05,1.47,53.74,WorthPoint
nwa-lunar-meteorite,NWA 11524 Lunar Meteorite Slice,5000.0,2022-11-04,,,WorthPoint
nwa-lunar-meteorite,.326 Grams 7x6x4mm NWA 8455 Lunar Moon Meteorite Whole Individual With COA,17.99,2022-11-04,326.0,0.06,WorthPoint
nwa-lunar-meteorite,NWA 5000 Authentic Piece Of MOON üåô .646 Grams Lunar Meteorite Hupe Collection,249.99,2022-11-03,646.0,0.39,WorthPoint
nwa-lunar-meteorite,2.01 Grams NWA 13974 As Found Individual LUNAR Meteorite With A COA,119.99,2022-11-03,2.01,59.7,WorthPoint
nwa-lunar-meteorite,.386 Grams 8x6x4mm NWA 13974 Lunar As Found Meteorite Feldsp. Breccia W/COA,34.99,2022-11-03,386.0,0.09,WorthPoint
nwa-lunar-meteorite,.123 Grams 6x5x2mm NWA 6950 LUNAR GABBRO METEORITE A Glass Top Case With COA,43.99,2022-11-03,123.0,0.36,WorthPoint
nwa-lunar-meteorite,"2.70 Gram 32x21x3mm NWA 13951 ""starry Night"" Lunar Meteorite Feldspathic Breccia",189.0,2022-11-02,2.7,70.0,WorthPoint
nwa-lunar-meteorite,.501 Grams 9x7x6mm NWA 8455 Lunar Moon Meteorite Whole Individual With COA,27.99,2022-11-02,501.0,0.06,WorthPoint
nwa-lunar-meteorite,.301 Grams NWA 13974 As Found Moon Individual Lunar Meteorite With A COA,28.0,2022-11-01,301.0,0.09,WorthPoint
nwa-lunar-meteorite,"Meteorite**NWA 14900; LUNAR FRAGMENTAL BRECCIA**1.580 Gram, W/Dunite Clasts!!!",76.01,2022-10-31,1.58,48.11,WorthPoint
nwa-lunar-meteorite,"Meteorite**NWA 13788, NEW LUNAR IMPACT MELT BRECCIA**5.999 Gram,Beautiful Slice!",227.5,2022-10-31,5.999,37.92,WorthPoint
nwa-lunar-meteorite,"Meteorite**NWA 15349; Lunar Frag Breccia**6.280 Gram Fragment Slice, NEW FIND!!!",246.5,2022-10-31,6.28,39.25,WorthPoint
nwa-lunar-meteorite,"Meteorite**NWA 8687, LUNAR TROCTOLITIC**0.772 GRAM SLICE!! HIGHLY SHOCKED!!!",102.5,2022-10-31,0.772,132.77,WorthPoint
nwa-lunar-meteorite,Meteorite**NWA Unc.; Lunar Felds. Breccia**14.894 Gram Slice BEAUTIFUL NEW FIND!,337.0,2022-10-31,14.894,22.63,WorthPoint
nwa-lunar-meteorite,"Meteorite**NWA 11228, Lunar Felds. Breccia**2.506 Gram, Gorgeous Unique Slice!!",115.11,2022-10-31,2.506,45.93,WorthPoint
nwa-lunar-meteorite,Meteorite**NWA Unc.; Lunar Felds. Breccia**5.234 Gram Slice BEAUTIFUL NEW FIND!,145.5,2022-10-31,5.234,27.8,WorthPoint
nwa-lunar-meteorite,"Meteorite**NWA 15349; Lunar Frag Breccia**0.914 Gram Fragment Slice, NEW FIND!!!",52.0,2022-10-31,0.914,56.89,WorthPoint
nwa-lunar-meteorite,"Meteorite**NWA 11228, Lunar Felds. Breccia**2.082 Gram, Gorgeous Individual!!!",61.0,2022-10-31,2.082,29.3,WorthPoint
nwa-lunar-meteorite,"26.3g ""Starry Night"" Lunar, NWA 13951 Meteorite. Packed With White Clasts!",910.0,2022-10-31,26.3,34.6,WorthPoint
nwa-lunar-meteorite,#5 MOON LUNAR METEORITE - 58.98 Gr - Feldspathic Breccia - NWA 11828,2100.0,2022-10-30,58.98,35.61,WorthPoint
nwa-lunar-meteorite,Meteorite NWA 14358 Achondrite Lunar - G731-0135 - Feldspathic Breccia - P-Slice,15.95,2022-10-29,,,WorthPoint
nwa-lunar-meteorite,NWA 11788 Lunar Meteorite (feldspathic Breccia) Mali 0.897 Grams,89.75,2022-10-27,0.897,100.06,WorthPoint
nwa-lunar-meteorite,NWA 5000 Lunar Meteorite Apollo 14 Moon Coin SPACE FLOWN SILVER Genuine IMCA,179.99,2022-10-27,,,WorthPoint
nwa-lunar-meteorite,Framed Lunar Meteorite NWA 4483 With Certificate Of Authentication,90.0,2022-10-25,,,WorthPoint
nwa-lunar-meteorite,"Meteorite**NWA 12971, Lunar Troc. Melt Rock**2.496 Grams; Extremely Rare 1 Of 1!",599.99,2022-10-25,2.496,240.38,WorthPoint
nwa-lunar-meteorite,"Meteorite**NWA 14741, LUNAR MARE BASALT BRECCIA**0.654 Grams, RAREST LUNAR EVER!",406.0,2022-10-24,0.654,620.8,WorthPoint
nwa-lunar-meteorite,"Meteorite**NWA 15349; Lunar Frag Breccia**8.671 Gram Beautiful Slice, NEW FIND!!",296.0,2022-10-24,8.671,34.14,WorthPoint
nwa-lunar-meteorite,"Meteorite**NWA 12971, Lunar Troc. Melt Rock**2.300 Grams; Extremely Rare 1 Of 1!",100.87,2022-10-24,2.3,43.86,WorthPoint
nwa-lunar-meteorite,Meteorite**NWA Unc.; Lunar Felds. Breccia**17.317 Gram Slice BEAUTIFUL NEW FIND!,455.0,2022-10-24,17.317,26.27,WorthPoint
nwa-lunar-meteorite,NWA 14526 Lunar Mare Basalt - An Ultra Rare Meteorite From Deep Within Our Moon!,595.0,2022-10-24,,,WorthPoint
nwa-lunar-meteorite,"Meteorite**NWA 11237, Lunar Felds. Breccia**3.529 Gram, Gorgeous Golden Endcut!",199.99,2022-10-24,3.529,56.67,WorthPoint
nwa-lunar-meteorite,"Meteorite**NWA 15349; Lunar Frag Breccia**1.798 Gram Fragment Slice, NEW FIND!!!",124.5,2022-10-24,1.798,69.24,WorthPoint
nwa-lunar-meteorite,"MOON PIECE! Bechar 003 Lunar Breccia Meteorite, 2.4g Polished Piece Of The Moon!",58.0,2022-10-24,2.4,24.17,WorthPoint
nwa-lunar-meteorite,"Meteorite**NWA 11237, Lunar Felds. Breccia**7.232 Gram, Gorgeous Individual!!!",799.99,2022-10-20,7.232,110.62,WorthPoint
nwa-lunar-meteorite,22mg Gram NWA 001 Meteorite Fragment - Lunar - Found 2002 In Sudan,44.99,2022-10-19,,,WorthPoint
nwa-lunar-meteorite,13.9 Gram 65x50x2mm NWA 11898 Lunar Slice Moon Meteorite Feldspathic Breccia COA,749.0,2022-10-19,13.9,53.88,WorthPoint
nwa-lunar-meteorite,.258 Grams 8x7x3mm NWA 11474 Lunar (feldsp. Breccia) Meteorite Individual W/COA,26.99,2022-10-18,258.0,0.1,WorthPoint
nwa-lunar-meteorite,"Meteorite**NWA 14900; LUNAR FRAGMENTAL BRECCIA**4.643 Gram, VERY RARE LUNAR!!!",699.99,2022-10-17,4.643,150.76,WorthPoint
nwa-lunar-meteorite,Piece Of The MOON! NWA 14685 Lunar Meteorite. 1.4g MOON Polished One Side!,46.0,2022-10-17,1.4,32.86,WorthPoint
nwa-lunar-meteorite,"Meteorite**NWA 13951, Lunar Felds Breccia**61.300 Gram Slice, AKA STARRY NIGHT!!",2450.0,2022-10-17,61.3,39.97,WorthPoint
nwa-lunar-meteorite,"Meteorite**NWA 8687, LUNAR TROCTOLITIC**0.910 GRAM SLICE!! HIGHLY SHOCKED!!!",188.05,2022-10-17,0.91,206.65,WorthPoint
nwa-lunar-meteorite,"Meteorite**NWA 6950; LUNAR GABBRO**0.209 Gram Slice, Extremely Rare Lunar!!!",102.5,2022-10-17,0.209,490.43,WorthPoint
nwa-lunar-meteorite,"Meteorite**NWA 14900; LUNAR FRAGMENTAL BRECCIA**1.132 Gram, W/+6 Lithologies!!!",77.75,2022-10-17,1.132,68.68,WorthPoint
nwa-lunar-meteorite,"Meteorite**NWA 11237, Lunar Felds. Breccia**1.841 Gram, Gorgeous Unique Slice!!",124.49,2022-10-17,1.841,67.62,WorthPoint
nwa-lunar-meteorite,"Meteorite**NWA 12971, Lunar Troc. Melt Rock**1.164 Grams; Extremely Rare 1 Of 1!",138.05,2022-10-17,1.164,118.6,WorthPoint
nwa-lunar-meteorite,"MOON PIECE! Bechar 003 Lunar Breccia Meteorite, 6.4g Polished Piece Of The Moon!",232.5,2022-10-17,6.4,36.33,WorthPoint
nwa-lunar-meteorite,Meteorite NWA 14358 Achondrite Lunar - G731-0132 - Feldspathic Breccia - P-Slice,9.5,2022-10-15,,,WorthPoint
nwa-lunar-meteorite,NWA 14685 Lunar 5.47g Part Slice Of A Fantastic Fragmental Breccia,274.0,2022-10-15,5.47,50.09,WorthPoint
nwa-lunar-meteorite,NWA 13119 Lunar Meteorite Vial Pendant,159.0,2022-10-13,,,WorthPoint
nwa-lunar-meteorite,NWA 10822 Lunar Meteorite Slice,400.0,2022-10-13,,,WorthPoint
nwa-lunar-meteorite,NWA 13119 Lunar Meteorite Knife,575.0,2022-10-13,,,WorthPoint
nwa-lunar-meteorite,NWA 13119 Lunar Meteorite Stud Earrings,312.5,2022-10-13,,,WorthPoint
nwa-lunar-meteorite,.385 Grams 8mm NWA 11273 Lunar Moon Meteorite Fragment With A COA,33.99,2022-10-11,385.0,0.09,WorthPoint
nwa-lunar-meteorite,NWA 11788 1.28g SALE! Lunar Feldspathic Breccia Meteorite,72.0,2022-10-11,1.28,56.25,WorthPoint
nwa-lunar-meteorite,NWA 14686 (11.77g) Fragmental Lunar Breccia Polioshed Meteorite Slice A+++,805.0,2022-10-11,11.77,68.39,WorthPoint
nwa-lunar-meteorite,NWA 14041 Meteorite Lunar Moon Rock Part Slice Weight 8.69 Grams,782.0,2022-10-11,8.69,89.99,WorthPoint
nwa-lunar-meteorite,5.6 Gram - NWA 11898 Meteorite - Polished Lunar Feldsp. Breccia - End Cut,672.0,2022-10-10,5.6,120.0,WorthPoint
nwa-lunar-meteorite,Piece Of The MOON! NWA 14685 Lunar Meteorite. 0.5g MOON Polished One Side!,35.0,2022-10-10,0.5,70.0,WorthPoint
nwa-lunar-meteorite,Part Of The MOON! NWA 14686 Lunar Meteorite. 5.0g MOON Polished One Side!,200.0,2022-10-10,5.0,40.0,WorthPoint
nwa-lunar-meteorite,"NWA 11182, Lunar Breccia Meteorite 30.3g, Slice Of MOON! Super Colors! Polished",940.0,2022-10-10,30.3,31.02,WorthPoint
nwa-lunar-meteorite,"13.4 Gram 80x54x2mm NWA 13951 ""starry Night"" Lunar Meteorite Feldspathic Breccia",749.0,2022-10-09,13.4,55.9,WorthPoint
nwa-lunar-meteorite,"Meteorite**NWA 13185, Lunar Felds. Breccia**1.963 Gram Slice AKA Dark Lunar!!!",229.99,2022-10-09,1.963,117.16,WorthPoint
nwa-lunar-meteorite,"Meteorite**NWA 13992, Polymict Frag. Lunar Breccia**8.550 Gram Slice, 1 Of 7!!!",899.0,2022-10-09,8.55,105.15,WorthPoint
nwa-lunar-meteorite,Lunar-like NWA 4664 DIOGENITE(pm) Meteorite Part End Cut (fragment) - 8.7 G,89.0,2022-10-08,8.7,10.23,WorthPoint
nwa-lunar-meteorite,.454 Grams 10x7x4mm NWA 8455 Lunar Individual Moon Meteorite NorthWest Africa,40.99,2022-10-04,454.0,0.09,WorthPoint
nwa-lunar-meteorite,"NWA 14681 Troctolite, Anorthosite Lunar Melt Meteorite. 25.9g, Huge Vesicle",1200.0,2022-10-04,25.9,46.33,WorthPoint
nwa-lunar-meteorite,Meteorite: NWA 11228 Lunar Feldsp. Breccia 0.5g,21.01,2022-10-03,0.5,42.02,WorthPoint
nwa-lunar-meteorite,"Meteorite NWA 11228, Lunar Felds. Breccia** 0.9 Gram, WHOLE Stone",25.51,2022-10-03,0.9,28.34,WorthPoint
nwa-lunar-meteorite,"LUNAR NWA 14576 Piece Of The MOON, 9.8g Polished Part Slice, Gorgeous 3D-look!",234.09,2022-10-03,9.8,23.89,WorthPoint
nwa-lunar-meteorite,"MOON PIECE! Bechar 003 Lunar Breccia Meteorite, 2.8g Polished Piece Of The Moon!",76.5,2022-10-03,2.8,27.32,WorthPoint
nwa-lunar-meteorite,"30.6g ""Starry Night"" Lunar, NWA 13951 Meteorite. Packed With White Clasts!",1775.0,2022-10-03,30.6,58.01,WorthPoint
nwa-lunar-meteorite,Piece Of The MOON! NWA 14685 Lunar Meteorite. 0.8g MOON Polished One Side!,44.0,2022-10-01,0.8,55.0,WorthPoint
nwa-lunar-meteorite,Meteorite NWA 14358 Achondrite Lunar - G731-0133 - Feldspathic Breccia - P-Slice,10.95,2022-10-01,,,WorthPoint
nwa-lunar-meteorite,"Meteorite**NWA 11237, Lunar Felds. Breccia**1.822 Gram, Gorgeous Unique Slice!!",61.0,2022-09-26,1.822,33.48,WorthPoint
nwa-lunar-meteorite,"Meteorite**NWA 14188; Lunar Mare Basaltic Breccia**0.281 Grams, Front-side Moon!",66.0,2022-09-26,0.281,234.88,WorthPoint
nwa-lunar-meteorite,"NWA Lunar Breccia, Meteorite Bechar 003, 1.6g Polished MOON Piece",51.0,2022-09-26,1.6,31.88,WorthPoint
nwa-lunar-meteorite,"NWA Lunar Breccia, Meteorite Bechar 003, 3.4g Polished MOON Piece",100.0,2022-09-26,3.4,29.41,WorthPoint
nwa-lunar-meteorite,Part Of The MOON! NWA 14686 Lunar Meteorite. 4.7g MOON Polished One Side!,168.5,2022-09-26,4.7,35.85,WorthPoint
nwa-lunar-meteorite,Piece Of The MOON! NWA 14685 Lunar Meteorite. 1.2g MOON Polished One Side!,44.0,2022-09-26,1.2,36.67,WorthPoint
nwa-lunar-meteorite,"NWA Lunar Breccia Meteorite Bechar 003, 33.25g, Slice Of MOON! Super Colors!",866.0,2022-09-26,33.25,26.05,WorthPoint
nwa-lunar-meteorite,NWA 11788 0.56g Part Slice Of Lunar Feldspathic Breccia Meteorite,31.0,2022-09-24,0.56,55.36,WorthPoint
nwa-lunar-meteorite,NWA 13951 Lunar 1.18g 'Starry Night' Feldspathic Breccia Moon Rock,77.0,2022-09-24,1.18,65.25,WorthPoint
nwa-lunar-meteorite,NWA 14685 Lunar 2.38g Part Slice Of A Fantastic Fragmental Breccia,155.0,2022-09-24,2.38,65.13,WorthPoint
nwa-lunar-meteorite,"Rare Meteorite Collection! Pallasite, Diogenite, Lunar, Martian, Carbonaceous!",250.0,2022-09-23,,,WorthPoint
nwa-lunar-meteorite,Meteorite: Lunar Melt Breccia NWA 13757 Slice Of 8.245 Grams #519,415.0,2022-09-23,8.245,50.33,WorthPoint
nwa-lunar-meteorite,1.44 Gram - NWA 14685 LUNAR METEORITE Thin Slice - Lunar (frag. Breccia),176.0,2022-09-22,1.44,122.22,WorthPoint
nwa-lunar-meteorite,Meteorite: Lunar Melt Breccia NWA 13757 Slice Of 6.295 Grams #501,315.0,2022-09-22,6.295,50.04,WorthPoint
nwa-lunar-meteorite,"Meteorite**NWA 14741, LUNAR MARE BASALT BRECCIA**1.001 Grams, RAREST LUNAR EVER!",1999.99,2022-09-22,1.001,1997.99,WorthPoint
nwa-lunar-meteorite,"Meteorite**NWA 14900; LUNAR FRAGMENTAL BRECCIA**7.263 Gram, VERY RARE LUNAR!!!",999.99,2022-09-22,7.263,137.68,WorthPoint
nwa-lunar-meteorite,"Meteorite**NWA 14741, LUNAR MARE BASALT BRECCIA**1.217 Grams, RAREST LUNAR EVER!",2399.99,2022-09-22,1.217,1972.05,WorthPoint
nwa-lunar-meteorite,"Meteorite**NWA 14188; Lunar Mare Basaltic Breccia**1.002 Grams,Extremely Rare!!!",899.0,2022-09-22,1.002,897.21,WorthPoint
nwa-lunar-meteorite,"Meteorite**NWA 14526; LUNAR MARE BASALT**1.884 Gram Endcut, FRONT-SIDE MOON!",1799.99,2022-09-22,1.884,955.41,WorthPoint
nwa-lunar-meteorite,"1999, NWA 032 Lunar (basalt) Meteorite, Northwest Africa .02 Grams, Rare Low TKW",40.0,2022-09-21,2.0,20.0,WorthPoint
nwa-lunar-meteorite,1.09 Grams Cool Lunar Looking NWA Unclassified Eucrite? Meteorite Cut Fragment,6.99,2022-09-21,1.09,6.41,WorthPoint
nwa-lunar-meteorite,NWA 14526 Lunar Mare Basalt RARE Meteorite -Mare Region Of Our Moon - IMCA #3950,1270.0,2022-09-21,,,WorthPoint
nwa-lunar-meteorite,NWA 13951 Lunar Moon Meteorite Nicknamed Starry Night 14.1gm,774.99,2022-09-20,14.1,54.96,WorthPoint
nwa-lunar-meteorite,.135 Grams 6x5x3mm NWA 11421 Lunar Moon Meteorite As Found With A COA,16.5,2022-09-20,135.0,0.12,WorthPoint
nwa-lunar-meteorite,Meteorite NWA 14358 Achondrite Lunar - G731-0127 - Micro - Feldspathic Breccia,8.1,2022-09-20,,,WorthPoint
nwa-lunar-meteorite,Meteorite NWA 14358 Achondrite Lunar - G731-0134 - Feldspathic Breccia - P-Slice,11.95,2022-09-20,,,WorthPoint
nwa-lunar-meteorite,"Meteorite**NWA 11237, Lunar Felds. Breccia**2.590 Gram, Gorgeous; Low Supply!!",91.0,2022-09-19,2.59,35.14,WorthPoint
nwa-lunar-meteorite,"NWA Lunar Breccia, Meteorite Bechar 003, 6.4g Polished MOON End",182.5,2022-09-19,6.4,28.52,WorthPoint
nwa-lunar-meteorite,Part Of The MOON! NWA 14685 Lunar Meteorite. 2.0g MOON Polished One Side!,82.87,2022-09-19,2.0,41.44,WorthPoint
nwa-lunar-meteorite,"NWA Lunar Breccia Meteorite Bechar 003, 16.15g, Slice Of MOON! Super Colors!",560.0,2022-09-19,16.15,34.67,WorthPoint
nwa-lunar-meteorite,"NWA Lunar Breccia Meteorite Bechar 003, 34.2g, Slice Of MOON! Super Colors!",1325.0,2022-09-19,34.2,38.74,WorthPoint
nwa-lunar-meteorite,"LUNAR NWA 14576, 7.1g Piece Of The MOON, Polished Part Slice, Gorgeous 3D-look!",180.19,2022-09-19,7.1,25.38,WorthPoint
nwa-lunar-meteorite,".342 Gram 8x7x2mm NWA 13951 ""starry Night"" Lunar Meteorite Feldspathic Breccia",24.0,2022-09-17,342.0,0.07,WorthPoint
nwa-lunar-meteorite,.061 Grams 4x4x2mm NWA 10644 Lunar Feldspathic Breccia Meteorite Fragment W/ COA,15.0,2022-09-17,61.0,0.25,WorthPoint
nwa-lunar-meteorite,.229 Grams 9x5x3mm NWA 11182 Lunar Moon Meteorite (feldsp. Breccia) With COA,19.99,2022-09-17,229.0,0.09,WorthPoint
nwa-lunar-meteorite,.461 Grams 12x6x2mm Slice NWA 14685 Fragmental Breccia Lunar Meteorite With COA,49.0,2022-09-17,461.0,0.11,WorthPoint
nwa-lunar-meteorite,Meteorite NWA 14358 Achondrite Lunar - G731-0131 - Feldspathic Breccia - P-Slice,10.95,2022-09-17,,,WorthPoint
nwa-lunar-meteorite,.159 Grams 7x6x3mm NWA 11421 Lunar Moon Meteorite As Found With C.O.A.,17.5,2022-09-17,159.0,0.11,WorthPoint
nwa-lunar-meteorite,".320 Gram 11x7x2mm NWA 13951 ""starry Night"" Lunar Meteorite Feldspathic Breccia",28.0,2022-09-16,320.0,0.09,WorthPoint
nwa-lunar-meteorite,".687 Gram 20x11x2mm NWA 13951 ""starry Night"" Lunar Meteorite Feldspathic Breccia",52.99,2022-09-16,687.0,0.08,WorthPoint
nwa-lunar-meteorite,"Meteorite**NWA 14900; LUNAR FRAGMENTAL BRECCIA**4.931 Gram, W/Dunite Clasts!!!",999.99,2022-09-14,4.931,202.8,WorthPoint
nwa-lunar-meteorite,"Meteorite**NWA 13788, NEW LUNAR MELT BRECCIA**17.335 Gram Slice, W/High Metal!",1299.99,2022-09-14,17.335,74.99,WorthPoint
nwa-lunar-meteorite,".720 Gram 17x14x3mm NWA 13951 ""starry Night"" Lunar Meteorite Feldspathic Breccia",52.99,2022-09-13,720.0,0.07,WorthPoint
nwa-lunar-meteorite,".604 Grams Samples NWA 13951 ""starry Night"" Lunar Meteorite Feldspathic Breccia",29.99,2022-09-13,604.0,0.05,WorthPoint
nwa-lunar-meteorite,"Meteorite**NWA 6950; LUNAR GABBRO**1.704 Gram Slice, Extremely Rare Lunar!!!",899.0,2022-09-13,1.704,527.58,WorthPoint
nwa-lunar-meteorite,"Meteorite**NWA 14900; LUNAR FRAG. BRECCIA**3.166 Gram, EXTREMELY RARE LUNAR!!!",187.59,2022-09-12,3.166,59.25,WorthPoint
nwa-lunar-meteorite,"Meteorite**NWA 11237, Lunar Felds. Breccia**8.212 Gram, Gorgeous Individual!!!",301.01,2022-09-12,8.212,36.65,WorthPoint
nwa-lunar-meteorite,"Meteorite**NWA 14741, LUNAR MARE BASALT BRECCIA**0.481 Grams, RAREST LUNAR EVER!",404.99,2022-09-12,0.481,841.98,WorthPoint
nwa-lunar-meteorite,"Meteorite**NWA 11237, Lunar Felds. Breccia**1.875 Gram, Gorgeous Unique Slice!!",89.0,2022-09-12,1.875,47.47,WorthPoint
nwa-lunar-meteorite,"Meteorite**NWA 12971, Lunar Troc. Melt Rock**1.332 Grams; Extremely Rare 1 Of 1!",91.0,2022-09-12,1.332,68.32,WorthPoint
nwa-lunar-meteorite,"LUNAR NWA 14576 Piece Of The MOON, 1.8g Polished Part Slice, Gorgeous 3D-look!",78.54,2022-09-12,1.8,43.63,WorthPoint
nwa-lunar-meteorite,"NWA Lunar Breccia Meteorite Bechar 003, 29.0g, Slice Of MOON! Super Colors!",1180.55,2022-09-12,29.0,40.71,WorthPoint
nwa-lunar-meteorite,"NWA Lunar Breccia Meteorite Bechar 003, 7.95g, Slice Of MOON! Super Colors!",264.0,2022-09-12,7.95,33.21,WorthPoint
nwa-lunar-meteorite,".522 Grams Samples NWA 13951 ""starry Night"" Lunar Meteorite Feldspathic Breccia",56.0,2022-09-11,522.0,0.11,WorthPoint
nwa-lunar-meteorite,NWA 14685 Lunar 2.24g Part Slice Of A Fantastic Fragmental Breccia,112.0,2022-09-10,2.24,50.0,WorthPoint
nwa-lunar-meteorite,Meteorite: Lunar Feldspathic Breccia NWA 12826 Whole Individual 0.4 Grams #361,25.0,2022-09-08,0.4,62.5,WorthPoint
nwa-lunar-meteorite,Niue Moon NWA 8609 Meteorite Solar System 2015 Silver Coin,250.0,2022-09-07,,,WorthPoint
nwa-lunar-meteorite,Meteorite NWA 14358 Achondrite Lunar - G731-0116 - Feldspathic Breccia /Complete,14.95,2022-09-07,,,WorthPoint
nwa-lunar-meteorite,"NWA 14685 (4.841g) Lunar Meteorite, Polished End Cut, A+ Quality, FREE STAND",370.0,2022-09-06,4.841,76.43,WorthPoint
nwa-lunar-meteorite,"Meteorite**NWA 14188; Lunar Mare Basaltic Breccia**1.695 Grams,Extremely Rare!!!",1200.0,2022-09-05,1.695,707.96,WorthPoint
nwa-lunar-meteorite,"Meteorite**NWA 11237, Lunar Felds. Breccia**4.676 Gram, Gorgeous Individual!!!",169.0,2022-09-05,4.676,36.14,WorthPoint
nwa-lunar-meteorite,"Meteorite**NWA 12971, Lunar Troc. Melt Rock**0.478 Grams; Extremely Rare 1 Of 1!",57.87,2022-09-05,0.478,121.07,WorthPoint
nwa-lunar-meteorite,"Meteorite**NWA 14526; LUNAR MARE BASALT**0.327 Gram Fragments, FRONT-SIDE MOON!",100.0,2022-09-05,0.327,305.81,WorthPoint
nwa-lunar-meteorite,"Meteorite**NWA 14188; Lunar Mare Basaltic Breccia**0.213 Grams, EXTREMELY RARE!!",48.87,2022-09-05,0.213,229.44,WorthPoint
nwa-lunar-meteorite,"Meteorite**NWA 14900; LUNAR FRAGMENTAL BRECCIA**1.639 Gram, VERY RARE LUNAR!!!",66.0,2022-09-05,1.639,40.27,WorthPoint
nwa-lunar-meteorite,"Meteorite**NWA 11228, Lunar Felds. Breccia**2.405 Gram, Gorgeous Unique Slice!",52.0,2022-09-05,2.405,21.62,WorthPoint
nwa-lunar-meteorite,"Meteorite**NWA 11237, Lunar Felds. Breccia**2.110 Gram, Gorgeous Unique Slice!!",81.01,2022-09-05,2.11,38.39,WorthPoint
nwa-lunar-meteorite,"Meteorite**NWA 6950; LUNAR GABBRO**0.342 Gram Slice, Extremely Rare Lunar!!!",81.0,2022-09-05,0.342,236.84,WorthPoint
nwa-lunar-meteorite,"NWA Lunar Breccia, 2.4g Piece Of The MOON Gorgeous Colors",112.5,2022-09-05,2.4,46.88,WorthPoint
nwa-lunar-meteorite,"5.25 G NWA 13916 Lunar Fragmental Breccia Meteorite. Mirror Polish, Rare Class",158.5,2022-09-05,5.25,30.19,WorthPoint
nwa-lunar-meteorite,NWA 13951 Lunar 1.21g 'Starry Night' Feldspathic Breccia Moon Rock,61.0,2022-09-03,1.21,50.41,WorthPoint
nwa-lunar-meteorite,NWA 13951 Lunar 0.75g 'Starry Night' Feldspathic Breccia Moon Rock,39.0,2022-09-03,0.75,52.0,WorthPoint
nwa-lunar-meteorite,NWA 13788 0.67g Slice Of Lunar Impact Melt Breccia Meteorite,45.0,2022-09-03,0.67,67.16,WorthPoint
nwa-lunar-meteorite,NWA 13036 1.20g SALE! Lunar Feldspathic Breccia Meteorite,65.0,2022-09-02,1.2,54.17,WorthPoint
nwa-lunar-meteorite,NWA 11788 2.09g SALE! Lunar Feldspathic Breccia Meteorite,116.0,2022-09-01,2.09,55.5,WorthPoint
nwa-lunar-meteorite,.722 Grams 15x12x3mm Slice NWA 14577 Lunar Fragmental Breccia Meteorite With COA,74.0,2022-08-31,722.0,0.1,WorthPoint
nwa-lunar-meteorite,102.5 G NWA 14729 METEORITE Lunar-polymict Anorthositic Troctolite Melt Breccia,4400.0,2022-08-30,102.5,42.93,WorthPoint
nwa-lunar-meteorite,"Meteorite**NWA 11237, Lunar Felds. Breccia**2.000 Gram, Gorgeous Unique Slice!!",199.99,2022-08-30,2.0,100.0,WorthPoint
nwa-lunar-meteorite,"Meteorite**NWA 11237, Lunar Felds. Breccia**2.448 Gram, Gorgeous Unique Slice!!",225.0,2022-08-30,2.448,91.91,WorthPoint
nwa-lunar-meteorite,NWA 14685 Lunar 0.52g Part Slice Of A Fantastic Fragmental Breccia,34.0,2022-08-29,0.52,65.38,WorthPoint
nwa-lunar-meteorite,"NWA Lunar Breccia Meteorite Bechar 003, 4.7g End BEAUTIFUL Polished MOON Piece",95.55,2022-08-29,4.7,20.33,WorthPoint
nwa-lunar-meteorite,1.48 Grams Cool Lunar Looking NWA Unclassified Eucrite? Meteorite Cut Fragment,6.99,2022-08-28,1.48,4.72,WorthPoint
nwa-lunar-meteorite,"Lunar Meteorite NWA 13717 End Cut, Feldspathic Breccia, 0.74 G. Very Low TKW!",68.0,2022-08-28,0.74,91.89,WorthPoint
nwa-lunar-meteorite,NWA 13951 Lunar 1.56g 'Starry Night' Feldspathic Breccia Moon Rock,78.0,2022-08-27,1.56,50.0,WorthPoint
nwa-lunar-meteorite,"Meteorite**NWA 11228, Lunar Felds. Breccia**4.129 Gram, Gorgeous Unique Endcut!!",399.99,2022-08-26,4.129,96.87,WorthPoint
nwa-lunar-meteorite,"Meteorite**NWA 11228, Lunar Felds. Breccia**3.865 Gram, Gorgeous Unique Endcut!!",349.99,2022-08-26,3.865,90.55,WorthPoint
nwa-lunar-meteorite,2.33 Grams Cool Lunar Looking NWA Unclassified Eucrite? Meteorite Nice Slice,8.99,2022-08-26,2.33,3.86,WorthPoint
nwa-lunar-meteorite,Meteorite: Lunar Melt Breccia NWA 13757 Slice Of 5.99 Grams #510,299.5,2022-08-26,5.99,50.0,WorthPoint
nwa-lunar-meteorite,Lunar Meteorite + Nwa 7753 + Nwa 1955 (3 Meteorites),14.95,2022-08-25,,,WorthPoint
nwa-lunar-meteorite,Meteorite NWA 14358 Achondrite Lunar - G731-0119 - 0.29g - Feldspathic Breccia,14.95,2022-08-24,0.29,51.55,WorthPoint
nwa-lunar-meteorite,.127 Grams 6x5x2mm NWA 6950 LUNAR GABBRO METEORITE A Plastic Gem Case W/COA,41.99,2022-08-23,127.0,0.33,WorthPoint
nwa-lunar-meteorite,.551 Gram 14x9x2mm NWA 11898 Lunar Slice Moon Meteorite Feldspathic Breccia COA,49.99,2022-08-22,551.0,0.09,WorthPoint
nwa-lunar-meteorite,"Meteorite**NWA 11237, Lunar Felds. Breccia**1.998 Gram, Gorgeous Unique Slice!!",199.99,2022-08-22,1.998,100.1,WorthPoint
nwa-lunar-meteorite,NWA 14685 Lunar 0.75g Part Slice Of A Fantastic Fragmental Breccia,50.0,2022-08-20,0.75,66.67,WorthPoint
nwa-lunar-meteorite,NWA 13951 Lunar 0.90g 'Starry Night' Feldspathic Breccia Moon Rock,45.0,2022-08-20,0.9,50.0,WorthPoint
nwa-lunar-meteorite,NWA 13788 1.97g Slice Of Lunar Impact Melt Breccia Meteorite,112.5,2022-08-20,1.97,57.11,WorthPoint
nwa-lunar-meteorite,Lunar Meteorite NWA 13757 3.904 Grams (1 Of Only 4 Lunar Melt Breccias) Broken,150.0,2022-08-20,3.904,38.42,WorthPoint
nwa-lunar-meteorite,"Meteorite NWA 11228, Lunar Felds. Breccia** 1.0 Gram, Gorgeous Unique End Cut!",42.0,2022-08-20,1.0,42.0,WorthPoint
nwa-lunar-meteorite,.161 Grams 7x4x3mm NWA 11303 Lunar Feldspathic Breccia Meteorite Fragment + COA,17.99,2022-08-19,161.0,0.11,WorthPoint
nwa-lunar-meteorite,.188 Grams 7x7x2mm NWA 6950 LUNAR GABBRO METEORITE A Plastic Gem Case W/COA,59.99,2022-08-17,188.0,0.32,WorthPoint
nwa-lunar-meteorite,.735 Grams 12x12x3mm Slice NWA 14577 Lunar Fragmental Breccia Meteorite With COA,75.0,2022-08-17,735.0,0.1,WorthPoint
nwa-lunar-meteorite,.333 Grams 10x7x2mm Slice NWA 14577 Lunar Fragmental Breccia Meteorite With COA,33.0,2022-08-16,333.0,0.1,WorthPoint
nwa-lunar-meteorite,.493 Grams 14mm NWA 11182 Lunar Moon Slice Meteorite Feldsp. Breccia With COA,34.99,2022-08-16,493.0,0.07,WorthPoint
nwa-lunar-meteorite,4.67 Grams 37x24x2mm NWA 14577 Lunar Slice Fragmental Breccia Meteorite With COA,319.0,2022-08-16,4.67,68.31,WorthPoint
nwa-lunar-meteorite,Moon Ring - Genuine Lunar Meteorite Jewelry - Size 6 - TOP METEORITE Jewelry,1500.0,2022-08-15,,,WorthPoint
nwa-lunar-meteorite,"Meteorite**NWA 11237, Lunar Felds. Breccia**3.046 Gram, Gorgeous Unique Endcut!!",231.5,2022-08-15,3.046,76.0,WorthPoint
nwa-lunar-meteorite,"Meteorite**NWA 14526; LUNAR MARE BASALT**0.142 Gram Individual, FRONT-SIDE MOON!",71.01,2022-08-15,0.142,500.07,WorthPoint
nwa-lunar-meteorite,"Meteorite**NWA 14188; Lunar Mare Basaltic Breccia**0.375 Grams,EXTREMELY RARE!!!",128.51,2022-08-15,0.375,342.69,WorthPoint
nwa-lunar-meteorite,"Meteorite**NWA 14741, LUNAR MARE BASALT BRECCIA**0.256 Grams, RAREST LUNAR EVER!",159.77,2022-08-15,0.256,624.1,WorthPoint
nwa-lunar-meteorite,"Meteorite**NWA 13788, NEW LUNAR IMPACT MELT BRECCIA**5.496 Gram,Beautiful Slice!",178.5,2022-08-15,5.496,32.48,WorthPoint
nwa-lunar-meteorite,"Meteorite**NWA 14900; LUNAR FRAGMENTAL BRECCIA**0.461 Gram, VERY RARE LUNAR!!!",39.0,2022-08-15,0.461,84.6,WorthPoint
nwa-lunar-meteorite,"Meteorite**NWA 6950; LUNAR GABBRO**0.361 Gram Slice, Extremely Rare Lunar!!!",41.0,2022-08-15,0.361,113.57,WorthPoint
nwa-lunar-meteorite,"Meteorite**NWA 11237, Lunar Felds. Breccia**1.746 Gram, Gorgeous Unique Slice!!",175.0,2022-08-15,1.746,100.23,WorthPoint
nwa-lunar-meteorite,Meteorite NWA 14358 Achondrite Lunar - G731-0120 - 0.39g - Feldspathic Breccia,19.95,2022-08-14,0.39,51.15,WorthPoint
nwa-lunar-meteorite,5.96 Grams 24x20x11mm NWA 11182 Lunar Moon Meteorite Feldsp. Breccia W/COA,449.0,2022-08-14,5.96,75.34,WorthPoint
nwa-lunar-meteorite,NWA 14685 Lunar 1.94g Part Slice Of A Fantastic Fragmental Breccia,97.0,2022-08-13,1.94,50.0,WorthPoint
nwa-lunar-meteorite,.165 Grams 10mm NWA 11474 Lunar Feldspathic Breccia As Found Meteorite With COA,21.99,2022-08-13,165.0,0.13,WorthPoint
nwa-lunar-meteorite,"Meteorite**NWA 14188; Lunar Mare Basaltic Breccia**0.541 Grams,EXTREMELY RARE!!!",116.5,2022-08-08,0.541,215.34,WorthPoint
nwa-lunar-meteorite,"Meteorite**NWA 14526; LUNAR MARE BASALT**0.178 Gram Individual, FRONT-SIDE MOON!",117.5,2022-08-08,0.178,660.11,WorthPoint
nwa-lunar-meteorite,"Meteorite**NWA 11228, Lunar Felds. Breccia**1.003 Gram, Gorgeous Unique Endcut!!",56.0,2022-08-08,1.003,55.83,WorthPoint
nwa-lunar-meteorite,"Meteorite**NWA 14741, LUNAR MARE BASALT BRECCIA**0.084 Grams, RAREST LUNAR EVER!",177.75,2022-08-08,0.084,2116.07,WorthPoint
nwa-lunar-meteorite,"Meteorite**NWA 14900; LUNAR FRAGMENTAL BRECCIA**1.370 Gram, VERY RARE LUNAR!!!",101.0,2022-08-08,1.37,73.72,WorthPoint
nwa-lunar-meteorite,"Meteorite**NWA 11237, Lunar Felds. Breccia**1.908 Gram, Gorgeous Unique Slice!!",100.0,2022-08-08,1.908,52.41,WorthPoint
nwa-lunar-meteorite,"Meteorite**NWA 13992, Polymict Frag. Lunar Breccia**0.497 Gram Slice, 1 Of 9!!",36.0,2022-08-08,0.497,72.43,WorthPoint
nwa-lunar-meteorite,Part Of The MOON! NWA 14685 Lunar Meteorite. 3.2g MOON Polished Part Slice!,190.0,2022-08-08,3.2,59.38,WorthPoint
nwa-lunar-meteorite,NEW 2021 LUNAR METEORITE / MOON ROCK - NWA 14358 W/COA - Feldsp Breccia - Africa,22.0,2022-08-07,,,WorthPoint
nwa-lunar-meteorite,2.15 Grams Cool Lunar Looking NWA Unclassified Eucrite? Meteorite Nice Slice,9.99,2022-08-05,2.15,4.65,WorthPoint
nwa-lunar-meteorite,Part Of The MOON! NWA 14685 Lunar Meteorite. 1.4g MOON Polished One Side!,67.0,2022-08-05,1.4,47.86,WorthPoint
nwa-lunar-meteorite,1.33 Gram - NWA 14685 LUNAR METEORITE Thin Slice - Lunar (frag. Breccia),159.2,2022-08-05,1.33,119.7,WorthPoint
nwa-lunar-meteorite,1.31 Gram - NWA 14685 LUNAR METEORITE Thin Slice - Lunar (frag. Breccia),159.2,2022-08-05,1.31,121.53,WorthPoint
nwa-lunar-meteorite,1.08 Gram - NWA 14685 LUNAR METEORITE Thin Slice - Lunar (frag. Breccia),128.0,2022-08-04,1.08,118.52,WorthPoint
nwa-lunar-meteorite,.555 Grams 14x9x3mm Slice NWA 14577 Lunar Fragmental Breccia Meteorite With COA,58.0,2022-08-04,555.0,0.1,WorthPoint
nwa-lunar-meteorite,"NWA Lunar Breccia Meteorite Bechar 003, 2.1g End BEAUTIFUL Polished MOON Piece",94.0,2022-08-04,2.1,44.76,WorthPoint
nwa-lunar-meteorite,Part Of The MOON! NWA 14685 Lunar Meteorite. 1.9g MOON Polished Part Slice!,107.0,2022-08-03,1.9,56.32,WorthPoint
nwa-lunar-meteorite,NWA 11266 Lunar Feldspathic Regolith Breccia Meteorite 1 Gram Fragment,58.0,2022-08-03,1.0,58.0,WorthPoint
nwa-lunar-meteorite,NWA 5000 Authentic Piece Of MOON üåô .310 Grams Lunar Meteorite Hupe Collection,259.99,2022-08-01,310.0,0.84,WorthPoint
nwa-lunar-meteorite,"NWA Lunar Breccia Meteorite Bechar 003, 10.9g, Slice Of MOON! Super Colors!",285.01,2022-08-01,10.9,26.15,WorthPoint
nwa-lunar-meteorite,"NWA Lunar Breccia Meteorite Bechar 003, 10.25g, Slice Of MOON! Super Colors!",271.56,2022-08-01,10.25,26.49,WorthPoint
nwa-lunar-meteorite,2 Grams 26x18x2mm NWA 11182 Lunar END CUT Meteorite Feldsp. Breccia With COA,159.99,2022-07-31,2.0,80.0,WorthPoint
nwa-lunar-meteorite,.176 Grams 9mm NWA 13974 Lunar Fragment Moon Meteorite Feldsp. Breccia With COA,24.0,2022-07-31,176.0,0.14,WorthPoint
nwa-lunar-meteorite,#53 MOON LUNAR METEORITE - 2.40 Grams - Feldspathic Breccia - NWA 11828,95.0,2022-07-30,2.4,39.58,WorthPoint
nwa-lunar-meteorite,Meteorite NWA 14358 Achondrite Lunar - G731-0117 - 0.33g - Feldspathic Breccia,16.95,2022-07-30,0.33,51.36,WorthPoint
nwa-lunar-meteorite,"Meteorite ** NWA 11237, Lunar Felds. Breccia **.6 Gram, Beautiful End Cut!",11.5,2022-07-28,6.0,1.92,WorthPoint
nwa-lunar-meteorite,Moon Rock Meteorite NWA 4483 Mars Rock NWA 4766 Apollo 40th Anniv Set 23269,99.0,2022-07-26,,,WorthPoint
nwa-lunar-meteorite,.325 Grams 12x7x2mm Slice NWA 14577 Lunar Fragmental Breccia Meteorite With COA,33.0,2022-07-26,325.0,0.1,WorthPoint
nwa-lunar-meteorite,"Meteorite** NWA 11237, Lunar Felds. Breccia**.3 Gram, Beautiful Slice!",11.5,2022-07-25,3.0,3.83,WorthPoint
nwa-lunar-meteorite,Micro Samples NWA 6950 LUNAR GABBRO METEORITE In A Glass Top Plastic Case,8.99,2022-07-25,,,WorthPoint
nwa-lunar-meteorite,"Meteorite**NWA 11228, Lunar Felds. Breccia**3.957 Gram, Gorgeous Unique Slice!!",141.5,2022-07-25,3.957,35.76,WorthPoint
nwa-lunar-meteorite,"Meteorite**NWA 14900; LUNAR FRAGMENTAL BRECCIA**1.785 Gram, W/Dunite Clasts!!!",76.01,2022-07-25,1.785,42.58,WorthPoint
nwa-lunar-meteorite,"Meteorite**NWA 13992, Polymict Frag. Lunar Breccia**1.189 Gram Slice,LAST SLICE!",48.75,2022-07-25,1.189,41.0,WorthPoint
nwa-lunar-meteorite,"Meteorite**NWA 14685, Lunar Fragmental Breccia**4.063 Grams Slice; NEW FIND!!!",232.5,2022-07-25,4.063,57.22,WorthPoint
nwa-lunar-meteorite,"Meteorite**NWA 11237, Lunar Felds. Breccia**2.460 Gram, Gorgeous Unique Slice!!",168.5,2022-07-25,2.46,68.5,WorthPoint
nwa-lunar-meteorite,7.2 G Slice Of The MOON! NWA 14686 Lunar Meteorite. Packed With White Clasts!,310.26,2022-07-25,7.2,43.09,WorthPoint
nwa-lunar-meteorite,Nwa 10901 Lunar (moon) Meteorite + Nwa 10442 H3.9 Meteorite (2 Meteorites),21.0,2022-07-24,,,WorthPoint
nwa-lunar-meteorite,"MOON! ""STARRY NIGHT"" NWA 13951 Lunar Meteorite. 5.4g MOON Polished One Side!",349.0,2022-07-24,5.4,64.63,WorthPoint
nwa-lunar-meteorite,".362 Gram 12x9x2mm NWA 13951 ""starry Night"" Lunar Meteorite Feldspathic Breccia",39.0,2022-07-23,362.0,0.11,WorthPoint
nwa-lunar-meteorite,NWA 13951 Lunar 1.19g 'Starry Night' Feldspathic Breccia Moon Rock,77.0,2022-07-23,1.19,64.71,WorthPoint
nwa-lunar-meteorite,NEW 2021 LUNAR MELT METEORITE / MOON ROCK NWA 13974 W/COA - Feldsp Melt Breccia,41.0,2022-07-23,,,WorthPoint
nwa-lunar-meteorite,Lunar Meteorite NWA 13757 4.307 Gram Endcut (1 Of Only 4 Lunar Melt Breccias),169.0,2022-07-23,4.307,39.24,WorthPoint
nwa-lunar-meteorite,.742 Gram Nwa 5000 Lunar Meteorite Ex Hupe Collection,260.0,2022-07-21,742.0,0.35,WorthPoint
nwa-lunar-meteorite,2.46 Grams 24mm NWA 13974 Lunar As Found Moon Meteorite Feldsp. Breccia With COA,189.99,2022-07-21,2.46,77.23,WorthPoint
nwa-lunar-meteorite,.965 Grams 25x8x4mm NWA 11182 Lunar END CUT Meteorite Feldsp. Breccia With COA,74.99,2022-07-19,965.0,0.08,WorthPoint
nwa-lunar-meteorite,"Meteorite**NWA 12971, Lunar Troc. Melt Rock**1.200 Grams; Extremely Rare 1 Of 1!",399.99,2022-07-19,1.2,333.33,WorthPoint
nwa-lunar-meteorite,"Meteorite**NWA 11237, Lunar Felds. Breccia**1.460 Gram, Gorgeous Unique Slice!!",89.99,2022-07-18,1.46,61.64,WorthPoint
nwa-lunar-meteorite,"Meteorite**NWA 6950; LUNAR GABBRO**0.506 Gram Slice, Extremely Rare Lunar!!!",125.01,2022-07-18,0.506,247.06,WorthPoint
nwa-lunar-meteorite,"Meteorite**NWA 11228, Lunar Felds. Breccia**1.723 Gram, Gorgeous Unique Slice!!",132.53,2022-07-18,1.723,76.92,WorthPoint
nwa-lunar-meteorite,"Meteorite**NWA 11237, Lunar Felds. Breccia**3.184 Gram, Gorgeous Unique Endcut!!",328.55,2022-07-18,3.184,103.19,WorthPoint
nwa-lunar-meteorite,"NWA Lunar Breccia Meteorite 21.35g, Slice Of MOON! Super Colors! Class Pending",503.0,2022-07-18,21.35,23.56,WorthPoint
nwa-lunar-meteorite,.017 Grams 4x2x1mm NWA 6950 LUNAR GABBRO METEORITE A Plastic Gem Case W/COA,9.99,2022-07-16,17.0,0.59,WorthPoint
nwa-lunar-meteorite,"Meteorite**NWA 11228, Lunar Felds. Breccia**1.645 Gram, Gorgeous Unique Endcut!!",169.99,2022-07-16,1.645,103.34,WorthPoint
nwa-lunar-meteorite,Lunar Meteorite NWA 13757 5.872 Gram Slice (1 Of Only 4 Lunar Melt Breccias),199.0,2022-07-16,5.872,33.89,WorthPoint
nwa-lunar-meteorite,"Meteorite**NWA 13788, NEW LUNAR IMPACT MELT BRECCIA**0.965 Gram, BLACK LUNAR!!!",99.99,2022-07-16,0.965,103.62,WorthPoint
nwa-lunar-meteorite,NWA 12826 - LUNAR METEORITE / MOON ROCK - Feldspathic Breccia - Found In 2019,47.0,2022-07-15,,,WorthPoint
nwa-lunar-meteorite,LUNAR METEORITE / MOON ROCK - NWA 14358 W/COA - Feldsp Breccia - Found In Africa,21.0,2022-07-15,,,WorthPoint
nwa-lunar-meteorite,".241 Grams 10x7x2mm NWA 13951 ""starry Night"" Lunar Meteorite Feldspathic Breccia",27.0,2022-07-15,241.0,0.11,WorthPoint
nwa-lunar-meteorite,"Meteorite**NWA 5744, LUNAR GRANULITIC TROCTOLITIC BRECCIA**0.254 GRAM FRAG SLICE",89.99,2022-07-14,0.254,354.29,WorthPoint
nwa-lunar-meteorite,"Meteorite**NWA 11237, Lunar Felds. Breccia**0.807 Gram, Gorgeous Unique Slice!!",129.99,2022-07-14,0.807,161.08,WorthPoint
nwa-lunar-meteorite,NWA 11266 Lunar Feldspathic Regolith Breccia Meteorite 2.1 Gram Fragment,26.0,2022-07-12,2.1,12.38,WorthPoint
nwa-lunar-meteorite,Part Of The MOON! NWA 14686 Lunar Meteorite. 7.4g MOON Polished One Side!,481.0,2022-07-11,7.4,65.0,WorthPoint
nwa-lunar-meteorite,MUSEUM EDITION - 3 MOON ROCK DISPLAY - LUNAR METEORITE - Jumbo Display+Easel,29.95,2022-07-11,,,WorthPoint
nwa-lunar-meteorite,NWA 11303 Moon Rock 3.68g Lunar Part Slice By Meteorite Men Steve,460.0,2022-07-11,3.68,125.0,WorthPoint
nwa-lunar-meteorite,1.91 G NWA 11474 Lunar (Moon) Meteorite Specimen (feldsp. Breccia) From Africa,223.2,2022-07-11,1.91,116.86,WorthPoint
nwa-lunar-meteorite,"Meteorite**NWA 6950; LUNAR GABBRO**0.573 Gram Slice, Extremely Rare Lunar!!!",170.0,2022-07-11,0.573,296.68,WorthPoint
nwa-lunar-meteorite,"Meteorite**NWA 14900; LUNAR FRAGMENTAL BRECCIA**1.552 Gram, W/Dunite Clasts!!!",108.05,2022-07-11,1.552,69.62,WorthPoint
nwa-lunar-meteorite,"Meteorite**NWA 11237, Lunar Felds. Breccia**1.837 Gram, Gorgeous Unique Slice!!",91.0,2022-07-11,1.837,49.54,WorthPoint
nwa-lunar-meteorite,"Meteorite**NWA 14526; LUNAR MARE BASALT**0.862 Gram Individual, LAST SLICE!!!",230.4,2022-07-11,0.862,267.29,WorthPoint
nwa-lunar-meteorite,"Meteorite**NWA 14188; Lunar Mare Basaltic Breccia**0.421 Grams, Front-side Moon!",97.01,2022-07-11,0.421,230.43,WorthPoint
nwa-lunar-meteorite,"NWA 11182, Lunar Breccia Meteorite 8.2g, Slice Of MOON! Super Colors! Polished",255.0,2022-07-11,8.2,31.1,WorthPoint
nwa-lunar-meteorite,"Meteorite**NWA 13788, NEW LUNAR MELT BRECCIA**3.367 Gram Endcut, HIGH METAL!",132.5,2022-07-11,3.367,39.35,WorthPoint
nwa-lunar-meteorite,22.33g End Of The MOON! NWA 14686 Lunar Meteorite. Packed With White Clasts!,480.0,2022-07-11,22.33,21.5,WorthPoint
nwa-lunar-meteorite,"Meteorite**NWA 13992, Polymict Frag. Lunar Breccia**4.609 Gram Slice, 1 Of 9!!!!",399.99,2022-07-09,4.609,86.78,WorthPoint
nwa-lunar-meteorite,Lunar Meteorite NWA 13757 ENDCUT 7.91 Grams (1 Of 4 Lunar Melt Breccias),299.0,2022-07-09,7.91,37.8,WorthPoint
nwa-lunar-meteorite,Meteorite NWA 14358 Achondrite Lunar - G731-0114 - 0.27g - Feldspathic Breccia,15.45,2022-07-08,0.27,57.22,WorthPoint
nwa-lunar-meteorite,5 NWA 5000 Lunar Meteroties And 1 Lunar Meteorite Dust NWA 5000,50.0,2022-07-08,,,WorthPoint
nwa-lunar-meteorite,Meteorite NWA 14358 Achondrite Lunar - G731-0118 - 0.32g - Feldspathic Breccia,15.95,2022-07-08,0.32,49.84,WorthPoint
nwa-lunar-meteorite,".312 Grams 10x9x2mm NWA 13951 ""starry Night"" Lunar Meteorite Feldspathic Breccia",29.99,2022-07-06,312.0,0.1,WorthPoint
nwa-lunar-meteorite,1.67 Grams 14mm NWA 13974 Lunar As Found Moon Meteorite Feldsp. Breccia With COA,129.99,2022-07-06,1.67,77.84,WorthPoint
nwa-lunar-meteorite,Legendary NWA 5000 Lunar Meteorite Moon Rock .330 Grams,150.0,2022-07-03,330.0,0.45,WorthPoint
nwa-lunar-meteorite,NWA 11788 0.76g Part Slice Of Lunar Feldspathic Breccia Meteorite,38.0,2022-07-02,0.76,50.0,WorthPoint
nwa-lunar-meteorite,"Meteorite**NWA 14900; LUNAR FRAGMENTAL BRECCIA**1.079 Gram, W/Dunite Clasts!!!",61.01,2022-06-29,1.079,56.54,WorthPoint
nwa-lunar-meteorite,"Meteorite**NWA 13992, Polymict Frag. Lunar Breccia**0.969 Gram Slice, 1 Of 9!!",40.0,2022-06-29,0.969,41.28,WorthPoint
nwa-lunar-meteorite,"Meteorite**NWA 11237, Lunar Felds. Breccia**2.351 Gram, Gorgeous Unique Slice!!",144.27,2022-06-29,2.351,61.37,WorthPoint
nwa-lunar-meteorite,"Meteorite**NWA 6950; LUNAR GABBRO**0.507 Gram Slice, Extremely Rare Lunar!!!",105.5,2022-06-29,0.507,208.09,WorthPoint
nwa-lunar-meteorite,"Meteorite**NWA 14526; LUNAR MARE BASALT**0.930 Gram Individual, FRONT-SIDE MOON!",170.0,2022-06-29,0.93,182.8,WorthPoint
nwa-lunar-meteorite,"Meteorite**NWA 14188; Lunar Mare Basaltic Breccia**0.721 Grams, Front-side Moon!",102.6,2022-06-29,0.721,142.3,WorthPoint
nwa-lunar-meteorite,"Meteorite**NWA 13788, NEW LUNAR IMPACT MELT BRECCIA**6.374 Gram, Metal Rich!!!",220.17,2022-06-29,6.374,34.54,WorthPoint
nwa-lunar-meteorite,"Meteorite**NWA 11237, Lunar Felds. Breccia**3.568 Gram, Gorgeous Unique Endcut!!",299.99,2022-06-27,3.568,84.08,WorthPoint
nwa-lunar-meteorite,12.45 G Slice Of The MOON! NWA 14686 Lunar Meteorite. Packed With White Clasts!,295.0,2022-06-27,12.45,23.69,WorthPoint
nwa-lunar-meteorite,"Own The MOON! NWA 13951, 20.5g ""starry Night"" Lunar Meteorite. Big Iron Flecks",767.98,2022-06-27,20.5,37.46,WorthPoint
nwa-lunar-meteorite,NWA 11303 Lunar Feldspathic Breccia Meteorite Very Small Sample Fragments + COA,5.99,2022-06-25,,,WorthPoint
nwa-lunar-meteorite,NWA 13951 Lunar 8.61g 'Starry Night' Feldspathic Breccia Moon Rock,550.0,2022-06-25,8.61,63.88,WorthPoint
nwa-lunar-meteorite,NWA 13951 Lunar 0.50g 'Starry Night' Feldspathic Breccia Moon Rock,43.0,2022-06-25,0.5,86.0,WorthPoint
nwa-lunar-meteorite,NWA 11474 Lunar Meteorite Slice With Signed Charlie Duke 8.5 X 11 Photograph,6000.0,2022-06-22,,,WorthPoint
nwa-lunar-meteorite,"Meteorite**NWA 13992, Polymict Frag. Lunar Breccia**1.001 Gram Slice, 1 Of 9!!",129.99,2022-06-22,1.001,129.86,WorthPoint
nwa-lunar-meteorite,"Meteorite**NWA 14188; Lunar Mare Basaltic Breccia**1.188 Grams,Extremely Rare!!!",102.51,2022-06-22,1.188,86.29,WorthPoint
nwa-lunar-meteorite,"Meteorite**NWA 14526; LUNAR MARE BASALT**0.763 Gram Individual, FRONT-SIDE MOON!",202.5,2022-06-22,0.763,265.4,WorthPoint
nwa-lunar-meteorite,"Meteorite**NWA 11237, Lunar Felds. Breccia**1.463 Gram, Gorgeous Unique Endcut!!",66.0,2022-06-22,1.463,45.11,WorthPoint
nwa-lunar-meteorite,"Meteorite**NWA 6950; LUNAR GABBRO**0.463 Gram Slice, Extremely Rare Lunar!!!",89.0,2022-06-22,0.463,192.22,WorthPoint
nwa-lunar-meteorite,"Meteorite**NWA 14188; Lunar Mare Basaltic Breccia**0.469 Grams,Extremely Rare!!!",80.0,2022-06-22,0.469,170.58,WorthPoint
nwa-lunar-meteorite,3.65 G NWA 11474 Lunar (Moon) Meteorite Specimen (feldsp. Breccia) From Africa,455.0,2022-06-22,3.65,124.66,WorthPoint
nwa-lunar-meteorite,.22 Grams Lunar Meteorite NWA 10986 Lunar Highlands Melt Breccia COA,28.6,2022-06-20,22.0,1.3,WorthPoint
nwa-lunar-meteorite,"NWA 11182, Lunar Breccia Meteorite 24g, Slice Of MOON! Super Colors! Polished",661.0,2022-06-20,24.0,27.54,WorthPoint
nwa-lunar-meteorite,"NWA Lunar Breccia Meteorite 21.95g, Slice Of MOON! Super Colors! Class Pending",621.0,2022-06-20,21.95,28.29,WorthPoint
nwa-lunar-meteorite,.055 Grams 4x3x3mm NWA 10644 Lunar Feldspathic Breccia Meteorite Fragment W/ COA,15.0,2022-06-18,55.0,0.27,WorthPoint
nwa-lunar-meteorite,NWA 13951 Lunar 3.06g 'Starry Night' Feldspathic Breccia Moon Rock,199.0,2022-06-18,3.06,65.03,WorthPoint
nwa-lunar-meteorite,NWA 13951 Lunar 0.46g 'Starry Night' Feldspathic Breccia Moon Rock,42.0,2022-06-18,0.46,91.3,WorthPoint
nwa-lunar-meteorite,NWA 11788 3.25g Part Slice Of Lunar Feldspathic Breccia Meteorite,130.0,2022-06-18,3.25,40.0,WorthPoint
nwa-lunar-meteorite,.15 Grams Lunar Meteorite NWA 13964 Feldspathic Breccia Found 2021! COA,18.0,2022-06-18,15.0,1.2,WorthPoint
nwa-lunar-meteorite,Meteorite NWA 14358 Achondrite Lunar - G731-0113 - 0.26g - Feldspathic Breccia,12.95,2022-06-18,0.26,49.81,WorthPoint
nwa-lunar-meteorite,.451 Grams 12x10x4mm NWA 11421 Lunar Moon Meteorite As Found With C.O.A.,38.99,2022-06-17,451.0,0.09,WorthPoint
nwa-lunar-meteorite,.527 Grams 10mm NWA 11474 Lunar Feldspathic Breccia As Found Meteorite With COA,39.99,2022-06-17,527.0,0.08,WorthPoint
nwa-lunar-meteorite,NWA 11266 Lunar Feldspathic Regolith Breccia Meteorite 1.3 Gram Fragment,93.67,2022-06-16,1.3,72.05,WorthPoint
nwa-lunar-meteorite,Meteorite NWA 14358 Achondrite Lunar - G731-0115 - 0.22g - Feldspathic Breccia,10.95,2022-06-15,0.22,49.77,WorthPoint
nwa-lunar-meteorite,"Meteorite**NWA 14685, Lunar Fragmental Breccia**2.511 Grams Slice; NEW FIND!!!",115.0,2022-06-13,2.511,45.8,WorthPoint
nwa-lunar-meteorite,"Meteorite**NWA 14900; LUNAR FRAGMENTAL BRECCIA**1.555 Gram, W/Dunite Clasts!!!",113.5,2022-06-13,1.555,72.99,WorthPoint
nwa-lunar-meteorite,"Meteorite**NWA 11237, Lunar Felds. Breccia**2.488 Gram, Gorgeous Unique Slice!!",113.5,2022-06-13,2.488,45.62,WorthPoint
nwa-lunar-meteorite,.367 Grams 11mm NWA 11788 Lunar Meteorite (feldspathic Breccia) Comes With A COA,35.0,2022-06-12,367.0,0.1,WorthPoint
nwa-lunar-meteorite,.394 Grams 7mm NWA 13974 Lunar Fragment Moon Meteorite Feldsp. Breccia With COA,29.99,2022-06-11,394.0,0.08,WorthPoint
nwa-lunar-meteorite,Meteorite NWA 14358 Achondrite Lunar - G731-0112 - 0.20g - Feldspathic Breccia,9.95,2022-06-10,0.2,49.75,WorthPoint
nwa-lunar-meteorite,"Meteorite**NWA 11237, Lunar Felds. Breccia**5.089 Gram, Gorgeous Unique Endcut!!",499.99,2022-06-09,5.089,98.25,WorthPoint
nwa-lunar-meteorite,NWA 13951 Lunar 0.48g 'Starry Night' Feldspathic Breccia Moon Rock,41.0,2022-06-09,0.48,85.42,WorthPoint
nwa-lunar-meteorite,NWA 11788 2.45g Part Slice Of Lunar Feldspathic Breccia Meteorite,129.0,2022-06-09,2.45,52.65,WorthPoint
nwa-lunar-meteorite,.018 Grams 4x2x1mm NWA 6950 LUNAR GABBRO METEORITE A Plastic Gem Case W/COA,9.99,2022-06-07,18.0,0.56,WorthPoint
nwa-lunar-meteorite,"Meteorite**NWA 14526; LUNAR MARE BASALT**0.861 Gram Individual, FRONT-SIDE MOON!",183.5,2022-06-06,0.861,213.12,WorthPoint
nwa-lunar-meteorite,"Meteorite**NWA 14188; Lunar Mare Basaltic Breccia**0.256 Grams, Front-side Moon!",58.75,2022-06-06,0.256,229.49,WorthPoint
nwa-lunar-meteorite,"Meteorite**NWA 13788, NEW LUNAR IMPACT MELT BRECCIA**0.930 Gram, BLACK LUNAR!!!",33.0,2022-06-06,0.93,35.48,WorthPoint
nwa-lunar-meteorite,"Meteorite**NWA 13992, Polymict Frag. Lunar Breccia**2.436 Grams. LOW SUPPLY!!!",84.0,2022-06-06,2.436,34.48,WorthPoint
nwa-lunar-meteorite,"Meteorite**NWA 11237, Lunar Felds. Breccia**0.601 Gram, Gorgeous Unique Slice!!",36.0,2022-06-06,0.601,59.9,WorthPoint
nwa-lunar-meteorite,1.36 Grams 15x9x7mm NWA 11273 Lunar Moon Meteorite Fragment With A COA,105.0,2022-06-05,1.36,77.21,WorthPoint
nwa-lunar-meteorite,.927 Grams 12mm NWA 11273 Lunar Moon Meteorite Fragment With A COA,69.99,2022-06-05,927.0,0.08,WorthPoint
nwa-lunar-meteorite,".949 Gram 14x10x3mm NWA 13951 ""starry Night"" Lunar Meteorite Feldspathic Breccia",94.0,2022-06-05,949.0,0.1,WorthPoint
nwa-lunar-meteorite,".431 Grams 11x9x3mm NWA 13951 ""starry Night"" Lunar Meteorite Feldspathic Breccia",42.99,2022-06-05,431.0,0.1,WorthPoint
nwa-lunar-meteorite,.525 Grams 14mm NWA 11182 Lunar Moon Slice Meteorite Feldsp. Breccia With COA,43.99,2022-06-05,525.0,0.08,WorthPoint
nwa-lunar-meteorite,"Meteorite: NWA 13951 ""Starry Night"" Lunar Polished Slice Frag 23.75 Grams + COA",610.0,2022-06-04,23.75,25.68,WorthPoint
nwa-lunar-meteorite,NWA 13951 Lunar 2.02g 'Starry Night' Feldspathic Breccia Moon Rock,152.5,2022-06-04,2.02,75.5,WorthPoint
nwa-lunar-meteorite,NWA 13951 Lunar 0.59g 'Starry Night' Feldspathic Breccia Moon Rock,50.0,2022-06-04,0.59,84.75,WorthPoint
nwa-lunar-meteorite,Lunar (moon) Meteorite Nwa 11273,22.0,2022-06-03,,,WorthPoint
nwa-lunar-meteorite,"Meteorite**NWA 13788, NEW LUNAR MELT BRECCIA**27.847 Gram, VERY RARE 1of 5 Ever!",1599.99,2022-06-02,27.847,57.46,WorthPoint
nwa-lunar-meteorite,NWA 11266 Lunar Feldspathic Regolith Breccia Meteorite 4.7 Gram Fragment,143.51,2022-06-02,4.7,30.53,WorthPoint
nwa-lunar-meteorite,LUNAR METEORITE / MOON ROCK - NWA 11788 W/COA - Feldspathic Breccia - Mali 2017,36.0,2022-06-01,,,WorthPoint
nwa-lunar-meteorite,Meteorite NWA 14358 Achondrite Lunar - G731-0111 - 0.27g - Feldspathic Breccia,9.5,2022-06-01,0.27,35.19,WorthPoint
nwa-lunar-meteorite,Meteorite NWA 14358 Achondrite Lunar - G731-0089 - 0.19g - Feldspathic Breccia,8.5,2022-06-01,0.19,44.74,WorthPoint
nwa-lunar-meteorite,2 Micro Samples NWA 6950 LUNAR GABBRO METEORITE In A Glass Top Plastic Case,5.99,2022-05-28,,,WorthPoint
nwa-lunar-meteorite,NWA 11788 1.64g Part Slice Of Lunar Feldspathic Breccia Meteorite,85.0,2022-05-28,1.64,51.83,WorthPoint
nwa-lunar-meteorite,.976 Gram Nwa 5000 Lunar Meteorite Ex Hupe Collection,400.0,2022-05-28,976.0,0.41,WorthPoint
nwa-lunar-meteorite,.654 Gram Nwa 5000 Lunar Meteorite Ex Hupe Collection,250.0,2022-05-28,654.0,0.38,WorthPoint
nwa-lunar-meteorite,"1.03 Gram 16x14x2mm NWA 13951 ""starry Night"" Lunar Meteorite Feldspathic Breccia",99.0,2022-05-26,1.03,96.12,WorthPoint
nwa-lunar-meteorite,Meteorite NWA 14358 Achondrite Lunar - G731-0048 - 0.54g PAYING ATTENTION? LOL,10.5,2022-05-24,0.54,19.44,WorthPoint
nwa-lunar-meteorite,"Meteorite**NWA 13788, NEW LUNAR IMPACT MELT BRECCIA**3.998 Gram Endcut, RARE!",349.99,2022-05-23,3.998,87.54,WorthPoint
nwa-lunar-meteorite,.310 Gram Nwa 5000 Lunar Meteorite Ex Hupe Collection,120.0,2022-05-23,310.0,0.39,WorthPoint
nwa-lunar-meteorite,Official Lunar Meteorite NWA 13621 Partially Hydrothermaly Altered .07 Grams,7.89,2022-05-23,7.0,1.13,WorthPoint
nwa-lunar-meteorite,"Meteorite**NWA 14900; LUNAR FRAGMENTAL BRECCIA**1.001 Gram, W/Dunite Clasts!!!",82.0,2022-05-23,1.001,81.92,WorthPoint
nwa-lunar-meteorite,"Meteorite**NWA 11237, Lunar Felds. Breccia**3.674 Gram, Gorgeous Individual!!!",61.01,2022-05-23,3.674,16.61,WorthPoint
nwa-lunar-meteorite,"Meteorite**NWA 14900; LUNAR FRAGMENTAL BRECCIA**2.434 Gram, W/Dunite Clasts!!!",117.5,2022-05-23,2.434,48.27,WorthPoint
nwa-lunar-meteorite,"Meteorite**NWA 11237, Lunar Felds. Breccia**2.258 Gram, Gorgeous Unique Slice!!",102.5,2022-05-23,2.258,45.39,WorthPoint
nwa-lunar-meteorite,"Meteorite**NWA 14526; LUNAR MARE BASALT**0.393 Gram Fragment, FRONT-SIDE MOON!",51.0,2022-05-23,0.393,129.77,WorthPoint
nwa-lunar-meteorite,"Own The MOON! NWA 13951, 2.56g ""starry Night"" Lunar Meteorite. Mirror Polish!",100.0,2022-05-23,2.56,39.06,WorthPoint
nwa-lunar-meteorite,"Own The MOON! NWA 13951, 14.1g ""starry Night"" Lunar Meteorite. Mirror Polish!",455.0,2022-05-23,14.1,32.27,WorthPoint
nwa-lunar-meteorite,"NWA Lunar Breccia Meteorite 8.5g, Slice Of MOON! Super Colors! Class Pending",255.0,2022-05-23,8.5,30.0,WorthPoint
nwa-lunar-meteorite,3.80 G NWA 11182 Lunar (Moon) Meteorite Slice (feldsp. Breccia) Found In Africa,450.0,2022-05-22,3.8,118.42,WorthPoint
nwa-lunar-meteorite,Lunar-like NWA 4664 DIOGENITE(pm) - (3) Meteorite Part Slices Totals - 0.82 G,17.0,2022-05-20,0.82,20.73,WorthPoint
nwa-lunar-meteorite,20.45 G Slice Of The MOON! NWA 14685 Lunar Meteorite. Packed With White Clasts!,1200.0,2022-05-20,20.45,58.68,WorthPoint
nwa-lunar-meteorite,.291 Grams 11x8x3mm NWA 11421 Lunar Moon Meteorite As Found With C.O.A.,24.99,2022-05-19,291.0,0.09,WorthPoint
nwa-lunar-meteorite,".5g MOON DUST MIX From 3 Different Lunar Classifications NWA 10986, 11788, 13992",35.99,2022-05-18,5.0,7.2,WorthPoint
nwa-lunar-meteorite,NWA 13951 & Gadamis 003 Apollo Lunar Moon Meteorite Cutting Dust 1 Gram With COA,49.95,2022-05-18,1.0,49.95,WorthPoint
nwa-lunar-meteorite,"Meteorite NWA 11228, Lunar Felds. Breccia** .5 Gram, Gorgeous Unique End Cut!",50.0,2022-05-18,5.0,10.0,WorthPoint
nwa-lunar-meteorite,"Meteorite**NWA 14137, LUNAR MARE BASALT**0.311 Grams, RAREST, NEARSIDE OF MOON!!",599.99,2022-05-17,0.311,1929.23,WorthPoint
nwa-lunar-meteorite,Meteorite: Lunar Feldspathic Breccia NWA 12826 Fragment Of 0.6 Grams #365,36.0,2022-05-17,0.6,60.0,WorthPoint
nwa-lunar-meteorite,NWA 11788 0.83g Fragment Of Lunar Feldspathic Breccia Meteorite,43.0,2022-05-17,0.83,51.81,WorthPoint
nwa-lunar-meteorite,.412 Gram Nwa 5000 Lunar Meteorite Ex Hupe Collection,110.0,2022-05-16,412.0,0.27,WorthPoint
nwa-lunar-meteorite,"Meteorite**NWA 11237, Lunar Felds. Breccia**1.178 Gram, Gorgeous Unique Slice!!",81.0,2022-05-16,1.178,68.76,WorthPoint
nwa-lunar-meteorite,"Meteorite**NWA 11228, Lunar Felds. Breccia**0.387 Gram, Gorgeous Unique Slice!",23.5,2022-05-16,0.387,60.72,WorthPoint
nwa-lunar-meteorite,"Meteorite**NWA 13788, NEW LUNAR IMPACT MELT BRECCIA**1.723 Gram Slice, RARE!",79.5,2022-05-16,1.723,46.14,WorthPoint
nwa-lunar-meteorite,"NWA Lunar Breccia Meteorite 32g, Slice Of MOON! Super Colors! Class Pending",890.0,2022-05-16,32.0,27.81,WorthPoint
nwa-lunar-meteorite,"1.78 Grams 18x10x9mm NWA 11303 Lunar Moon Meteorite W/ Sanded, Polished, Window",165.0,2022-05-15,1.78,92.7,WorthPoint
nwa-lunar-meteorite,NWA 11788 1.77g Part Slice Of Lunar Feldspathic Breccia Meteorite,71.0,2022-05-14,1.77,40.11,WorthPoint
nwa-lunar-meteorite,Meteorite NWA 14358 Achondrite Lunar - G731-0088 - 0.16g - Feldspathic Breccia,15.95,2022-05-13,0.16,99.69,WorthPoint
nwa-lunar-meteorite,#8 MOON LUNAR METEORITE - 27.93 Grams - Feldspathic Breccia - NWA 11828,1150.0,2022-05-11,27.93,41.17,WorthPoint
nwa-lunar-meteorite,"Meteorite**NWA 13992, Polymict Frag. Lunar Breccia**5.294 Gram Slice, 1 Of 9!!!!",499.99,2022-05-11,5.294,94.44,WorthPoint
nwa-lunar-meteorite,NWA 11266 Lunar Feldspathic Regolith Breccia Meteorite 2.9 Gram Fragment,69.0,2022-05-10,2.9,23.79,WorthPoint
nwa-lunar-meteorite,.109 Grams 7mm NWA 11303 Lunar Feldspathic Breccia Meteorite With A COA,11.99,2022-05-10,109.0,0.11,WorthPoint
nwa-lunar-meteorite,.311 Gram 17x6x2mm NWA 11898 Lunar Slice Moon Meteorite Feldspathic Breccia COA,23.99,2022-05-10,311.0,0.08,WorthPoint
nwa-lunar-meteorite,".263 Grams 10x6x2mm NWA 13951 ""starry Night"" Lunar Meteorite Feldspathic Breccia",23.99,2022-05-10,263.0,0.09,WorthPoint
nwa-lunar-meteorite,10 Grams 60x39x2mm NWA 14577 Lunar Slice (fragmental Breccia) Meteorite With COA,639.0,2022-05-09,10.0,63.9,WorthPoint
nwa-lunar-meteorite,.077 Grams 5mm NWA 11303 Lunar Feldspathic Breccia Meteorite With A COA,9.99,2022-05-07,77.0,0.13,WorthPoint
nwa-lunar-meteorite,Lunar-like NWA 4664 DIOGENITE(pm) Meteorite Part End Cut - 3.3 G,55.0,2022-05-06,3.3,16.67,WorthPoint
nwa-lunar-meteorite,5.57 G NWA 11182 Lunar (Moon) Meteorite Endcut (feldsp. Breccia) Found In Africa,445.6,2022-05-05,5.57,80.0,WorthPoint
nwa-lunar-meteorite,.179 Grams 13mm NWA 11182 Lunar Moon Slice Meteorite Feldsp. Breccia With COA,13.99,2022-05-05,179.0,0.08,WorthPoint
nwa-lunar-meteorite,Meteorite NWA 14358 Achondrite Lunar - G731-0090 - 0.24g - Feldspathic Breccia,23.95,2022-05-05,0.24,99.79,WorthPoint
nwa-lunar-meteorite,Lunar Meteorite NWA 13964 Fresh New Find 2021! - .21 Grams Feldspathic Breccia,21.0,2022-05-05,21.0,1.0,WorthPoint
nwa-lunar-meteorite,.506 Grams 10x9x2mm NWA 11182 Lunar Moon Meteorite (feldsp. Breccia) With COA,37.99,2022-05-03,506.0,0.08,WorthPoint
nwa-lunar-meteorite,Meteorite NWA 14358 Achondrite Lunar - G731-0085 - 0.15g - Feldspathic Breccia,20.5,2022-05-02,0.15,136.67,WorthPoint
nwa-lunar-meteorite,"Own The MOON! NWA 13951, 2.95g ""starry Night"" Lunar Meteorite. Mirror Polish!",167.5,2022-05-02,2.95,56.78,WorthPoint
nwa-lunar-meteorite,"NWA 11182, Lunar Breccia Meteorite 16.0g, Slice Of MOON! Super Colors! Polished",536.69,2022-05-02,16.0,33.54,WorthPoint
nwa-lunar-meteorite,"LUNAR Highlands Meteorite NWA 5000, VERY RARE Feldspathic Breccia Specimen 456mg",186.0,2022-05-01,,,WorthPoint
nwa-lunar-meteorite,"Meteorite: NWA 13951 ""Starry Night"" Lunar Polished Slice 12.26 Grams + COA",310.0,2022-04-30,12.26,25.29,WorthPoint
nwa-lunar-meteorite,NWA 11788 3.18g Part Slice Of Lunar Feldspathic Breccia Meteorite,125.0,2022-04-30,3.18,39.31,WorthPoint
nwa-lunar-meteorite,"Meteorite**NWA 11237, Lunar Felds. Breccia**0.475 Gram, Gorgeous Unique Slice!!",49.99,2022-04-30,0.475,105.24,WorthPoint
nwa-lunar-meteorite,NWA 11182 Lunar 0.38g Feldspathic Breccia Slice Of The Moon,25.0,2022-04-28,0.38,65.79,WorthPoint
nwa-lunar-meteorite,Lunar Meteorite NWA 10986 Highland Impact Melt Breccia .28 Grams Tkw. 108 Grams!,28.0,2022-04-28,28.0,1.0,WorthPoint
nwa-lunar-meteorite,"Meteorite: NWA 13951 ""Starry Night"" Lunar Polished Slice 7.86 Grams + COA",233.5,2022-04-27,7.86,29.71,WorthPoint
nwa-lunar-meteorite,Meteorite: NWA 14685 Polished Sliced Lunar 1.96 Grams,102.5,2022-04-27,1.96,52.3,WorthPoint
nwa-lunar-meteorite,"Meteorite**NWA 11237, Lunar Felds. Breccia**1.261 Gram, Gorgeous Unique Slice!!",61.0,2022-04-26,1.261,48.37,WorthPoint
nwa-lunar-meteorite,"Meteorite**NWA 13788, NEW LUNAR IMPACT MELT BRECCIA**1.878 Gram,Beautiful Slice!",91.0,2022-04-26,1.878,48.46,WorthPoint
nwa-lunar-meteorite,"Meteorite**NWA 13408, Lunar Felds. Breccia**0.347 Grams, RARE GOLDEN LUNAR!!!",29.99,2022-04-26,0.347,86.43,WorthPoint
nwa-lunar-meteorite,"Meteorite**NWA 13992, Polymict Frag. Lunar Breccia**0.390 Gram Slice, 1 Of 9!!!!",16.75,2022-04-26,0.39,42.95,WorthPoint
nwa-lunar-meteorite,"Meteorite**NWA 14526; LUNAR MARE BASALT**0.292 Gram Fragment, FRONT-SIDE MOON!",91.0,2022-04-26,0.292,311.64,WorthPoint
nwa-lunar-meteorite,"Meteorite**NWA 6950; LUNAR GABBRO**0.592 Gram Slice, Extremely Rare Lunar!!!",94.0,2022-04-26,0.592,158.78,WorthPoint
nwa-lunar-meteorite,"Meteorite: NWA 13951 ""Starry Night"" Lunar Polished Slice 3.42 Grams + COA",140.5,2022-04-25,3.42,41.08,WorthPoint
nwa-lunar-meteorite,Meteorite NWA 14358 Achondrite Lunar - G731-0084 - 0.19g - Feldspathic Breccia,18.95,2022-04-24,0.19,99.74,WorthPoint
nwa-lunar-meteorite,"Meteorite**NWA 11228, Lunar Felds. Breccia**0.714 Gram, Gorgeous Unique Endcut!!",79.99,2022-04-24,0.714,112.03,WorthPoint
nwa-lunar-meteorite,NWA 11182 Lunar 0.83g Feldspathic Breccia Slice Of The Moon,55.0,2022-04-24,0.83,66.27,WorthPoint
nwa-lunar-meteorite,Meteorite NWA 14358 Achondrite Lunar - G731-0086 - 0.14g - Feldspathic Breccia,13.95,2022-04-24,0.14,99.64,WorthPoint
nwa-lunar-meteorite,NWA 11182 Lunar 0.35g Feldspathic Breccia Slice Of The Moon,18.0,2022-04-23,0.35,51.43,WorthPoint
nwa-lunar-meteorite,NWA 11182 Lunar 0.70g Feldspathic Breccia Slice Of The Moon,46.0,2022-04-20,0.7,65.71,WorthPoint
nwa-lunar-meteorite,NWA 11182 Lunar 1.17g Slice W/ Nice Plagioclase Nugget,77.0,2022-04-20,1.17,65.81,WorthPoint
nwa-lunar-meteorite,.266 Grams 12mm NWA 11303 Lunar Feldspathic Breccia Meteorite Fragment + COA,25.0,2022-04-20,266.0,0.09,WorthPoint
nwa-lunar-meteorite,"RARE ""APOLLO"" NWA 14729 Lunar Meteorite 13.75g Anorthosite/Troctolite Melt",898.0,2022-04-18,13.75,65.31,WorthPoint
nwa-lunar-meteorite,"NWA 13951, ""starry Night"" With Teardrop Lunar Meteorite, 34.5g Full Slice",1250.0,2022-04-18,34.5,36.23,WorthPoint
nwa-lunar-meteorite,Meteorite: NWA 14576 Sliced & Polished Lunar 13.22 Grams NO RESERVE!,610.0,2022-04-17,13.22,46.14,WorthPoint
nwa-lunar-meteorite,NWA 8277 Lunar Mingled Breccia Meteorite (Purchased From Big Kahuna Meteorites),200.0,2022-04-17,,,WorthPoint
nwa-lunar-meteorite,Meteorite NWA 14358 Achondrite Lunar - G731-0097 - Micro - Feldspathic Breccia,5.13,2022-04-16,,,WorthPoint
nwa-lunar-meteorite,NWA 11182 Lunar 2.77g Feldspathic Breccia Slice Of The Moon,139.0,2022-04-16,2.77,50.18,WorthPoint
nwa-lunar-meteorite,NWA 11182 Lunar 0.60g Slice W/ Nice Plagioclase Nugget,30.0,2022-04-16,0.6,50.0,WorthPoint
nwa-lunar-meteorite,"Meteorite**NWA 11237, Lunar Felds. Breccia**1.000 Gram, Gorgeous Unique Slice!!",99.99,2022-04-16,1.0,99.99,WorthPoint
nwa-lunar-meteorite,Meteorite NWA 14358 Achondrite Lunar - G731-0096 - Micro - Feldspathic Breccia,5.09,2022-04-16,,,WorthPoint
nwa-lunar-meteorite,Meteorite NWA 10901 Achondrite Lunar Polymict Felds/Breccia - G676-0085 - Micro,5.0,2022-04-16,,,WorthPoint
nwa-lunar-meteorite,Meteorite NWA 14358 Achondrite Lunar - G731-0087 - 0.17g - Feldspathic Breccia,28.21,2022-04-15,0.17,165.94,WorthPoint
nwa-lunar-meteorite,Lunar Meteorite NWA 10986 Highland Impact Melt Breccia .05 Grams Tkw. 108 Grams!,7.99,2022-04-15,5.0,1.6,WorthPoint
nwa-lunar-meteorite,5.17 Grams 47x27x2mm NWA 11182 Lunar Moon Meteorite (feldsp. Breccia) With COA,259.99,2022-04-14,5.17,50.29,WorthPoint
nwa-lunar-meteorite,#51 MOON LUNAR METEORITE - 1.52 Grams - Feldspathic Breccia - NWA 11828,76.0,2022-04-12,1.52,50.0,WorthPoint
nwa-lunar-meteorite,8.0 G NWA 11474 Lunar (Moon) Meteorite Specimen (feldsp. Breccia) From Africa,559.3,2022-04-11,8.0,69.91,WorthPoint
nwa-lunar-meteorite,#81 MOON LUNAR METEORITE - 1.21 Grams - Feldspathic Breccia - NWA 11828,32.0,2022-04-11,1.21,26.45,WorthPoint
nwa-lunar-meteorite,"Meteorite**NWA 11237, Lunar Felds. Breccia**3.256 Gram, Gorgeous Unique Endcut!!",299.0,2022-04-11,3.256,91.83,WorthPoint
nwa-lunar-meteorite,#52 MOON LUNAR METEORITE - 1.67 Grams - Feldspathic Breccia - NWA 11828,83.5,2022-04-11,1.67,50.0,WorthPoint
nwa-lunar-meteorite,.44 Gram - NWA 11788 LUNAR Meteorite (feldspathic Breccia) 2017 Mali Find,31.5,2022-04-11,44.0,0.72,WorthPoint
nwa-lunar-meteorite,Meteorite NWA 14358 Achondrite Lunar - G731-0091 - Micro - Feldspathic Breccia,6.61,2022-04-10,,,WorthPoint
nwa-lunar-meteorite,Meteorite NWA 14358 Achondrite Lunar - G731-0083 - 0.15g - Feldspathic Breccia,20.0,2022-04-08,0.15,133.33,WorthPoint
nwa-lunar-meteorite,2.12 Grams 20x15x3mm NWA 11273 Lunar Moon Meteorite Full Slice With A COA,169.0,2022-04-08,2.12,79.72,WorthPoint
nwa-lunar-meteorite,Meteorite NWA 14358 Achondrite Lunar - G731-0082 - 0.13g - Feldspathic Breccia,16.6,2022-04-08,0.13,127.69,WorthPoint
nwa-lunar-meteorite,Authentic Moon Rock Lunar Meteorite NWA 13408 2x2 Display Case 50 Mg. Fragment,7.99,2022-04-07,,,WorthPoint
nwa-lunar-meteorite,"Meteorite**NWA 13788, NEW LUNAR IMPACT MELT BRECCIA**1.949 Gram Slice, RARE!",104.5,2022-04-06,1.949,53.62,WorthPoint
nwa-lunar-meteorite,"Meteorite**NWA 11237, Lunar Felds. Breccia**0.841 Gram, Gorgeous Unique Endcut!!",77.55,2022-04-06,0.841,92.21,WorthPoint
nwa-lunar-meteorite,"Meteorite**NWA 14526; LUNAR MARE BASALT**0.205 Gram Fragment, FRONT-SIDE MOON!",82.1,2022-04-06,0.205,400.49,WorthPoint
nwa-lunar-meteorite,NWA 11182 Lunar 0.45g Feldspathic Breccia Slice Of The Moon,30.0,2022-04-05,0.45,66.67,WorthPoint
nwa-lunar-meteorite,.345 Grams 10mm NWA 11182 Lunar As Found Moon Meteorite Feldsp. Breccia With COA,31.99,2022-04-05,345.0,0.09,WorthPoint
nwa-lunar-meteorite,#80 MOON LUNAR METEORITE - 1.14 Grams - Feldspathic Breccia - NWA 11828,50.0,2022-04-04,1.14,43.86,WorthPoint
nwa-lunar-meteorite,"Meteorite**NWA 11237, Lunar Felds. Breccia**1.148 Gram, Gorgeous Unique Slice!!",59.67,2022-04-04,1.148,51.98,WorthPoint
nwa-lunar-meteorite,NWA 11182 Lunar 0.79g Slice W/ Nice Plagioclase Nugget,52.0,2022-04-03,0.79,65.82,WorthPoint
nwa-lunar-meteorite,"Meteorite**NWA 14526; LUNAR MARE BASALT**0.186 Gram Fragment, FRONT-SIDE MOON!",299.99,2022-04-03,0.186,1612.85,WorthPoint
nwa-lunar-meteorite,.116 Grams 5x3x3mm NWA 10644 Lunar Feldspathic Breccia Meteorite Fragment W/ COA,25.0,2022-04-02,116.0,0.22,WorthPoint
nwa-lunar-meteorite,4.12 Grams 30x24x3mm NWA Xxxxx Lunar Full Slice Meteorite Pending Classification,269.0,2022-04-02,4.12,65.29,WorthPoint
nwa-lunar-meteorite,.384 Grams 8mm NWA 11788 Lunar Meteorite (feldspathic Breccia) Comes With A COA,34.99,2022-04-02,384.0,0.09,WorthPoint
nwa-lunar-meteorite,Meteorite: Polished Lunar Slice 37.5 Grams NWA 14686 + COA,1493.67,2022-04-01,37.5,39.83,WorthPoint
nwa-lunar-meteorite,Meteorite: Polished Lunar Slice 34.34 Grams NWA 14686 + COA,832.0,2022-03-28,34.34,24.23,WorthPoint
nwa-lunar-meteorite,"Meteorite**NWA 6950; LUNAR GABBRO**0.302 Gram Slice, Extremely Rare Lunar!!!",31.0,2022-03-28,0.302,102.65,WorthPoint
nwa-lunar-meteorite,"Meteorite**NWA 13907 Lunar Ferroan Anorthosite**0.885 Gram, LUNAR HIGHLANDS!!!",19.05,2022-03-28,0.885,21.53,WorthPoint
nwa-lunar-meteorite,"Meteorite**NWA 11228, Lunar Felds. Breccia**1.041 Gram, Gorgeous Unique Endcut!!",41.0,2022-03-28,1.041,39.39,WorthPoint
nwa-lunar-meteorite,"Meteorite**NWA 11237, Lunar Felds. Breccia**0.864 Gram, Gorgeous Unique Slice!!",68.0,2022-03-28,0.864,78.7,WorthPoint
nwa-lunar-meteorite,"Meteorite**NWA 14526; LUNAR MARE BASALT**0.458 Gram Individual, FRONT-SIDE MOON!",155.5,2022-03-28,0.458,339.52,WorthPoint
nwa-lunar-meteorite,"Meteorite**NWA 11237, Lunar Felds. Breccia**1.402 Gram, Gorgeous Unique Slice!!",77.66,2022-03-28,1.402,55.39,WorthPoint
nwa-lunar-meteorite,"Meteorite**NWA 11228, Lunar Felds. Breccia**0.854 Gram, Gorgeous Unique Endcut!!",21.5,2022-03-28,0.854,25.18,WorthPoint
nwa-lunar-meteorite,"NWA 11182, Lunar Breccia Meteorite 22.9g, Slice Of MOON! Super Colors! Polished",811.01,2022-03-28,22.9,35.42,WorthPoint
nwa-lunar-meteorite,"Own The MOON! NWA 13951, ""starry Night"" Lunar Meteorite, 18.85g Full Slice",1288.0,2022-03-28,18.85,68.33,WorthPoint
nwa-lunar-meteorite,Authentic Moon Rock Lunar Meteorite NWA 13621 - 50 Mg. In 2x2 Clear Case,8.05,2022-03-28,,,WorthPoint
nwa-lunar-meteorite,Meteorite: Polished Lunar Slice 1.76 Grams NWA 14686 + COA,86.67,2022-03-26,1.76,49.24,WorthPoint
nwa-lunar-meteorite,NWA 13788 Lunar Meteorite,6000.0,2022-03-25,,,WorthPoint
nwa-lunar-meteorite,NWA 11273 Lunar Meteorite End Cut,52500.0,2022-03-25,,,WorthPoint
nwa-lunar-meteorite,38.4 G NWA 11182 Lunar (Moon) Meteorite Slice (feldsp. Breccia) Found In Africa,1560.0,2022-03-25,38.4,40.62,WorthPoint
nwa-lunar-meteorite,"Meteorite**NWA 11228, Lunar Felds. Breccia**0.997 Gram, Gorgeous Unique Endcut!!",89.0,2022-03-25,0.997,89.27,WorthPoint
nwa-lunar-meteorite,".678 Grams 16x9x2mm NWA 13951 ""starry Night"" Lunar Meteorite Feldspathic Breccia",68.0,2022-03-24,678.0,0.1,WorthPoint
nwa-lunar-meteorite,1.28 Grams 19x18x2mm NWA 11182 Lunar Slice Meteorite Feldsp. Breccia With COA,79.99,2022-03-24,1.28,62.49,WorthPoint
nwa-lunar-meteorite,.465 Grams 9mm NWA 11273 Lunar Moon Meteorite Fragment With A COA,42.0,2022-03-24,465.0,0.09,WorthPoint
nwa-lunar-meteorite,Meteorite NWA 6950 Achondrite Lunar Gabbro - ALG-0146 - 0.01g W/COA - 1 Of 11,9.95,2022-03-23,,,WorthPoint
nwa-lunar-meteorite,.324 Grams 7mm NWA 11273 Lunar Moon Meteorite Fragment With A COA,30.0,2022-03-21,324.0,0.09,WorthPoint
nwa-lunar-meteorite,0.994 Grams About 12x12mm NWA 11303 Lunar Moon Northwest Africa Meteorite,84.95,2022-03-21,0.994,85.46,WorthPoint
nwa-lunar-meteorite,"Meteorite**NWA 11228, Lunar Felds. Breccia**0.534 Gram, Gorgeous Unique Endcut!!",29.0,2022-03-21,0.534,54.31,WorthPoint
nwa-lunar-meteorite,"Meteorite**NWA 13992, Polymict Frag. Lunar Breccia**2.069 Grams. LOW SUPPLY!!!",70.0,2022-03-21,2.069,33.83,WorthPoint
nwa-lunar-meteorite,LUNAR METEORITE / MOON ROCK - NWA 11182 W/COA - Feldspathic Breccia Africa 2017,69.0,2022-03-20,,,WorthPoint
nwa-lunar-meteorite,NWA 11182 Lunar 1.47g Feldspathic Breccia Slice Of The Moon,75.0,2022-03-19,1.47,51.02,WorthPoint
nwa-lunar-meteorite,NWA 11182 Lunar 0.63g Feldspathic Breccia Slice Of The Moon,33.0,2022-03-19,0.63,52.38,WorthPoint
nwa-lunar-meteorite,.518 Grams 14mm NWA 11182 Lunar As Found Moon Meteorite Feldsp. Breccia With COA,49.99,2022-03-16,518.0,0.1,WorthPoint
nwa-lunar-meteorite,14.2g Polymict Fragmental Lunar Breccia -NWA 13989 - Colored Clasts! IMCA #3950,1345.0,2022-03-15,14.2,94.72,WorthPoint
nwa-lunar-meteorite,.170 Grams 6mm NWA 13974 Lunar Fragment Moon Meteorite Feldsp. Breccia With COA,17.99,2022-03-14,170.0,0.11,WorthPoint
nwa-lunar-meteorite,.097 Grams 5mm NWA 13974 Lunar Fragment Moon Meteorite Feldsp. Breccia With COA,9.99,2022-03-14,97.0,0.1,WorthPoint
nwa-lunar-meteorite,.384 Grams 12x9x2mm NWA 11182 Lunar Moon Meteorite (feldsp. Breccia) With COA,24.99,2022-03-14,384.0,0.07,WorthPoint
nwa-lunar-meteorite,"NWA 14526 Lunar Mare Basalt Meteorite, 1.41g Individual. Extremely Rare!",201.5,2022-03-14,1.41,142.91,WorthPoint
nwa-lunar-meteorite,"Own The MOON! NWA 13951, ""starry Night"" Lunar Meteorite, 19.4g Full Slice",1326.0,2022-03-14,19.4,68.35,WorthPoint
nwa-lunar-meteorite,"Meteorite**NWA 11237, Lunar Felds. Breccia**1.798 Gram, Gorgeous Unique Endcut!!",199.99,2022-03-12,1.798,111.23,WorthPoint
nwa-lunar-meteorite,.146 Grams 6x5x4mm NWA 11474 Lunar Feldspathic Breccia Meteorite Fragment W/ COA,18.5,2022-03-10,146.0,0.13,WorthPoint
nwa-lunar-meteorite,.246 Grams 7mm NWA 13974 Lunar Fragment Moon Meteorite Feldsp. Breccia With COA,24.5,2022-03-10,246.0,0.1,WorthPoint
nwa-lunar-meteorite,Micro Sample Size #1 NWA 6950 LUNAR GABBRO METEORITE In A Glass Top Plastic Case,5.99,2022-03-10,,,WorthPoint
nwa-lunar-meteorite,.16 Grams Lunar Meteorite NWA 11788 Feldspathic Breccia Found 2017 Mali,24.0,2022-03-10,16.0,1.5,WorthPoint
nwa-lunar-meteorite,"Meteorite**NWA 13992, Polymict Lunar Breccia 1.20 Gram Individual!!",119.0,2022-03-09,1.2,99.17,WorthPoint
nwa-lunar-meteorite,.651 Grams 11x10x4mm NWA 8455 Lunar Individual Moon Meteorite Northwest Africa,65.0,2022-03-08,651.0,0.1,WorthPoint
nwa-lunar-meteorite,"1.94 Grams 16x10x8mm NWA 11273 Lunar Moon Meteorite Sanded, Polished, Window",174.0,2022-03-07,1.94,89.69,WorthPoint
nwa-lunar-meteorite,"Meteorite**NWA 11237, Lunar Felds. Breccia**2.634 Gram, Gorgeous Unique Endcut!!",303.0,2022-03-07,2.634,115.03,WorthPoint
nwa-lunar-meteorite,"Meteorite**NWA 13788, NEW LUNAR MELT BRECCIA**5.819 Gram Slice, Nice Vesicle!!",131.5,2022-03-07,5.819,22.6,WorthPoint
nwa-lunar-meteorite,"Meteorite**NWA 13408, Lunar Felds. Breccia**0.665 Grams, RARE GOLDEN LUNAR!!!",73.22,2022-03-07,0.665,110.11,WorthPoint
nwa-lunar-meteorite,"Meteorite**NWA 13992, Polymict Frag. Lunar Breccia**0.659 Gram Slice, 1 Of 9!!!!",37.0,2022-03-07,0.659,56.15,WorthPoint
nwa-lunar-meteorite,"Meteorite**NWA 14526; LUNAR MARE BASALT**0.347 Gram Individual, FRONT-SIDE MOON!",157.5,2022-03-07,0.347,453.89,WorthPoint
nwa-lunar-meteorite,"Own The MOON! NWA 13951, ""starry Night"" Lunar Meteorite, 8.75g Full Slice",377.0,2022-03-07,8.75,43.09,WorthPoint
nwa-lunar-meteorite,"NWA 11182, Lunar Breccia Meteorite 3.45g, Slice Of MOON! Super Colors! Polished",124.5,2022-03-07,3.45,36.09,WorthPoint
nwa-lunar-meteorite,"NWA 14526 Lunar Mare Basalt Meteorite, 1.33g Individual. Extremely Rare!",255.0,2022-03-07,1.33,191.73,WorthPoint
nwa-lunar-meteorite,"NWA 8687, Lunar Troctolite Meteorite 4.0g Has Translucent, Green Glass Veins",800.0,2022-03-07,4.0,200.0,WorthPoint
nwa-lunar-meteorite,".463 Grams 13x9x3mm NWA 13951 ""starry Night"" Lunar Meteorite Feldspathic Breccia",46.99,2022-03-06,463.0,0.1,WorthPoint
nwa-lunar-meteorite,.09 Grams Lunar Meteorite NWA 11788 Feldspathic Breccia Found 2017 Mali,13.5,2022-03-06,9.0,1.5,WorthPoint
nwa-lunar-meteorite,"1.33 Gram 23x16x2mm NWA 13951 ""starry Night"" Lunar Meteorite Feldspathic Breccia",123.0,2022-03-05,1.33,92.48,WorthPoint
nwa-lunar-meteorite,9.8g Polymict Fragmental Lunar Breccia - NWA 13989 -Different Color Clasts! IMCA,880.0,2022-03-05,9.8,89.8,WorthPoint
nwa-lunar-meteorite,5.6g Polymict Fragmental Lunar Breccia - NWA 13989 -Different Color Clasts! IMCA,565.0,2022-03-05,5.6,100.89,WorthPoint
nwa-lunar-meteorite,"Lunar Meteorite NWA 8682 Fieldspathic Breccia, Northwest Africa .38 Grams Powder",110.1,2022-03-05,38.0,2.9,WorthPoint
nwa-lunar-meteorite,".265 Grams 9x5x3mm NWA 13951 ""starry Night"" Lunar Meteorite Feldspathic Breccia",26.99,2022-03-04,265.0,0.1,WorthPoint
nwa-lunar-meteorite,1.69 Grams 18x10x8mm NWA 11421 Lunar Moon Meteorite As Found With C.O.A.,149.0,2022-03-04,1.69,88.17,WorthPoint
nwa-lunar-meteorite,.444 Grams 6mm NWA 11303 Lunar Feldspathic Breccia Meteorite As Found With COA,44.0,2022-03-04,444.0,0.1,WorthPoint
nwa-lunar-meteorite,Meteorite NWA 14358 Achondrite Lunar - G731-0046 - 0.35g Feldspathic Breccia NEW,34.95,2022-03-04,0.35,99.86,WorthPoint
nwa-lunar-meteorite,"1.05 Gram 20x13x3mm NWA 13951 ""starry Night"" Lunar Meteorite Feldspathic Breccia",99.0,2022-03-03,1.05,94.29,WorthPoint
nwa-lunar-meteorite,2.69 Grams About 21x12mm NWA 11273 Lunar Moon Northwest Africa Meteorite End Cut,229.5,2022-03-01,2.69,85.32,WorthPoint
nwa-lunar-meteorite,.454 Grams 10mm NWA 11273 Lunar Moon Meteorite Fragment With A COA,43.0,2022-02-28,454.0,0.09,WorthPoint
nwa-lunar-meteorite,1.07 Grams 10x9x7mm NWA 8455 Lunar Moon Meteorite Whole Individual With COA,115.0,2022-02-28,1.07,107.48,WorthPoint
nwa-lunar-meteorite,"Meteorite**NWA 13992, Polymict Frag. Lunar Breccia**4.000 Gram Slice,RARE LUNAR",201.5,2022-02-28,4.0,50.38,WorthPoint
nwa-lunar-meteorite,"Meteorite**NWA 14526; LUNAR MARE BASALT**0.545 Gram Slice, FRONT-SIDE MOON!",332.72,2022-02-28,0.545,610.5,WorthPoint
nwa-lunar-meteorite,"Own The MOON! NWA 13951, ""starry Night"" Lunar Meteorite, 13.75g Full Slice",877.0,2022-02-28,13.75,63.78,WorthPoint
nwa-lunar-meteorite,STARRY NIGHT LUNAR METEORITE - NWA 13951 W/COA - Feldsp Breccia Found Mauritania,32.0,2022-02-27,,,WorthPoint
nwa-lunar-meteorite,".199 Grams 13x5x2mm NWA 13951 ""starry Night"" Lunar Meteorite Feldspathic Breccia",20.99,2022-02-27,199.0,0.11,WorthPoint
nwa-lunar-meteorite,.142 Grams 11x4x2mm NWA 11898 Lunar Moon Meteorite (feldsp. Breccia) With COA,17.99,2022-02-26,142.0,0.13,WorthPoint
nwa-lunar-meteorite,.08 Grams Lunar Meteorite NWA 11788 Feldspathic Breccia Found 2017 Mali,12.0,2022-02-26,8.0,1.5,WorthPoint
nwa-lunar-meteorite,Lunar Meteorite NWA 13992 Polymict Fragmental Lunar Breccia .067g. Rare 1 Of 9!,12.06,2022-02-26,67.0,0.18,WorthPoint
nwa-lunar-meteorite,12.7 Gram - NWA 11898 - Fantastic Lunar Meteorite Feldspathic Breccia End Cut,799.2,2022-02-25,12.7,62.93,WorthPoint
nwa-lunar-meteorite,0.854 Grams About 17x11mm NWA 11444 Lunar Moon Northwest Africa Meteorite,72.0,2022-02-25,0.854,84.31,WorthPoint
nwa-lunar-meteorite,"1.66 Grams 17x12x5mm NWA 11421 Lunar Moon Meteorite W/ Sanded, Polished, Window",145.0,2022-02-25,1.66,87.35,WorthPoint
nwa-lunar-meteorite,.142 Grams 6mm NWA 13974 Lunar Fragment Moon Meteorite Feldsp. Breccia With COA,13.99,2022-02-25,142.0,0.1,WorthPoint
nwa-lunar-meteorite,70.89 Gram - FANTASTIC Lunar (feldsp. Breccia) METEORITE SLICE - NWA 13951,3680.0,2022-02-25,70.89,51.91,WorthPoint
nwa-lunar-meteorite,5.15 Grams 55x25x2mm NWA 13951 Starry Night Lunar Meteorite Feldspathic Breccia,385.99,2022-02-25,5.15,74.95,WorthPoint
nwa-lunar-meteorite,.160 Grams 7x6x3mm NWA 6950 LUNAR GABBRO METEORITE A Plastic Gem Case W/COA,34.33,2022-02-25,160.0,0.21,WorthPoint
nwa-lunar-meteorite,1.68 Grams 19x13x7mm NWA 11303 Lunar Feldspathic Breccia Meteorite Fragment +COA,149.0,2022-02-24,1.68,88.69,WorthPoint
nwa-lunar-meteorite,NWA 5000 LUNAR Meteorite VERY RARE Feldspathic Breccia MOON Space .356g,459.99,2022-02-24,356.0,1.29,WorthPoint
nwa-lunar-meteorite,.136 Grams 6mm NWA 13974 Lunar Fragment Moon Meteorite Feldsp. Breccia With COA,12.99,2022-02-23,136.0,0.1,WorthPoint
nwa-lunar-meteorite,.151 Grams 5mm NWA 13974 Lunar Fragment Moon Meteorite Feldsp. Breccia With COA,13.99,2022-02-23,151.0,0.09,WorthPoint
nwa-lunar-meteorite,.493 Grams 10x9x2mm NWA 11182 Lunar Moon Meteorite (feldsp. Breccia) With COA,39.99,2022-02-23,493.0,0.08,WorthPoint
nwa-lunar-meteorite,.309 Grams 16x7x2mm NWA 11898 Lunar Moon Meteorite (feldsp. Breccia) With COA,29.99,2022-02-23,309.0,0.1,WorthPoint
nwa-lunar-meteorite,1.73 Grams 18x14x3mm NWA 6950 LUNAR GABBRO METEORITE A Plastic Gem Case W/COA,332.0,2022-02-23,1.73,191.91,WorthPoint
nwa-lunar-meteorite,NWA 13621 LUNAR METEORITE W/COA Feldsp. Breccia Partially Hydrothermally-altered,44.0,2022-02-23,,,WorthPoint
nwa-lunar-meteorite,"Meteorite**NWA 14526; LUNAR MARE BASALT**1.962 Gram Individual, FRONT-SIDE MOON!",3899.0,2022-02-22,1.962,1987.26,WorthPoint
nwa-lunar-meteorite,"Meteorite**NWA 13788, NEW LUNAR IMPACT MELT BRECCIA**1.002 Gram,Beautiful Slice!",46.0,2022-02-22,1.002,45.91,WorthPoint
nwa-lunar-meteorite,"Meteorite** NWA 14280, Lunar Felds. Frag. Breccia**0.433 Gram Slice, RARE!!!",33.0,2022-02-22,0.433,76.21,WorthPoint
nwa-lunar-meteorite,"Meteorite**NWA 6950; LUNAR GABBRO**1.304 Gram Slice, Extremely Rare Lunar!!!",193.5,2022-02-22,1.304,148.39,WorthPoint
nwa-lunar-meteorite,"Meteorite**NWA 13992, Polymict Frag. Lunar Breccia**4.879 Gram Slice,RARE LUNAR",207.5,2022-02-22,4.879,42.53,WorthPoint
nwa-lunar-meteorite,"Meteorite**NWA 6950; LUNAR GABBRO**0.668 Gram Slice, Extremely Rare Lunar!!!",86.0,2022-02-22,0.668,128.74,WorthPoint
nwa-lunar-meteorite,"Meteorite**NWA 13992, Polymict Frag. Lunar Breccia**0.877 Gram Slice, 1 Of 9!!!!",36.0,2022-02-22,0.877,41.05,WorthPoint
nwa-lunar-meteorite,NWA 7611 LUNAR ACHONDRITE BRECCIA SLICE MOON METEORITE 0.91 Gram,250.0,2022-02-21,0.91,274.73,WorthPoint
nwa-lunar-meteorite,"NWA 11182, Lunar Breccia Meteorite 11.8g, Slice Of MOON! Super Colors! Polished",317.2,2022-02-21,11.8,26.88,WorthPoint
nwa-lunar-meteorite,".337 Grams 9x6x3mm NWA 13951 ""starry Night"" Lunar Meteorite Feldspathic Breccia",33.99,2022-02-20,337.0,0.1,WorthPoint
nwa-lunar-meteorite,".423 Grams 13x8x3mm NWA 13951 ""starry Night"" Lunar Meteorite Feldspathic Breccia",42.99,2022-02-20,423.0,0.1,WorthPoint
nwa-lunar-meteorite,".528 Grams 17x6x3mm NWA 13951 ""starry Night"" Lunar Meteorite Feldspathic Breccia",50.99,2022-02-20,528.0,0.1,WorthPoint
nwa-lunar-meteorite,Meteorite NWA 14358 Achondrite Lunar - G731-0057 - 0.01g Feldspathic Breccia NEW,7.5,2022-02-20,,,WorthPoint
nwa-lunar-meteorite,NWA 11182 Lunar 1.85g Feldspathic Breccia Slice Of The Moon,121.0,2022-02-19,1.85,65.41,WorthPoint
nwa-lunar-meteorite,NWA 8687 0.72g Lunar Troctolitic Granulitic Part Slice Of The Moon!,204.0,2022-02-19,0.72,283.33,WorthPoint
nwa-lunar-meteorite,.559 Grams 9mm NWA 11788 Lunar Meteorite (feldspathic Breccia) Comes With A COA,51.99,2022-02-19,559.0,0.09,WorthPoint
nwa-lunar-meteorite,1.035 Grams About 13x9mm NWA 11303 Lunar Moon Northwest Africa Meteorite,87.99,2022-02-15,1.035,85.01,WorthPoint
nwa-lunar-meteorite,NWA 5000 LUNAR Meteorite RARE CRUSTED Fusion Crust Breccia Moon Space IMCA C,599.99,2022-02-15,,,WorthPoint
nwa-lunar-meteorite,NEW LUNAR MELT METEORITE / MOON ROCK - NWA 13788 W/COA - Melt Breccia - Algeria,40.0,2022-02-14,,,WorthPoint
nwa-lunar-meteorite,"NWA 11182, Lunar Breccia Meteorite 6.6g, Slice Of MOON! Super Colors! Polished",220.39,2022-02-14,6.6,33.39,WorthPoint
nwa-lunar-meteorite,"Own The MOON! NWA 13951, 2.0g ""starry Night"" Lunar Meteorite. Mirror Polish!",125.46,2022-02-14,2.0,62.73,WorthPoint
nwa-lunar-meteorite,Lunar Meteorite NWA 11273 - 0.88 Gram Thin Slice - Feldspathic Breccia,200.0,2022-02-13,0.88,227.27,WorthPoint
nwa-lunar-meteorite,NWA 11182 Lunar 7.11g Feldspathic Breccia Slice Of The Moon,350.0,2022-02-12,7.11,49.23,WorthPoint
nwa-lunar-meteorite,NWA 11182 Lunar 0.74g Feldspathic Breccia Slice Of The Moon,37.0,2022-02-12,0.74,50.0,WorthPoint
nwa-lunar-meteorite,NWA 11182 Lunar 0.26g Feldspathic Breccia Slice Of The Moon,31.0,2022-02-12,0.26,119.23,WorthPoint
nwa-lunar-meteorite,NEW LUNAR FINDS METEORITE / MOON ROCK - NWA 14358 Feldsp Breccia 13788 Melt Brec,34.0,2022-02-11,,,WorthPoint
nwa-lunar-meteorite,"Meteorite**NWA 13992, Polymict Frag. Lunar Breccia**0.648 Gram Slice, RARE LUNAR",69.99,2022-02-11,0.648,108.01,WorthPoint
nwa-lunar-meteorite,Lunar Fragmental Regolith Breccia Meteorite - Own The Moon! NWA 12592 12.9g,599.0,2022-02-10,12.9,46.43,WorthPoint
nwa-lunar-meteorite,Meteorite NWA 6950 Achondrite Lunar Gabbro - ALG-0144 - 0.01g W/COA - 1 Of 11,9.95,2022-02-10,,,WorthPoint
nwa-lunar-meteorite,".152 Grams 6mm NWA 13951 ""starry Night"" Lunar Meteorite Feldspathic Breccia COA",17.9,2022-02-10,152.0,0.12,WorthPoint
nwa-lunar-meteorite,"Meteorite**NWA 14526; LUNAR MARE BASALT**1.360 Gram Individual, FRONT-SIDE MOON!",2399.99,2022-02-09,1.36,1764.7,WorthPoint
nwa-lunar-meteorite,"Meteorite**NWA 13788, NEW LUNAR MELT BRECCIA**3.136 Gram Slice,W/Blue Inclusion!",299.99,2022-02-09,3.136,95.66,WorthPoint
nwa-lunar-meteorite,"Meteorite**NWA 13992, Polymict Frag. Lunar Breccia**0.542 Gram Slice, 1 Of 9!!!!",69.99,2022-02-09,0.542,129.13,WorthPoint
nwa-lunar-meteorite,Rare MOON & MARS Genuine Meteorite Set Lunar Martian NWA 5000 & NWA 1110 IMCA,249.99,2022-02-08,,,WorthPoint
nwa-lunar-meteorite,"1.25 Gram 16x13x2mm NWA 13951 ""starry Night"" Lunar Meteorite Feldspathic Breccia",109.0,2022-02-08,1.25,87.2,WorthPoint
nwa-lunar-meteorite,.100 Grams 5x4x3mm NWA 10644 Lunar Feldspathic Breccia Meteorite Fragment W/ COA,23.0,2022-02-07,100.0,0.23,WorthPoint
nwa-lunar-meteorite,Meteorite NWA 14358 Achondrite Lunar - G731-0041 - 0.17g Feldspathic Breccia NEW,16.95,2022-02-06,0.17,99.71,WorthPoint
nwa-lunar-meteorite,"New Lunar Meteorite Tichiya 003 Slice 2.8g Gray, Messy & Vesicular!",140.0,2022-02-06,2.8,50.0,WorthPoint
nwa-lunar-meteorite,"Meteorite**NWA 13408, Lunar Felds. Breccia**7.526 Grams, RARE GOLDEN LUNAR!!!",699.99,2022-02-06,7.526,93.01,WorthPoint
nwa-lunar-meteorite,NWA 13408 - LUNAR METEORITE W/COA - Feldsp. Breccia - Found In Algeria 2018,40.0,2022-02-06,,,WorthPoint
nwa-lunar-meteorite,4.33g Endcut Of NWA 13992 1 Of 9 Lunar Meteorite From The Moon,375.0,2022-02-05,4.33,86.61,WorthPoint
nwa-lunar-meteorite,".745 Gram 12x13x2mm NWA 13951 ""starry Night"" Lunar Meteorite Feldspathic Breccia",75.0,2022-02-05,745.0,0.1,WorthPoint
nwa-lunar-meteorite,"Real Moon Dust Meteorite Earrings, With A Sample From Lunar Meteorite NWA 5000",149.95,2022-02-04,,,WorthPoint
nwa-lunar-meteorite,.167 Grams 7mm NWA 11421 Lunar Moon Meteorite As Found,17.9,2022-02-03,167.0,0.11,WorthPoint
nwa-lunar-meteorite,.474 Grams About 12x7mm NWA 11273 Lunar Moon Northwest Africa Meteorite,40.99,2022-02-03,474.0,0.09,WorthPoint
nwa-lunar-meteorite,"Meteorite**NWA 14137, LUNAR MARE BASALT**0.371 Grams, RAREST, NEARSIDE OF MOON!!",699.99,2022-02-03,0.371,1886.77,WorthPoint
nwa-lunar-meteorite,.269 Grams 7x5x4mm NWA 8455 Lunar Individual Moon Meteorite Northwest Africa,27.0,2022-01-31,269.0,0.1,WorthPoint
nwa-lunar-meteorite,"Meteorite**NWA 14137, LUNAR MARE BASALT**0.152 Grams, RAREST, NEARSIDE OF MOON!!",183.5,2022-01-31,0.152,1207.24,WorthPoint
nwa-lunar-meteorite,"Meteorite**NWA 13907 Lunar Ferroan Anorthosite**0.328 Gram, LUNAR HIGHLANDS!!!",102.0,2022-01-31,0.328,310.98,WorthPoint
nwa-lunar-meteorite,"Meteorite**NWA 13992, Polymict Frag. Lunar Breccia**0.856 Gram Slice, 1 Of 9!!!!",41.0,2022-01-31,0.856,47.9,WorthPoint
nwa-lunar-meteorite,"Meteorite**NWA 13788, NEW LUNAR IMPACT MELT BRECCIA**1.414 Gram,Beautiful Slice!",138.38,2022-01-31,1.414,97.86,WorthPoint
nwa-lunar-meteorite,"Meteorite**NWA 13992, Polymict Frag. Lunar Breccia**0.604 Gram Slice, 1 Of 9!!!!",20.0,2022-01-31,0.604,33.11,WorthPoint
nwa-lunar-meteorite,"Meteorite**NWA 13788, NEW LUNAR IMPACT MELT BRECCIA**4.851 Gram,Beautiful Slice!",185.5,2022-01-31,4.851,38.24,WorthPoint
nwa-lunar-meteorite,Lunar Meteorite NWA 13408 Feldspathic Breccia Golden Lunar Algeria .17 Grams,30.6,2022-01-29,17.0,1.8,WorthPoint
nwa-lunar-meteorite,"1.84 Grams 17x10x7mm NWA 11421 Lunar Moon Meteorite W/ Sanded, Polished, Window",159.0,2022-01-28,1.84,86.41,WorthPoint
nwa-lunar-meteorite,".257 Grams 12mm NWA 13951 ""starry Night"" Lunar Meteorite Feldspathic Breccia COA",26.9,2022-01-26,257.0,0.1,WorthPoint
nwa-lunar-meteorite,.352 Grams 10x6x3mm NWA 6950 LUNAR GABBRO METEORITE A Plastic Gem Case W/COA,119.99,2022-01-26,352.0,0.34,WorthPoint
nwa-lunar-meteorite,Meteorite NWA 6950 Achondrite Lunar Gabbro - ALG-0192 - 0.01g W/COA - 1 Of 11,9.95,2022-01-25,,,WorthPoint
nwa-lunar-meteorite,"9 Gram 44x15x2mm NWA 13951 ""starry Night"" Lunar Meteorite Feldspathic Breccia",190.0,2022-01-25,9.0,21.11,WorthPoint
nwa-lunar-meteorite,Low Price! Superior Slice! Magnificent Nwa 11182 Lunar Meteorite! 2.519 Gms,236.25,2022-01-24,2.519,93.79,WorthPoint
nwa-lunar-meteorite,Meteorite NWA 14358 Achondrite Lunar - G731-0045 - 0.25g Feldspathic Breccia NEW,41.95,2022-01-22,0.25,167.8,WorthPoint
nwa-lunar-meteorite,Meteorite NWA 14358 Achondrite Lunar - G731-0047 - 0.37g Feldspathic Breccia NEW,61.95,2022-01-22,0.37,167.43,WorthPoint
nwa-lunar-meteorite,.458 Grams 9x8x4mm NWA 8455 Lunar Individual Moon Meteorite Northwest Africa,46.0,2022-01-21,458.0,0.1,WorthPoint
nwa-lunar-meteorite,NWA 11303 Moon Rock 0.449g Lunar Part Slice By Meteorite Men Steve,79.99,2022-01-21,0.449,178.15,WorthPoint
nwa-lunar-meteorite,"Meteorite**NWA 13992, Polymict Frag. Lunar Breccia**0.562 Gram Slice, 1 Of 9!!!!",54.76,2022-01-20,0.562,97.44,WorthPoint
nwa-lunar-meteorite,"Meteorite**NWA 13408, Lunar Felds. Breccia**0.777 Grams, RARE GOLDEN LUNAR!!!",65.0,2022-01-20,0.777,83.66,WorthPoint
nwa-lunar-meteorite,"Meteorite**NWA 14137, LUNAR MARE BASALT**0.290 Grams, RAREST, NEARSIDE OF MOON!!",315.0,2022-01-20,0.29,1086.21,WorthPoint
nwa-lunar-meteorite,"Meteorite**NWA 13992, Polymict Frag. Lunar Breccia**1.906 Gram Slice, 1 Of 9!!!!",93.0,2022-01-20,1.906,48.79,WorthPoint
nwa-lunar-meteorite,"Meteorite**NWA 13408, Lunar Felds. Breccia**1.873 Grams, RARE GOLDEN LUNAR!!!",110.0,2022-01-20,1.873,58.73,WorthPoint
nwa-lunar-meteorite,"Meteorite**NWA 14137, LUNAR MARE BASALT**0.080 Grams, RAREST, NEARSIDE OF MOON!!",147.5,2022-01-20,0.08,1843.75,WorthPoint
nwa-lunar-meteorite,NEW 2021 LUNAR METEORITE / MOON ROCK - NWA 13788 W/COA - Melt Breccia - Algeria,47.0,2022-01-19,,,WorthPoint
nwa-lunar-meteorite,".196 Grams 9mm NWA 13951 ""starry Night"" Lunar Meteorite Feldspathic Breccia COA",21.9,2022-01-19,196.0,0.11,WorthPoint
nwa-lunar-meteorite,0.67 G NWA 11474 Lunar (Moon) Meteorite Specimen (feldsp. Breccia) From Africa,120.0,2022-01-19,0.67,179.1,WorthPoint
nwa-lunar-meteorite,"Meteorite**NWA 13992, Polymict Frag. Lunar Breccia**1.319 Gram Slice, 1 Of 9!!!!",129.99,2022-01-19,1.319,98.55,WorthPoint
nwa-lunar-meteorite,Low Price! Exquisite End Cut! Museum Quality Nwa 11228 Lunar Meteorite! 5.7 Gms,854.25,2022-01-18,5.7,149.87,WorthPoint
nwa-lunar-meteorite,.421 Grams 8mm NWA 11273 Lunar Moon Meteorite Fragment With A COA,39.0,2022-01-18,421.0,0.09,WorthPoint
nwa-lunar-meteorite,.216 Grams 9mm NWA 11421 Lunar Moon Meteorite As Found,22.5,2022-01-18,216.0,0.1,WorthPoint
nwa-lunar-meteorite,".051 Gram Micros NWA 13951 ""starry Night"" Lunar Meteorite Feldspathic Breccia",6.6,2022-01-18,51.0,0.13,WorthPoint
nwa-lunar-meteorite,"Meteorite**NWA 13992, Polymict Frag. Lunar Breccia**3.615 Gram Endcut, 1 Of 9!",349.99,2022-01-17,3.615,96.82,WorthPoint
nwa-lunar-meteorite,.096 Grams 5mm NWA 11273 Lunar Moon Meteorite Fragment With A COA,14.5,2022-01-17,96.0,0.15,WorthPoint
nwa-lunar-meteorite,.064 Grams 4x3x2mm NWA 10644 Lunar Feldspathic Breccia Meteorite Fragment W/ COA,14.9,2022-01-17,64.0,0.23,WorthPoint
nwa-lunar-meteorite,"Meteorite**NWA 14137, LUNAR MARE BASALT**0.949 Grams, RAREST, NEARSIDE OF MOON!!",1400.0,2022-01-17,0.949,1475.24,WorthPoint
nwa-lunar-meteorite,".069 Grams All 3 Very Small NWA 13951 ""starry Night"" Lunar Meteorite With A COA",7.99,2022-01-17,69.0,0.12,WorthPoint
nwa-lunar-meteorite,.049 Grams 5mm NWA 11421 Lunar Moon Meteorite As Found,9.26,2022-01-16,49.0,0.19,WorthPoint
nwa-lunar-meteorite,.181 Grams 6x5x3mm NWA 6950 LUNAR GABBRO METEORITE Fragment In A Gem Case W/COA,35.99,2022-01-16,181.0,0.2,WorthPoint
nwa-lunar-meteorite,".424 Grams 13mm NWA 13951 ""starry Night"" Lunar Meteorite Feldspathic Breccia COA",44.0,2022-01-16,424.0,0.1,WorthPoint
nwa-lunar-meteorite,".072 Grams 5mm NWA 13951 ""starry Night"" Lunar Meteorite Feldspathic Breccia COA",8.0,2022-01-16,72.0,0.11,WorthPoint
nwa-lunar-meteorite,".053 Grams 6mm NWA 13951 ""starry Night"" Lunar Meteorite Feldspathic Breccia COA",7.0,2022-01-15,53.0,0.13,WorthPoint
nwa-lunar-meteorite,6.9 G NWA 11474 Lunar (Moon) Meteorite Specimen (feldsp. Breccia) From Africa,552.0,2022-01-14,6.9,80.0,WorthPoint
nwa-lunar-meteorite,3.69 Grams 20x14x10mm NWA 11273 Lunar Moon Meteorite Sanded + Polished All Sides,314.0,2022-01-13,3.69,85.09,WorthPoint
nwa-lunar-meteorite,"Meteorite**NWA 13408, Lunar Felds. Breccia**1.915 Grams, RARE GOLDEN LUNAR!!!",199.99,2022-01-13,1.915,104.43,WorthPoint
nwa-lunar-meteorite,.226 Grams 8mm NWA 11421 Lunar Moon Meteorite Fragment,26.0,2022-01-13,226.0,0.12,WorthPoint
nwa-lunar-meteorite,".281 Grams 7mm NWA 13951 ""starry Night"" Lunar Meteorite Feldspathic Breccia COA",26.0,2022-01-13,281.0,0.09,WorthPoint
nwa-lunar-meteorite,"Meteorite**NWA 13992, Polymict Frag. Lunar Breccia**10.275 Gram Slice, 1 Of 7!!!",999.0,2022-01-12,10.275,97.23,WorthPoint
nwa-lunar-meteorite,.281 Grams 6mm NWA 11303 Lunar Feldspathic Breccia Meteorite Fragment + COA,16.9,2022-01-12,281.0,0.06,WorthPoint
nwa-lunar-meteorite,2.46g Endcut Of NWA 13992 1 Of 9 Lunar Meteorite From The Moon,215.0,2022-01-11,2.46,87.4,WorthPoint
nwa-lunar-meteorite,.854 Grams 11x8x5mm NWA 8455 Lunar Individual Moon Meteorite As Found In Africa,86.0,2022-01-11,854.0,0.1,WorthPoint
nwa-lunar-meteorite,"Meteorite**NWA 13788, NEW LUNAR MELT BRECCIA**13.118 Gram,VERY RARE, ""The Snail""",999.99,2022-01-10,13.118,76.23,WorthPoint
nwa-lunar-meteorite,Meteorite NWA 14358 Achondrite Lunar - G731-0039 - 0.13g Feldspathic Breccia NEW,12.95,2022-01-08,0.13,99.62,WorthPoint
nwa-martian-meteorite,NWA 17472 1.42g Mars Crusted Evolved Basaltic Shergottite Meteorite,99.0,2026-01-17,1.42,69.72,WorthPoint
nwa-martian-meteorite,"Meteorite**NWA 16481, Martian Sherg.(olivine-bearing)**2.611 Gram, Multi-colored",167.5,2026-01-04,2.611,64.15,WorthPoint
nwa-martian-meteorite,.149 Gram Micro Fragments NWA 1068 MARTIAN Shergottite Mars Meteorite With A COA,39.99,2025-12-29,149.0,0.27,WorthPoint
nwa-martian-meteorite,Meteorite: NWA 14899 Weigh: 3.687 Grams: Golden Martian ‚ù§Ô∏è‚Äçüî•,350.0,2025-12-29,3.687,94.93,WorthPoint
nwa-martian-meteorite,NWA 11220 Black Beauty Pairing Martian Meteorite - Water From Mars!,138.6,2025-12-28,,,WorthPoint
nwa-martian-meteorite,NWA 14714 3.32g Slice Of Martian Shergottite Meteorite,140.51,2025-12-27,3.32,42.32,WorthPoint
nwa-martian-meteorite,Meteorite - NWA 10645 - Achondrite Martian Nakhlite - 10645-0001 - Micro / Rare,19.95,2025-12-27,,,WorthPoint
nwa-martian-meteorite,Meteorite - NWA 998 - Achondrite Martian Nakhlite - 0998-0011 - Micro/Rare/Case,14.95,2025-12-27,,,WorthPoint
nwa-martian-meteorite,Meteorite - NWA 817 - Achondrite Martian Nakhlite - 0817-0009 - Micro/Rare/Case,14.95,2025-12-27,,,WorthPoint
nwa-martian-meteorite,.272 Grams 9x6x2mm - NWA 14607 Martian Shergottite Meteorite From Mars With COA,37.99,2025-12-25,272.0,0.14,WorthPoint
nwa-martian-meteorite,"NWA 17472, Basaltic Martian Shergottite, Martian Meteorite, Mars Rock, 2.66g",199.5,2025-12-24,2.66,75.0,WorthPoint
nwa-martian-meteorite,1.06 Grams 21x12x2mm NWA 13187 Martian Shergottite Meteorite Slice Of Mars +COA,59.99,2025-12-22,1.06,56.59,WorthPoint
nwa-martian-meteorite,NWA 17880 Mars 0.75g LAST ONE Olivine-Phyric Shergottite Meteorite,61.0,2025-12-20,0.75,81.33,WorthPoint
nwa-martian-meteorite,NWA 17472 0.76g Mars Crusted Evolved Basaltic Shergottite Meteorite,54.0,2025-12-20,0.76,71.05,WorthPoint
nwa-martian-meteorite,0.27 Gram - Northwest Africa 12241 - Martian Shergottite Meteorite Frag/slice,39.2,2025-12-18,0.27,145.19,WorthPoint
nwa-martian-meteorite,.088 Gram 12x3x1mm Slice NWA 7397 MARTIAN SHERGOTTITE Mars Meteorite With A COA,29.99,2025-12-16,88.0,0.34,WorthPoint
nwa-martian-meteorite,"Meteorite**NWA 14607, Martian**0.985 Grams, Part-slice; Evolved Pyroxene-phyric",76.0,2025-12-15,0.985,77.16,WorthPoint
nwa-martian-meteorite,Mars Rare Martian Nakhlite Meteorite NWA 15364 Algeria Found 2022 MB111 COA 7211,69.95,2025-12-14,,,WorthPoint
nwa-martian-meteorite,NWA 17880 Mars 0.59g Olivine-Phyric Shergottite Meteorite,51.56,2025-12-13,0.59,87.39,WorthPoint
nwa-martian-meteorite,NWA 17880 Mars 0.37g Olivine-Phyric Shergottite Meteorite,27.0,2025-12-13,0.37,72.97,WorthPoint
nwa-martian-meteorite,NWA 17472 0.15g Mars Crusted Evolved Basaltic Shergottite Meteorite,15.0,2025-12-13,0.15,100.0,WorthPoint
nwa-martian-meteorite,.928 Grams 16x9x2.5mm NWA 13187 Martian Shergottite Meteorite Slice Of Mars +COA,47.99,2025-12-13,928.0,0.05,WorthPoint
nwa-martian-meteorite,NWA 17472 0.77g + NWA 17880 0.75g Martian Slices,110.0,2025-12-10,0.77,142.86,WorthPoint
nwa-martian-meteorite,1.23 Grams 21x11x2.5mm NWA 13187 Martian Shergottite Meteorite Slice Of Mars COA,64.99,2025-12-07,1.23,52.84,WorthPoint
nwa-martian-meteorite,NWA 17880 Mars 2.83g Olivine-Phyric Shergottite Meteorite,212.0,2025-12-06,2.83,74.91,WorthPoint
nwa-martian-meteorite,"Genuine Mars Rock, XL Martian Meteorite Interactive Display W/ Authenticity Card",39.95,2025-12-05,,,WorthPoint
nwa-martian-meteorite,NWA 17472 0.39g Mars Crusted Evolved Basaltic Shergottite Meteorite,36.0,2025-12-03,0.39,92.31,WorthPoint
nwa-martian-meteorite,NWA 17880 Mars 0.24g Olivine-Phyric Shergottite Meteorite,25.0,2025-12-03,0.24,104.17,WorthPoint
nwa-martian-meteorite,Mars Rock NWA 17472 Meteorite ‚Äì Rare Martian Shergottite Slice Medium Box W/COA,65.0,2025-12-03,,,WorthPoint
nwa-martian-meteorite,.736 Grams NWA 13227 Martian 13x8x3mm METEORITE Shergottite Mars - With COA,67.99,2025-12-03,736.0,0.09,WorthPoint
nwa-martian-meteorite,.031 Grams NWA 6963 Martian Shergottite Meteorite Micro Fragments From Mars +COA,16.99,2025-12-03,31.0,0.55,WorthPoint
nwa-martian-meteorite,NWA 17880 Mars 0.79g Olivine-Phyric Shergottite Meteorite,77.0,2025-11-29,0.79,97.47,WorthPoint
nwa-martian-meteorite,NWA 17880 Mars 0.88g Olivine-Phyric Shergottite Meteorite,86.0,2025-11-29,0.88,97.73,WorthPoint
nwa-martian-meteorite,NWA 17880 Mars 0.32g Olivine-Phyric Shergottite Meteorite,43.0,2025-11-29,0.32,134.38,WorthPoint
nwa-martian-meteorite,MARTIAN Nakhlite Meteorite Mars RARE .18g-Ident. By Dr. Tony Irving Wash St Univ,90.0,2025-11-29,18.0,5.0,WorthPoint
nwa-martian-meteorite,2.66 Grams 24x18x2mm NWA 13187 Martian Shergottite Meteorite Fragment- Mars +COA,169.99,2025-11-27,2.66,63.91,WorthPoint
nwa-martian-meteorite,NWA 17472 1.77g Mars Crusted Evolved Basaltic Shergottite Meteorite,113.49,2025-11-22,1.77,64.12,WorthPoint
nwa-martian-meteorite,NWA 12269 Achondrite Martian Shergottite Meteorite - 12269-0128 - 0.54g - Slice,134.95,2025-11-19,0.54,249.91,WorthPoint
nwa-martian-meteorite,NWA 17472 Martian Meteorite (shergottite) Part Slice Weight 1.01 Grams NEW,100.0,2025-11-19,1.01,99.01,WorthPoint
nwa-martian-meteorite,.701 Grams NWA 13227 Martian 13x8x3mm METEORITE Shergottite Mars - With COA,118.99,2025-11-19,701.0,0.17,WorthPoint
nwa-martian-meteorite,Meteorite: NWA 16481 Weight 0.718 Grams. Beautiful Martian,100.0,2025-11-08,0.718,139.28,WorthPoint
nwa-martian-meteorite,"NWA 13190, Martian Shergottite Found In Algeria 2019, 0.94 Gram Slice Of Mars!",130.0,2025-11-05,0.94,138.3,WorthPoint
nwa-martian-meteorite,4.57 Gram - Northwest Africa 12241 - Martian Shergottite Meteorite Slice!,575.0,2025-11-02,4.57,125.82,WorthPoint
nwa-martian-meteorite,NWA 14714 Martian Meteorite Slice,400.0,2025-10-30,,,WorthPoint
nwa-martian-meteorite,.379 Grams 8x7x2mm - NWA 14607 Martian Shergottite Meteorite From Mars With COA,79.99,2025-10-30,379.0,0.21,WorthPoint
nwa-martian-meteorite,Mars Rock Mars Meteorite Martian Nakhite Northwest Africa NWA 15200 Morocco,39.99,2025-10-29,,,WorthPoint
nwa-martian-meteorite,.230 Grams 7x5x3mm - NWA 14607 Martian Shergottite Meteorite From Mars With COA,39.99,2025-10-26,230.0,0.17,WorthPoint
nwa-martian-meteorite,NWA 15364 Achondrite Martian Nakhlite Meteorite - 15364-0009 - NEWLY OFFICIAL,999.95,2025-10-25,,,WorthPoint
nwa-martian-meteorite,.114 Grams 5x4x4mm NWA 4878 Martian Shergottite Meteorite Fragment From Mars,34.99,2025-10-21,114.0,0.31,WorthPoint
nwa-martian-meteorite,.885 Grams 14x13x3mm NWA 13187 Martian Shergottite Meteorite Slice Mars With COA,74.99,2025-10-19,885.0,0.08,WorthPoint
nwa-martian-meteorite,.0616 Grams 5x4x3mm NWA 4878 Martian Shergottite Meteorite Fragment From Mars,29.0,2025-10-12,616.0,0.05,WorthPoint
nwa-martian-meteorite,"Mars Rock Pendant, Martian Meteorite Necklace Jewelry With Authenticity Card",34.95,2025-10-07,,,WorthPoint
nwa-martian-meteorite,NWA 1775 .055 Gram Meteorite Martian Shergottite Found 2002 TKW 25 Grams,28.95,2025-10-06,55.0,0.53,WorthPoint
nwa-martian-meteorite,Meteorite**NWA 14899; Martian Olivine Gabbroic Sherg.**3.687 Gram;GOLDEN MARTIAN,209.5,2025-10-06,3.687,56.82,WorthPoint
nwa-martian-meteorite,"Meteorite**NWA 16481, Martian Sherg.(olivine-bearing)**3.687 Gram, Multi-colored",150.5,2025-10-06,3.687,40.82,WorthPoint
nwa-martian-meteorite,NWA 17472 0.78g Mars Crusted Evolved Basaltic Shergottite Meteorite,59.0,2025-10-04,0.78,75.64,WorthPoint
nwa-martian-meteorite,NWA 15364 Achondrite Martian Nakhlite Meteorite - 15364-0007 - NEWLY OFFICIAL,40.0,2025-09-29,,,WorthPoint
nwa-martian-meteorite,"NEW Martian Basalt Meteorite NWA 17501. 16.7g Basalt Shergotitte, Mars Lava!!",726.89,2025-09-29,16.7,43.53,WorthPoint
nwa-martian-meteorite,NEW Martian Meteorite NWA 17880. Full Slice 15.35g Maskelynite Rich Shergotitte,676.66,2025-09-15,15.35,44.08,WorthPoint
nwa-martian-meteorite,"Meteorite NWA 17472, Martian Shergottite 10.2 Gram Mars Basalt Slice",400.0,2025-09-10,10.2,39.22,WorthPoint
nwa-martian-meteorite,NWA 13187 Meteorite. Martian Shergottite. .91 Grams. Nice Sized Part Slice.,100.0,2025-09-08,91.0,1.1,WorthPoint
nwa-martian-meteorite,"Meteorite**NWA 16481, Martian Shergottite(olivine-bearing)**6.531 Gram Gorgeous!",316.0,2025-09-08,6.531,48.38,WorthPoint
nwa-martian-meteorite,"Meteorite**NWA 14607 Martian Shergottite**6.444 Grams Big Slice, PLANET MARS!!",255.0,2025-09-08,6.444,39.57,WorthPoint
nwa-martian-meteorite,"Meteorite**NWA 14607 Martian Shergottite**7.072 Grams Big Slice, PLANET MARS!!",799.0,2025-09-07,7.072,112.98,WorthPoint
nwa-martian-meteorite,"NWA 15016 Shergottite, Beautiful 5.56g Slice Of MARTIAN Meteorite",499.0,2025-09-04,5.56,89.75,WorthPoint
nwa-martian-meteorite,NWA 6963 Martian Meteorite .26 Grams Fusion Crusted,55.0,2025-09-04,26.0,2.12,WorthPoint
nwa-martian-meteorite,MARTIAN Meteorite NWA 10645 Nakhlite,250.0,2025-09-03,,,WorthPoint
nwa-martian-meteorite,Meteorite**NWA 14899; Martian Olivine Gabbroic Sherg.**0.800 Gram;GOLDEN MARTIAN,125.0,2025-09-03,0.8,156.25,WorthPoint
nwa-martian-meteorite,.742 Grams 15x12x2mm NWA 13187 Martian Shergottite Meteorite Slice Mars With COA,61.99,2025-09-02,742.0,0.08,WorthPoint
nwa-martian-meteorite,.513 Grams 12x9x2mm - NWA 12564 Martian Shergottite Meteorite From Mars With COA,39.99,2025-09-01,513.0,0.08,WorthPoint
nwa-martian-meteorite,NWA 13366 Martian Meteorite Pendant,10000.0,2025-08-29,,,WorthPoint
nwa-martian-meteorite,Martian Meteorite NWA 16403 - 69.8 Grams,15625.0,2025-08-29,69.8,223.85,WorthPoint
nwa-martian-meteorite,NWA 17472 Martian Meteorite Slice - 12.04 Grams,8750.0,2025-08-29,12.04,726.74,WorthPoint
nwa-martian-meteorite,.095 Grams Micros NWA 1068 Martian Shergottite Meteorite Fragments From Mars COA,9.99,2025-08-29,95.0,0.11,WorthPoint
nwa-martian-meteorite,.380 Grams 12x9x2mm NWA 13187 Martian Shergottite Meteorite Fragment- Mars +COA,52.52,2025-08-28,380.0,0.14,WorthPoint
nwa-martian-meteorite,NWA 17472 Martian Meteorite (shergottite) Micro Weight .362 Grams NEW!,55.0,2025-08-27,362.0,0.15,WorthPoint
nwa-martian-meteorite,"NEW!! RARE! NWA 14243 Martian Meteorite, Shergottite, Slice 14.7 Grams",1764.99,2025-08-25,14.7,120.07,WorthPoint
nwa-martian-meteorite,"NEW! NWA 14243 MARTIAN, Shergottite (aphyric, Diabasic) Part Slice, 0.64 Grams",99.99,2025-08-25,0.64,156.23,WorthPoint
nwa-martian-meteorite,NWA 17472 2.29g Mars Crusted Evolved Basaltic Shergottite Meteorite,102.5,2025-08-23,2.29,44.76,WorthPoint
nwa-martian-meteorite,NWA 17472 1.02g Mars Crusted Evolved Basaltic Shergottite Meteorite,116.0,2025-08-19,1.02,113.73,WorthPoint
nwa-martian-meteorite,.438 Grams NWA 13227 Martian 9x6x3mm METEORITE Shergottite Mars - With COA,61.99,2025-08-14,438.0,0.14,WorthPoint
nwa-martian-meteorite,.267 Grams 7x5x3mm - NWA 14607 Martian Shergottite Meteorite From Mars With COA,49.99,2025-08-14,267.0,0.19,WorthPoint
nwa-martian-meteorite,NWA 17472 1.79g Mars Crusted Evolved Basaltic Shergottite Meteorite,96.57,2025-08-02,1.79,53.95,WorthPoint
nwa-martian-meteorite,NWA 15200 (0.284g) Meteorite MARTIAN NAKHLITE Fresh Fusion Crust A+ IMCA,215.0,2025-07-31,0.284,757.04,WorthPoint
nwa-martian-meteorite,"NEW Martian Basalt Meteorite NWA 17501. 18.7g Basalt Shergotitte, Mars Lava!!",691.0,2025-07-28,18.7,36.95,WorthPoint
nwa-martian-meteorite,NWA 17472 16.88g Full Slice Mars Crusted Evolved Basaltic Shergottite Meteorite,999.0,2025-07-27,16.88,59.18,WorthPoint
nwa-martian-meteorite,MARTIAN Nakhlite Meteorite Mars RARE .23g-Ident. By Dr. Tony Irving Wash St Univ,109.0,2025-07-26,23.0,4.74,WorthPoint
nwa-martian-meteorite,.268 Grams 5x5x4mm NWA 13237 Martian METEORITE Shergottite Mars Low TKW 35.5gram,54.0,2025-07-26,268.0,0.2,WorthPoint
nwa-martian-meteorite,Martian Meteorite NWA 15364,40.0,2025-07-23,,,WorthPoint
nwa-martian-meteorite,.473 Grams 13x9x2mm NWA 13187 Martian Shergottite Meteorite Fragment- Mars + COA,49.99,2025-07-22,473.0,0.11,WorthPoint
nwa-martian-meteorite,Meteorite NWA 8159 Martian Augite Basalt 0.02g Rarest Martian Classification,50.0,2025-07-21,0.02,2500.0,WorthPoint
nwa-martian-meteorite,Meteorite Slice NWA 15016 - Martian Shergottite 0.128 G,50.0,2025-07-21,0.128,390.62,WorthPoint
nwa-martian-meteorite,Meteorite NWA 13190 - Martian Shergottite 0.1 G,40.0,2025-07-21,0.1,400.0,WorthPoint
nwa-martian-meteorite,1.11 Grams 18mm NWA 17472 Martian Shergottite Mars Meteorite Slice Fragment +COA,69.99,2025-07-18,1.11,63.05,WorthPoint
nwa-martian-meteorite,.242 Grams 9mm NWA 17472 Martian Shergottite Mars Meteorite Slice Fragment + COA,18.99,2025-07-16,242.0,0.08,WorthPoint
nwa-martian-meteorite,"Meteorite**NWA 14607 Martian Shergottite**2.693 Grams Part-slice, PLANET MARS!!",86.0,2025-07-14,2.693,31.93,WorthPoint
nwa-martian-meteorite,NWA 17472 2.67g Mars Evolved Basaltic Shergottite Meteorite,225.0,2025-07-12,2.67,84.27,WorthPoint
nwa-martian-meteorite,2.18 Grams 23x15x2.5mm NWA 17472 Martian Shergottite Mars Meteorite Slice + COA,144.99,2025-07-12,2.18,66.51,WorthPoint
nwa-martian-meteorite,.371 Grams 9x7x2mm - NWA 12564 Martian Shergottite Meteorite From Mars With COA,24.99,2025-07-12,371.0,0.07,WorthPoint
nwa-martian-meteorite,.655 Grams 14mm NWA 17472 Martian Shergottite Mars Meteorite Slice Fragment +COA,49.0,2025-07-10,655.0,0.07,WorthPoint
nwa-martian-meteorite,NWA 17472 Martian Meteorite (shergottite) Micro Weight .034 Grams NEW!,6.0,2025-07-06,34.0,0.18,WorthPoint
nwa-martian-meteorite,.172 Grams 5x5x4mm NWA 13237 Martian METEORITE Shergottite Mars - TKW 36.5 Grams,31.0,2025-07-04,172.0,0.18,WorthPoint
nwa-martian-meteorite,1.18 Grams 18mm NWA 17472 Martian Shergottite Mars Meteorite Slice Fragment +COA,73.0,2025-07-04,1.18,61.86,WorthPoint
nwa-martian-meteorite,NWA 17472 1.00g Mars Crusted Evolved Basaltic Shergottite Meteorite,116.0,2025-07-01,1.0,116.0,WorthPoint
nwa-martian-meteorite,HUGE 60.1g Martian TRANSLUCENT Meteorite Slice - NWA 17472 Basaltic Shergottite,4200.0,2025-06-29,60.1,69.88,WorthPoint
nwa-martian-meteorite,NWA 17472 0.53g Mars Crusted Evolved Basaltic Shergottite Meteorite,41.0,2025-06-28,0.53,77.36,WorthPoint
nwa-martian-meteorite,Tiny Martian Specimen - Rare Meteorite - Only $7 Or Best Offer!,7.0,2025-06-27,,,WorthPoint
nwa-martian-meteorite,AMAZING 10.8 G NWA 13366 MARTIAN PERIDOTITIC SHERGOTTITE METEORITE GREEN MARTIAN,1168.2,2025-06-27,10.8,108.17,WorthPoint
nwa-martian-meteorite,.371 Grams 14x7x2mm NWA 13187 Martian Shergottite Meteorite Fragment- Mars + COA,39.99,2025-06-27,371.0,0.11,WorthPoint
nwa-martian-meteorite,"NWA 13366 Stone, Achondrite, Martian-She Found 2002 Morocco 0.056 G",13.0,2025-06-25,0.056,232.14,WorthPoint
nwa-martian-meteorite,NWA 2626 MARTIAN Shergottite Meteorite Mars VERY RARE SNC Planet Space IMCA,99.99,2025-06-25,,,WorthPoint
nwa-martian-meteorite,.069 Grams NWA 6963 Martian Shergottite Meteorite Fragments From Mars + COA,10.99,2025-06-24,69.0,0.16,WorthPoint
nwa-martian-meteorite,"NWA 1195 Stone, Achondrite, Martian-She Found 2002 Morocco 0.46 G",46.0,2025-06-23,0.46,100.0,WorthPoint
nwa-martian-meteorite,NWA 17472 0.77g Mars Crusted Evolved Basaltic Shergottite Meteorite,69.0,2025-06-21,0.77,89.61,WorthPoint
nwa-martian-meteorite,Amgala 001 Rare Individual Martian Shergottite Mars Meteorite 3.13 Grams,219.95,2025-06-17,3.13,70.27,WorthPoint
nwa-martian-meteorite,Meteorite**NWA 14899; Martian Olivine Gabbroic Sherg.**3.653 Gram;GOLDEN MARTIAN,176.5,2025-06-16,3.653,48.32,WorthPoint
nwa-martian-meteorite,.076 Grams FRAGMENTS NWA 12564 Martian Shergottite Meteorite From Mars With COA,5.99,2025-06-15,76.0,0.08,WorthPoint
nwa-martian-meteorite,NWA 17472 4.80g Mars Evolved Basaltic Shergottite Meteorite,399.0,2025-06-14,4.8,83.12,WorthPoint
nwa-martian-meteorite,.072 Grams 5mm NWA 13237 Martian METEORITE Shergottite Mars - TKW 36.5 Grams,16.49,2025-06-13,72.0,0.23,WorthPoint
nwa-martian-meteorite,Martian Meteorite Called NWA 2969 (part Of The Classen Colle...,95.3,2025-06-12,,,WorthPoint
nwa-martian-meteorite,.316 Grams 11x8x2mm NWA 13187 Martian Shergottite Meteorite Fragment- Mars + COA,33.99,2025-06-11,316.0,0.11,WorthPoint
nwa-martian-meteorite,.065 Grams Fragments NWA 13237 Martian METEORITE Shergottite Mars TKW 36.5 Grams,10.99,2025-06-09,65.0,0.17,WorthPoint
nwa-martian-meteorite,.179 Grams NWA 12269 Martian Shergottite FRAGMENTS Meteorite From Mars With COA,11.99,2025-06-09,179.0,0.07,WorthPoint
nwa-martian-meteorite,NWA 15364 Achondrite Martian Nakhlite Meteorite - 15364-0052 - Micro - COA/RARE,9.95,2025-06-09,,,WorthPoint
nwa-martian-meteorite,NWA 15364 (0.562g) Martian Nakhlite Meteorite Crusted Fragment IMCA Sellers,265.0,2025-06-08,0.562,471.53,WorthPoint
nwa-martian-meteorite,.071 Grams 4x3x3mm NWA 13237 Martian METEORITE Shergottite Mars - TKW 36.5 Grams,17.99,2025-06-07,71.0,0.25,WorthPoint
nwa-martian-meteorite,.270 Grams NWA 13227 Martian 8x6x2mm METEORITE Shergottite Mars - With COA,36.99,2025-06-05,270.0,0.14,WorthPoint
nwa-martian-meteorite,NWA 15200 (0.352g) Meteorite- NEW MARTIAN NAKHLITE - Fresh Fusion Crust! (IMCA),245.0,2025-06-05,0.352,696.02,WorthPoint
nwa-martian-meteorite,.169 Grams Fragments NWA 14607 Martian Shergottite Meteorite From Mars With COA,13.99,2025-06-02,169.0,0.08,WorthPoint
nwa-martian-meteorite,.652 Grams NWA 13227 Martian 10x8x3mm METEORITE Shergottite Mars - With COA,59.99,2025-06-02,652.0,0.09,WorthPoint
nwa-martian-meteorite,"MARTIAN METEORITE, NWA 13187; MARS; .458 Grams",64.0,2025-05-29,458.0,0.14,WorthPoint
nwa-martian-meteorite,"Meteorite**NWA 14607 Martian Shergottite**0.665 Grams Part-slice, PLANET MARS!!",28.89,2025-05-26,0.665,43.44,WorthPoint
nwa-martian-meteorite,NWA 15364 Achondrite Martian Nakhlite Meteorite - 15364-0008 - NEWLY OFFICIAL,1439.95,2025-05-23,,,WorthPoint
nwa-martian-meteorite,NWA 16895 - 1.295g Martian Meteorite Partial Slice - Augite Basalt,2549.0,2025-05-23,1.295,1968.34,WorthPoint
nwa-martian-meteorite,"Meteorite**NWA 14607 Martian Shergottite**1.079 Grams Part-slice, PLANET MARS!!",99.0,2025-05-21,1.079,91.75,WorthPoint
nwa-martian-meteorite,.90 Grams NWA 13187 Martian Shergottite Meteorite Part Slice- Mars +COA,99.99,2025-05-18,90.0,1.11,WorthPoint
nwa-martian-meteorite,"NWA 998 Stone, Achondrite, Martian Found 2001 Morocco 0.010 G",20.0,2025-05-15,,,WorthPoint
nwa-martian-meteorite,Ultra Rare NWA 998 NAKHLITE MARTIAN METEORITE 50 Mg Famous Water Bearing NASA,349.97,2025-05-15,,,WorthPoint
nwa-martian-meteorite,NWA 12269 Martian Shergottite Meteorite - 1.083g - Slice - Mars,129.99,2025-05-13,1.083,120.03,WorthPoint
nwa-martian-meteorite,.047 Grams NWA 6963 Martian Shergottite Meteorite Fragments From Mars + COA,7.99,2025-05-13,47.0,0.17,WorthPoint
nwa-martian-meteorite,Meteorite: NWA 14607 Martian Shergottite -1.215 Grams- Beautiful Martian,100.0,2025-05-12,1.215,82.3,WorthPoint
nwa-martian-meteorite,0.409g Martian Meteorite Partial Slice I Augite Basalt I NWA 16895 TOP METEORITE,950.0,2025-05-07,0.409,2322.74,WorthPoint
nwa-martian-meteorite,Meteorite: NWA 14607 Martian Shergottite -1.263 Grams- Beautiful Martian,100.0,2025-05-06,1.263,79.18,WorthPoint
nwa-martian-meteorite,.169 Grams 5x4x3mm NWA 13237 Martian METEORITE Shergottite Mars - TKW 36.5 Grams,18.99,2025-05-03,169.0,0.11,WorthPoint
nwa-martian-meteorite,"NWA 2737 Stone, Achondrite, Martian-Chassignite Found 2000 Morocco 0.004 G",21.5,2025-05-01,,,WorthPoint
nwa-martian-meteorite,"Meteorite 6 Pack Includes Martian, CV3, Eucrite, CK4, Acapulcoite, Winonaite",75.0,2025-04-27,,,WorthPoint
nwa-martian-meteorite,SUPERB 13.6 G NWA 13366 MARTIAN PERIDOTITIC SHERGOTTITE METEORITE GREEN MARTIAN!,1705.5,2025-04-26,13.6,125.4,WorthPoint
nwa-martian-meteorite,"Meteorite**NWA 13366, Martian Peridotitic Sherg.**19.159 Gram Gorgeous Endcut!!!",2999.99,2025-04-26,19.159,156.58,WorthPoint
nwa-martian-meteorite,NWA 13190 Martian Meteorite Slice - 2.94 Grams,1187.5,2025-04-23,2.94,403.91,WorthPoint
nwa-martian-meteorite,NWA 16895 Martian Meteorite - 4.3 Grams,2500.0,2025-04-23,4.3,581.4,WorthPoint
nwa-martian-meteorite,NWA 13038 Martian Meteorite - Main Mass - 552 Grams,46250.0,2025-04-23,552.0,83.79,WorthPoint
nwa-martian-meteorite,.047 Grams 3x3x2mm Fragment Of NWA 1068 MARTIAN SHERGOTTITE METEORITE From Mars,5.99,2025-04-23,47.0,0.13,WorthPoint
nwa-martian-meteorite,"Meteorite**NWA 14607 Martian Shergottite**0.538 Grams Part-slice, PLANET MARS!!",28.97,2025-04-21,0.538,53.85,WorthPoint
nwa-martian-meteorite,NWA 13190 Martian Meteorite Slice,527.5,2025-04-17,,,WorthPoint
nwa-martian-meteorite,Martian Meteorite NWA 11220 W/ Paper Work,259.0,2025-04-15,,,WorthPoint
nwa-martian-meteorite,Martian Meteorite NWA 11288 W/ Paper Work,259.0,2025-04-15,,,WorthPoint
nwa-martian-meteorite,"Meteorite**NWA 14607 Martian Shergottite**1.536 Grams Part-slice, PLANET MARS!!",150.0,2025-04-14,1.536,97.66,WorthPoint
nwa-martian-meteorite,.187 Grams 5x4x4mm NWA 13237 Martian METEORITE Shergottite Mars - TKW 36.5 Grams,20.0,2025-04-11,187.0,0.11,WorthPoint
nwa-martian-meteorite,"Meteorite**Martian Lot!!**4.464 Grams: NWA 16481, 14607, NEA 053, & Amgala 001!!",273.0,2025-04-10,4.464,61.16,WorthPoint
nwa-martian-meteorite,"Meteorite**NWA 14607 Martian Shergottite**1.205 Grams Part-slice, PLANET MARS!!",59.0,2025-04-10,1.205,48.96,WorthPoint
nwa-martian-meteorite,"NWA 2737 Stone, Achondrite, Martian-She Found 2002 Morocco 0.006 G",15.0,2025-04-03,,,WorthPoint
nwa-martian-meteorite,Rare NWA 12564 Martian Meteorite End Cut. Martian Shergottite Rare! 102.6 Grams,8250.0,2025-04-03,102.6,80.41,WorthPoint
nwa-martian-meteorite,"NWA 17472 Martian Basalt Meteorite, 12.07g Slice Of Mars Lava!",433.0,2025-03-31,12.07,35.87,WorthPoint
nwa-martian-meteorite,"Meteorite NWA 14899, Martian Olivine Gabbroic Sherg.1.622g, Golden Martian",95.99,2025-03-28,1.622,59.18,WorthPoint
nwa-martian-meteorite,NWA 2986 MARS Meteorite Medal (first Series),70.0,2025-03-26,,,WorthPoint
nwa-martian-meteorite,"""Mars NWA 7397 Meteorite Slice / 1-5/8"""" X 7/8"""" / 4.6 Grams / Stony Shergottite""",36.0,2025-03-26,4.6,7.83,WorthPoint
nwa-martian-meteorite,Meteorite: NEA Weight 1.209 Gram. Beautiful Martian!!!,199.0,2025-03-18,1.209,164.6,WorthPoint
nwa-martian-meteorite,"Meteorite**NWA 14607 Martian Shergottite**1.377 Grams Part-slice, PLANET MARS!!",71.0,2025-03-17,1.377,51.56,WorthPoint
nwa-martian-meteorite,NWA 8159 Mars 0.15g Slice Of RARE Martian Augite Basalt Meteorite,207.5,2025-03-15,0.15,1383.33,WorthPoint
nwa-martian-meteorite,.138 Grams 6x4x3mm - NWA 12564 Martian Shergottite Meteorite From Mars With COA,14.99,2025-03-11,138.0,0.11,WorthPoint
nwa-martian-meteorite,"Meteorite**NWA 14607 Martian Shergottite**3.788 Grams Part-slice, PLANET MARS!!",399.0,2025-03-09,3.788,105.33,WorthPoint
nwa-martian-meteorite,.441 Grams 14x8x2mm NWA 12269 Martian Shergottite Meteorite From Mars With COA,39.99,2025-03-07,441.0,0.09,WorthPoint
nwa-martian-meteorite,.644 Grams 16x11x2mm NWA 13187 Martian Shergottite Meteorite Fragment- Mars +COA,79.99,2025-03-05,644.0,0.12,WorthPoint
nwa-martian-meteorite,NWA 1110 MARTIAN Shergottite Very Rare Meteorite Mars SNC Northwest Africa IMCA,9.99,2025-03-01,,,WorthPoint
nwa-martian-meteorite,"400th Anniversary Observation Of Mars, 2007 Cook Islands $5 Copper Plated, Silver Martian Coin",250.0,2025-02-27,,,WorthPoint
nwa-martian-meteorite,Meteorite**NWA 14899; Martian Olivine Gabbroic Sherg.**8.261 Gram;GOLDEN MARTIAN,999.0,2025-02-27,8.261,120.93,WorthPoint
nwa-martian-meteorite,0.33 Gram Martian Meteorite Slice - Augite Basalt - Mark Lyon Provenance Mars,900.0,2025-02-24,0.33,2727.27,WorthPoint
nwa-martian-meteorite,"Meteorite**NWA 14607 Martian Shergottite**1.186 Grams Part-slice, PLANET MARS!!",65.0,2025-02-24,1.186,54.81,WorthPoint
nwa-martian-meteorite,Meteorite NWA 14899 Martian Olivine Gabbroic Shergottite 2.845 G GOLDEN MARTIAN,140.0,2025-02-24,2.845,49.21,WorthPoint
nwa-martian-meteorite,NWA 14714 Martian 1.81g Shergottite Slice From Planet Mars,100.0,2025-02-23,1.81,55.25,WorthPoint
nwa-martian-meteorite,"""NWA 11921 ~ Martian Polymict Breccia (""""Black Beauty"""") ~ End-Cut ~ 0.272 Grams""",650.0,2025-02-23,0.272,2389.71,WorthPoint
nwa-martian-meteorite,NWA 13187 (2.216g) Martian Meteorite Partial Slice IMCA Sellers #s 6236 & 7294,159.0,2025-02-20,2.216,71.75,WorthPoint
nwa-martian-meteorite,3.11 Gram - Northwest Africa 12241 - Martian Shergottite Meteorite Slice!,272.3,2025-02-20,3.11,87.56,WorthPoint
nwa-martian-meteorite,.240 Grams 8x6x2mm NWA 12269 Martian Shergottite Meteorite From Mars With COA,24.99,2025-02-20,240.0,0.1,WorthPoint
nwa-martian-meteorite,"Meteorite**NWA 10961, Martian Sherg. Poikilitic**3.688 Gram; KING OF MARTIAN!!!",599.0,2025-02-18,3.688,162.42,WorthPoint
nwa-martian-meteorite,"Meteorite**NWA 14607 Martian Shergottite**1.533 Grams Part-slice, PLANET MARS!!",82.2,2025-02-17,1.533,53.62,WorthPoint
nwa-martian-meteorite,.115 Gram 8x6x1mm Slice NWA 7397 MARTIAN SHERGOTTITE Mars Meteorite With A COA,44.99,2025-02-13,115.0,0.39,WorthPoint
nwa-martian-meteorite,.398 Grams NWA 1110 Martian Shergottite Meteorite From Mars Fragments With A COA,38.99,2025-02-13,398.0,0.1,WorthPoint
nwa-martian-meteorite,NWA 15364 Achondrite Martian Nakhlite Meteorite - 15364-0051 - Micro - COA/RARE,9.95,2025-02-07,,,WorthPoint
nwa-martian-meteorite,Meteorite**NWA 14899; Martian Olivine Gabbroic Sherg.**1.212 Gram; ALMOST GONE!!,149.99,2025-01-25,1.212,123.75,WorthPoint
nwa-martian-meteorite,.158 Grams 8x5x2mm NWA 12269 Martian Shergottite Meteorite From Mars With COA,27.99,2025-01-24,158.0,0.18,WorthPoint
nwa-martian-meteorite,Martian NWA 2737 Chassignite Meteorite .120g - SUPER RARE 1 Of 3 Of This Type!,580.0,2025-01-24,120.0,4.83,WorthPoint
nwa-martian-meteorite,Meteorite**NWA 14899; Martian Olivine Gabbroic Sherg.**3.991 Gram;GOLDEN MARTIAN,202.5,2025-01-20,3.991,50.74,WorthPoint
nwa-martian-meteorite,NWA 2737 MARTIAN CHASSIGNITE Meteorite VERY RARE MARS Space SNC Genuine IMCA,64.99,2025-01-12,,,WorthPoint
nwa-martian-meteorite,NWA 4468 MARTIAN (552mg) Shergottite Meteorite Mars RARE,69.99,2025-01-11,,,WorthPoint
nwa-martian-meteorite,"NWA 2737 Achondrite Martian Chassignite Meteorite 2737-0022 - Micro, 1 Of 3",9.95,2025-01-11,,,WorthPoint
nwa-martian-meteorite,NWA 2737 Achondrite Martian Chassignite Meteorite 2737-0023 Micro 1 Of 3,9.95,2025-01-11,,,WorthPoint
nwa-martian-meteorite,.203 Grams 9x5x3mm - NWA 14607 Martian Shergottite Meteorite From Mars With COA,19.99,2025-01-10,203.0,0.1,WorthPoint
nwa-martian-meteorite,0.36 Gram - Northwest Africa 12241 - Martian Shergottite Meteorite Frag/slice,44.5,2025-01-10,0.36,123.61,WorthPoint
nwa-martian-meteorite,Meteorite**NWA 14899; Martian Olivine Gabbroic Sherg.**3.489 Gram;GOLDEN MARTIAN,177.5,2025-01-06,3.489,50.87,WorthPoint
nwa-martian-meteorite,"Meteorite**NWA 14607 Martian Shergottite**10.272 Grams Full Slice, PLANET MARS!",515.0,2025-01-06,10.272,50.14,WorthPoint
nwa-martian-meteorite,Meteorite NWA 8159 Achondrite Martian Augite Basalt - G456-0008 - 0.08g - 1 Of 1,169.95,2025-01-04,0.08,2124.38,WorthPoint
nwa-martian-meteorite,"Meteorite**NWA 14607 Martian Shergottite**11.825 Grams Full Slice, PLANET MARS!",1050.0,2025-01-02,11.825,88.79,WorthPoint
nwa-martian-meteorite,NWA 7397 Mars Shergottite 3.654g MARTIAN *Amazing*,199.99,2025-01-01,3.654,54.73,WorthPoint
nwa-martian-meteorite,.277 Grams NWA 13227 Martian 8x6x2mm METEORITE Shergottite Mars - With COA,37.99,2024-12-29,277.0,0.14,WorthPoint
nwa-martian-meteorite,4.44 Gram - Northwest Africa 12241 - Martian Shergottite Meteorite Slice!,222.0,2024-12-25,4.44,50.0,WorthPoint
nwa-martian-meteorite,0.31 Gram - Northwest Africa 12241 - Martian Shergottite Meteorite Frag/slice,30.0,2024-12-22,0.31,96.77,WorthPoint
nwa-martian-meteorite,.067 Grams 4mm NWA 13237 Martian METEORITE Shergottite Mars - TKW 36.5 Grams,11.01,2024-12-21,67.0,0.16,WorthPoint
nwa-martian-meteorite,0.80 Gram - Northwest Africa 12241 - Martian Shergottite Meteorite Frag/slice,72.0,2024-12-21,0.8,90.0,WorthPoint
nwa-martian-meteorite,3.07 Gram - Northwest Africa 12241 - Martian Shergottite Meteorite Slice,168.75,2024-12-18,3.07,54.97,WorthPoint
nwa-martian-meteorite,.306 Grams 9x8x2mm NWA 13187 Martian Shergottite Meteorite Fragment- Mars + COA,47.99,2024-12-17,306.0,0.16,WorthPoint
nwa-martian-meteorite,Meteorite**NWA 14899; Martian Olivine Gabbroic Sherg.**1.442 Gram; Top SPECIMEN!,69.0,2024-12-16,1.442,47.85,WorthPoint
nwa-martian-meteorite,.110 Grams 6x3x3mm - NWA 12564 Martian Shergottite Meteorite From Mars With COA,14.99,2024-12-14,110.0,0.14,WorthPoint
nwa-martian-meteorite,1.03 Gram - Northwest Africa 12241 - Martian Shergottite Meteorite Slice,77.55,2024-12-13,1.03,75.29,WorthPoint
nwa-martian-meteorite,.256 Grams 7x5x5mm NWA 12269 Martian Shergottite Meteorite From Mars With COA,42.99,2024-12-13,256.0,0.17,WorthPoint
nwa-martian-meteorite,.037 Grams 4x2x2mm Fragment Of NWA 1068 MARTIAN SHERGOTTITE METEORITE From Mars,5.99,2024-12-12,37.0,0.16,WorthPoint
nwa-martian-meteorite,.092 Grams 4x4x3mm NWA 1110 Martian Shergottite Meteorite From Mars Fragment COA,25.99,2024-12-11,92.0,0.28,WorthPoint
nwa-martian-meteorite,.039 Gram 6x3x1mm Slice NWA 7397 MARTIAN SHERGOTTITE Mars Meteorite With A COA,14.99,2024-12-11,39.0,0.38,WorthPoint
nwa-martian-meteorite,10.0 G - Northwest Africa 12241 - Martian Shergottite Meteorite Crusted End Cut!,625.0,2024-12-10,10.0,62.5,WorthPoint
nwa-martian-meteorite,NWA 8159 Achondrite Martian Augite Basalt Meteorite - G456-0073 - 0.10g - 1 Of 1,199.95,2024-12-09,0.1,1999.5,WorthPoint
nwa-martian-meteorite,Meteorite**NWA 14899; Martian Olivine Gabbroic Sherg.**1.555 Gram;GOLDEN MARTIAN,81.0,2024-12-09,1.555,52.09,WorthPoint
nwa-martian-meteorite,2.94 Gram - Northwest Africa 12241 - Martian Shergottite Meteorite Slice!,203.5,2024-12-07,2.94,69.22,WorthPoint
nwa-martian-meteorite,.148 Grams 9x3x2mm - NWA 14607 Martian Shergottite Meteorite From Mars With COA,28.99,2024-12-02,148.0,0.2,WorthPoint
nwa-martian-meteorite,"Meteorites For Sale NWA 10962 Martian Shergotite, Poikilitic, Ultramafic",95.0,2024-12-02,,,WorthPoint
nwa-martian-meteorite,17.78 Gram - Northwest Africa 12241 - Martian Shergottite Meteorite With Crust!,987.5,2024-11-30,17.78,55.54,WorthPoint
nwa-martian-meteorite,13 Mg - NWA 4766 (Mars Shergottite ) Meteorite Fragment - With Display Case,49.5,2024-11-29,,,WorthPoint
nwa-martian-meteorite,NWA 1068 Meteorite. Martian (Shergottite). 12 Mgr. In Display. Gift Idea.,15.0,2024-11-29,,,WorthPoint
nwa-martian-meteorite,Meteorite**NWA 14899; Martian Olivine Gabbroic Sherg.**5.102 Gram;GOLDEN MARTIAN,305.0,2024-11-28,5.102,59.78,WorthPoint
nwa-martian-meteorite,.222 Grams 12x10x1mm NWA 13187 Martian Shergottite Meteorite Fragment Mars + COA,34.99,2024-11-26,222.0,0.16,WorthPoint
nwa-martian-meteorite,.071 Gram 7x5x1mm Slice NWA 7397 MARTIAN SHERGOTTITE Mars Meteorite With A COA,35.99,2024-11-25,71.0,0.51,WorthPoint
nwa-martian-meteorite,NWA 7034 Paired 0.03 G Black Beauty Martian Meteorite Part Slice,150.0,2024-11-25,0.03,5000.0,WorthPoint
nwa-martian-meteorite,15 Mg - NWA 4766 (Mars Shergottite ) Meteorite Fragment - With Display Case,49.5,2024-11-24,,,WorthPoint
nwa-martian-meteorite,Authentic MARS ROCK From Nakhilite Martian Meteorite NWA 998,39.99,2024-11-24,,,WorthPoint
nwa-martian-meteorite,Martian Meteorite Paired With NWA 16403,10625.0,2024-11-20,,,WorthPoint
nwa-martian-meteorite,Mars Meteorite; Nwa 6963,38.0,2024-11-20,,,WorthPoint
nwa-martian-meteorite,SNC METEORITE SET MARTIAN Shergottite Nakhlite Chassignite NWA MARS Genuine IMCA,127.99,2024-11-18,,,WorthPoint
nwa-martian-meteorite,Meteorite NWA 6963 Achondrite Martian Shergottite - G201-0357 - 0.11g - Beauty,17.36,2024-11-15,0.11,157.82,WorthPoint
nwa-martian-meteorite,1.60 Gram - Northwest Africa 12241 - Martian Shergottite Meteorite Fragments!,119.4,2024-11-13,1.6,74.62,WorthPoint
nwa-martian-meteorite,"Meteorite NWA 10961 Martian Shergottite, Poikilitic, UltraÔøºÔøºmafic",300.0,2024-11-11,,,WorthPoint
nwa-martian-meteorite,"NWA 10720 Martian Nakhlite Meteorite, 0.190 Grams",40.0,2024-11-11,0.19,210.53,WorthPoint
nwa-martian-meteorite,2016 - US $1 - Ounce Of Space Lady Liberty On Mars -1oz W/ Martian Meteorite,178.0,2024-11-11,28.35,6.28,WorthPoint
nwa-martian-meteorite,Meteorite NWA 6963 Achondrite Martian Shergottite - G201-0297 - 0.30g - Slice,22.58,2024-11-09,0.3,75.27,WorthPoint
nwa-martian-meteorite,"Meteorite**NWA 13366, Martian Peridotitic Sherg.**2.153 Gram Gorgeous Endcut!!!",93.25,2024-11-05,2.153,43.31,WorthPoint
nwa-martian-meteorite,NWA 14714 Martian 1.29g SALE! Shergottite Slice From Planet Mars,81.0,2024-11-02,1.29,62.79,WorthPoint
nwa-martian-meteorite,1.0 Gram - Northwest Africa 12241 - Martian Shergottite Meteorite Slice!,90.0,2024-10-30,1.0,90.0,WorthPoint
nwa-martian-meteorite,Super Rare Nwa 998 Nakhlite Martian Meteorite 1.48g Part Slice W/ Fusion Crust!!,2799.0,2024-10-26,1.48,1891.22,WorthPoint
nwa-martian-meteorite,.073 Grams NWA 13366 Martian (shergottite) Meteorite With A COA,14.99,2024-10-19,73.0,0.21,WorthPoint
nwa-martian-meteorite,.036 Grams 4x3x2mm Fragment Of NWA 1068 MARTIAN SHERGOTTITE METEORITE From Mars,5.99,2024-10-18,36.0,0.17,WorthPoint
nwa-martian-meteorite,"Meteorite:NWA14899 Weight 2.711 Grams. Golden Martian, Full Slice",260.0,2024-10-16,2.711,95.91,WorthPoint
nwa-martian-meteorite,.255 Grams NWA 14714 Martian (shergottite) Meteorite Cut Fragment With A COA,39.99,2024-10-14,255.0,0.16,WorthPoint
nwa-martian-meteorite,Meteorite**NWA 14899; Martian Olivine Gabbroic Sherg.**3.587 Gram;GOLDEN MARTIAN,182.5,2024-10-14,3.587,50.88,WorthPoint
nwa-martian-meteorite,"Meteorite**NWA 14607 Martian Shergottite**0.827 Grams, Last Slice Available!!!",57.0,2024-10-14,0.827,68.92,WorthPoint
nwa-martian-meteorite,Meteorite: NWA 14899 Weight 3.687 Grams. Beautiful Golden Martian,170.5,2024-10-14,3.687,46.24,WorthPoint
nwa-martian-meteorite,Black Beauty Martian Meteorites NWA 7034 Type 4,30.0,2024-10-13,,,WorthPoint
nwa-martian-meteorite,.038 Grams 4x2x2mm Fragment Of NWA 1068 MARTIAN SHERGOTTITE METEORITE From Mars,5.49,2024-10-11,38.0,0.14,WorthPoint
nwa-martian-meteorite,NWA 15364 Achondrite Martian Nakhlite Meteorite - 15364-0079 - Micro - COA/RARE,9.0,2024-10-11,,,WorthPoint
nwa-martian-meteorite,Genuine Moon Rock NWA 11788 Martian Meteorite Noyes Collection 2021,21.0,2024-10-07,,,WorthPoint
nwa-martian-meteorite,"""Solar System Series: """"Mars NWA 7397 Meteorite,"""" Mint Of Poland Commemerative $1.""",135.0,2024-10-03,,,WorthPoint
nwa-martian-meteorite,NWA 15200 (0.418g) Meteorite- NEW MARTIAN NAKHLITE -Main Mass Holder & IMCA,265.0,2024-10-01,0.418,633.97,WorthPoint
nwa-martian-meteorite,Meteorite**NWA 14899; Martian Olivine Gabbroic Sherg.**2.191 Gram;GOLDEN MARTIAN,103.61,2024-09-30,2.191,47.29,WorthPoint
nwa-martian-meteorite,"Meteorite**NWA 6963, Martian Shergottite**0.22 Gram, Highly Shocked Martian!!!",10.4,2024-09-30,0.22,47.27,WorthPoint
nwa-martian-meteorite,.107 Grams NWA 6963 Martian Shergottite Meteorite Fragments From Mars + COA,8.99,2024-09-24,107.0,0.08,WorthPoint
nwa-martian-meteorite,Meteorite**NWA 14899; Martian Olivine Gabbroic Sherg.**1.435 Gram;GOLDEN MARTIAN,103.5,2024-09-23,1.435,72.13,WorthPoint
nwa-martian-meteorite,Piece Of Mars! 4 Martian Meteorite NWA 4925 Mars Rock Collector's Display Boxes,40.0,2024-09-22,,,WorthPoint
nwa-martian-meteorite,NWA 15364 Achondrite Martian Nakhlite Meteorite - 15364-0075 - Micro - COA/RARE,5.5,2024-09-21,,,WorthPoint
nwa-martian-meteorite,"NEW!! RARE! NWA 14243 Martian Meteorite, Shergottite, Full Slice, 19.39 Grams",2326.99,2024-09-19,19.39,120.01,WorthPoint
nwa-martian-meteorite,NWA 15364 Achondrite Martian Nakhlite Meteorite - 15364-0074 - Micro - COA/RARE,28.99,2024-09-18,,,WorthPoint
nwa-martian-meteorite,Meteorite NWA 1950 Achondrite Mars Shergottite-lherzolitic - 1950-0004 - Micro,9.95,2024-09-17,,,WorthPoint
nwa-martian-meteorite,2017 Niue 1 Oz Silver Mars NWA 7397 Meteorite Coin,100.0,2024-09-14,28.35,3.53,WorthPoint
nwa-martian-meteorite,NWA 14714 Martian 1.94g Shergottite Slice From Planet Mars,152.5,2024-09-14,1.94,78.61,WorthPoint
nwa-martian-meteorite,.379 Grams 8x6x4mm NWA 12269 Martian Shergottite Meteorite From Mars With COA,36.99,2024-09-13,379.0,0.1,WorthPoint
nwa-martian-meteorite,NWA 14899 Meteorite Thin Section Martian (shergottite),125.0,2024-09-09,,,WorthPoint
nwa-martian-meteorite,NWA 14714 Martian 0.85 Shergottite Slice From Planet Mars,77.0,2024-09-07,,,WorthPoint
nwa-martian-meteorite,Meteorite**NWA 14899; Martian Olivine Gabbroic Sherg.**4.338 Gram;GOLDEN MARTIAN,599.99,2024-09-07,4.338,138.31,WorthPoint
nwa-martian-meteorite,.309 Grams NWA 13187 Martian Shergottite Meteorite Fragments From Mars With COA,13.99,2024-09-02,309.0,0.05,WorthPoint
nwa-martian-meteorite,.050 Grams NWA 14899 Martian (shergottite) Meteorite With A COA,8.99,2024-09-02,50.0,0.18,WorthPoint
nwa-martian-meteorite,Crusted .426 Gram 7x6x4mm NWA 13237 Martian METEORITE Shergottite TKW 36.5 Grams,49.99,2024-09-02,426.0,0.12,WorthPoint
nwa-martian-meteorite,.044 Grams NWA 14899 Martian (shergottite) Meteorite With A COA,8.99,2024-09-02,44.0,0.2,WorthPoint
nwa-martian-meteorite,Meteorite**NWA 14899; Martian Olivine Gabbroic Sherg.**1.238 Gram;GOLDEN MARTIAN,72.0,2024-09-02,1.238,58.16,WorthPoint
nwa-martian-meteorite,"Meteorite**NWA 14607 Martian Shergottite**1.698 Grams, PLANET MARS!!! RARE!!!",122.5,2024-08-30,1.698,72.14,WorthPoint
nwa-martian-meteorite,.065 Grams NWA 14899 Martian (shergottite) Meteorite With A COA,9.99,2024-08-30,65.0,0.15,WorthPoint
nwa-martian-meteorite,.042 Grams 3x3x2mm Fragment Of NWA 1068 MARTIAN SHERGOTTITE METEORITE From Mars,5.99,2024-08-29,42.0,0.14,WorthPoint
nwa-martian-meteorite,Martian NWA 998 Meteorite ~ Fragments 0.013 Grams ~ RARE Martian Nakhlite,40.0,2024-08-29,0.013,3076.92,WorthPoint
nwa-martian-meteorite,NWA 7397 Martian Meteorite End Cut - Main Mass,42500.0,2024-08-28,,,WorthPoint
nwa-martian-meteorite,.116 Grams NWA 12564 Martian Shergottite Meteorite Fragment From Mars With COA,14.95,2024-08-28,116.0,0.13,WorthPoint
nwa-martian-meteorite,.218 Grams 6x5x3mm NWA 13237 Martian METEORITE Shergottite Mars - TKW 36.5 Grams,42.99,2024-08-26,218.0,0.2,WorthPoint
nwa-martian-meteorite,Meteorite**NWA 14899; Martian Olivine Gabbroic Sherg.**3.103 Gram;GOLDEN MARTIAN,170.5,2024-08-26,3.103,54.95,WorthPoint
nwa-martian-meteorite,"Mars Meteorite, Nwa 12347 Meteorite, And 4 Snowflake Obsidian Beads",28.0,2024-08-24,,,WorthPoint
nwa-martian-meteorite,NWA 998 Nakhlite Martian Meteorite ~ An Exceptional And RARE Martian Meteorite,375.0,2024-08-24,,,WorthPoint
nwa-martian-meteorite,"METEORITES, NWA 6963 (Martian); NWA 6553, NWA 5546, NWA 10438 (All 4 Meteorites)",22.0,2024-08-18,,,WorthPoint
nwa-martian-meteorite,.227 Grams NWA 1110 Martian Shergottite Meteorite From Mars Fragments With A COA,34.99,2024-08-14,227.0,0.15,WorthPoint
nwa-martian-meteorite,.101 Grams NWA 6148 Meteorite Martian (nakhlite) Comes With A COA,15.99,2024-08-06,101.0,0.16,WorthPoint
nwa-martian-meteorite,"Meteorite**NWA 14607 Martian Shergottite**4.044 Grams, Evolved Pyroxene-phyric!!",230.5,2024-07-29,4.044,57.0,WorthPoint
nwa-martian-meteorite,NWA 14714 Martian 0.39 Shergottite Slice From Planet Mars,39.0,2024-07-25,,,WorthPoint
nwa-martian-meteorite,Genuine Mars Rock NWA 11788 Martian Meteorite Noyes Collection 2021,29.95,2024-07-25,,,WorthPoint
nwa-martian-meteorite,.240 Grams 10x8x2mm NWA 13187 Martian Shergottite Meteorite Fragment- Mars +COA,29.99,2024-07-24,240.0,0.12,WorthPoint
nwa-martian-meteorite,Piece Of Mars! Martian Meteorite NWA 4925 Mars Rock Collector's Display Box,29.99,2024-07-19,,,WorthPoint
nwa-martian-meteorite,.115 Grams NWA 6148 Meteorite Martian (nakhlite) Comes With A COA,19.99,2024-07-17,115.0,0.17,WorthPoint
nwa-martian-meteorite,Meteorite**NWA 14899; Martian Olivine Gabbroic Sherg.**0.899 Gram;GOLDEN MARTIAN,47.0,2024-07-15,0.899,52.28,WorthPoint
nwa-martian-meteorite,NWA 15364 Achondrite Martian Nakhlite Meteorite - 15364-0058 - Micro - COA/RARE,9.95,2024-07-11,,,WorthPoint
nwa-martian-meteorite,NWA 11288 Martian Meteorite Slice - 0.97 Grams - Shergottite Mars,400.0,2024-07-11,0.97,412.37,WorthPoint
nwa-martian-meteorite,"NWA 12269 Martian Shergottite Found In 2018, 1.27 Grams",250.0,2024-07-11,1.27,196.85,WorthPoint
nwa-martian-meteorite,NWA 15979 0.54g Martian Shergottite Polished Meteorite Part Chip With Some Crust,110.5,2024-07-04,0.54,204.63,WorthPoint
nwa-martian-meteorite,.265 Grams 9x8x2mm NWA 13187 Martian Shergottite Meteorite Fragment- Mars +COA,29.99,2024-06-17,265.0,0.11,WorthPoint
nwa-martian-meteorite,"Meteorite**NWA 14607 Martian Shergottite**1.583 Grams, PLANET MARS!!! RARE!!!",100.0,2024-06-17,1.583,63.17,WorthPoint
nwa-martian-meteorite,"NWA 13366 10.8g Martian Shergottite, Thin Slice, One Lightly Polished Face, Rare",800.0,2024-06-17,10.8,74.07,WorthPoint
nwa-martian-meteorite,.082 Grams NWA 6963 Martian Shergottite Meteorite Fragments From Mars + COA,7.99,2024-06-11,82.0,0.1,WorthPoint
nwa-martian-meteorite,Meteorite**NWA 14899; Martian Olivine Gabbroic Sherg.**1.271 Gram;GOLDEN MARTIAN,154.01,2024-06-10,1.271,121.17,WorthPoint
nwa-martian-meteorite,"Meteorite**NWA 14607 Martian Shergottite**0.797 Grams, PLANET MARS!!! RARE!!!",56.0,2024-06-10,0.797,70.26,WorthPoint
nwa-martian-meteorite,NWA 15364 Achondrite Martian Nakhlite Meteorite - 15364-0019 - NEWLY OFFICIAL,24.95,2024-06-07,,,WorthPoint
nwa-martian-meteorite,NWA 998 ~ Martian Nakhlite Meteorite ~ RARE & Scientifically Important ~ 0.101 G,115.0,2024-06-06,0.101,1138.61,WorthPoint
nwa-martian-meteorite,NWA 12269 Martian Shergottite Meteorite Mars Micro Pieces In Display With COA,5.01,2024-06-04,,,WorthPoint
nwa-martian-meteorite,Martian Meteorite NWA 13250 (Shergotitite) 66.1 Grams,89.99,2024-06-03,66.1,1.36,WorthPoint
nwa-martian-meteorite,Martian Meteorite NWA 13250 (Shergotitite) 9.1 Grams,89.99,2024-06-03,9.1,9.89,WorthPoint
nwa-martian-meteorite,Meteorite:NWA14607:weight:0.594:Rare Martian-Evolved Pyroxene Phyric! Basalt,60.0,2024-06-01,,,WorthPoint
nwa-martian-meteorite,"Meteorite: NWA 15899:Weight 1.048 Grams: Golden Martian, SUPER RARE",50.0,2024-05-31,1.048,47.71,WorthPoint
nwa-martian-meteorite,Meteorite NWA 10961 Martian Shergottite 1.249 Gram The King Of Martians,112.55,2024-05-31,1.249,90.11,WorthPoint
nwa-martian-meteorite,"Meteorite**NWA 14607 Martian Shergottite**0.961 Grams, PLANET MARS!!! RARE!!!",77.0,2024-05-27,0.961,80.12,WorthPoint
nwa-martian-meteorite,Meteorite**NWA 14899; Martian Olivine Gabbroic Sherg.**2.845 Gram;GOLDEN MARTIAN,205.5,2024-05-27,2.845,72.23,WorthPoint
nwa-martian-meteorite,.298 Grams NWA 12564 Martian Shergottite Meteorite Fragment From Mars With COA,34.99,2024-05-25,298.0,0.12,WorthPoint
nwa-martian-meteorite,.041 Grams 3x3x2mm Fragment Of NWA 1068 MARTIAN SHERGOTTITE METEORITE From Mars,7.5,2024-05-25,41.0,0.18,WorthPoint
nwa-martian-meteorite,Meteorite**NWA 14899; Martian Olivine Gabbroic Sherg.**2.562 Gram;GOLDEN MARTIAN,213.5,2024-05-13,2.562,83.33,WorthPoint
nwa-martian-meteorite,"Meteorite**NWA 13366, Martian Peridotitic Sherg.**3.023 Gram Gorgeous Endcut!!!",208.5,2024-05-13,3.023,68.97,WorthPoint
nwa-martian-meteorite,1.25 Gram - NWA 12241 Martian Shergottite Meteorite - 2018 Sahara Desert Find,239.2,2024-05-12,1.25,191.36,WorthPoint
nwa-martian-meteorite,.414 Grams 10x8x2mm NWA 12269 Martian Shergottite Meteorite From Mars With COA,54.99,2024-05-10,414.0,0.13,WorthPoint
nwa-martian-meteorite,NWA 15364 Achondrite Martian Nakhlite Meteorite - 15364-0020 - NEWLY OFFICIAL,14.95,2024-05-08,,,WorthPoint
nwa-martian-meteorite,Genuine Mars Rock NWA 6963 Martian Meteorite Noyes Collection 2019,15.0,2024-05-07,,,WorthPoint
nwa-martian-meteorite,"0.45 Gram NWA 12241 (Martian, Shergottite) Meteorite Frag/slice - Found In 2018",123.0,2024-05-06,0.45,273.33,WorthPoint
nwa-martian-meteorite,.534 Grams NWA 13227 Martian 11x6x3mm METEORITE Shergottite Mars - With COA,72.0,2024-05-05,534.0,0.13,WorthPoint
nwa-martian-meteorite,MARS MARTIAN METEORITE NWA 6963 2016 1 Oz Silver Coin Real Meteorite Niue Island,144.99,2024-05-02,28.35,5.11,WorthPoint
nwa-martian-meteorite,.190 Grams 8x5x3mm NWA 12269 Martian Shergottite Meteorite From Mars With COA,32.99,2024-04-30,190.0,0.17,WorthPoint
nwa-martian-meteorite,8.1g NWA 16459 Martian Poikilotic Shergottite End Piece- Beautiful Crystals!!!,688.5,2024-04-29,8.1,85.0,WorthPoint
nwa-martian-meteorite,"Meteorite**NWA 2737, Martian Chassignite**0.053 Gram Part-slice, EXTREMELY RARE!",299.99,2024-04-29,0.053,5660.19,WorthPoint
nwa-martian-meteorite,NWA 14714 Martian 1.81g SALE! Shergottite Slice From Planet Mars,160.5,2024-04-27,1.81,88.67,WorthPoint
nwa-martian-meteorite,.472 Grams 10x9x3mm - NWA 14607 Martian Shergottite Meteorite From Mars With COA,79.99,2024-04-27,472.0,0.17,WorthPoint
nwa-martian-meteorite,.281 Grams 13x7x2mm NWA 13187 Martian Shergottite Meteorite Fragment Mars + COA,40.99,2024-04-26,281.0,0.15,WorthPoint
nwa-martian-meteorite,.135 Grams NWA 1110 Martian Shergottite Meteorite From Mars Fragments With A COA,35.99,2024-04-25,135.0,0.27,WorthPoint
nwa-martian-meteorite,NWA 16136 Martian Meteorite Slice,3125.0,2024-04-24,,,WorthPoint
nwa-martian-meteorite,NWA 13187 Martian Meteorite Slice,1500.0,2024-04-24,,,WorthPoint
nwa-martian-meteorite,.539 Grams 13x9x2mm NWA 13187 Martian Shergottite Meteorite Fragment- Mars +COA,59.99,2024-04-21,539.0,0.11,WorthPoint
nwa-martian-meteorite,.385 Grams 10x6x3mm - NWA 14607 Martian Shergottite Meteorite From Mars With COA,89.99,2024-04-10,385.0,0.23,WorthPoint
nwa-martian-meteorite,NWA 12269 Meteorite. Mars Shergottite. .27 Grams. Part Slice.,39.0,2024-04-10,27.0,1.44,WorthPoint
nwa-martian-meteorite,"Meteorite**NWA 13366, Martian Peridotitic Sherg.**0.288 Gram Gorgeous Fragment!!",16.5,2024-04-08,0.288,57.29,WorthPoint
nwa-martian-meteorite,6.2g NWA 16459 Martian Poikilotic Shergottite End Piece- Beautiful Crystals!!!,527.0,2024-04-06,6.2,85.0,WorthPoint
nwa-martian-meteorite,*Martian Chassignite* Ultra Rare Meteorite NWA 2737 Slice -0.685 Grams-,2999.0,2024-04-05,0.685,4378.1,WorthPoint
nwa-martian-meteorite,.871 Grams NWA 13227 Martian 12x10x3mm METEORITE Shergottite Mars - With COA,135.0,2024-04-03,871.0,0.15,WorthPoint
nwa-martian-meteorite,.184 Grams 7x5x4mm Fragment Of NWA 1068 MARTIAN SHERGOTTITE METEORITE From Mars,34.99,2024-04-02,184.0,0.19,WorthPoint
nwa-martian-meteorite,.058 Grams 5mm NWA 13237 Martian METEORITE Shergottite Mars - TKW 36.5 Grams,14.99,2024-04-01,58.0,0.26,WorthPoint
nwa-martian-meteorite,.036 Grams 4x3x1mm Slice Fragment NWA 7397 MARTIAN SHERGOTTITE Mars Meteorite,19.99,2024-04-01,36.0,0.56,WorthPoint
nwa-martian-meteorite,.064 Grams Fragments NWA 13237 Martian METEORITE Shergottite Mars TKW 36.5 Grams,14.99,2024-03-30,64.0,0.23,WorthPoint
nwa-martian-meteorite,NWA 12594 MARTIAN Shegottite Meteorite ~ 0.011 Grams Fragments ~ Planet Mars,14.0,2024-03-29,0.011,1272.73,WorthPoint
nwa-martian-meteorite,.397 Grams 11x10x2mm NWA 13187 Martian Shergottite Meteorite Fragment- Mars +COA,46.99,2024-03-29,397.0,0.12,WorthPoint
nwa-martian-meteorite,.036 Grams Fragments NWA 4878 Martian Shergottite Meteorite Fragment From Mars,8.99,2024-03-28,36.0,0.25,WorthPoint
nwa-martian-meteorite,.049 Grams Fragments NWA 7397 MARTIAN SHERGOTTITE Mars Meteorite With COA,14.99,2024-03-28,49.0,0.31,WorthPoint
nwa-martian-meteorite,Meteorite**NWA 14899; Martian Olivine Gabbroic Sherg.**1.420 Gram;GOLDEN MARTIAN,349.99,2024-03-28,1.42,246.47,WorthPoint
nwa-martian-meteorite,Meteorite**NWA 14899; Martian Olivine Gabbroic Sherg.**0.470 Gram;GOLDEN MARTIAN,62.0,2024-03-25,0.47,131.91,WorthPoint
nwa-martian-meteorite,"The King Of Martians, NWA 10961 LherzoliticShergottite, 8.42g Full Slice",429.0,2024-03-25,8.42,50.95,WorthPoint
nwa-martian-meteorite,Crusted .061 Grams 4mm NWA 12594 Martian Shergottite Meteorite From Mars,29.99,2024-03-24,61.0,0.49,WorthPoint
nwa-martian-meteorite,.101 Grams NWA 6963 Martian Shergottite Meteorite Fragments From Mars + COA,7.99,2024-03-24,101.0,0.08,WorthPoint
nwa-martian-meteorite,Rare! Shocked With Vesicules! Nwa 11288 Martian Shergottite Meteorite! .214 Gms,71.25,2024-03-22,214.0,0.33,WorthPoint
nwa-martian-meteorite,"NWA 12241 Martian Shergottite Gabbroic, Found In Algeria 2018, 0.56 Grams",65.0,2024-03-21,0.56,116.07,WorthPoint
nwa-martian-meteorite,1.07 Grams 15x14x2mm NWA 13187 Martian Shergottite Meteorite Fragment Mars + COA,89.99,2024-03-20,1.07,84.1,WorthPoint
nwa-martian-meteorite,Meteorite**NWA 14899; Martian Olivine Gabbroic Sherg.**0.844 Gram;GOLDEN MARTIAN,76.0,2024-03-18,0.844,90.05,WorthPoint
nwa-martian-meteorite,.129 Grams 6x4x2mm NWA 13237 Martian METEORITE Shergottite Mars - TKW 36.5 Grams,20.99,2024-03-18,129.0,0.16,WorthPoint
nwa-martian-meteorite,Ultra Rare NWA 2737 Chassignite MARTIAN METEORITE 2 Mg Hupe Collection,139.11,2024-03-14,,,WorthPoint
nwa-martian-meteorite,.136 Grams 10x4x2mm NWA 13187 Martian Shergottite Meteorite Fragment Mars + COA,19.99,2024-03-12,136.0,0.15,WorthPoint
nwa-martian-meteorite,"MARTIAN Basaltic Shergottite - Meteorite NWA 14714, 1.67g Slice. Piece Of MARS!",195.0,2024-03-08,1.67,116.77,WorthPoint
nwa-martian-meteorite,3 MARS ROCK DISPLAY -37mg MARTIAN METEORITE -MUSEUM EDITION -Jumbo Display+Easel,37.95,2024-03-06,,,WorthPoint
nwa-martian-meteorite,.272 Grams NWA 12564 Martian Shergottite Meteorite Fragments From Mars With COA,9.99,2024-03-06,272.0,0.04,WorthPoint
nwa-martian-meteorite,NWA 2737 Achondrite Martian Chassignite Meteorite - 2737-0019 - Micro - 1 Of 3,39.95,2024-03-05,,,WorthPoint
nwa-martian-meteorite,Meteorite**NWA 14899; Martian Olivine Gabbroic Sherg.**1.158 Gram;GOLDEN MARTIAN,102.5,2024-03-04,1.158,88.51,WorthPoint
nwa-martian-meteorite,NWA 998 MARTIAN Nakhlite Meteorite Mars VERY RARE SNC Planet Space IMCA,7.5,2024-03-03,,,WorthPoint
nwa-martian-meteorite,.141 Grams 12x4x2mm NWA 13187 Martian Shergottite Meteorite Fragment Mars + COA,19.99,2024-03-02,141.0,0.14,WorthPoint
nwa-martian-meteorite,.191 Grams NWA 13227 Martian Fragments METEORITE Shergottite Mars - With COA,14.99,2024-03-02,191.0,0.08,WorthPoint
nwa-martian-meteorite,NWA 14714 Martian 0.78g SALE! Shergottite Slice From Planet Mars,111.0,2024-03-01,0.78,142.31,WorthPoint
nwa-martian-meteorite,.458 Grams 16x9x2mm NWA 13187 Martian Shergottite Meteorite Fragment Mars + COA,39.99,2024-02-29,458.0,0.09,WorthPoint
nwa-martian-meteorite,.289 Grams Fragments NWA 1110 Martian Shergottite Meteorite From Mars COA,12.99,2024-02-29,289.0,0.04,WorthPoint
nwa-martian-meteorite,.163 Grams All The Fragments Of NWA 1068 MARTIAN SHERGOTTITE METEORITE From Mars,12.5,2024-02-26,163.0,0.08,WorthPoint
nwa-martian-meteorite,Martian Meteorite; Nwa 12269,44.0,2024-02-26,,,WorthPoint
nwa-martian-meteorite,"Meteorite**Bir Moghrein 002, Nakhlite Martian**2.269 Grams, Extremely Rare!!!",331.0,2024-02-26,2.269,145.88,WorthPoint
nwa-martian-meteorite,"Meteorite**NWA 2737, Martian Chassignite**0.028 Gram Part-slice, EXTREMELY RARE!",223.5,2024-02-26,0.028,7982.14,WorthPoint
nwa-martian-meteorite,NWA 11431 Martian Shergottite Meteorite - 0.63g Part Slice With Crust,31.0,2024-02-24,0.63,49.21,WorthPoint
nwa-martian-meteorite,Authentic Mars Rock Nakhilite Martian Meteorite NWA 998 With Red Planet,14.99,2024-02-23,,,WorthPoint
nwa-martian-meteorite,.069 Gram 6x5x1mm Slice NWA 7397 MARTIAN SHERGOTTITE Mars Meteorite With A COA,37.99,2024-02-22,69.0,0.55,WorthPoint
nwa-martian-meteorite,"GOLDEN MARTIAN! Meteorite NWA 14899, Olivine Gabbroic Shergottite, 2.25g Slice",420.0,2024-02-21,2.25,186.67,WorthPoint
nwa-martian-meteorite,Museum Quality! Magnificent Nwa 12241 Martian Shergottite Meteorite! 16.4 Gms,1229.25,2024-02-21,16.4,74.95,WorthPoint
nwa-martian-meteorite,Meteorite**NWA 14899; Martian Olivine Gabbroic Sherg.**1.394 Gram;GOLDEN MARTIAN,121.5,2024-02-19,1.394,87.16,WorthPoint
nwa-martian-meteorite,.093 Grams 5mm NWA 1110 Martian Shergottite Meteorite From Mars Fragment W/COA,28.99,2024-02-18,93.0,0.31,WorthPoint
nwa-martian-meteorite,NWA 15364 Achondrite Martian Nakhlite Meteorite - 15364-0018 - NEWLY OFFICIAL,19.95,2024-02-18,,,WorthPoint
nwa-martian-meteorite,"Mars Meteorite, +nwa 8559 Howardite + Al Haggounia Meteorite +snowflake Bead",16.5,2024-02-16,,,WorthPoint
nwa-martian-meteorite,"Meteorite**NWA 2737, Martian Chassignite**0.054 Gram Part-slice, EXTREMELY RARE!",199.99,2024-02-15,0.054,3703.52,WorthPoint
nwa-martian-meteorite,Genuine Mars Rock NWA 6963 Martian Meteorite,12.0,2024-02-03,,,WorthPoint
nwa-martian-meteorite,"NWA 12241 Mars Meteorite, Shergottite, Mars Meteorite, 1.77 Grams, Astronomy",140.0,2024-01-31,1.77,79.1,WorthPoint
nwa-martian-meteorite,.081 Grams 7x5x2mm Slice Fragment NWA 7397 MARTIAN SHERGOTTITE Mars Meteorite,47.0,2024-01-27,81.0,0.58,WorthPoint
nwa-martian-meteorite,Meteorite**NWA 14899;Martian Olivine Gabbroic Sherg.**15.356 Gram;GOLDEN MARTIAN,1799.99,2024-01-25,15.356,117.22,WorthPoint
nwa-martian-meteorite,Great Deal! Amazing Nwa 16127 Martian Shergottite Meteorite Individual! 1.243 Gm,186.75,2024-01-23,1.243,150.24,WorthPoint
nwa-martian-meteorite,.028 Grams 6x3x1mm Slice Fragment NWA 7397 MARTIAN SHERGOTTITE Mars Meteorite,16.99,2024-01-22,28.0,0.61,WorthPoint
nwa-martian-meteorite,Meteorite**NWA 14899; Martian Olivine Gabbroic Sherg.**0.867 Gram;GOLDEN MARTIAN,65.0,2024-01-18,0.867,74.97,WorthPoint
nwa-martian-meteorite,"Meteorite**NWA 13031, Martian Shergottite**1.887 Gram Slice, VERY UNIQUE!!",189.0,2024-01-18,1.887,100.16,WorthPoint
nwa-martian-meteorite,"NWA 15200 (0.577g) Meteorite NEW MARTIAN NAKHLITE, Small Patch Of Fresh Crust",399.0,2024-01-13,0.577,691.51,WorthPoint
nwa-martian-meteorite,Meteorite NWA 1068 Achondrite Martian Shergottite - 1068-0011 - 0.23g - RARE,229.95,2024-01-13,0.23,999.78,WorthPoint
nwa-martian-meteorite,NWA 15364 Achondrite Martian Nakhlite Meteorite - 15364-0010 - NEWLY OFFICIAL,714.95,2024-01-13,,,WorthPoint
nwa-martian-meteorite,.269 Grams NWA 1110 Martian Shergottite Meteorite From Mars Fragments With A COA,47.99,2024-01-13,269.0,0.18,WorthPoint
nwa-martian-meteorite,.272 Grams 8x8x2mm - NWA 12564 Martian Shergottite Meteorite From Mars With COA,39.99,2024-01-13,272.0,0.15,WorthPoint
nwa-martian-meteorite,.639 Grams 14x12x2mm NWA 13187 Martian Shergottite Meteorite Fragment- Mars +COA,79.99,2024-01-13,639.0,0.13,WorthPoint
nwa-martian-meteorite,.470 Grams 12x7x2mm - NWA 12564 Martian Shergottite Meteorite From Mars With COA,74.99,2024-01-13,470.0,0.16,WorthPoint
nwa-martian-meteorite,.051 Grams 4mm NWA 12594 Martian Shergottite Meteorite From Mars Fragment,17.99,2024-01-02,51.0,0.35,WorthPoint
nwa-martian-meteorite,NWA 8159 (0.063 Grams) Meteorite MARTIAN AUGITE BASALT! Great Under Microscope,440.0,2024-01-02,0.063,6984.13,WorthPoint
nwa-martian-meteorite,NWA 15910 Martian Meteorite Thin Section,60.0,2023-12-29,,,WorthPoint
nwa-martian-meteorite,.246 Grams 9x7x2mm NWA 13187 Martian Shergottite Meteorite Fragment- Mars +COA,29.99,2023-12-27,246.0,0.12,WorthPoint
nwa-martian-meteorite,2017 Solar System Mars Antique Finish With Meteorite NWA 7397 Niue 1oz Silver,109.95,2023-12-27,28.35,3.88,WorthPoint
nwa-martian-meteorite,"Meteorite**NWA 13031, Martian Shergottite**0.912 Gram Slice, VERY UNIQUE!! Last!",58.0,2023-12-25,0.912,63.6,WorthPoint
nwa-martian-meteorite,Meteorite**NWA 14899; Martian Olivine Gabbroic Sherg.**2.061 Gram;GOLDEN MARTIAN,157.5,2023-12-25,2.061,76.42,WorthPoint
nwa-martian-meteorite,"Rare Nwa 11220 Martian Black Beauty Meteorite Part Slice In Display Box, Xl!!!!!",269.0,2023-12-21,,,WorthPoint
nwa-martian-meteorite,0.75 Gram - NWA 12241 Martian Meteorite (shergottite) SMALL FRAGMENT,90.0,2023-12-21,0.75,120.0,WorthPoint
nwa-martian-meteorite,Meteorite**NWA 14899; Martian Olivine Gabbroic Sherg.**0.814 Gram;GOLDEN MARTIAN,102.5,2023-12-18,0.814,125.92,WorthPoint
nwa-martian-meteorite,0.58 Grams - NWA 12241 Martian - Meteorite (shergottite) - Specimen,69.6,2023-12-18,0.58,120.0,WorthPoint
nwa-martian-meteorite,1.16 Grams 28x12x2mm NWA 13187 Martian Shergottite Meteorite Mars Slice With COA,165.0,2023-12-13,1.16,142.24,WorthPoint
nwa-martian-meteorite,Amgala 001 Rare Martian Shergottite Polished Slice Mars Meteorite 3.13 Grams,205.95,2023-12-13,3.13,65.8,WorthPoint
nwa-martian-meteorite,"NWA 12269 Martian Meteorite, 0.78 Grams",36.0,2023-12-13,0.78,46.15,WorthPoint
nwa-martian-meteorite,"NWA 12594 Martian Meteorite, 0.56 Grams",16.5,2023-12-13,0.56,29.46,WorthPoint
nwa-martian-meteorite,Meteorite**NWA 14899; Martian Olivine Gabbroic Sherg.**1.777 Gram;GOLDEN MARTIAN,127.5,2023-12-11,1.777,71.75,WorthPoint
nwa-martian-meteorite,"Meteorite**NWA 10961, Martian Shergottite**1.195 Gram, THE KING OF MARTIANS!",89.75,2023-12-11,1.195,75.1,WorthPoint
nwa-martian-meteorite,1.12 Grams - NWA 12241 Martian - Meteorite (shergottite) Specimen,120.0,2023-12-09,1.12,107.14,WorthPoint
nwa-martian-meteorite,MARTIAN SHERGOTTITE - NWA 12269 MARS METEORITE - Found In Northwest Africa 2018,18.0,2023-12-07,,,WorthPoint
nwa-martian-meteorite,2016 Mars Martian Meteorite NWA 6963 1 Oz Silver Coin,199.99,2023-12-05,28.35,7.05,WorthPoint
nwa-martian-meteorite,Meteorite**NWA 14899; Martian Olivine Gabbroic Sherg.**1.272 Gram;GOLDEN MARTIAN,92.0,2023-12-04,1.272,72.33,WorthPoint
nwa-martian-meteorite,7.0 Gram - NWA 12241 Martian Meteorite (shergottite) END CUT With CRUST,960.0,2023-11-30,7.0,137.14,WorthPoint
nwa-martian-meteorite,Meteorite**NWA 14899; Martian Olivine Gabbroic Sherg.**1.013 Gram;GOLDEN MARTIAN,167.0,2023-11-27,1.013,164.86,WorthPoint
nwa-martian-meteorite,.050 Grams 4x2x2mm Fragment Of NWA 1068 MARTIAN SHERGOTTITE METEORITE From Mars,10.99,2023-11-27,50.0,0.22,WorthPoint
nwa-martian-meteorite,".75"" Polished Martian Meteorite Slice - NWA 14714",141.6,2023-11-26,,,WorthPoint
nwa-martian-meteorite,.078 Grams 4x3x3mm Fragment Of NWA 1068 MARTIAN SHERGOTTITE METEORITE From Mars,12.99,2023-11-26,78.0,0.17,WorthPoint
nwa-martian-meteorite,.020 Grams 3x2x2mm NWA 4878 Martian Shergottite Meteorite Fragment From Mars COA,7.99,2023-11-21,20.0,0.4,WorthPoint
nwa-martian-meteorite,.021 Grams 2x2x2mm NWA 4878 Martian Shergottite Meteorite Fragment From Mars COA,7.99,2023-11-21,21.0,0.38,WorthPoint
nwa-martian-meteorite,Meteorite**NWA 14899; Martian Olivine Gabbroic Sherg.**2.252 Gram;GOLDEN MARTIAN,165.0,2023-11-20,2.252,73.27,WorthPoint
nwa-martian-meteorite,"Meteorite**NWA 13276, Martian Poikilitic Sherg.**1.510 Gram Gorgeous Endcut!!!",153.25,2023-11-20,1.51,101.49,WorthPoint
nwa-martian-meteorite,"Meteorite**NWA 15910, Martian Sherg.**1.735 Grams,Evolved Pyroxene-phyric Basalt",183.5,2023-11-13,1.735,105.76,WorthPoint
nwa-martian-meteorite,"Meteorite**NWA 10961, Martian Shergottite**0.329 Gram, THE KING OF MARTIANS!",29.5,2023-11-13,0.329,89.67,WorthPoint
nwa-martian-meteorite,Martian Nakhlite - .75g Identified By Top Martian Expert Dr. Tony Irving/U Wash,112.0,2023-11-13,75.0,1.49,WorthPoint
nwa-martian-meteorite,NWA Martian Meteorite,25000.0,2023-11-10,,,WorthPoint
nwa-martian-meteorite,NWA 13227 Martian Meteorite Slice,6250.0,2023-11-10,,,WorthPoint
nwa-martian-meteorite,NWA 12564 Martian Meteorite End Cut,1875.0,2023-11-10,,,WorthPoint
nwa-martian-meteorite,"Meteorite**NWA 2737, MARTIAN CHASSIGINITE**0.409 Grams Slice, Extremely Rare!!!!",1799.99,2023-11-07,0.409,4400.95,WorthPoint
nwa-martian-meteorite,Meteorite**NWA 14899; Martian Olivine Gabbroic Sherg.**1.707 Gram;GOLDEN MARTIAN,156.0,2023-11-06,1.707,91.39,WorthPoint
nwa-martian-meteorite,1.58 Gram - NWA 12241 Martian Meteorite (shergottite) Slice - 2018 Find,237.0,2023-11-05,1.58,150.0,WorthPoint
nwa-martian-meteorite,.056 Grams 5mm NWA 12594 Martian Shergottite Meteorite From Mars Fragment,17.99,2023-11-05,56.0,0.32,WorthPoint
nwa-martian-meteorite,NWA 8159 RARE Martian Meteorite ~ Augite Basalt ~ Unique ~ 1 Of 1 Known ~ 0.051,405.0,2023-11-04,,,WorthPoint
nwa-martian-meteorite,NWA 15364 Meteorite Martian Nakhlite 2.750 Gram Crusted Fragment - Great Crust!,3100.0,2023-11-04,2.75,1127.27,WorthPoint
nwa-martian-meteorite,Martian Nakhlite - 1.0g Identified By Top Martian Expert Dr. Tony Irving/U Wash,150.0,2023-11-02,1.0,150.0,WorthPoint
nwa-martian-meteorite,.047 Grams Micros NWA 13187 Martian Shergottite Meteorite Fragment- Mars +COA,7.99,2023-10-30,47.0,0.17,WorthPoint
nwa-martian-meteorite,Micros NWA 6963 Martian METEORITE Shergottite Mars - With A COA,7.99,2023-10-30,,,WorthPoint
nwa-martian-meteorite,.514 Grams 12x9x2mm NWA 13187 Martian Shergottite Meteorite Fragment- Mars +COA,55.99,2023-10-30,514.0,0.11,WorthPoint
nwa-martian-meteorite,.091 Grams 5x3x3mm Fragment Of NWA 1068 MARTIAN SHERGOTTITE METEORITE From Mars,13.99,2023-10-30,91.0,0.15,WorthPoint
nwa-martian-meteorite,"Meteorite**NWA 13031, Martian Shergottite**0.635 Gram Endcut, VERY UNIQUE!!!!",51.0,2023-10-30,0.635,80.31,WorthPoint
nwa-martian-meteorite,Meteorite**NWA 14899; Martian Olivine Gabbroic Sherg.**0.405 Gram;GOLDEN MARTIAN,59.0,2023-10-30,0.405,145.68,WorthPoint
nwa-martian-meteorite,"Meteorite** NWA 14714 Martian Shergottite**0.426 Gram Frag. Slice, PLANET MARS!!",40.0,2023-10-30,0.426,93.9,WorthPoint
nwa-martian-meteorite,"Meteorite**NWA 10961, Martian Shergottite**3.688 Gram, THE KING OF MARTIANS!!",699.99,2023-10-28,3.688,189.8,WorthPoint
nwa-martian-meteorite,.049 Grams 4x3x2mm Fragment Of NWA 1068 MARTIAN SHERGOTTITE METEORITE From Mars,8.99,2023-10-27,49.0,0.18,WorthPoint
nwa-martian-meteorite,.120 Grams 7x4x2mm - NWA 14607 Martian Shergottite Meteorite From Mars With COA,12.5,2023-10-27,120.0,0.1,WorthPoint
nwa-martian-meteorite,MARTIAN NAKHLITE - NWA 15364 MARS METEORITE - Found In Algeria 2022,14.0,2023-10-24,,,WorthPoint
nwa-martian-meteorite,.463 Grams 15x18x2mm NWA 13187 Martian Shergottite Meteorite Fragment Mars + COA,69.99,2023-10-21,463.0,0.15,WorthPoint
nwa-martian-meteorite,NWA 2737 Meteorite ~ Martian Chassignite Fragment ~ 0.007 Grams ~ RARE!,49.0,2023-10-17,,,WorthPoint
nwa-martian-meteorite,Meteorite**NWA 14899; Martian Olivine Gabbroic Sherg.**1.961 Gram;GOLDEN MARTIAN,172.5,2023-10-16,1.961,87.97,WorthPoint
nwa-martian-meteorite,.010 Grams NWA 998 Martian Meteorite ( Nakhlite ) Greg Hupe Dealer Card + My COA,16.5,2023-10-15,10.0,1.65,WorthPoint
nwa-martian-meteorite,Meteorite::NWA 13187:: Weight 1.087 Grams:: Beautiful Martian Part Slice!!!!,75.0,2023-10-15,1.087,69.0,WorthPoint
nwa-martian-meteorite,"Meteorite**NWA 15910, Martian Sherg.**6.173 Gram,Evolved Pyroxene-phyric Basalt",510.0,2023-10-09,6.173,82.62,WorthPoint
nwa-martian-meteorite,Meteorite**NWA 14899; Martian Olivine Gabbroic Sherg.**1.399 Gram;GOLDEN MARTIAN,105.0,2023-10-09,1.399,75.05,WorthPoint
nwa-martian-meteorite,NWA 15364 Achondrite Martian Nakhlite Meteorite - 15364-0017 - NEWLY OFFICIAL,44.95,2023-10-02,,,WorthPoint
nwa-martian-meteorite,"MARS 5.66 Gr. Piece NWA 13134 MARS SHERGOTTITE METEORITE, 2013 RECOVERY TKW 15gr",1325.0,2023-10-02,5.66,234.1,WorthPoint
nwa-martian-meteorite,NWA 13187 Martian Meteorite Thin Section,100.0,2023-10-02,,,WorthPoint
nwa-martian-meteorite,Meteorite**NWA 14899; Martian Olivine Gabbroic Sherg.**2.008 Gram;GOLDEN MARTIAN,222.5,2023-10-02,2.008,110.81,WorthPoint
nwa-martian-meteorite,"Meteorite**NWA 10961, Martian Shergottite**3.523 Gram, THE KING OF MARTIANS!!",260.0,2023-10-02,3.523,73.8,WorthPoint
nwa-martian-meteorite,.366 Grams 11x9x2mm NWA 13187 Martian Shergottite Meteorite Fragment- Mars + COA,53.99,2023-10-01,366.0,0.15,WorthPoint
nwa-martian-meteorite,NWA 15364 Achondrite Martian Nakhlite Meteorite - 15364-0014 - NEWLY OFFICIAL,89.95,2023-09-30,,,WorthPoint
nwa-martian-meteorite,NWA 2737 Meteorite ~ 5 Martian Chassignite Fragments ~ 0.006 Grams ~ RARE!,55.0,2023-09-27,,,WorthPoint
nwa-martian-meteorite,"Meteorite**NWA 13031, Martian Shergottite**1.000 Gram Slice, VERY UNIQUE!!!!",249.99,2023-09-26,1.0,249.99,WorthPoint
nwa-martian-meteorite,0.1 Gram NWA 7397 Meteorite Slice - Shergottite Martian - Found 2012,74.99,2023-09-26,0.1,749.9,WorthPoint
nwa-martian-meteorite,"Meteorite**NWA 10961, Martian Shergottite**0.980 Gram Lot, THE KING OF MARTIANS!",89.0,2023-09-25,0.98,90.82,WorthPoint
nwa-martian-meteorite,Meteorite**NWA 14899; Martian Olivine Gabbroic Sherg.**0.545 Gram;GOLDEN MARTIAN,67.0,2023-09-25,0.545,122.94,WorthPoint
nwa-martian-meteorite,NWA 14714 Martian 0.84g SALE! Shergottite Slice From Planet Mars,99.0,2023-09-23,0.84,117.86,WorthPoint
nwa-martian-meteorite,Meteorite:: NWA 14899:: Weight 0.558 Grams:: Golden Martian.Beautiful Part-slice,65.0,2023-09-21,0.558,116.49,WorthPoint
nwa-martian-meteorite,Meteorite::NWA 14899:: Weight 0.678 Grams:: Golden Martian. Beautiful,90.0,2023-09-18,0.678,132.74,WorthPoint
nwa-martian-meteorite,Meteorite:: NWA 14899:: Weight 1.008grams::Martian Olivine Gabbro::full Slice,160.0,2023-09-18,1.008,158.73,WorthPoint
nwa-martian-meteorite,"Meteorite**NWA 10961, 15910, 14899 Martian Shergottite**3.042 Grams, PLANET MARS",279.0,2023-09-18,3.042,91.72,WorthPoint
nwa-martian-meteorite,Meteorite**NWA 14899; Martian Olivine Gabbroic Sherg.**0.279 Gram;GOLDEN MARTIAN,36.0,2023-09-18,0.279,129.03,WorthPoint
nwa-martian-meteorite,"Meteorite**NWA 15910, Martian Sherg.**1.146 Grams,Evolved Pyroxene-phyric Basalt",91.0,2023-09-18,1.146,79.41,WorthPoint
nwa-martian-meteorite,NWA 15364 Achondrite Martian Nakhlite Meteorite - 15364-0016 - NEWLY OFFICIAL,39.95,2023-09-16,,,WorthPoint
nwa-martian-meteorite,"Meteorite::NWA 15910 Martian::weight 3.232grams::part-slice,evolved Pyroxene.",250.0,2023-09-16,3.232,77.35,WorthPoint
nwa-martian-meteorite,Martian Meteorite Section Of NWA 1195.,656.25,2023-09-14,,,WorthPoint
nwa-martian-meteorite,"Meteorite**NWA 10961, Martian Shergottite**1.249 Gram, THE KING OF MARTIANS!!",202.0,2023-09-11,1.249,161.73,WorthPoint
nwa-martian-meteorite,Meteorite**NWA 14899; Martian Olivine Gabbroic Sherg.**1.120 Gram;GOLDEN MARTIAN,117.5,2023-09-11,1.12,104.91,WorthPoint
nwa-martian-meteorite,NWA 15364 Achondrite Martian Nakhlite Meteorite - 15364-0015 - NEWLY OFFICIAL,59.95,2023-09-10,,,WorthPoint
nwa-martian-meteorite,Genuine Martian Meteorite Gift Box NWA 14269 - A Perfect Gift Idea! IMCA #3950,55.0,2023-09-01,,,WorthPoint
nwa-martian-meteorite,2 Grams 26x19x2mm NWA 13187 Martian Shergottite Meteorite Mars Slice With COA,269.0,2023-09-01,2.0,134.5,WorthPoint
nwa-martian-meteorite,1.20 Grams 17x14x2mm NWA 13187 Martian Shergottite Meteorite Mars Slice With COA,169.0,2023-09-01,1.2,140.83,WorthPoint
nwa-martian-meteorite,Museum Quality! Magnificent Nwa 13187 Martian Shergottite Meteorite! 19.9 Gms,2238.75,2023-08-31,19.9,112.5,WorthPoint
nwa-martian-meteorite,"Meteorite**NWA 13031, Martian Shergottite**1.473 Gram Slice, VERY UNIQUE!!!!",83.2,2023-08-28,1.473,56.48,WorthPoint
nwa-martian-meteorite,Meteorite**NWA 14899; Martian Olivine Gabbroic Sherg.**1.460 Gram;GOLDEN MARTIAN,113.5,2023-08-28,1.46,77.74,WorthPoint
nwa-martian-meteorite,"Meteorite**NWA 10961, Martian Shergottite**2.834 Gram, THE KING OF MARTIANS!!",157.5,2023-08-28,2.834,55.58,WorthPoint
nwa-martian-meteorite,".19 Grams Rare Individual Martian Shergottite Mars Meteorite ""Meharrize 001""",19.95,2023-08-25,19.0,1.05,WorthPoint
nwa-martian-meteorite,MARTIAN SHERGOTTITE - NWA 6963 MARS METEORITE W/COA - Found In Morocco 2011,17.0,2023-08-24,,,WorthPoint
nwa-martian-meteorite,"Meteorite**NWA 13031, Martian Shergottite**1.448 Gram Slice, VERY UNIQUE!!!!",299.99,2023-08-21,1.448,207.18,WorthPoint
nwa-martian-meteorite,"Meteorite**NWA 15910, Martian Sherg.**4.253 Grams,Evolved Pyroxene-phyric Basalt",224.5,2023-08-21,4.253,52.79,WorthPoint
nwa-martian-meteorite,Meteorite**NWA 14899; Martian Olivine Gabbroic Sherg.**1.622 Gram;GOLDEN MARTIAN,197.5,2023-08-21,1.622,121.76,WorthPoint
nwa-martian-meteorite,"RARE MARS ROCK, 0.832 Gr NWA 10153 MARS NAKHLITE METEORITE, 2014 MOROCCO, Paired",875.0,2023-08-19,0.832,1051.68,WorthPoint
nwa-martian-meteorite,".26 Grams Rare Individual Martian Shergottite Mars Meteorite ""Meharrize 001""",27.95,2023-08-19,26.0,1.07,WorthPoint
nwa-martian-meteorite,".43 Grams Rare Individual Martian Shergottite Mars Meteorite ""Meharrize 001""",43.95,2023-08-19,43.0,1.02,WorthPoint
nwa-martian-meteorite,Meteorite**NWA 14899; Martian Olivine Gabbroic Sherg.**1.145 Gram;GOLDEN MARTIAN,113.5,2023-08-14,1.145,99.13,WorthPoint
nwa-martian-meteorite,"Meteorite**NWA 13031, Martian Shergottite**0.600 Gram Slice, VERY UNIQUE!!!!",83.78,2023-08-14,0.6,139.63,WorthPoint
nwa-martian-meteorite,".49 Grams Rare Individual Martian Shergottite Mars Meteorite ""Meharrize 001""",49.95,2023-08-14,49.0,1.02,WorthPoint
nwa-martian-meteorite,.091 Grams 6x4x3mm NWA 6148 Martian (nakhlite) Meteorite Fragment With A COA,31.0,2023-08-13,91.0,0.34,WorthPoint
nwa-martian-meteorite,".27 Grams Rare Individual Martian Shergottite Mars Meteorite ""Meharrize 001""",27.95,2023-08-11,27.0,1.04,WorthPoint
nwa-martian-meteorite,2017 $1 Niue Solar System MARS Antiqued With Meteorite NWA 7397 1 Oz Silver Coin,249.95,2023-08-10,28.35,8.82,WorthPoint
nwa-martian-meteorite,1.37 Gram - NWA 12241 - Martian Meteorite (shergottite) Slice - 2018 Find,240.5,2023-08-09,1.37,175.55,WorthPoint
nwa-martian-meteorite,.346 Grams 12x8x2mm NWA 13187 Martian Shergottite Meteorite Fragment- Mars + COA,49.99,2023-08-07,346.0,0.14,WorthPoint
nwa-martian-meteorite,"Meteorite**NWA 13031, Martian Shergottite**0.703 Gram Slice, VERY UNIQUE!!!!",98.75,2023-08-07,0.703,140.47,WorthPoint
nwa-martian-meteorite,"Meteorite**NWA 15910, Martian Sherg.**8.038 Grams,Evolved Pyroxene-phyric Basalt",536.0,2023-08-07,8.038,66.68,WorthPoint
nwa-martian-meteorite,Meteorite**NWA 14899; Martian Olivine Gabbroic Sherg.**2.097 Gram;GOLDEN MARTIAN,461.0,2023-08-07,2.097,219.84,WorthPoint
nwa-martian-meteorite,.370 Grams 10x7x4mm Individual Martian Shergottite Meteorite COA MEHARRIZE 001,41.99,2023-08-06,370.0,0.11,WorthPoint
nwa-martian-meteorite,".280 Grams Rare Individual Martian Shergottite Mars Meteorite ""Meharrize 001""",29.95,2023-08-04,280.0,0.11,WorthPoint
nwa-martian-meteorite,".34 Grams Rare Individual Martian Shergottite Mars Meteorite ""Meharrize 001""",34.95,2023-08-02,34.0,1.03,WorthPoint
nwa-martian-meteorite,".31 Grams Rare Individual Martian Shergottite Mars Meteorite ""Meharrize 001""",31.95,2023-08-01,31.0,1.03,WorthPoint
nwa-martian-meteorite,"Meteorite**NWA 13031, Martian Shergottite**1.043 Gram Slice, VERY UNIQUE!!!!",124.49,2023-07-31,1.043,119.36,WorthPoint
nwa-martian-meteorite,Meteorite**NWA 14899; Martian Olivine Gabbroic Sherg.**1.143 Gram;GOLDEN MARTIAN,141.5,2023-07-31,1.143,123.8,WorthPoint
nwa-martian-meteorite,"NEW RARE!! NWA 10645 Nakhlite MARTIAN Meteorite, Fragment With Crust, 4.24 Grams",2999.99,2023-07-30,4.24,707.54,WorthPoint
nwa-martian-meteorite,NWA 2737 1.47g Martian Meteorite Slice With COA,1259.0,2023-07-29,1.47,856.46,WorthPoint
nwa-martian-meteorite,NWA 6963 Achondrite Martian Shergottite Meteorite -Great Part Slice W Crust Mars,137.5,2023-07-25,,,WorthPoint
nwa-martian-meteorite,NWA 14714 Martian 0.69g Basaltic Shergottite Slice From Planet Mars,81.0,2023-07-22,0.69,117.39,WorthPoint
nwa-martian-meteorite,0.21 Grams - NWA 12241 Martian - Meteorite (shergottite) - Specimen,39.0,2023-07-20,0.21,185.71,WorthPoint
nwa-martian-meteorite,Meteorite**NWA 14899; Martian Olivine Gabbroic Sherg.**1.381 Gram;GOLDEN MARTIAN,154.5,2023-07-17,1.381,111.88,WorthPoint
nwa-martian-meteorite,"Meteorite**NWA 15910, Martian Sherg.**1.744 Gram,Evolved Pyroxene-phyric Basalt",133.5,2023-07-17,1.744,76.55,WorthPoint
nwa-martian-meteorite,5 MARTIAN Meteorites ONLY For Ebay User ---- Exo_08 ---,83.99,2023-07-17,,,WorthPoint
nwa-martian-meteorite,".260 Grams Rare Individual Martian Shergottite Mars Meteorite ""Meharrize 001""",26.95,2023-07-15,260.0,0.1,WorthPoint
nwa-martian-meteorite,0.31 Grams - NWA 12241 Martian - Meteorite (shergottite) - Specimen,45.5,2023-07-14,0.31,146.77,WorthPoint
nwa-martian-meteorite,Meteorite ::: NWA 14899 Martian (shergottite) ::: 0.411 Grams Slice! Planet Mars,75.0,2023-07-14,0.411,182.48,WorthPoint
nwa-martian-meteorite,".28 Grams Rare Individual Martian Shergottite Mars Meteorite ""Meharrize 001""",28.95,2023-07-10,28.0,1.03,WorthPoint
nwa-martian-meteorite,"Meteorite**NWA 15910, Martian Sherg.**1.756 Gram,Evolved Pyroxene-phyric Basalt",112.5,2023-07-10,1.756,64.07,WorthPoint
nwa-martian-meteorite,Meteorite**NWA 14899; Martian Olivine Gabbroic Sherg.**1.977 Gram;GOLDEN MARTIAN,277.98,2023-07-10,1.977,140.61,WorthPoint
nwa-martian-meteorite,.269 Grams 12x7x2mm NWA 13187 Martian Shergottite Meteorite Fragment Mars + COA,34.99,2023-07-09,269.0,0.13,WorthPoint
nwa-martian-meteorite,.020 Grams 5 Fragments Of NWA 1068 MARTIAN METEORITE From John Shea To Mark Lyon,12.99,2023-07-09,20.0,0.65,WorthPoint
nwa-martian-meteorite,.120 Grams 6x4x2mm NWA 1110 Martian Shergottite Meteorite From Mars With A COA,29.99,2023-07-08,120.0,0.25,WorthPoint
nwa-martian-meteorite,.367 Grams 8x7x4mm Rare Small Individual Martian Shergottite Mars Meteorite COA,36.99,2023-07-06,367.0,0.1,WorthPoint
nwa-martian-meteorite,.305 Grams 7x7x4mm Rare Small Individual Martian Shergottite Mars Meteorite COA,30.99,2023-07-05,305.0,0.1,WorthPoint
nwa-martian-meteorite,NWA 12269 Achondrite Martian Shergottite Meteorite - Part Slice,199.99,2023-07-05,,,WorthPoint
nwa-martian-meteorite,Mars Meteorite Nwa 12269 + Nwa 7020 Carbonaceous (cr2) + Unclassified Meteorite,24.0,2023-07-04,,,WorthPoint
nwa-martian-meteorite,"Meteorite**NWA 2737, MARTIAN CHASSIGINITE**0.049 Gram Fragment, Extremely Rare!!",139.36,2023-07-03,0.049,2844.08,WorthPoint
nwa-martian-meteorite,1.55 Gram - NWA 12241 - Martian Meteorite (shergottite) Slice - 2018 Find,256.75,2023-06-29,1.55,165.65,WorthPoint
nwa-martian-meteorite,.337 Grams 8x6x5mm Rare Small Individual Martian Shergottite Mars Meteorite COA,33.99,2023-06-29,337.0,0.1,WorthPoint
nwa-martian-meteorite,"Meteorite**NWA 2737, MARTIAN CHASSIGINITE**0.074 Gram Fragment, Extremely Rare!!",299.99,2023-06-26,0.074,4053.92,WorthPoint
nwa-martian-meteorite,.569 Grams 9x7x6mm MEHARRIZE 001 Individual Martian Shergottite Mars Meteorite,68.99,2023-06-25,569.0,0.12,WorthPoint
nwa-martian-meteorite,.282 Grams 9x6x3mm Rare Small Individual Martian Shergottite Mars Meteorite COA,28.99,2023-06-25,282.0,0.1,WorthPoint
nwa-martian-meteorite,.090 Grams 6x3x2mm - NWA 12564 Martian Shergottite Meteorite From Mars With COA,11.99,2023-06-24,90.0,0.13,WorthPoint
nwa-martian-meteorite,0.96 Grams - NWA 12241 Martian - Meteorite (shergottite) - Specimen,117.0,2023-06-22,0.96,121.88,WorthPoint
nwa-martian-meteorite,Meteorite: Martian Shergottite NWA13276 Whole Individual 0.542 Grams #531,135.5,2023-06-22,0.542,250.0,WorthPoint
nwa-martian-meteorite,.306 Grams 11x7x3mm Rare Small Individual Martian Shergottite Mars Meteorite COA,30.99,2023-06-19,306.0,0.1,WorthPoint
nwa-martian-meteorite,.250 Grams 8x6x4mm Rare Small Individual Martian Shergottite Mars Meteorite COA,24.99,2023-06-19,250.0,0.1,WorthPoint
nwa-martian-meteorite,.401 Grams 10x8x2mm NWA 13187 Martian Shergottite Meteorite Fragment- Mars + COA,43.99,2023-06-19,401.0,0.11,WorthPoint
nwa-martian-meteorite,"Meteorite**NWA 13031, Martian Sherg.**1.229 Gram, Aphyric, Pigeonite-rich! Rare!",125.49,2023-06-19,1.229,102.11,WorthPoint
nwa-martian-meteorite,.189 Grams 7x5x3mm MEHARRIZE 001 Rare Individual Martian Shergottite Meteorite,23.99,2023-06-19,189.0,0.13,WorthPoint
nwa-martian-meteorite,"Meteorite**NWA 15910, Martian Sherg.**1.897 Gram,Evolved Pyroxene-phyric Basalt",152.57,2023-06-19,1.897,80.43,WorthPoint
nwa-martian-meteorite,NWA 2737 Achondrite Martian Chassignite Meteorite - 2737-0026 - Micro - 1 Of 3,520.0,2023-06-18,,,WorthPoint
nwa-martian-meteorite,Sample #5 - Fragments NWA 6963 Martian Shergottite Meteorite From Mars With COA,7.99,2023-06-17,,,WorthPoint
nwa-martian-meteorite,.146 Grams 7x4x2mm Individual Martian Shergottite Mars Meteorite MEHARRIZE 001,20.99,2023-06-16,146.0,0.14,WorthPoint
nwa-martian-meteorite,.100 Grams 5x4x3mm Rare MEHARRIZE 001 Individual Martian Shergottite Meteorite,13.99,2023-06-16,100.0,0.14,WorthPoint
nwa-martian-meteorite,.156 Grams 6x6x3mm Rare Individual Martian Shergottite MEHARRIZE 001 Meteorite,20.99,2023-06-14,156.0,0.13,WorthPoint
nwa-martian-meteorite,.228 Grams 8x5x4mm Rare Small Individual Martian MEHARRIZE 001 Mars Meteorite,25.49,2023-06-14,228.0,0.11,WorthPoint
nwa-martian-meteorite,Mars Rock (Martian Meteorite) NWA 6963,30.0,2023-06-13,,,WorthPoint
nwa-martian-meteorite,.353 Grams 9x9x2mm NWA 13187 Martian Shergottite Meteorite Fragment- Mars + COA,39.99,2023-06-13,353.0,0.11,WorthPoint
nwa-martian-meteorite,.038 Grams 5x3x1mm Slice Fragment NWA 7397 MARTIAN SHERGOTTITE Mars Meteorite,21.99,2023-06-12,38.0,0.58,WorthPoint
nwa-martian-meteorite,.301 Grams 11x7x3mm NWA 12269 Martian Shergottite Meteorite From Mars With COA,59.99,2023-06-12,301.0,0.2,WorthPoint
nwa-martian-meteorite,"Meteorite**NWA 15910, Martian Sherg.**0.623 Gram,Evolved Pyroxene-phyric Basalt",78.75,2023-06-12,0.623,126.4,WorthPoint
nwa-martian-meteorite,"Meteorite**NWA 13031, Martian Shergottite**0.288 Gram Part-slice, VERY UNIQUE!!!",37.0,2023-06-12,0.288,128.47,WorthPoint
nwa-martian-meteorite,"Meteorite**NWA 15910, Martian Sherg.**2.320 Gram,Evolved Pyroxene-phyric Basalt",122.5,2023-06-12,2.32,52.8,WorthPoint
nwa-martian-meteorite,"Meteorite**Bir Moghrein 002, Martian Nakhlite**1.270 Grams, New Rare Martian!!!!",245.83,2023-06-12,1.27,193.57,WorthPoint
nwa-martian-meteorite,"Meteorite**NWA 13187, Martian Shergottite(diabasic)**2.672 Grams, PLANET MARS!!",127.5,2023-06-12,2.672,47.72,WorthPoint
nwa-martian-meteorite,.053 Grams NWA 13187 Martian Shergottite Meteorite Fragments - Mars + COA,8.99,2023-06-11,53.0,0.17,WorthPoint
nwa-martian-meteorite,.439 Grams 8x7x5mm Rare Small Individual Martian Shergottite Mars Meteorite COA,51.0,2023-06-05,439.0,0.12,WorthPoint
nwa-martian-meteorite,.306 Grams 10x6x3mm Rare Small Individual Martian Shergottite Mars Meteorite COA,30.99,2023-06-05,306.0,0.1,WorthPoint
nwa-martian-meteorite,.346 Grams 9x6x5mm Rare Small Individual Martian Shergottite Mars Meteorite COA,34.99,2023-06-05,346.0,0.1,WorthPoint
nwa-martian-meteorite,.380 Grams 9x6x5mm Rare Small Individual Martian Shergottite Mars Meteorite COA,37.99,2023-06-02,380.0,0.1,WorthPoint
nwa-martian-meteorite,"Meteorite**NWA 13366, Martian Peridotitic Sherg.**1.272 Gram Gorgeous Slice!!!",399.99,2023-06-02,1.272,314.46,WorthPoint
nwa-martian-meteorite,NWA 12269 Martian Meteorite Pendant,625.0,2023-06-01,,,WorthPoint
nwa-martian-meteorite,.384 Grams 12x6x3mm Rare Small Individual Martian Shergottite Mars Meteorite COA,49.99,2023-06-01,384.0,0.13,WorthPoint
nwa-martian-meteorite,.055 Gram 7x4x1mm Slice NWA 7397 MARTIAN SHERGOTTITE Mars Meteorite With A COA,29.99,2023-06-01,55.0,0.55,WorthPoint
nwa-martian-meteorite,1.86 Gram - NWA 12241 Martian Meteorite (shergottite) Slice - 2018 Find,302.25,2023-05-31,1.86,162.5,WorthPoint
nwa-martian-meteorite,.311 Grams 7x6x4mm Rare Small Individual Martian Shergottite Mars Meteorite COA,31.99,2023-05-30,311.0,0.1,WorthPoint
nwa-martian-meteorite,.295 Grams 7x5x4mm Rare Small Individual Martian Shergottite Mars Meteorite COA,31.0,2023-05-29,295.0,0.11,WorthPoint
nwa-martian-meteorite,"Mars Nwa 6963 Meteorite + Nwa 8738 ""heart Shaped"" Meteorite (2 Meteorites)",19.95,2023-05-29,,,WorthPoint
nwa-martian-meteorite,"Meteorite**NWA 13187, Martian Shergottite(diabasic)**1.883 Grams, PLANET MARS!!",89.0,2023-05-29,1.883,47.27,WorthPoint
nwa-martian-meteorite,.349 Grams 7x6x4mm Rare Small Individual Martian Shergottite Mars Meteorite COA,34.99,2023-05-24,349.0,0.1,WorthPoint
nwa-martian-meteorite,"Meteorite**NWA 15910, Martian Sherg.**6.689 Gram,Evolved Pyroxene-phyric Basalt",899.99,2023-05-23,6.689,134.55,WorthPoint
nwa-martian-meteorite,NWA 15364 Achondrite Martian Nakhlite Meteorite - 15364-0013 - NEWLY OFFICIAL,189.95,2023-05-22,,,WorthPoint
nwa-martian-meteorite,.065 Grams 5x3x2mm Fragment Of NWA 1068 MARTIAN SHERGOTTITE METEORITE From Mars,13.99,2023-05-22,65.0,0.22,WorthPoint
nwa-martian-meteorite,"Meteorite**Bir Moghrein 002, Martian Nakhlite**1.149 Grams, New Rare Martian!!!!",306.0,2023-05-22,1.149,266.32,WorthPoint
nwa-martian-meteorite,"Meteorite**NWA 14714 Martian Shergottite**8.017 Gram Slice, PLANET MARS!!!",376.0,2023-05-22,8.017,46.9,WorthPoint
nwa-martian-meteorite,3 MARS ROCK DISPLAY -33mg MARTIAN METEORITE -MUSEUM EDITION -Jumbo Display+Easel,33.95,2023-05-22,,,WorthPoint
nwa-martian-meteorite,.389 Gram Martian And 1.061 Gram NWA 15373 Listing Is Only For User Rich_dunlap,79.99,2023-05-21,389.0,0.21,WorthPoint
nwa-martian-meteorite,0.42 Grams - NWA 12241 Martian - Meteorite (shergottite) - Specimen,61.75,2023-05-21,0.42,147.02,WorthPoint
nwa-martian-meteorite,Meteorite NWA 6963 Achondrite Martian Shergottite - G201-0511 - Micro - Fragment,9.95,2023-05-19,,,WorthPoint
nwa-martian-meteorite,.122 Grams 6x3x3mm Rare Small Individual Martian Shergottite Mars Meteorite COA,13.5,2023-05-17,122.0,0.11,WorthPoint
nwa-martian-meteorite,.200 Grams 6x5x3mm Rare Small Individual Martian Shergottite Mars Meteorite COA,19.99,2023-05-17,200.0,0.1,WorthPoint
nwa-martian-meteorite,"Meteorite**NWA 13187, Martian Shergottite(diabasic)**1.572 Grams, PLANET MARS!!",104.0,2023-05-16,1.572,66.16,WorthPoint
nwa-martian-meteorite,0.72 Gram - NWA 12241 - Martian Meteorite (shergottite) Slice - 2018 Find,140.4,2023-05-16,0.72,195.0,WorthPoint
nwa-martian-meteorite,.176 Grams 6x5x3mm Rare Small Individual Martian Shergottite Mars Meteorite COA,18.99,2023-05-16,176.0,0.11,WorthPoint
nwa-martian-meteorite,.163 Grams 6x6x3mm Rare Small Individual Martian Shergottite Mars Meteorite COA,18.99,2023-05-15,163.0,0.12,WorthPoint
nwa-martian-meteorite,.158 Grams 7x5x3mm Rare Small Individual Martian Shergottite Mars Meteorite COA,16.99,2023-05-15,158.0,0.11,WorthPoint
nwa-martian-meteorite,.051 Grams 6x3x2mm Rare Small Individual Martian Shergottite Mars Meteorite COA,7.5,2023-05-15,51.0,0.15,WorthPoint
nwa-martian-meteorite,NWA 15364 Achondrite Martian Nakhlite Meteorite - 15364-0048 - NEWLY OFFICIAL,5.0,2023-05-15,,,WorthPoint
nwa-martian-meteorite,0.15 Grams - NWA 12241 Martian - Meteorite (shergottite) - Specimen,33.5,2023-05-13,0.15,223.33,WorthPoint
nwa-martian-meteorite,NWA 12269 Martian Shergottite Meteorite Lot 3.83g Total,190.5,2023-05-12,3.83,49.74,WorthPoint
nwa-martian-meteorite,.121 Grams 6x4x3mm Rare Small Individual Martian Shergottite Mars Meteorite COA,13.99,2023-05-12,121.0,0.12,WorthPoint
nwa-martian-meteorite,.067 Grams 6x3x2mm Rare Small Individual Martian Shergottite Mars Meteorite COA,6.99,2023-05-12,67.0,0.1,WorthPoint
nwa-martian-meteorite,.309 Grams 10x7x3mm Rare Small Individual Martian Shergottite Mars Meteorite COA,34.99,2023-05-12,309.0,0.11,WorthPoint
nwa-martian-meteorite,2.63 Gram - NWA 12241 Martian - Meteorite (shergottite) Cutting Dust!,177.55,2023-05-11,2.63,67.51,WorthPoint
nwa-martian-meteorite,2.90 Gram - NWA 12241 Martian Meteorite (shergottite) Cutting Dust!,201.0,2023-05-11,2.9,69.31,WorthPoint
nwa-martian-meteorite,Martian Nakhlite - .35g Identified By Top Martian Expert Dr. Tony Irving/U Wash,50.0,2023-05-10,35.0,1.43,WorthPoint
nwa-martian-meteorite,.451 Grams 11x5x4mm Rare Small Individual Martian Shergottite Mars Meteorite COA,79.99,2023-05-09,451.0,0.18,WorthPoint
nwa-martian-meteorite,.122 Grams 6x4x3mm Rare Small Individual Martian Shergottite Mars Meteorite COA,13.99,2023-05-09,122.0,0.11,WorthPoint
nwa-martian-meteorite,.614 Grams 10x7x5mm Rare Small Individual Martian Shergottite Mars Meteorite COA,61.99,2023-05-09,614.0,0.1,WorthPoint
nwa-martian-meteorite,.366 Grams 8x6x4mm Rare Small Individual Martian Shergottite Mars Meteorite COA,39.99,2023-05-08,366.0,0.11,WorthPoint
nwa-martian-meteorite,NWA 6963 Achondrite Martian Shergottite Meteorite - G201-0401 - Fusion Crusted,164.95,2023-05-08,,,WorthPoint
nwa-martian-meteorite,"Meteorite**NWA 13187, Martian Shergottite(diabasic)**1.477 Grams, PLANET MARS!!",113.5,2023-05-08,1.477,76.84,WorthPoint
nwa-martian-meteorite,.106 Grams 5x4x3mm Rare Small Individual Martian Shergottite Mars Meteorite COA,9.99,2023-05-07,106.0,0.09,WorthPoint
nwa-martian-meteorite,.041 Grams 4x3x2mm Rare Small Individual Martian Shergottite Mars Meteorite COA,7.5,2023-05-07,41.0,0.18,WorthPoint
nwa-martian-meteorite,.054 Grams 3x2x2mm Rare Small Individual Martian Shergottite Mars Meteorite COA,6.5,2023-05-07,54.0,0.12,WorthPoint
nwa-martian-meteorite,3.77 Grams - NWA 12241 Martian - Meteorite (shergottite) Specimen,378.55,2023-05-07,3.77,100.41,WorthPoint
nwa-martian-meteorite,.274 Grams 8x7x2mm Rare Small Individual Martian Shergottite Mars Meteorite +COA,34.99,2023-05-04,274.0,0.13,WorthPoint
nwa-martian-meteorite,2.74 Grams - NWA 12241 Martian - Meteorite (shergottite) - Specimen,275.37,2023-05-02,2.74,100.5,WorthPoint
nwa-martian-meteorite,1.23 Grams - NWA 12241 Martian - Meteorite (shergottite) - Specimen,123.28,2023-05-02,1.23,100.23,WorthPoint
nwa-martian-meteorite,"NWA 15200 (0.174g) Meteorite NEWEST MARTIAN NAKHLITE, Small Patch Of Fresh Crust",120.0,2023-05-01,0.174,689.66,WorthPoint
nwa-martian-meteorite,0.40 Grams - NWA 12241 Martian - Meteorite (shergottite) - 3 Specimens,60.3,2023-04-26,0.4,150.75,WorthPoint
nwa-martian-meteorite,Martian Nakhlite - 1.01g Identified By Top Martian Expert Dr. Tony Irving/U Wash,125.0,2023-04-25,1.01,123.76,WorthPoint
nwa-martian-meteorite,.062 Grams 4x4x2mm NWA 4878 Martian Shergottite Meteorite Fragment From Mars COA,12.99,2023-04-25,62.0,0.21,WorthPoint
nwa-martian-meteorite,.036 Grams 4x3x2mm NWA 12594 Martian Shergottite Meteorite From Mars With A COA,9.99,2023-04-25,36.0,0.28,WorthPoint
nwa-martian-meteorite,.455 Grams 11x8x3mm - NWA 14607 Martian Shergottite Meteorite From Mars With COA,99.99,2023-04-24,455.0,0.22,WorthPoint
nwa-martian-meteorite,0.38 Grams - NWA 12241 Martian - Meteorite (shergottite) - Specimen,85.0,2023-04-24,0.38,223.68,WorthPoint
nwa-martian-meteorite,"Meteorite**NWA 8159, Martian Augite Basalt**0.016 Gram Fragments,RAREST MARTIAN!",335.0,2023-04-24,0.016,20937.5,WorthPoint
nwa-martian-meteorite,"Meteorite**NWA 10645 Pair, Martian Nakhlite**1.134 Grams, Ultra Rare Martian!!!",355.0,2023-04-24,1.134,313.05,WorthPoint
nwa-martian-meteorite,"Meteorite**NWA 13187, Martian Shergottite(diabasic)**4.303 Grams, PLANET MARS!!",222.5,2023-04-24,4.303,51.71,WorthPoint
nwa-martian-meteorite,0.35 Grams - NWA 12241 Martian - Meteorite (shergottite) - Specimen,53.6,2023-04-21,0.35,153.14,WorthPoint
nwa-martian-meteorite,.138 Grams 7x4x3mm - NWA 14607 Martian Shergottite Meteorite From Mars With COA,27.99,2023-04-18,138.0,0.2,WorthPoint
nwa-martian-meteorite,"Meteorite**NWA 14714 Martian Shergottite**1.666 Gram Slice, PLANET MARS!",105.0,2023-04-17,1.666,63.03,WorthPoint
nwa-martian-meteorite,"Meteorite**NWA 13187, Martian Shergottite(diabasic)**2.150 Grams, PLANET MARS!!",137.5,2023-04-17,2.15,63.95,WorthPoint
nwa-martian-meteorite,NWA 14714 Martian 0.41g Shergottite Slice From Planet Mars,51.0,2023-04-15,0.41,124.39,WorthPoint
nwa-martian-meteorite,.134 Grams 7x5x3mm - NWA 12564 Martian Shergottite Meteorite From Mars With COA,17.99,2023-04-14,134.0,0.13,WorthPoint
nwa-martian-meteorite,.178 Grams 14x6x2mm NWA 13187 Martian Shergottite Meteorite Fragment Mars + COA,24.99,2023-04-12,178.0,0.14,WorthPoint
nwa-martian-meteorite,"Meteorite**NWA 13187, Martian Shergottite(diabasic)**31.196 Grams, PLANET MARS!!",2999.99,2023-04-10,31.196,96.17,WorthPoint
nwa-martian-meteorite,NWA 15200 (0.523g) Crusted Meteorite NEWEST MARTIAN NAKHLITE IMCA #s 6236 & 7294,365.0,2023-04-10,0.523,697.9,WorthPoint
nwa-martian-meteorite,NWA 15364 Achondrite Martian Nakhlite Meteorite - 15364-0011 - NEWLY OFFICIAL,614.95,2023-04-10,,,WorthPoint
nwa-martian-meteorite,0.20g NAKHLITE Martian Meteorite NWA 13669 - TOP METEORITE,242.0,2023-04-10,0.2,1210.0,WorthPoint
nwa-martian-meteorite,Meteorite: Martian Shergottite NWA13276 Whole Individual 0.99 Grams #504,247.5,2023-04-10,0.99,250.0,WorthPoint
nwa-martian-meteorite,End Cut .717 Grams 19x10x2mm NWA 13187 Martian Shergottite Meteorite Mars + COA,109.99,2023-04-09,717.0,0.15,WorthPoint
nwa-martian-meteorite,0.50 Gram - NWA 12241 - Martian Meteorite (shergottite) Slice - 2018 Find,105.0,2023-04-08,0.5,210.0,WorthPoint
nwa-martian-meteorite,.180 Grams 7x5x3mm - NWA 12564 Martian Shergottite Meteorite From Mars With COA,37.99,2023-04-07,180.0,0.21,WorthPoint
nwa-martian-meteorite,NWA 13885 Martian MeteoriteThin Section,125.0,2023-04-07,,,WorthPoint
nwa-martian-meteorite,NWA 12269 Martian Meteorite Slice,687.5,2023-04-06,,,WorthPoint
nwa-martian-meteorite,NWA 12564 Martian Meteorite Slice,1625.0,2023-04-06,,,WorthPoint
nwa-martian-meteorite,.894 Grams 20x17x2mm NWA 13187 Martian Shergottite Meteorite Mars Slice With COA,119.99,2023-04-06,894.0,0.13,WorthPoint
nwa-martian-meteorite,Museum Quality! Magnificent Nwa 12269 Martian Shergottite Meteorite! .835 Gms,111.75,2023-04-06,835.0,0.13,WorthPoint
nwa-martian-meteorite,NWA 14714 Martian 0.26g Shergottite Slice From Planet Mars,46.0,2023-04-05,0.26,176.92,WorthPoint
nwa-martian-meteorite,0.156g NAKHLITE Martian Meteorite NWA 13669 - TOP METEORITE,175.0,2023-04-03,0.156,1121.79,WorthPoint
nwa-martian-meteorite,NWA 13474 Martian Meteorite Split Pair,7500.0,2023-03-31,,,WorthPoint
nwa-martian-meteorite,.328 Grams 17x10x2mm NWA 13187 Martian Shergottite Meteorite Fragment Mars + COA,54.99,2023-03-31,328.0,0.17,WorthPoint
nwa-martian-meteorite,8.31 Gram - NWA 13669 MARTIAN NAKHLITE METEORITE - 2020 Find In Africa,1750.0,2023-03-28,8.31,210.59,WorthPoint
nwa-martian-meteorite,NWA 6963 Achondrite Martian Shergottite Meteorite - G201-006 - 12.19g FULL SLICE,2999.95,2023-03-28,12.19,246.1,WorthPoint
nwa-martian-meteorite,NWA 14714 Basaltic Shergottite 16.5g Martian Meteorite,1190.0,2023-03-28,16.5,72.12,WorthPoint
nwa-martian-meteorite,.282 Grams 10x7x3mm - NWA 12564 Martian Shergottite Meteorite From Mars With COA,59.99,2023-03-27,282.0,0.21,WorthPoint
nwa-martian-meteorite,.219 Grams 10x6x2mm NWA 13187 Martian Shergottite Meteorite Fragment Mars + COA,39.99,2023-03-27,219.0,0.18,WorthPoint
nwa-martian-meteorite,0.50 Gram - NWA 7397 Meteorite -Martian Shergottite - Thin Slice - 2012 Find,157.5,2023-03-25,0.5,315.0,WorthPoint
nwa-martian-meteorite,Meteorite NWA 12269 Achondrite Martian Shergottite - 12269-0253 - Rare Micro Lot,6.5,2023-03-24,,,WorthPoint
nwa-martian-meteorite,"Meteorite**NWA 13187, Martian Shergottite(diabasic)**4.877 Grams, PLANET MARS!!",359.99,2023-03-23,4.877,73.81,WorthPoint
nwa-martian-meteorite,NWA 1110 Martian Shergottite Meteorite .11 Gram Mars Rock,29.0,2023-03-23,11.0,2.64,WorthPoint
nwa-martian-meteorite,Martian Nakhlite - .51g Identified By Top Martian Expert Dr. Tony Irving/U Wash,85.0,2023-03-22,51.0,1.67,WorthPoint
nwa-martian-meteorite,RARE MARS ROCK! 4.97 Gr SLICE NWA 7755 MARTIAN LEHRZOLITIC SHERGOTTITE METEORITE,1000.0,2023-03-21,4.97,201.21,WorthPoint
nwa-martian-meteorite,Geat Deal! End Cut! Magnificent Nwa 7397 Martian Shergottite Meteorite! .518 Gms,66.75,2023-03-20,518.0,0.13,WorthPoint
nwa-martian-meteorite,"Meteorite**NWA 13187, Martian Shergottite(diabasic)**5.190 Grams, PLANET MARS!!",305.0,2023-03-20,5.19,58.77,WorthPoint
nwa-martian-meteorite,"Meteorite**NWA 13187, Martian Shergottite(diabasic)**2.727 Grams, PLANET MARS!!",207.5,2023-03-20,2.727,76.09,WorthPoint
nwa-martian-meteorite,NWA 14713 Mars 0.66g SALE! Martian Lherzolitic Shergottite Meteorite,99.0,2023-03-18,0.66,150.0,WorthPoint
nwa-martian-meteorite,.096 Grams Fragments NWA 6963 Martian Shergottite Meteorite From Mars With COA,18.99,2023-03-16,96.0,0.2,WorthPoint
nwa-martian-meteorite,0.65 Gram - NWA 12241 Martian Meteorite (shergottite) SMALL FRAGMENT,97.5,2023-03-15,0.65,150.0,WorthPoint
nwa-martian-meteorite,1.27 Grams 22x19x2mm NWA 13187 Martian Shergottite Meteorite Mars Slice With COA,159.99,2023-03-15,1.27,125.98,WorthPoint
nwa-martian-meteorite,.096 Grams 7x6x2mm NWA 13187 Martian Shergottite Meteorite Cut Fragment Mars+COA,14.99,2023-03-13,96.0,0.16,WorthPoint
nwa-martian-meteorite,0.33 Gram - NWA 14714 Martian Meteorite Thin Slice - Shergottite - 2021 Find,75.0,2023-03-11,0.33,227.27,WorthPoint
nwa-martian-meteorite,"Meteorite**NWA 14714 Martian Shergottite**1.930 Gram Slice, PLANET MARS!",158.5,2023-03-11,1.93,82.12,WorthPoint
nwa-martian-meteorite,Martian Nakhlite - .25g Identified By Top Martian Expert Dr. Tony Irving/U Wash,50.0,2023-03-11,25.0,2.0,WorthPoint
nwa-martian-meteorite,NWA 14714 Martian 0.80g Shergottite Slice From Planet Mars,129.0,2023-03-11,0.8,161.25,WorthPoint
nwa-martian-meteorite,"Meteorite**NWA 13276, Martian Poikilitic Sherg.**2.752 Gram Gorgeous Endcut!!!",559.99,2023-03-10,2.752,203.48,WorthPoint
nwa-martian-meteorite,Martian Nakhlite - 1.02g Identified By Top Martian Expert Dr. Tony Irving/U Wash,150.0,2023-03-09,1.02,147.06,WorthPoint
nwa-martian-meteorite,100% Fresh Crusted .648 Grams 11x8x6mm NWA 12594 Martian Shergottite Meteorite,339.0,2023-03-09,648.0,0.52,WorthPoint
nwa-martian-meteorite,.322 Grams 9x6x3mm - NWA 14607 Martian Shergottite Meteorite From Mars With COA,79.99,2023-03-09,322.0,0.25,WorthPoint
nwa-martian-meteorite,.337 Grams NWA 13227 Martian 8x6x2mm METEORITE Shergottite Mars - With COA,64.99,2023-03-09,337.0,0.19,WorthPoint
nwa-martian-meteorite,.212 Grams 9x7x2mm NWA 13187 Martian Shergottite Meteorite Fragment Mars + COA,29.99,2023-03-07,212.0,0.14,WorthPoint
nwa-martian-meteorite,.157 Grams 7x5x3mm Fragment Of NWA 1068 MARTIAN SHERGOTTITE METEORITE From Mars,39.99,2023-03-07,157.0,0.25,WorthPoint
nwa-martian-meteorite,.088 Grams 10x4x2mm NWA 13187 Martian Shergottite Meteorite Fragment Mars + COA,14.99,2023-03-06,88.0,0.17,WorthPoint
nwa-martian-meteorite,NWA 15200 (0.159g) Meteorite NEWEST MARTIAN NAKHLITE Fresh Fusion Crust A+ IMCA,119.0,2023-03-06,0.159,748.43,WorthPoint
nwa-martian-meteorite,NWA 15364 Achondrite Martian Nakhlite Meteorite - 15364-0030 - NEWLY OFFICIAL,9.5,2023-03-05,,,WorthPoint
nwa-martian-meteorite,Meteorite NWA 6963 Achondrite Martian Shergottite - G201-0505 - Micro - Fragment,7.16,2023-03-05,,,WorthPoint
nwa-martian-meteorite,.399 Grams 13x5x2mm NWA 13187 Martian Shergottite Meteorite Fragment- Mars + COA,59.0,2023-03-05,399.0,0.15,WorthPoint
nwa-martian-meteorite,0.52 Gram - NWA 12241 Martian Meteorite (shergottite) Cutting Dust,60.0,2023-03-03,0.52,115.38,WorthPoint
nwa-martian-meteorite,3.80 Gram - NWA 12269 Martian Meteorite Thin Slice - Shergottite - 2018 Find,500.0,2023-03-01,3.8,131.58,WorthPoint
nwa-martian-meteorite,.176 Grams 6x4x3mm Wide - NWA 6963 Martian Shergottite Meteorite Mars With COA,54.99,2023-02-28,176.0,0.31,WorthPoint
nwa-martian-meteorite,NWA 15364 Achondrite Martian Nakhlite Meteorite - 15364-0028 - NEWLY OFFICIAL,11.57,2023-02-27,,,WorthPoint
nwa-martian-meteorite,"2011, NWA 6963 Martian (shergottite) Meteorite, Northwest Africa, .13 Grams",39.5,2023-02-26,13.0,3.04,WorthPoint
nwa-martian-meteorite,Mars Rock - Nakhlite Martian Meteorite NWA 998 Authentic,26.0,2023-02-25,,,WorthPoint
nwa-martian-meteorite,NWA 15364 Achondrite Martian Nakhlite Meteorite - 15364-0027 - NEWLY OFFICIAL,5.5,2023-02-25,,,WorthPoint
nwa-martian-meteorite,Authentic Mars Rock - Nakhlite Martian Meteorite NWA 998,26.0,2023-02-24,,,WorthPoint
nwa-martian-meteorite,1 Gram 17x13x2mm NWA 13187 Martian Shergottite Meteorite Fragment- Mars With COA,139.99,2023-02-24,1.0,139.99,WorthPoint
nwa-martian-meteorite,0.63 Gram - NWA 12241 Martian Meteorite (shergottite) SMALL FRAGMENT,100.0,2023-02-23,0.63,158.73,WorthPoint
nwa-martian-meteorite,.237 Grams NWA 13227 Martian 7x6x2mm METEORITE Shergottite Mars - With COA,48.99,2023-02-23,237.0,0.21,WorthPoint
nwa-martian-meteorite,.071 Grams NWA 12594 Martian Shergottite Meteorite From Mars Fragments With COA,13.99,2023-02-22,71.0,0.2,WorthPoint
nwa-martian-meteorite,MUSEUM EDITION -3 MARS ROCK DISPLAY -33mg MARTIAN METEORITE-Jumbo Display+Easel,33.95,2023-02-22,,,WorthPoint
nwa-martian-meteorite,.169 Grams 12x4x2mm NWA 13187 Martian Shergottite Meteorite Fragment- Mars + COA,24.99,2023-02-20,169.0,0.15,WorthPoint
nwa-martian-meteorite,"Meteorite**NWA 2737, MARTIAN CHASSIGINITE**0.071 Grams Frag Lot, EXTREMELY RARE",51.0,2023-02-20,0.071,718.31,WorthPoint
nwa-martian-meteorite,"Meteorite**NWA 14714 Martian Shergottite**0.998 Gram Slice, PLANET MARS!",107.28,2023-02-20,0.998,107.49,WorthPoint
nwa-martian-meteorite,.330 Grams NWA 13227 Martian 10x7x2mm METEORITE Shergottite Mars - With COA,64.99,2023-02-19,330.0,0.2,WorthPoint
nwa-martian-meteorite,NWA 6963 Achondrite Martian Shergottite Meteorite - G201-0376 - Fusion Crusted,161.95,2023-02-18,,,WorthPoint
nwa-martian-meteorite,1.97 Gram - NWA 7397 Meteorite -Martian Shergottite - End Cut - 2012 Find,140.0,2023-02-17,1.97,71.07,WorthPoint
nwa-martian-meteorite,NWA 15364 Achondrite Martian Nakhlite Meteorite - 15364-0025 - NEWLY OFFICIAL,10.5,2023-02-16,,,WorthPoint
nwa-martian-meteorite,.047 Gram 6x4x1mm Slice NWA 7397 MARTIAN SHERGOTTITE Mars Meteorite With A COA,24.99,2023-02-14,47.0,0.53,WorthPoint
nwa-martian-meteorite,1.20 Gram - NWA 7397 Meteorite -Martian Shergottite - Slice - 2012 Find,150.0,2023-02-11,1.2,125.0,WorthPoint
nwa-martian-meteorite,0.80 Gram - NWA 7397 Meteorite -Martian Shergottite - Slice - 2012 Find,120.0,2023-02-11,0.8,150.0,WorthPoint
nwa-martian-meteorite,NWA 6963 .41g Martian Shergottite Chip Of A Meteorite From The Planet Mars,44.0,2023-02-11,41.0,1.07,WorthPoint
nwa-martian-meteorite,2.41 Gram - NWA 12241 Martian Meteorite (shergottite) SMALL FRAGMENT,245.0,2023-02-10,2.41,101.66,WorthPoint
nwa-martian-meteorite,"NWA 7034 (paired) Meteorite Martian ""Black Beauty"" - 0.618 Grams",1700.0,2023-02-09,0.618,2750.81,WorthPoint
nwa-martian-meteorite,0.117g NAKHLITE Martian Meteorite NWA 13669 - TOP METEORITE,135.0,2023-02-09,0.117,1153.85,WorthPoint
nwa-martian-meteorite,0.66 Gram - NWA 7397 Meteorite -Martian Shergottite - Slice - 2012 Find,70.0,2023-02-08,0.66,106.06,WorthPoint
nwa-martian-meteorite,1.11 Gram - NWA 7397 Meteorite -Martian Shergottite - Slice - 2012 Find,94.5,2023-02-08,1.11,85.14,WorthPoint
nwa-martian-meteorite,.224 Grams 10x6x2mm NWA 13187 Martian Shergottite Meteorite Fragment- Mars + COA,41.99,2023-02-05,224.0,0.19,WorthPoint
nwa-martian-meteorite,NWA 14714 Martian 0.35g Shergottite Slice From Planet Mars,27.7,2023-02-04,0.35,79.14,WorthPoint
nwa-martian-meteorite,.217 Grams NWA 1110 Martian Shergottite Meteorite From Mars Fragments With A COA,49.99,2023-02-04,217.0,0.23,WorthPoint
nwa-martian-meteorite,.073 Grams NWA 12594 Martian Shergottite Meteorite From Mars Fragments With COA,14.99,2023-02-04,73.0,0.21,WorthPoint
nwa-martian-meteorite,.041 Grams 3x3x2mm NWA 1110 Martian Shergottite Meteorite From Mars Fragment COA,14.99,2023-02-04,41.0,0.37,WorthPoint
nwa-martian-meteorite,NWA 2737 Achondrite Martian Chassignite Meteorite - 2737-0030 - Micro - 1 Of 3,200.0,2023-02-01,,,WorthPoint
nwa-martian-meteorite,.082 Grams 5x4x3mm NWA 13237 Martian METEORITE Shergottite Mars - TKW 36.5 Grams,19.99,2023-01-31,82.0,0.24,WorthPoint
nwa-martian-meteorite,1.50 Gram - NWA 7397 Meteorite -Martian Shergottite - Thin Slice - 2012 Find,299.0,2023-01-30,1.5,199.33,WorthPoint
nwa-martian-meteorite,NWA 12269 Martian Shergottite 0.53g Chip Of A Meteorite From The Planet Mars!,111.0,2023-01-29,0.53,209.43,WorthPoint
nwa-martian-meteorite,.320 Grams 10x8x2mm NWA 13187 Martian Shergottite Meteorite Fragment- Mars + COA,39.99,2023-01-24,320.0,0.12,WorthPoint
nwa-martian-meteorite,0.88 Gram - NWA 12241 Martian Meteorite (shergottite) SMALL FRAGMENT,119.0,2023-01-24,0.88,135.23,WorthPoint
nwa-martian-meteorite,Geat Deal! Magnificent Nwa 7397 Martian Shergottite Meteorite! 2.376 Gms,251.25,2023-01-23,2.376,105.74,WorthPoint
nwa-martian-meteorite,RARE MARS ROCK! 0.09 Gr PIECE NWA 7755 MARTIAN LEHRZOLITIC SHERGOTTITE METEORITE,25.0,2023-01-23,0.09,277.78,WorthPoint
nwa-martian-meteorite,.128 Grams NWA 1110 Martian Shergottite Meteorite From Mars Fragments With A COA,30.0,2023-01-23,128.0,0.23,WorthPoint
nwa-martian-meteorite,NWA 15364 Achondrite Martian Nakhlite Meteorite - 15364-0012 - NEWLY OFFICIAL,499.95,2023-01-22,,,WorthPoint
nwa-martian-meteorite,NWA 998 - Martian Nakhlite -- EXTREMELY RARE & Scientifically Important -- 0.33g,250.0,2023-01-21,0.33,757.58,WorthPoint
nwa-martian-meteorite,1.95 Gram - NWA 7397 Meteorite -Martian Shergottite - Slice - 2012 Find,175.0,2023-01-21,1.95,89.74,WorthPoint
nwa-martian-meteorite,4.00 Gram - NWA 7397 Meteorite -Martian Shergottite - Slice - 2012 Find,315.0,2023-01-19,4.0,78.75,WorthPoint
nwa-martian-meteorite,2.67 Gram - NWA 7397 Meteorite -Martian Shergottite - Slice - 2012 Find,210.0,2023-01-19,2.67,78.65,WorthPoint
nwa-martian-meteorite,1.90 Gram - NWA 7397 Meteorite -Martian Shergottite - Thin Slice - 2012 Find,265.3,2023-01-19,1.9,139.63,WorthPoint
nwa-martian-meteorite,2.38 Gram - NWA 7397 Meteorite Shergottite - Cutting Dust - 2012 Find,209.3,2023-01-19,2.38,87.94,WorthPoint
nwa-martian-meteorite,2.75 Gram - NWA 7397 Meteorite -Martian Shergottite - Cutting Dust - 2012 Find,140.0,2023-01-19,2.75,50.91,WorthPoint
nwa-martian-meteorite,.164 Grams NWA 13187 Martian Shergottite Meteorite Fragments - Mars With A COA,14.99,2023-01-17,164.0,0.09,WorthPoint
nwa-martian-meteorite,"Meteorite**NWA 14714 Martian Shergottite**1.925 Gram Slice, PLANET MARS!",128.5,2023-01-16,1.925,66.75,WorthPoint
nwa-martian-meteorite,"Meteorite**NEW NWA Unc., Martian Nakhlite**1.181 Gram, Extremely Rare Martian!!!",316.11,2023-01-16,1.181,267.66,WorthPoint
nwa-martian-meteorite,0.44 Gram - NWA 7397 Meteorite -Martian Shergottite - Thin Slice - 2012 Find,83.3,2023-01-15,0.44,189.32,WorthPoint
nwa-martian-meteorite,.039 Grams 4x3x2mm Wide - NWA 6963 Martian Shergottite Meteorite Mars With COA,15.99,2023-01-14,39.0,0.41,WorthPoint
nwa-martian-meteorite,"Meteorite**NWA 2737, MARTIAN CHASSIGINITE**0.362 Grams Slice, THE MOST RARE!!!!!",1399.99,2023-01-12,0.362,3867.38,WorthPoint
nwa-martian-meteorite,Meteorite**NWA 14899; Martian Olivine Gabbroic Sherg.**6.298 Gram;GOLDEN MARTIAN,1399.99,2023-01-12,6.298,222.29,WorthPoint
nwa-martian-meteorite,"Meteorite**NWA 2737, MARTIAN CHASSIGINITE**0.217 Grams Slice, THE MOST RARE!!!!!",999.99,2023-01-09,0.217,4608.25,WorthPoint
nwa-martian-meteorite,.736 Grams 12x10x2mm NWA 13187 Martian Shergottite Meteorite Slice Of Mars + COA,129.0,2023-01-08,736.0,0.18,WorthPoint
nwa-martian-meteorite,.012 Grams Micro Fragments NWA 6963 Martian Shergottite Meteorite Mars With COA,8.99,2023-01-07,12.0,0.75,WorthPoint
nwa-martian-meteorite,Meteorite NWA 6963 Achondrite Martian Shergottite - G201-0492 - Micro - Fragment,7.3,2023-01-07,,,WorthPoint
nwa-martian-meteorite,NWA 14714 Martian 2.18g Shergottite Slice From Planet Mars,273.0,2023-01-07,2.18,125.23,WorthPoint
nwa-martian-meteorite,NWA 15200 (0.173g) Meteorite NEWEST MARTIAN NAKHLITE Fresh Fusion Crust A+ IMCA,130.0,2023-01-02,0.173,751.45,WorthPoint
nwa-martian-meteorite,"Meteorite**NWA 14607 Martian Shergottite**1.531 Grams, PLANET MARS!! LAST SLICE!",213.0,2023-01-02,1.531,139.12,WorthPoint
nwa-martian-meteorite,"Meteorite**NEW NWA Unc., Martian Nakhlite**1.756 Gram, Extremely Rare Martian!!!",414.61,2023-01-02,1.756,236.11,WorthPoint
nwa-martian-meteorite,"Meteorite**NWA 14714 Martian Shergottite**3.331 Gram Slice, PLANET MARS!",599.99,2023-01-02,3.331,180.12,WorthPoint
nwa-martian-meteorite,.155 Grams 5x4x4mm NWA 13237 Martian METEORITE Shergottite Mars Low TKW 35.5gram,59.0,2023-01-01,155.0,0.38,WorthPoint
nwa-martian-meteorite,2.46 Gram - NWA 12241 Martian Meteorite (shergottite) - Small FRAGMENT,224.0,2022-12-31,2.46,91.06,WorthPoint
nwa-martian-meteorite,7.21 Gram - NWA 7397 Meteorite -Martian Shergottite - Wedge Cut - 2012 Find,595.0,2022-12-31,7.21,82.52,WorthPoint
nwa-martian-meteorite,.277 Grams 8x8x2mm NWA 13187 Martian Shergottite Meteorite Fragment Mars + COA,46.0,2022-12-31,277.0,0.17,WorthPoint
nwa-martian-meteorite,MARTIAN SHERGOTTITE - NWA 12269 MARS METEORITE W/COA - Found In Africa 2018,19.0,2022-12-29,,,WorthPoint
nwa-martian-meteorite,.246 Grams 11x7x2mm NWA 13187 Martian Shergottite Meteorite Slice Of Mars + COA,40.99,2022-12-28,246.0,0.17,WorthPoint
nwa-martian-meteorite,.132 Grams 5x4x2mm NWA 13237 Martian METEORITE Shergottite Mars - TKW 36.5 Grams,29.0,2022-12-28,132.0,0.22,WorthPoint
nwa-martian-meteorite,.117 Grams 4x4x3mm Fragment Of NWA 1068 MARTIAN SHERGOTTITE METEORITE From Mars,35.99,2022-12-28,117.0,0.31,WorthPoint
nwa-martian-meteorite,.081 Grams 6x4x3mm NWA 4878 Martian Shergottite Meteorite Fragment From Mars,31.99,2022-12-28,81.0,0.39,WorthPoint
nwa-martian-meteorite,.094 Grams 4x3x3mm NWA 12594 Martian Shergottite Meteorite From Mars With A COA,35.99,2022-12-28,94.0,0.38,WorthPoint
nwa-martian-meteorite,.127 Grams NWA 1110 Martian Shergottite Meteorite From Mars Fragments With A COA,29.99,2022-12-28,127.0,0.24,WorthPoint
nwa-martian-meteorite,Meteorite NWA 10441 Achondrite Martian Shergottite - G613-0097 - Micro - Rare,9.95,2022-12-28,,,WorthPoint
nwa-martian-meteorite,2.09 Gram - NWA 7397 Meteorite -Martian Shergottite - End Cut - 2012 Find,175.0,2022-12-28,2.09,83.73,WorthPoint
nwa-martian-meteorite,"Meteorite**NWA 8159, Martian Augite Basalt**0.146 Gram, RAREST METEORITE EVER!!!",532.0,2022-12-26,0.146,3643.84,WorthPoint
nwa-martian-meteorite,"Meteorite**NWA 14714 Martian Shergottite**0.865 Gram Frag. Slice, PLANET MARS!!!",149.99,2022-12-25,0.865,173.4,WorthPoint
nwa-martian-meteorite,.746 Grams 20x10x2mm NWA 13187 Martian Shergottite Meteorite Fragment- Mars +COA,129.99,2022-12-24,746.0,0.17,WorthPoint
nwa-martian-meteorite,NWA 14714 Martian 1.16g Shergottite Slice From Planet Mars,145.0,2022-12-24,1.16,125.0,WorthPoint
nwa-martian-meteorite,"Meteorite**NWA 14714 Martian Shergottite**2.765 Gram Slice, PLANET MARS!",213.5,2022-12-21,2.765,77.22,WorthPoint
nwa-martian-meteorite,2.28 Gram - NWA 7397 Meteorite -Martian Shergottite - End Cut - 2012 Find,210.0,2022-12-21,2.28,92.11,WorthPoint
nwa-martian-meteorite,2017 1 Oz Silver $1 Niue Solar System MARS Antiqued With Meteorite NWA 7397 Coin,269.95,2022-12-20,28.35,9.52,WorthPoint
nwa-martian-meteorite,"Meteorite**NEW NWA Unc., Martian Nakhlite**1.738 Gram, Extremely Rare Martian!!!",425.0,2022-12-19,1.738,244.53,WorthPoint
nwa-martian-meteorite,NWA 14714 Martian 1.03g Shergottite Slice From Planet Mars,129.0,2022-12-17,1.03,125.24,WorthPoint
nwa-martian-meteorite,Sample #1 - 2mm Wide - NWA 6963 Martian Shergottite Meteorite From Mars With COA,9.99,2022-12-17,,,WorthPoint
nwa-martian-meteorite,Mars Meteorite Framed Print + Martian Specimen NWA-7397 Piece Landed In Morocco,262.0,2022-12-16,,,WorthPoint
nwa-martian-meteorite,.0492 Gram 7x4x1mm Slice NWA 7397 MARTIAN SHERGOTTITE Mars Meteorite With A COA,27.99,2022-12-16,492.0,0.06,WorthPoint
nwa-martian-meteorite,"Meteorite**NWA 14714 Martian Shergottite**7.565 Gram Slice, PLANET MARS!",466.0,2022-12-12,7.565,61.6,WorthPoint
nwa-martian-meteorite,"Meteorite**NEW NWA Unc., Martian Nakhlite**2.065 Gram, Extremely Rare Martian!!!",523.0,2022-12-12,2.065,253.27,WorthPoint
nwa-martian-meteorite,"Meteorite**NWA 14607 Martian Shergottite**2.138 Grams, PLANET MARS!! LAST SLICE!",164.5,2022-12-12,2.138,76.94,WorthPoint
nwa-martian-meteorite,Meteorite: Martian Shergottite NWA 7397 Whole Individual 0.416 Grams #534,84.0,2022-12-11,0.416,201.92,WorthPoint
nwa-martian-meteorite,2.22 Gram - NWA 12241 Martian Meteorite (shergottite) SMALL FRAGMENT,196.0,2022-12-11,2.22,88.29,WorthPoint
nwa-martian-meteorite,Meteorite NWA 6963 Achondrite Martian Shergottite - G201-0483 - Micro - Fragment,20.5,2022-12-09,,,WorthPoint
nwa-martian-meteorite,.047 Grams 4x3x3mm Fragment Of NWA 1068 MARTIAN SHERGOTTITE METEORITE From Mars,13.99,2022-12-09,47.0,0.3,WorthPoint
nwa-martian-meteorite,.135 Grams 8x6x2mm NWA 13187 Martian Shergottite Meteorite Fragment- Mars + COA,26.99,2022-12-08,135.0,0.2,WorthPoint
nwa-martian-meteorite,1.87 Gram - NWA 7397 Meteorite -Martian Shergottite - Slice - 2012 Find,176.0,2022-12-08,1.87,94.12,WorthPoint
nwa-martian-meteorite,0.90 Gram - NWA 7397 Meteorite -Martian Shergottite - Slice - 2012 Find,100.0,2022-12-08,0.9,111.11,WorthPoint
nwa-martian-meteorite,0.33 Gram - NWA 12241 Martian Meteorite (shergottite) SMALL FRAGMENT,80.0,2022-12-07,0.33,242.42,WorthPoint
nwa-martian-meteorite,NWA 4468 MARTIAN Meteorite Mars Rock Fragment Small But Genuine With COA,24.0,2022-12-05,,,WorthPoint
nwa-martian-meteorite,.026 Grams 5x2x1mm Slice Fragment NWA 7397 MARTIAN SHERGOTTITE Mars Meteorite,23.99,2022-12-04,26.0,0.92,WorthPoint
nwa-martian-meteorite,"Nwa 6963 Martian Meteorite, Nwa 6963",7.5,2022-12-04,,,WorthPoint
nwa-martian-meteorite,NWA 14714 Martian 2.41g Shergottite Slice From Planet Mars,250.0,2022-12-03,2.41,103.73,WorthPoint
nwa-martian-meteorite,NWA 14714 Martian 0.55g Shergottite Slice From Planet Mars,65.0,2022-12-03,0.55,118.18,WorthPoint
nwa-martian-meteorite,1.79 Gram - NWA 7397 Meteorite -Martian Shergottite - Slice - 2012 Find,225.0,2022-12-02,1.79,125.7,WorthPoint
nwa-martian-meteorite,Shergotite Martian Meteorite Fragment Of NWA 1068.,297.5,2022-12-02,,,WorthPoint
nwa-martian-meteorite,.663 Grams 17x12x2mm NWA 13187 Martian Shergottite Meteorite Fragment- Mars +COA,109.99,2022-11-30,663.0,0.17,WorthPoint
nwa-martian-meteorite,0.30 Gram - NWA 12241 Martian Meteorite (shergottite) Actual Dust From Mars!,40.0,2022-11-28,0.3,133.33,WorthPoint
nwa-martian-meteorite,"Meteorite**NWA 14714 Martian Shergottite**22.661 Gram Slice, PLANET MARS!",1320.0,2022-11-28,22.661,58.25,WorthPoint
nwa-martian-meteorite,"Meteorite**NWA 8159, Martian Augite Basalt**0.272 Gram, RAREST METEORITE EVER!!!",815.0,2022-11-28,0.272,2996.32,WorthPoint
nwa-martian-meteorite,"Meteorite**NWA 2737, MARTIAN CHASSIGINITE**0.073 Grams Lot, ULTRA RARE MARTIAN!!",154.5,2022-11-28,0.073,2116.44,WorthPoint
nwa-martian-meteorite,1.47 Grams 25x13x2mm NWA 13187 Martian Shergottite Meteorite Slice- Mars + COA,199.99,2022-11-27,1.47,136.05,WorthPoint
nwa-martian-meteorite,NWA 7034 Black Beauty Martian Meteorite Rare Mars Rock MG Fragment RARE,100.0,2022-11-27,,,WorthPoint
nwa-martian-meteorite,.015 Grams 4x2x2mm Fragment Of NWA 1068 MARTIAN SHERGOTTITE METEORITE From Mars,6.99,2022-11-26,15.0,0.47,WorthPoint
nwa-martian-meteorite,.121 Grams 6x5x3mm - NWA 14607 Martian Shergottite Meteorite From Mars With COA,29.99,2022-11-25,121.0,0.25,WorthPoint
nwa-martian-meteorite,You Get All 1x .5x .5mm NWA 7397 MARTIAN SHERGOTTITE Mars Meteorites + COA #13,7.99,2022-11-25,,,WorthPoint
nwa-martian-meteorite,18.59 Gram - NWA 12241 Martian Meteorite (shergottite) LARGE FRAGMENT- 2018 Find,1480.0,2022-11-25,18.59,79.61,WorthPoint
nwa-martian-meteorite,#2 - Fragment 2x2x2mm NWA 12594 Martian Shergottite Meteorite In Glass Top Case,5.99,2022-11-21,,,WorthPoint
nwa-martian-meteorite,#3 - Fragment 2x2x2mm NWA 12594 Martian Shergottite Meteorite In Glass Top Case,6.99,2022-11-21,,,WorthPoint
nwa-martian-meteorite,#1 - Fragment 2x2x2mm NWA 12594 Martian Shergottite Meteorite In Glass Top Case,5.99,2022-11-21,,,WorthPoint
nwa-martian-meteorite,.161 Grams 6x5x3mm NWA 13237 Martian METEORITE Shergottite Mars - TKW 36.5 Grams,29.99,2022-11-21,161.0,0.19,WorthPoint
nwa-martian-meteorite,"Meteorite**NWA 14714 Martian Shergottite**28.892 Gram Endcut, PLANET MARS!",2150.55,2022-11-21,28.892,74.43,WorthPoint
nwa-martian-meteorite,"NWA 12241 Ultra-rare, Low-shock, Gravelly, Mars Shergottite Meteorite. 3.3g End",291.0,2022-11-21,3.3,88.18,WorthPoint
nwa-martian-meteorite,.454 Grams 9x8x4mm NWA 12594 Martian Shergottite Meteorite From Mars With A COA,149.99,2022-11-20,454.0,0.33,WorthPoint
nwa-martian-meteorite,0.08 Gram - NWA 7397 Meteorite -Martian Shergottite - Fragment - 2012 Find,20.0,2022-11-20,0.08,250.0,WorthPoint
nwa-martian-meteorite,3.25 Gram - NWA 12241 Martian Meteorite (shergottite) SMALL FRAGMENT W/crust,300.0,2022-11-20,3.25,92.31,WorthPoint
nwa-martian-meteorite,0.08 Gram - NWA 12241 Martian Meteorite (shergottite) Small Fragment,25.0,2022-11-19,0.08,312.5,WorthPoint
nwa-martian-meteorite,.097 Grams 5x5x3mm - NWA 12564 Martian Shergottite Meteorite From Mars With COA,24.99,2022-11-18,97.0,0.26,WorthPoint
nwa-martian-meteorite,"Meteorite**NWA 13276, Martian Poikilitic Sherg.**0.774 Gram Gorgeous Fragments!!",28.1,2022-11-18,0.774,36.3,WorthPoint
nwa-martian-meteorite,1.74 Gram - NWA 7397 Meteorite -Martian Shergottite - Wedge Cut - 2012 Find,225.0,2022-11-17,1.74,129.31,WorthPoint
nwa-martian-meteorite,11.4 Gram - NWA 12241 Martian Meteorite (shergottite) LARGE FRAGMENT W/crust,1200.0,2022-11-15,11.4,105.26,WorthPoint
nwa-martian-meteorite,NWA 14713 Mars 0.79g Slice Of Martian Lherzolitic Shergottite Meteorite,186.0,2022-11-15,0.79,235.44,WorthPoint
nwa-martian-meteorite,.210 Grams 8x6x3mm - NWA 12564 Martian Shergottite Meteorite From Mars With COA,43.99,2022-11-14,210.0,0.21,WorthPoint
nwa-martian-meteorite,.129 Grams 5x4x3mm NWA 1110 Martian Shergottite Meteorite From Mars Fragment COA,39.0,2022-11-14,129.0,0.3,WorthPoint
nwa-martian-meteorite,Authentic Mars Rock - Nakhlite Martian Meteorite NWA 998 WITH,19.5,2022-11-13,,,WorthPoint
nwa-martian-meteorite,.921 Grams NWA 13227 Martian 20x15x3mm METEORITE Shergottite Mars - With COA,189.99,2022-11-11,921.0,0.21,WorthPoint
nwa-martian-meteorite,.046 Grams 4mm NWA 13237 Martian METEORITE Shergottite Mars - TKW 36.5 Grams,9.99,2022-11-10,46.0,0.22,WorthPoint
nwa-martian-meteorite,.301 Grams 11x5x2mm NWA 13187 Martian Shergottite Meteorite Fragment Mars + COA,69.0,2022-11-09,301.0,0.23,WorthPoint
nwa-martian-meteorite,NWA 13440 Martian Meteorite,10000.0,2022-11-04,,,WorthPoint
nwa-martian-meteorite,NWA 12269 Martian Meteorite End Cut,4875.0,2022-11-04,,,WorthPoint
nwa-martian-meteorite,NWA 13366 Martian Meteorite Slice,1562.5,2022-11-04,,,WorthPoint
nwa-martian-meteorite,NWA 13669 Martian Meteorite,12500.0,2022-11-04,,,WorthPoint
nwa-martian-meteorite,.176 Grams 6x5x3mm NWA 13237 Martian METEORITE Shergottite Mars - TKW 36.5 Grams,49.99,2022-11-03,176.0,0.28,WorthPoint
nwa-martian-meteorite,.148 Grams 6x5x3mm - NWA 14607 Martian Shergottite Meteorite From Mars With COA,37.99,2022-11-03,148.0,0.26,WorthPoint
nwa-martian-meteorite,1.05 Gram - NWA 7397 Meteorite -Martian Shergottite - Thin Slice - 2012 Find,167.2,2022-11-01,1.05,159.24,WorthPoint
nwa-martian-meteorite,"Meteorite**NWA 13276, Martian Poikilitic Sherg.**1.108 Gram Gorgeous Fragments!!",107.5,2022-10-31,1.108,97.02,WorthPoint
nwa-martian-meteorite,"Meteorite**NWA 13187 Martian Diabasic Shergottite**1.786 Gram Slice,PLANET MARS!",178.0,2022-10-31,1.786,99.66,WorthPoint
nwa-martian-meteorite,.126 Grams 7x5x3mm - NWA 12564 Martian Shergottite Meteorite From Mars With COA,29.99,2022-10-30,126.0,0.24,WorthPoint
nwa-martian-meteorite,"Meteorite**NWA 2737, MARTIAN CHASSIGINITE**0.183 Grams Slice, THE MOST RARE!!!!!",305.0,2022-10-24,0.183,1666.67,WorthPoint
nwa-martian-meteorite,"Meteorite**NWA 14607 Martian Shergottite**1.220 Grams Fragment, PLANET MARS!!",140.48,2022-10-24,1.22,115.15,WorthPoint
nwa-martian-meteorite,Fragment .041 Grams 4x3x3mm NWA 12594 Martian Shergottite Meteorite,15.0,2022-10-23,41.0,0.37,WorthPoint
nwa-martian-meteorite,NWA 14713 Mars 0.72g Slice Of Martian Lherzolitic Shergottite Meteorite,130.0,2022-10-22,0.72,180.56,WorthPoint
nwa-martian-meteorite,"Meteorite**NWA 2737, MARTIAN CHASSIGINITE**0.031 Grams Frag Lot, THE MOST RARE!",149.99,2022-10-17,0.031,4838.39,WorthPoint
nwa-martian-meteorite,NWA 14713 Mars 1.11g Slice Of Martian Lherzolitic Shergottite Meteorite,199.0,2022-10-15,1.11,179.28,WorthPoint
nwa-martian-meteorite,Fragment .037 Grams 4x4x4mm NWA 12594 Martian Shergottite Meteorite,16.99,2022-10-11,37.0,0.46,WorthPoint
nwa-martian-meteorite,.060 Grams 4x3x3mm NWA 4878 Martian Shergottite Meteorite Fragment From Mars,29.0,2022-10-11,60.0,0.48,WorthPoint
nwa-martian-meteorite,0.48 Gram - NWA 7397 Meteorite -Martian Shergottite - Thin Slice - 2012 Find,79.2,2022-10-11,0.48,165.0,WorthPoint
nwa-martian-meteorite,14 Gram - NWA 12564 METEORITE - THIN SLICE - Martian (shergottite),2000.0,2022-10-11,14.0,142.86,WorthPoint
nwa-martian-meteorite,"NWA 12241 Ultra-rare, Low-shock, Mars Shergottite Meteorite. 5.58g Slice",475.0,2022-10-11,5.58,85.13,WorthPoint
nwa-martian-meteorite,.298 Grams 10x6x3mm NWA 13187 Martian Shergottite Meteorite Fragment- Mars + COA,57.0,2022-10-10,298.0,0.19,WorthPoint
nwa-martian-meteorite,.061 Grams NWA 4878 Martian Shergottite Meteorite 1mm Size Fragments From Mars,13.99,2022-10-09,61.0,0.23,WorthPoint
nwa-martian-meteorite,.161 Grams 8x5x3mm - NWA 14607 Martian Shergottite Meteorite From Mars With COA,30.99,2022-10-08,161.0,0.19,WorthPoint
nwa-martian-meteorite,3.36 Gram - NWA 12241 Martian Meteorite (shergottite) Actual Fragment From Mars!,300.0,2022-10-08,3.36,89.29,WorthPoint
nwa-martian-meteorite,RARE MARS ROCK! 5.119 Gr NWA 7755 MARTIAN LHERZOLITIC SHERGOTTITE METEORITE,800.0,2022-10-03,5.119,156.28,WorthPoint
nwa-martian-meteorite,.072 Grams 6x4x1mm Slice Fragment NWA 7397 MARTIAN SHERGOTTITE Mars Meteorite,54.0,2022-10-03,72.0,0.75,WorthPoint
nwa-martian-meteorite,.033 Grams 3x3x2mm Wide - NWA 6963 Martian Shergottite Meteorite Mars With COA,14.99,2022-09-29,33.0,0.45,WorthPoint
nwa-martian-meteorite,.052 Grams 4mm Wide - NWA 6963 Martian Shergottite Meteorite From Mars With COA,19.99,2022-09-29,52.0,0.38,WorthPoint
nwa-martian-meteorite,"Meteorite**NWA 14607 Martian Shergottite**1.443 Grams, PLANET MARS!! LAST SLICE!",299.99,2022-09-29,1.443,207.89,WorthPoint
nwa-martian-meteorite,"NWA 6963 Martian Shergottite, Shock Melted! 0.272 Grams",50.0,2022-09-27,0.272,183.82,WorthPoint
nwa-martian-meteorite,"Meteorite**NWA 14607 Martian Shergottite**0.538 Grams, PLANET MARS!! LAST SLICE!",82.77,2022-09-26,0.538,153.85,WorthPoint
nwa-martian-meteorite,NWA 14713 Mars 0.27g Slice Of Martian Lherzolitic Shergottite Meteorite,49.0,2022-09-24,0.27,181.48,WorthPoint
nwa-martian-meteorite,NWA 4880 MARTIAN Shergottite Meteorite RARE MARS SNC Africa Space Planet IMCA,24.99,2022-09-24,,,WorthPoint
nwa-martian-meteorite,NWA 15200 (0.244g) Meteorite NEWEST MARTIAN NAKHLITE Fresh Fusion Crust A+ IMCA,186.0,2022-09-22,0.244,762.3,WorthPoint
nwa-martian-meteorite,NWA 15200 (0.237g) Meteorite NEWEST MARTIAN NAKHLITE Fresh Fusion Crust A+ IMCA,182.0,2022-09-22,0.237,767.93,WorthPoint
nwa-martian-meteorite,NWA 15200 (0.243g) Meteorite NEWEST MARTIAN NAKHLITE Fresh Fusion Crust A+ IMCA,185.0,2022-09-22,0.243,761.32,WorthPoint
nwa-martian-meteorite,NWA 15200 (0.186g) Meteorite NEWEST MARTIAN NAKHLITE Fresh Fusion Crust A+ IMCA,143.0,2022-09-22,0.186,768.82,WorthPoint
nwa-martian-meteorite,"Meteorite**NWA 13276, Martian Poikilitic Sherg.**4.901 Gram Gorgeous Endcut!!!",899.99,2022-09-22,4.901,183.63,WorthPoint
nwa-martian-meteorite,"Meteorite**NWA 14607 Martian Shergottite**6.169 Grams, PLANET MARS!! LAST SLICE!",949.99,2022-09-22,6.169,153.99,WorthPoint
nwa-martian-meteorite,Meteorite**NWA 14899; Martian Olivine Gabbroic Sherg.**4.088 Gram;GOLDEN MARTIAN,799.99,2022-09-22,4.088,195.69,WorthPoint
nwa-martian-meteorite,NWA 15200 (0.434g) Meteorite- NEWEST MARTIAN NAKHLITE Fresh Fusion Crust! A+,328.0,2022-09-22,0.434,755.76,WorthPoint
nwa-martian-meteorite,NWA 15200 (0.439g) Meteorite- NEWEST MARTIAN NAKHLITE Fresh Fusion Crust! A+,330.0,2022-09-22,0.439,751.71,WorthPoint
nwa-martian-meteorite,"1.25 Gr SLICE NWA 12269 MARS SHERGOTTITE METEORITE, 2018 RECOVERY",200.0,2022-09-20,1.25,160.0,WorthPoint
nwa-martian-meteorite,.551 Grams 11x9x2mm NWA 13187 Martian Shergottite Meteorite Fragment Mars + COA,149.0,2022-09-19,551.0,0.27,WorthPoint
nwa-martian-meteorite,NWA 15200 (0.347g) Meteorite- NEWEST MARTIAN NAKHLITE Fresh Fusion Crust! (IMCA),242.0,2022-09-19,0.347,697.41,WorthPoint
nwa-martian-meteorite,"Meteorite**NWA 13366, Martian Peridotitic Sherg.**4.735 Gram Gorgeous Endcut!!",899.99,2022-09-18,4.735,190.07,WorthPoint
nwa-martian-meteorite,Sample #2 - Fragments NWA 6963 Martian Shergottite Meteorite From Mars With COA,7.99,2022-09-17,,,WorthPoint
nwa-martian-meteorite,.046 Grams 4x4x1mm Slice Fragment NWA 7397 MARTIAN SHERGOTTITE Mars Meteorite,28.0,2022-09-17,46.0,0.61,WorthPoint
nwa-martian-meteorite,.131 Grams NWA 1110 Martian Shergottite Meteorite From Mars Fragments With A COA,17.99,2022-09-17,131.0,0.14,WorthPoint
nwa-martian-meteorite,.121 Grams NWA 4878 Martian Shergottite Meteorite Fragments From Mars With COA,14.99,2022-09-17,121.0,0.12,WorthPoint
nwa-martian-meteorite,NWA 6963 Mars Rock 5-9mg Crumb Martian By Meteorite Men Steve,14.99,2022-09-17,,,WorthPoint
nwa-martian-meteorite,2016 Niue Island Martian Meteorite NWA 6963-1oz. Silver Coin,149.99,2022-09-17,28.35,5.29,WorthPoint
nwa-martian-meteorite,.049 Gram 5x5x2mm Slice NWA 7397 MARTIAN SHERGOTTITE Mars Meteorite With A COA,27.99,2022-09-16,49.0,0.57,WorthPoint
nwa-martian-meteorite,"Meteorite**NWA 13366, Martian Peridotitic Sherg.**1.440 Gram Gorgeous Slice!!!",349.99,2022-09-13,1.44,243.05,WorthPoint
nwa-martian-meteorite,Meteorite**NWA 14899; Martian Olivine Gabbroic Sherg.**4.387 Gram;GOLDEN MARTIAN,530.0,2022-09-12,4.387,120.81,WorthPoint
nwa-martian-meteorite,Authentic MARS Meteorite - Nakhlite Martian Meteorite NWA 998 W/COA - RARE!,27.5,2022-09-06,,,WorthPoint
nwa-martian-meteorite,Meteorite**NWA 14899; Martian Olivine Gabbroic Sherg.**0.268 Gram;GOLDEN MARTIAN,48.0,2022-09-05,0.268,179.1,WorthPoint
nwa-martian-meteorite,"Meteorite**NWA 13276, Martian Poikilitic Sherg.**0.500 Gram Gorgeous Frag. Lot!!",54.75,2022-09-05,0.5,109.5,WorthPoint
nwa-martian-meteorite,"Meteorite**NWA 13366, Martian Peridotitic Sherg.**0.570 Gram Slice, Almost Gone!",60.76,2022-09-05,0.57,106.6,WorthPoint
nwa-martian-meteorite,Martian Meteorite Nwa 12269,36.0,2022-09-04,,,WorthPoint
nwa-martian-meteorite,Meteorite: Martian Shergottite NWA 7397 Whole Individual 0.535 Grams #507,107.0,2022-09-02,0.535,200.0,WorthPoint
nwa-martian-meteorite,Meteorite**NWA 14899; Martian Olivine Gabbroic Sherg.**2.151 Gram;GOLDEN MARTIAN,649.99,2022-08-29,2.151,302.18,WorthPoint
nwa-martian-meteorite,"Meteorite**NWA 13031, Martian Shergottite**2.437 Gram Slice, VERY UNIQUE!!!!",599.0,2022-08-29,2.437,245.79,WorthPoint
nwa-martian-meteorite,NWA X Martian 1.14g LAST ONE Nakhlite Meteorite Fragment,338.0,2022-08-27,1.14,296.49,WorthPoint
nwa-martian-meteorite,.122 Grams 5x4x2mm NWA 13237 Martian METEORITE Shergottite Mars - TKW 36.5 Grams,29.0,2022-08-22,122.0,0.24,WorthPoint
nwa-martian-meteorite,Meteorite: Martian Shergottite NWA 7397 Whole Individual 0.3 Grams #525,60.0,2022-08-22,0.3,200.0,WorthPoint
nwa-martian-meteorite,Martian Meteorite Nwa 12269 + Nwa 7401 El6 Enstatite Chondrite+ Nwa 869,22.0,2022-08-21,,,WorthPoint
nwa-martian-meteorite,NWA 14713 Mars 0.74g Slice Of Martian Lherzolitic Shergottite Meteorite,173.0,2022-08-20,0.74,233.78,WorthPoint
nwa-martian-meteorite,NWA 4468 MARTIAN Shergottite Meteorite Mars RARE SNC Planet SPACE IMCA Genuine,24.99,2022-08-20,,,WorthPoint
nwa-martian-meteorite,NWA X Martian 0.30g Lot Of RARE Nakhlite Meteorite Fragments J,27.0,2022-08-20,0.3,90.0,WorthPoint
nwa-martian-meteorite,3 Fragments .040 Grams Total NWA 12594 Martian Shergottite Meteorite,12.99,2022-08-20,40.0,0.32,WorthPoint
nwa-martian-meteorite,.172 Grams 6x5x3mm - NWA 14607 Martian Shergottite Meteorite From Mars With COA,33.0,2022-08-20,172.0,0.19,WorthPoint
nwa-martian-meteorite,.272 Grams 8x6x3mm - NWA 14607 Martian Shergottite Meteorite From Mars With COA,41.99,2022-08-17,272.0,0.15,WorthPoint
nwa-martian-meteorite,"Meteorite**NWA 13276, Martian Poikilitic Sherg.**0.321 Gram Gorgeous Fragment!!!",72.0,2022-08-15,0.321,224.3,WorthPoint
nwa-martian-meteorite,"Meteorite**NWA 13366, Martian Peridotitic Sherg.**0.574 Gram Gorgeous Slice!!!",139.5,2022-08-15,0.574,243.03,WorthPoint
nwa-martian-meteorite,"Meteorite**NWA 13276, Martian Poikilitic Sherg.**2.074 Gram Gorgeous Slice!!!",549.99,2022-08-13,2.074,265.18,WorthPoint
nwa-martian-meteorite,"Meteorite**NWA 13366, Martian Peridotitic Sherg.**4.422 Gram Gorgeous Slice!!!",899.99,2022-08-13,4.422,203.53,WorthPoint
nwa-martian-meteorite,NWA X Martian 0.33g Fusion Crusted Nakhlite Meteorite Fragment,140.5,2022-08-13,0.33,425.76,WorthPoint
nwa-martian-meteorite,.148 Grams 7mm Fragment Of NWA 1068 MARTIAN SHERGOTTITE METEORITE From Mars,37.0,2022-08-08,148.0,0.25,WorthPoint
nwa-martian-meteorite,"Meteorite**NWA 13366, Martian Peridotitic Sherg.**0.821 Gram Gorgeous Slice!!!",82.56,2022-08-08,0.821,100.56,WorthPoint
nwa-martian-meteorite,NWA X Martian 0.10g Lot Of 2 RARE Nakhlite Meteorite Fragment,36.0,2022-08-06,0.1,360.0,WorthPoint
nwa-martian-meteorite,NWA X Martian 0.50g Lot Of RARE Nakhlite Meteorite Fragments G,93.0,2022-08-06,0.5,186.0,WorthPoint
nwa-martian-meteorite,.111 Grams 6x5x4mm NWA 13237 Martian METEORITE Shergottite Mars - TKW 36.5 Grams,23.0,2022-08-04,111.0,0.21,WorthPoint
nwa-martian-meteorite,.026 Grams 3x2x2mm Fragment Of NWA 1068 MARTIAN SHERGOTTITE METEORITE From Mars,9.99,2022-08-01,26.0,0.38,WorthPoint
nwa-martian-meteorite,.016 Grams 2x2x2mm Fragment Of NWA 1068 MARTIAN SHERGOTTITE METEORITE From Mars,6.99,2022-08-01,16.0,0.44,WorthPoint
nwa-martian-meteorite,.138 Grams 6x4x3mm NWA 13187 Martian Shergottite Meteorite Fragment- Mars + COA,19.99,2022-07-31,138.0,0.14,WorthPoint
nwa-martian-meteorite,NWA 13366 GENUINE MARS ROCK 0.274g Martian Part Slice By Meteorite MEN Steve,96.9,2022-07-28,13366.0,0.01,WorthPoint
nwa-martian-meteorite,Mars Meteorite Nwa 6963 + Meteorite Nwa 11205 Chondrite L5,14.0,2022-07-26,,,WorthPoint
nwa-martian-meteorite,"Meteorite**NWA 13276, Martian Poikilitic Shergottite**1.248 Gram Gorgeous Slice!",125.5,2022-07-25,1.248,100.56,WorthPoint
nwa-martian-meteorite,Crusted Slice .409 Grams 11x8x3mm NWA 13187 Martian Shergottite Meteorite Mars,82.99,2022-07-24,409.0,0.2,WorthPoint
nwa-martian-meteorite,.197 Grams 10x4x2mm - NWA 12564 Martian Shergottite Meteorite From Mars With COA,26.99,2022-07-24,197.0,0.14,WorthPoint
nwa-martian-meteorite,NWA 14713 Mars 0.55g Slice Of Martian Lherzolitic Shergottite Meteorite,105.0,2022-07-23,0.55,190.91,WorthPoint
nwa-martian-meteorite,NWA X Martian 0.30g Fusion Crusted Nakhlite Meteorite Fragments,70.0,2022-07-23,0.3,233.33,WorthPoint
nwa-martian-meteorite,.201 Grams Fragments NWA 12564 Martian Shergottite Meteorite From Mars With COA,14.99,2022-07-23,201.0,0.07,WorthPoint
nwa-martian-meteorite,.008 Grams 3x2x1mm NWA 1110 Martian Shergottite Meteorite From Mars Fragment COA,6.0,2022-07-23,8.0,0.75,WorthPoint
nwa-martian-meteorite,Meteorite: Black Beauty Martian Polymict Breccia NWA11921 - 1.355 Grams 579#,4100.0,2022-07-22,1.355,3025.83,WorthPoint
nwa-martian-meteorite,Meteorite: Black Beauty Martian Polymict Breccia NWA11921 Slice 0.283 Grams 564#,890.0,2022-07-22,0.283,3144.88,WorthPoint
nwa-martian-meteorite,Meteorite: Martian Shergottite NWA13467 Full Slice 6.633 Grams #559,1660.0,2022-07-22,6.633,250.26,WorthPoint
nwa-martian-meteorite,.202 Grams 15x3x3mm NWA 13187 Martian Shergottite Meteorite Fragment- Mars + COA,37.0,2022-07-21,202.0,0.18,WorthPoint
nwa-martian-meteorite,MUSEUM EDITION -3 MARS ROCK DISPLAY -25mg- MARTIAN METEORITE-Jumbo Display+Easel,29.95,2022-07-20,,,WorthPoint
nwa-martian-meteorite,"Meteorite**NWA 13276, Martian Poikilitic Sherg.**0.289 Gram Gorgeous Fragment!!!",104.5,2022-07-18,0.289,361.59,WorthPoint
nwa-martian-meteorite,Meteorite**NWA 14899; Martian Olivine Gabbroic Sherg.**0.333 Gram;GOLDEN MARTIAN,56.0,2022-07-18,0.333,168.17,WorthPoint
nwa-martian-meteorite,.277 Grams 8x7x2mm - NWA 12564 Martian Shergottite Meteorite From Mars With COA,36.99,2022-07-17,277.0,0.13,WorthPoint
nwa-martian-meteorite,Fragment .017 Grams 2x2x2mm NWA 12594 Martian Shergottite Meteorite,6.99,2022-07-16,17.0,0.41,WorthPoint
nwa-martian-meteorite,NWA X Martian 0.07g RARE Fusion Crusted Nakhlite Meteorite Fragment,33.0,2022-07-16,0.07,471.43,WorthPoint
nwa-martian-meteorite,NWA X Martian 0.35g Nakhlite Internal Meteorite Fragment,99.6,2022-07-16,0.35,284.57,WorthPoint
nwa-martian-meteorite,Super Rare - 0.121 Gram NWA 7034 METEORITE Slice -Martian (polymict Breccia),600.0,2022-07-14,0.121,4958.68,WorthPoint
nwa-martian-meteorite,"Meteorite**NWA 13366, Martian Peridotitic Sherg.**1.877 Gram Gorgeous Slice!!!",140.0,2022-07-11,1.877,74.59,WorthPoint
nwa-martian-meteorite,NWA X Martian 0.27g RARE Fusion Crusted Nakhlite Meteorite Frag,163.0,2022-07-10,0.27,603.7,WorthPoint
nwa-martian-meteorite,"Meteorite**NWA 13366, Martian Peridotitic Sherg.**2.802 Gram Gorgeous Slice!!!",499.99,2022-07-09,2.802,178.44,WorthPoint
nwa-martian-meteorite,NWA 14713 Mars 1.20g Slice Of Martian Lherzolitic Shergottite Meteorite,215.0,2022-07-09,1.2,179.17,WorthPoint
nwa-martian-meteorite,NWA X Martian 0.39g Fusion Crusted Nakhlite Meteorite Fragments,100.0,2022-07-09,0.39,256.41,WorthPoint
nwa-martian-meteorite,Crusted Fragment .122 Grams 5x5x4mm NWA 12594 Martian Shergottite Meteorite,57.0,2022-07-08,122.0,0.47,WorthPoint
nwa-martian-meteorite,Crusted Fragment .100 Grams 5x4x3mm NWA 12594 Martian Shergottite Meteorite,55.0,2022-07-08,100.0,0.55,WorthPoint
nwa-martian-meteorite,Fragment .073 Grams 4x3x3mm NWA 12594 Martian Shergottite Meteorite,20.0,2022-07-06,73.0,0.27,WorthPoint
nwa-martian-meteorite,"VERY UNIQUE Martian Meteorite NWA 13031 Shergottite, 0.476 G Slice From MARS!",149.0,2022-07-03,0.476,313.03,WorthPoint
nwa-martian-meteorite,NWA X Martian 0.14g RARE Nakhlite Meteorite Fragment,64.0,2022-07-02,0.14,457.14,WorthPoint
nwa-martian-meteorite,NWA 14713 Mars 0.96g Slice Of Martian Lherzolitic Shergottite Meteorite,175.0,2022-07-02,0.96,182.29,WorthPoint
nwa-martian-meteorite,NWA 14713 Mars 0.30g Slice Of Martian Lherzolitic Shergottite Meteorite,60.0,2022-07-02,0.3,200.0,WorthPoint
nwa-martian-meteorite,NWA X Martian 0.65g RARE Fusion Crusted Nakhlite Meteorite Frag,299.0,2022-07-02,0.65,460.0,WorthPoint
nwa-martian-meteorite,NWA X Martian 0.11g RARE Fusion Crusted Nakhlite Meteorite Frag,50.0,2022-07-02,0.11,454.55,WorthPoint
nwa-martian-meteorite,Meteorite: Martian Shergottite Olivine Gabbroic NWA13938 Full Slice 0.328gr #441,65.0,2022-06-30,0.328,198.17,WorthPoint
nwa-martian-meteorite,NWA X Martian 0.19g RARE Fusion Crusted Nakhlite Meteorite Frag,99.0,2022-06-30,0.19,521.05,WorthPoint
nwa-martian-meteorite,Meteorite: Martian Fine-grained Gabbroic Shergottite NWA13467 Slice 0.057gr #451,19.0,2022-06-29,0.057,333.33,WorthPoint
nwa-martian-meteorite,Meteorite: Martian Olivine-phyric Shergottite NWA13775 Full Slice 0.173gr #446,35.0,2022-06-29,0.173,202.31,WorthPoint
nwa-martian-meteorite,"Meteorite**NWA 2737, MARTIAN CHASSIGINITE**0.168 Grams Slice, THE MOST RARE!!!!!",256.0,2022-06-29,0.168,1523.81,WorthPoint
nwa-martian-meteorite,Meteorite**NWA 14899; Martian Olivine Gabbroic Sherg.**0.296 Gram;GOLDEN MARTIAN,41.0,2022-06-29,0.296,138.51,WorthPoint
nwa-martian-meteorite,NWA X Martian 0.92g RARE Fusion Crusted Nakhlite Meteorite Frag,423.0,2022-06-25,0.92,459.78,WorthPoint
nwa-martian-meteorite,NWA X Martian 0.06g RARE Fusion Crusted Nakhlite Meteorite Frag,43.0,2022-06-25,0.06,716.67,WorthPoint
nwa-martian-meteorite,Meteorite**NWA 14899; Martian Olivine Gabbroic Sherg.**0.585 Gram;GOLDEN MARTIAN,71.0,2022-06-22,0.585,121.37,WorthPoint
nwa-martian-meteorite,"Meteorite**NWA 2737, MARTIAN CHASSIGINITE**0.086 Grams Frag., THE MOST RARE!!!!!",168.5,2022-06-22,0.086,1959.3,WorthPoint
nwa-martian-meteorite,"Meteorite**NWA 13031, Martian Shergottite**0.476 Gram Slice, VERY UNIQUE!!!!",68.0,2022-06-22,0.476,142.86,WorthPoint
nwa-martian-meteorite,"Meteorite**NWA 13366, Martian Peridotitic Sherg.**1.515 Gram Gorgeous Slice!!!",132.5,2022-06-22,1.515,87.46,WorthPoint
nwa-martian-meteorite,Crusted Fragment .061 Grams 5x3x2mm NWA 12594 Martian Shergottite Meteorite,34.0,2022-06-19,61.0,0.56,WorthPoint
nwa-martian-meteorite,NWA 14713 Mars 0.17g Slice Of Martian Lherzolitic Shergottite Meteorite,45.0,2022-06-19,0.17,264.71,WorthPoint
nwa-martian-meteorite,.027 Grams 4mm NWA 13237 Martian METEORITE Shergottite Mars - TKW 36.5 Grams,11.99,2022-06-19,27.0,0.44,WorthPoint
nwa-martian-meteorite,.017 Grams 2x2x2mm Fragment Of NWA 1068 MARTIAN SHERGOTTITE METEORITE From Mars,6.99,2022-06-18,17.0,0.41,WorthPoint
nwa-martian-meteorite,Sample #3 - Fragments NWA 6963 Martian Shergottite Meteorite From Mars With COA,8.99,2022-06-18,,,WorthPoint
nwa-martian-meteorite,NWA X Martian 0.57g RARE Nakhlite Meteorite Fragment,199.0,2022-06-18,0.57,349.12,WorthPoint
nwa-martian-meteorite,2.8g Martian Shergottite Meteorite - NWA 14269 - IMCA #3950,308.0,2022-06-18,2.8,110.0,WorthPoint
nwa-martian-meteorite,0.34 Gram - NWA 6963 Martian Meteorite Fragment (Shergottite),119.0,2022-06-18,0.34,350.0,WorthPoint
nwa-martian-meteorite,.008 Grams 2x2x1mm NWA 13237 Martian METEORITE Shergottite Mars Low TKW 35.5gram,6.0,2022-06-16,8.0,0.75,WorthPoint
nwa-martian-meteorite,Meteorite**NWA 14899; Martian Olivine Gabbroic Sherg.**0.764 Gram;GOLDEN MARTIAN,169.99,2022-06-13,0.764,222.5,WorthPoint
nwa-martian-meteorite,.277 Grams 8x6x2mm - NWA 12564 Martian Shergottite Meteorite From Mars With COA,37.99,2022-06-13,277.0,0.14,WorthPoint
nwa-martian-meteorite,Meteorite**NWA 14899; Martian Olivine Gabbroic Sherg.**1.211 Gram;GOLDEN MARTIAN,142.5,2022-06-13,1.211,117.67,WorthPoint
nwa-martian-meteorite,NWA X Martian 0.62g RARE Fusion Crusted Nakhlite Meteorite Frag,377.0,2022-06-12,0.62,608.06,WorthPoint
nwa-martian-meteorite,NWA X Martian 0.16g RARE Fusion Crusted Nakhlite Meteorite Frag,98.0,2022-06-12,0.16,612.5,WorthPoint
nwa-martian-meteorite,.0614 Grams 5mm NWA 4878 Martian Shergottite Meteorite Fragment From Mars,28.0,2022-06-10,614.0,0.05,WorthPoint
nwa-martian-meteorite,.354 Grams 9x7x3mm - NWA 14607 Martian Shergottite Meteorite From Mars With COA,47.99,2022-06-07,354.0,0.14,WorthPoint
nwa-martian-meteorite,.057 Grams 4mm NWA 1110 Martian Shergottite Meteorite From Mars Fragment W/COA,27.0,2022-06-06,57.0,0.47,WorthPoint
nwa-martian-meteorite,.074 Grams 7x4x2mm Slice Fragment NWA 7397 MARTIAN SHERGOTTITE Mars Meteorite,48.0,2022-06-06,74.0,0.65,WorthPoint
nwa-martian-meteorite,"Meteorite**NWA 13366, Martian Peridotitic Sherg.**0.957 Gram Gorgeous Slice!!!",158.05,2022-06-06,0.957,165.15,WorthPoint
nwa-martian-meteorite,"Meteorite**NWA 13276, Martian Poikilitic Shergottite**1.228 Gram Gorgeous Slice!",168.5,2022-06-06,1.228,137.21,WorthPoint
nwa-martian-meteorite,Meteorite**NWA 14899; Martian Olivine Gabbroic Sherg.**0.215 Gram;GOLDEN MARTIAN,29.0,2022-06-06,0.215,134.88,WorthPoint
nwa-martian-meteorite,.099 Grams 7x5x1mm Slice Fragment NWA 7397 MARTIAN SHERGOTTITE Mars Meteorite,50.0,2022-06-05,99.0,0.51,WorthPoint
nwa-martian-meteorite,.009 Grams 2x2x1mm NWA 13237 Martian METEORITE Shergottite Mars Low TKW 35.5gram,6.0,2022-06-04,9.0,0.67,WorthPoint
nwa-martian-meteorite,Mars Rock - Nakhlite Martian Meteorite Authentic With COA,29.95,2022-05-29,,,WorthPoint
nwa-martian-meteorite,.459 Grams 10x8x3mm - NWA 14607 Martian Shergottite Meteorite From Mars With COA,59.99,2022-05-28,459.0,0.13,WorthPoint
nwa-martian-meteorite,"Meteorite**NWA 13031, Martian Shergottite**4.620 Gram Slice, VERY UNIQUE!!!!",1299.99,2022-05-27,4.62,281.38,WorthPoint
nwa-martian-meteorite,.594 Grams NWA 13227 Martian 12x10x3mm METEORITE Shergottite Mars - With COA,89.99,2022-05-27,594.0,0.15,WorthPoint
nwa-martian-meteorite,"Meteorite**NWA 13366, Martian Peridotitic Sherg.**4.114 Gram Gorgeous Slice!!!",899.99,2022-05-24,4.114,218.76,WorthPoint
nwa-martian-meteorite,Meteorite**NWA 14899; Martian Olivine Gabbroic Sherg.**6.340 Gram;GOLDEN MARTIAN,1199.99,2022-05-24,6.34,189.27,WorthPoint
nwa-martian-meteorite,"Meteorite**NWA 13366, Martian Peridotitic Sherg.**1.196 Gram Gorgeous Slice!!!",199.99,2022-05-23,1.196,167.22,WorthPoint
nwa-martian-meteorite,"Meteorite**NWA 13366, Martian Peridotitic Sherg.**3.770 Gram Gorgeous Endcut!!",749.99,2022-05-23,3.77,198.94,WorthPoint
nwa-martian-meteorite,Meteorite**NWA 14899; Martian Olivine Gabbroic Sherg.**0.269 Gram;GOLDEN MARTIAN,92.0,2022-05-23,0.269,342.01,WorthPoint
nwa-martian-meteorite,Meteorite**NWA 14899; Martian Olivine Gabbroic Sherg.**1.062 Gram;GOLDEN MARTIAN,282.0,2022-05-23,1.062,265.54,WorthPoint
nwa-martian-meteorite,"Meteorite**NWA 13366, Martian Peridotitic Sherg.**1.164 Gram Gorgeous Slice!!!",111.5,2022-05-23,1.164,95.79,WorthPoint
nwa-martian-meteorite,.305 Grams NWA 13227 Martian 10x4x3mm METEORITE Shergottite Mars - With COA,59.99,2022-05-19,305.0,0.2,WorthPoint
nwa-martian-meteorite,.121 Grams 6mm Fragment Of NWA 1068 MARTIAN SHERGOTTITE METEORITE From Mars,36.99,2022-05-18,121.0,0.31,WorthPoint
nwa-martian-meteorite,.145 Grams 7x4x3mm - NWA 12564 Martian Shergottite Meteorite From Mars With COA,33.0,2022-05-16,145.0,0.23,WorthPoint
nwa-martian-meteorite,"Meteorite**NWA 13366, Martian Peridotitic Sherg.**0.366 Gram Gorgeous Slice!!!",36.0,2022-05-16,0.366,98.36,WorthPoint
nwa-martian-meteorite,"Meteorite**NWA 13276, Martian Poikilitic Shergottite**0.339 Gram Gorgeous Frag.!",31.17,2022-05-16,0.339,91.95,WorthPoint
nwa-martian-meteorite,Meteorite: Martian Shergottite *Classification Pending* 6.67 Grams + COA,610.0,2022-05-15,6.67,91.45,WorthPoint
nwa-martian-meteorite,"Meteorite**NWA 13276, Martian Poikilitic Shergottite**0.513 Gram Gorgeous Slice!",139.99,2022-05-15,0.513,272.88,WorthPoint
nwa-martian-meteorite,.063 Grams 4x4x3mm Wide - NWA 6963 Martian Shergottite Meteorite Mars With COA,23.99,2022-05-11,63.0,0.38,WorthPoint
nwa-martian-meteorite,.191 Grams Fragments NWA 13237 Martian METEORITE Shergottite Mars TKW 36.5 Grams,39.99,2022-05-08,191.0,0.21,WorthPoint
nwa-martian-meteorite,.059 Grams 4mm Fragment Of NWA 1068 MARTIAN SHERGOTTITE METEORITE From Mars,17.99,2022-05-08,59.0,0.3,WorthPoint
nwa-martian-meteorite,.069 Gram 6x5x2mm Crusted Side Slice NWA 7397 MARTIAN SHERGOTTITE Mars Meteorite,42.99,2022-05-07,69.0,0.62,WorthPoint
nwa-martian-meteorite,.124 Grams 7x6x2mm - NWA 12564 Martian Shergottite Meteorite From Mars With COA,19.99,2022-05-07,124.0,0.16,WorthPoint
nwa-martian-meteorite,"Meteorite**NWA 13031, Martian Shergottite**0.607 Gram Slice, VERY UNIQUE!!!!",179.99,2022-05-07,0.607,296.52,WorthPoint
nwa-martian-meteorite,Martian Meteorite Slice - 0.62 Gram Of NWA 13366 - Mars Shergottite,350.0,2022-04-30,0.62,564.52,WorthPoint
nwa-martian-meteorite,.113 Grams 6x5x4mm NWA 4878 Martian Shergottite Meteorite Fragment From Mars,44.0,2022-04-29,113.0,0.39,WorthPoint
nwa-martian-meteorite,"Meteorite**NWA 13276, Martian Poikilitic Shergottite**0.227 Gram Gorgeous Frag.!",39.99,2022-04-26,0.227,176.17,WorthPoint
nwa-martian-meteorite,"Meteorite**NWA 13276, Martian Poikilitic Shergottite**1.342 Gram Gorgeous Slice!",125.05,2022-04-26,1.342,93.18,WorthPoint
nwa-martian-meteorite,"Meteorite**NWA 13031, Martian Shergottite**0.637 Gram Slice, VERY UNIQUE!!!!",117.5,2022-04-26,0.637,184.46,WorthPoint
nwa-martian-meteorite,Real Mars Meteorite Necklace (From Martian Meteorite NWA 6963) In 18k Rose Gold,209.95,2022-04-24,,,WorthPoint
nwa-martian-meteorite,"Meteorite**NWA 13276, Martian Poikilitic Shergottite**0.410 Gram Gorgeous Slice!",120.0,2022-04-21,0.41,292.68,WorthPoint
nwa-martian-meteorite,2016 Niue 1$ Mars Martian Meteorite NWA 6963 1oz Silver Coin W/box & COA,200.0,2022-04-21,28.35,7.05,WorthPoint
nwa-martian-meteorite,2 Space Collectible Mars & Moon Rock Martian Meteorite 4468 11788 W/ Stands &COA,31.95,2022-04-20,,,WorthPoint
nwa-martian-meteorite,"Meteorite**NWA 14607 Martian Shergottite**1.467 Grams Slice, PLANET MARS!!! NEW!",299.99,2022-04-19,1.467,204.49,WorthPoint
nwa-martian-meteorite,"Meteorite**NWA 13276, Martian Poikilitic Shergottite**0.645 Gram Gorgeous Slice!",179.99,2022-04-16,0.645,279.05,WorthPoint
nwa-martian-meteorite,Meteorite NWA 6963 Achondrite Martian Shergottite - G201-0451 - Micro - Fragment,5.5,2022-04-16,,,WorthPoint
nwa-martian-meteorite,.403 Grams 15x5x3mm - NWA 12564 Martian Shergottite Meteorite From Mars With COA,99.99,2022-04-15,403.0,0.25,WorthPoint
nwa-martian-meteorite,"Meteorite**NWA 13276, Martian Poikilitic Sherg.**0.376 Gram Gorgeous Slice!!!",99.99,2022-04-13,0.376,265.93,WorthPoint
nwa-martian-meteorite,"Meteorite**NWA 13031, Martian Shergottite**0.319 Gram Slice, VERY UNIQUE!!!!",99.99,2022-04-13,0.319,313.45,WorthPoint
nwa-martian-meteorite,Meteorite NWA 6963 Achondrite Martian Shergottite - G201-0447 - Micro - Fragment,7.5,2022-04-10,,,WorthPoint
nwa-martian-meteorite,"Mars! NWA 14269, Martian Meteorite 17.13g, Full Slice",2550.0,2022-04-07,17.13,148.86,WorthPoint
nwa-martian-meteorite,"Meteorite**NWA 14607 Martian Shergottite**0.963 Grams Slice, PLANET MARS!!! NEW!",169.78,2022-04-06,0.963,176.3,WorthPoint
nwa-martian-meteorite,"Meteorite**NWA 2737, MARTIAN CHASSIGINITE**0.228 Grams Slice, THE MOST RARE!!!!!",256.51,2022-04-06,0.228,1125.04,WorthPoint
nwa-martian-meteorite,Meteorite: NWA 14713 Martian Shergottite Polished Slice 9.11 Grams + COA,665.0,2022-04-02,9.11,73.0,WorthPoint
nwa-martian-meteorite,.029 Grams 6mm Wide - NWA 6963 Martian Shergottite Meteorite From Mars With COA,9.99,2022-03-30,29.0,0.34,WorthPoint
nwa-martian-meteorite,"Meteorite**NWA 14607 Martian Shergottite**0.197 Grams Slice, PLANET MARS!!! NEW!",22.5,2022-03-28,0.197,114.21,WorthPoint
nwa-martian-meteorite,"Meteorite**NWA 13031, Martian Shergottite**0.681 Gram Slice, VERY UNIQUE!!!!",134.98,2022-03-28,0.681,198.21,WorthPoint
nwa-martian-meteorite,.226 Grams NWA 13227 Martian 8x6x3mm METEORITE Shergottite Mars - With COA,41.99,2022-03-26,226.0,0.19,WorthPoint
nwa-martian-meteorite,.246 Grams NWA 13227 Martian 6x6x3mm METEORITE Shergottite Mars - With COA,44.99,2022-03-26,246.0,0.18,WorthPoint
nwa-martian-meteorite,NWA 12335 Martian Meteorite,87500.0,2022-03-25,,,WorthPoint
nwa-martian-meteorite,.088 Grams 6x5x1mm Slice Fragment NWA 7397 MARTIAN SHERGOTTITE Mars Meteorite,48.0,2022-03-24,88.0,0.55,WorthPoint
nwa-martian-meteorite,.059 Grams 7x6x1mm Wide - NWA 6963 Martian Shergottite Meteorite Mars With COA,17.99,2022-03-24,59.0,0.3,WorthPoint
nwa-martian-meteorite,.075 Grams 5x4x4mm - NWA 6963 Martian Shergottite Meteorite From Mars With COA,35.99,2022-03-24,75.0,0.48,WorthPoint
nwa-martian-meteorite,Meteorite NWA 1950 Achondrite Martian Lherzolite - 1950-0014 - 0.11g Part Slice,109.95,2022-03-22,0.11,999.55,WorthPoint
nwa-martian-meteorite,.048 Grams 4mm NWA 13237 Martian METEORITE Shergottite Mars - TKW 36.5 Grams,19.99,2022-03-21,48.0,0.42,WorthPoint
nwa-martian-meteorite,MARTIAN CHASSIGNITE - NWA 6737 MARS METEORITE W/COA - Found In Morocco 2000,39.0,2022-03-21,,,WorthPoint
nwa-martian-meteorite,"Meteorite**NWA 14607 Martian Shergottite**1.003 Grams Slice, PLANET MARS!!! NEW!",128.05,2022-03-21,1.003,127.67,WorthPoint
nwa-martian-meteorite,"Meteorite**NWA 2737, MARTIAN CHASSIGINITE**0.181 Grams Slice, THE MOST RARE!!!!!",699.99,2022-03-14,0.181,3867.35,WorthPoint
nwa-martian-meteorite,"MARS! NWA 13366, 2.9g Martian Meteorite. End Cut, Polished",398.58,2022-03-14,2.9,137.44,WorthPoint
nwa-martian-meteorite,.037 Grams 4mm Wide - NWA 6963 Martian Shergottite Meteorite From Mars With COA,11.0,2022-03-11,37.0,0.3,WorthPoint
nwa-martian-meteorite,.042 Grams 7mm Wide - NWA 6963 Martian Shergottite Meteorite From Mars With COA,11.99,2022-03-11,42.0,0.29,WorthPoint
nwa-martian-meteorite,Crusted .069 Grams 4x4x3mm NWA 12594 Martian Shergottite Meteorite,14.99,2022-03-10,69.0,0.22,WorthPoint
nwa-martian-meteorite,.485 Grams NWA 13227 Martian 8x6x3mm METEORITE Shergottite Mars - With COA,79.99,2022-03-09,485.0,0.16,WorthPoint
nwa-martian-meteorite,"Meteorite**NWA 2737, 4XMARTIAN CHASSIGINITE**,WIEGHT AT 11.78g Extremely Rare!",9.0,2022-03-08,11.78,0.76,WorthPoint
nwa-martian-meteorite,"NEW! NWA 12564 MARTIAN, Shergottite (aphyric, Diabasic) Part Slice, 0.38 Grams",94.99,2022-03-07,0.38,249.97,WorthPoint
nwa-martian-meteorite,"Meteorite**NWA 14607 Martian Shergottite**0.997 Grams Slice, PLANET MARS!!! NEW!",192.5,2022-03-07,0.997,193.08,WorthPoint
nwa-martian-meteorite,"MARS! NWA 13366, 2.3g Martian Meteorite. End Cut, Polished",306.99,2022-03-07,2.3,133.47,WorthPoint
nwa-martian-meteorite,MARTIAN SHERGOTTITE - NWA 13716 MARS METEORITE - ONLY 53.5g TKW - Africa 2020,39.0,2022-03-03,53.5,0.73,WorthPoint
nwa-martian-meteorite,.241 Grams 9x8x3mm - NWA 14607 Martian Shergottite Meteorite From Mars With COA,62.99,2022-03-03,241.0,0.26,WorthPoint
nwa-martian-meteorite,.110 Grams 5mm Fragment Of NWA 1068 MARTIAN SHERGOTTITE METEORITE From Mars,27.0,2022-03-03,110.0,0.25,WorthPoint
nwa-martian-meteorite,"Meteorite**NWA 14607 Martian Shergottite**2.185 Grams Slice, PLANET MARS!!! NEW!",399.99,2022-02-28,2.185,183.06,WorthPoint
nwa-martian-meteorite,"Meteorite**NWA 2737, MARTIAN CHASSIGINITE**0.014 Grams Slice, THE MOST RARE!!!!!",49.0,2022-02-28,0.014,3500.0,WorthPoint
nwa-martian-meteorite,"Meteorite**NWA 14607 Martian Shergottite**0.617 Grams Slice, PLANET MARS!!! NEW!",101.99,2022-02-28,0.617,165.3,WorthPoint
nwa-martian-meteorite,Meteorite NWA 6963 Achondrite Martian Shergottite - G201-0424 - 0.01g - Fragment,6.9,2022-02-26,,,WorthPoint
nwa-martian-meteorite,0.75 Gram - NWA 6963 Martian Shergottite Meteorite - 2011 Find From Morocco,151.2,2022-02-24,0.75,201.6,WorthPoint
nwa-martian-meteorite,Meteorite NWA 6963 Achondrite Martian Shergottite - G201-0404 - 0.63g - Crusted,188.95,2022-02-24,0.63,299.92,WorthPoint
nwa-martian-meteorite,23.5 Gram - NWA 12564 Martian Meteorite - Thin Slice - Shergottite Specimen,1880.0,2022-02-24,23.5,80.0,WorthPoint
nwa-martian-meteorite,"Meteorite**NWA 14607 Martian Shergottite**1.647 Grams Slice, PLANET MARS!!! NEW!",299.99,2022-02-23,1.647,182.14,WorthPoint
nwa-martian-meteorite,"Meteorite**NWA 2737, MARTIAN CHASSIGINITE**0.370 Grams Slice, THE MOST RARE!!!!!",720.0,2022-02-22,0.37,1945.95,WorthPoint
nwa-martian-meteorite,"Meteorite**NWA 14607 Martian Shergottite**1.998 Grams Slice, PLANET MARS!!! NEW!",229.5,2022-02-22,1.998,114.86,WorthPoint
nwa-martian-meteorite,"Meteorite**NWA 2737, MARTIAN CHASSIGINITE**0.050 Grams Slice, THE MOST RARE!!!!!",81.0,2022-02-22,0.05,1620.0,WorthPoint
nwa-martian-meteorite,Crusted Fragment .357 Grams 10x7x3mm NWA 12594 Martian Shergottite Meteorite,149.0,2022-02-17,357.0,0.42,WorthPoint
nwa-martian-meteorite,NWA 2046 Meteorite Fragment Found 2003 Martian Shergottite TKW 63 Grams,35.0,2022-02-17,63.0,0.56,WorthPoint
nwa-martian-meteorite,Authentic Mars Nakhlite Martian Meteorite Rock NWA 998 COA,17.5,2022-02-17,,,WorthPoint
nwa-martian-meteorite,0.19 Gram - NWA 6963 Martian Shergottite Meteorite - 2011 Find From Morocco,39.2,2022-02-16,0.19,206.32,WorthPoint
nwa-martian-meteorite,.041 Grams 4x3x2mm NWA 1110 Martian Shergottite Meteorite From Mars Fragment COA,19.0,2022-02-16,41.0,0.46,WorthPoint
nwa-martian-meteorite,.081 Grams 4mm Fragment Of NWA 1068 MARTIAN SHERGOTTITE METEORITE From Mars,22.0,2022-02-16,81.0,0.27,WorthPoint
nwa-martian-meteorite,Own Mars!! NWA 11220 Black Beauty Martian Meteorite Part Slice In Display Box,77.0,2022-02-14,,,WorthPoint
nwa-martian-meteorite,"Meteorite**NWA 2737, MARTIAN CHASSIGINITE**0.772 Grams Slice, THE MOST RARE!!!!!",2999.99,2022-02-13,0.772,3886.0,WorthPoint
nwa-martian-meteorite,Meteorite NWA 6963 Achondrite Martian Shergottite - G201-0419 - 0.01g - Fragment,6.83,2022-02-12,,,WorthPoint
nwa-martian-meteorite,"Meteorite**NWA 14607 Martian Shergottite**0.921 Grams Slice, PLANET MARS!!! NEW!",189.99,2022-02-11,0.921,206.29,WorthPoint
nwa-martian-meteorite,.430 Grams 10x9x2mm NWA 13187 Martian Shergottite Meteorite Fragment- Mars + COA,79.0,2022-02-10,430.0,0.18,WorthPoint
nwa-martian-meteorite,0.09 Gram - NWA 6963 Martian Shergottite Meteorite - 2011 Find From Morocco,29.0,2022-02-09,0.09,322.22,WorthPoint
nwa-martian-meteorite,0.08 Gram - NWA 6963 Martian Shergottite Meteorite - 2011 Find From Morocco,25.0,2022-02-08,0.08,312.5,WorthPoint
nwa-martian-meteorite,"Martian Meteorite NWA 13187 Shergottite FULL 28g Slice, Real Piece Of Mars!",2790.0,2022-02-03,28.0,99.64,WorthPoint
nwa-martian-meteorite,NWA 14269 Martian Shergottite Meteorite - 4.0g - OWN A PIECE OF MARS! IMCA #3950,445.0,2022-01-31,4.0,111.25,WorthPoint
nwa-martian-meteorite,"Meteorite**NWA 14607 Martian Shergottite**32.585 Grams Endcut, PLANET MARS!!!",5999.99,2022-01-31,32.585,184.13,WorthPoint
nwa-martian-meteorite,"Meteorite**NWA 14607 Martian Shergottite**1.761 Grams Slice, PLANET MARS!!! NEW!",325.0,2022-01-31,1.761,184.55,WorthPoint
nwa-martian-meteorite,"Meteorite**NWA 14607 Martian Shergottite**0.640 Grams Slice, PLANET MARS!!! NEW!",104.5,2022-01-31,0.64,163.28,WorthPoint
nwa-martian-meteorite,"Meteorite**NWA 14607 Martian Shergottite**5.212 Grams Slice, PLANET MARS!!! NEW!",699.99,2022-01-31,5.212,134.3,WorthPoint
nwa-martian-meteorite,"Meteorite**NWA 14607 Martian Shergottite**1.711 Grams Slice, PLANET MARS!!! NEW!",299.99,2022-01-26,1.711,175.33,WorthPoint
nwa-martian-meteorite,.284 Grams 9x6x2mm NWA 13187 Martian Shergottite Meteorite Fragment - Mars + COA,42.0,2022-01-26,284.0,0.15,WorthPoint
nwa-martian-meteorite,.598 Grams 12x9x2mm NWA 13187 Martian Shergottite Meteorite Fragment- Mars + COA,99.0,2022-01-23,598.0,0.17,WorthPoint
nwa-martian-meteorite,"Meteorite**NWA 13366, Martian Peridotitic Shergottite**9.167 Gram, Individual!!",1899.99,2022-01-21,9.167,207.26,WorthPoint
nwa-martian-meteorite,.109 Grams 7x3x3mm NWA 13187 Martian Shergottite Meteorite Fragment- Mars + COA,23.99,2022-01-20,109.0,0.22,WorthPoint
nwa-martian-meteorite,0.13 Gram - NWA 6963 Martian Shergottite Meteorite - 2011 Find From Morocco,25.6,2022-01-19,0.13,196.92,WorthPoint
nwa-martian-meteorite,0.15 Gram - NWA 6963 Martian Shergottite Meteorite - 2011 Find From Morocco,32.0,2022-01-17,0.15,213.33,WorthPoint
nwa-martian-meteorite,"2.0 Gram NWA 12262 METEORITE - Specimen - Martian (shergottite, Diabasic)",239.2,2022-01-16,2.0,119.6,WorthPoint
nwa-martian-meteorite,NWA 13187 1.41g Martian Meteorite Slice Of Shergottite Sweetness,150.0,2022-01-15,1.41,106.38,WorthPoint
nwa-martian-meteorite,.248 Grams NWA 13227 Martian 8x4x3mm METEORITE Shergottite Mars - With COA,46.0,2022-01-15,248.0,0.19,WorthPoint
nwa-martian-meteorite,.024 Grams 3x3x2mm NWA 13237 Martian METEORITE Shergottite Mars Low TKW 35.5gram,7.0,2022-01-15,24.0,0.29,WorthPoint
nwa-martian-meteorite,Fragment .044 Grams 4x3x3mm NWA 12594 Martian Shergottite Meteorite,15.99,2022-01-13,44.0,0.36,WorthPoint
nwa-martian-meteorite,.042 Grams NWA 13227 Martian 5x3x2mm METEORITE Shergottite Mars - With COA,14.99,2022-01-13,42.0,0.36,WorthPoint
nwa-martian-meteorite,NWA 13187 0.92g Martian Meteorite Slice Of Shergottite Sweetness,99.0,2022-01-08,0.92,107.61,WorthPoint
nwa-martian-meteorite,.311 Grams 10x6x2mm NWA 13187 Martian Shergottite Meteorite Fragment- Mars + COA,48.0,2022-01-06,311.0,0.15,WorthPoint
nwa-martian-meteorite,Niue 2017 1 Oz Silver Coin With MARS NWA 7397 Meteorite - Solar System Series,175.0,2022-01-02,28.35,6.17,WorthPoint
nwa-martian-meteorite,Niue 1 Dollar Space Series Martian Meteorite NWA 6963 Silver Coin 2016 W Box+COA,149.95,2022-01-01,,,WorthPoint
nwa-martian-meteorite,Sample #2 - 2mm Wide - NWA 6963 Martian Shergottite Meteorite From Mars With COA,8.99,2021-12-31,,,WorthPoint
nwa-martian-meteorite,.023 Grams 3x3x2mm NWA 13237 Martian METEORITE Shergottite Mars Low TKW 35.5gram,7.49,2021-12-26,23.0,0.33,WorthPoint
nwa-martian-meteorite,.134 Grams Fragments NWA 13237 Martian METEORITE Shergottite Mars TKW 36.5 Grams,32.99,2021-12-23,134.0,0.25,WorthPoint
nwa-martian-meteorite,Meteorite NWA 6963 Achondrite Martian Shergottite - G201-0399 - 0.05g - Cut Frag,6.8,2021-12-22,0.05,136.0,WorthPoint
nwa-martian-meteorite,MUSEUM EDITION - 3 MARS ROCK DISPLAY - MARTIAN METEORITE - Jumbo Display+Easel,27.95,2021-12-20,,,WorthPoint
nwa-martian-meteorite,Heart-shaped Martian Shergottite 1.2g Meteorite - NWA 14269 - IMCA #3950,125.0,2021-12-20,1.2,104.17,WorthPoint
nwa-martian-meteorite,0.36 Gram - NWA 6963 Martian Shergottite Meteorite - 2011 Find From Morocco,75.0,2021-12-17,0.36,208.33,WorthPoint
nwa-martian-meteorite,Great Deal! Sensational Slice! Nwa 6963 Martian Shergottite Meteorite! .839 Gms,261.75,2021-12-16,839.0,0.31,WorthPoint
nwa-martian-meteorite,Meteorite NWA 1950 Achondrite Martian Shergottite - 1950-0010 - 0.12g Part Slice,119.95,2021-12-13,0.12,999.58,WorthPoint
nwa-martian-meteorite,SUPER RARE - 0.15 Gram - NWA 10720 Martian - Nakhlite METEORITE Fragment,240.0,2021-12-09,0.15,1600.0,WorthPoint
nwa-martian-meteorite,3.32 Gram - NWA 6963 Martian Shergottite Meteorite - 2011 Find From Morocco,464.0,2021-12-05,3.32,139.76,WorthPoint
nwa-martian-meteorite,.069 Grams 4x3x3mm NWA 13237 Martian METEORITE Shergottite Mars - TKW 36.5 Grams,37.0,2021-12-03,69.0,0.54,WorthPoint
nwa-martian-meteorite,.125 Grams 5x4x4mm NWA 4878 Martian Shergottite Meteorite Fragment From Mars,49.0,2021-12-03,125.0,0.39,WorthPoint
nwa-martian-meteorite,.256 Grams 7x7x2mm NWA 13187 Martian Shergottite Meteorite Fragment - Mars + COA,39.0,2021-12-03,256.0,0.15,WorthPoint
nwa-martian-meteorite,.045 Grams 4x4x1mm Slice Fragment NWA 7397 MARTIAN SHERGOTTITE Mars Meteorite,35.0,2021-12-02,45.0,0.78,WorthPoint
nwa-martian-meteorite,.027 Grams 3mm Wide - NWA 6963 Martian Shergottite Meteorite From Mars With COA,17.99,2021-11-29,27.0,0.67,WorthPoint
nwa-martian-meteorite,10.52 Gram - FANTASTIC MARTIAN SHERGOTTITE METEORITE SLICE - NWA 13366,1275.0,2021-11-26,10.52,121.2,WorthPoint
nwa-martian-meteorite,0.23 Gram - NWA 6963 Martian Shergottite Meteorite - 2011 Find From Morocco,48.45,2021-11-24,0.23,210.65,WorthPoint
nwa-martian-meteorite,.013 Grams 2mm Wide - NWA 6963 Martian Shergottite Meteorite From Mars With COA,12.99,2021-11-24,13.0,1.0,WorthPoint
nwa-martian-meteorite,Sample #3 - 2mm Wide - NWA 6963 Martian Shergottite Meteorite From Mars With COA,12.99,2021-11-24,,,WorthPoint
nwa-martian-meteorite,"Meteorite**NWA 13187, Martian Shergottite**0.066 Gram Fragments, Planet Mars!!!",10.5,2021-11-24,0.066,159.09,WorthPoint
nwa-martian-meteorite,"Meteorite**NWA 13366, Martian Peridotitic Shergottite**0.214 Gram,Mini Endcut!!",21.5,2021-11-24,0.214,100.47,WorthPoint
nwa-martian-meteorite,"1.92 Gram NWA 12262 METEORITE - Specimen - Martian (shergottite, Diabasic)",246.5,2021-11-23,1.92,128.39,WorthPoint
nwa-martian-meteorite,SUPER RARE - 0.09 Gram - NWA 10720 Martian - Nakhlite METEORITE Fragment,153.0,2021-11-22,0.09,1700.0,WorthPoint
nwa-martian-meteorite,"1.42 Gram NWA 12262 METEORITE - SLICE - Martian (shergottite, Diabasic)",181.05,2021-11-20,1.42,127.5,WorthPoint
nwa-martian-meteorite,0.22 Gram - NWA 6963 Martian Shergottite Meteorite - 2011 Find From Morocco,55.0,2021-11-19,0.22,250.0,WorthPoint
nwa-martian-meteorite,Martian Meteorite NWA 14107 Olivine-Phyric Basalt - My Classification -IMCA#3950,128.0,2021-11-15,,,WorthPoint
nwa-martian-meteorite,"Meteorite**NWA 13187, Martian Shergottite**0.066 Gram Frag Slice! Planet Mars!!!",26.0,2021-11-15,0.066,393.94,WorthPoint
nwa-martian-meteorite,.422 Grams NWA 13227 Martian 10x4x3mm METEORITE Shergottite Mars - With COA,69.0,2021-11-14,422.0,0.16,WorthPoint
nwa-martian-meteorite,"1.163 Gr SLICE NWA 12269 MARS SHERGOTTITE METEORITE, 2018 RECOVERY",275.0,2021-11-13,1.163,236.46,WorthPoint
nwa-martian-meteorite,"1.6 Gram NWA 12262 METEORITE - Specimen - Martian (shergottite, Diabasic)",208.25,2021-11-09,1.6,130.16,WorthPoint
nwa-martian-meteorite,"Meteorite**NWA 13366, Martian Peridotitic Shergottite**11.999 Gram, Individual!!",1899.99,2021-11-09,11.999,158.35,WorthPoint
nwa-martian-meteorite,.017 Grams 4x2x2mm NWA 4878 Martian Shergottite Meteorite Fragment From Mars,10.0,2021-11-07,17.0,0.59,WorthPoint
nwa-martian-meteorite,.015 Grams 3x3x1mm Slice Fragment NWA 7397 MARTIAN SHERGOTTITE Mars Meteorite,17.0,2021-11-07,15.0,1.13,WorthPoint
nwa-martian-meteorite,.114 Grams 5mm Fragment Of NWA 1068 MARTIAN SHERGOTTITE METEORITE From Mars,29.0,2021-11-07,114.0,0.25,WorthPoint
nwa-martian-meteorite,0.78 Gram - NWA 6963 - Martian Shergottite - Meteorite - From Mars,169.15,2021-11-06,0.78,216.86,WorthPoint
nwa-martian-meteorite,"1.61 Gram NWA 12262 METEORITE - Specimen - Martian (shergottite, Diabasic)",208.25,2021-11-04,1.61,129.35,WorthPoint
nwa-martian-meteorite,.045 Grams 4mm Fragment Of NWA 1068 MARTIAN SHERGOTTITE METEORITE From Mars,12.5,2021-11-04,45.0,0.28,WorthPoint
nwa-martian-meteorite,Martian Mini-Meteorite Complete And Uncut.,840.0,2021-11-04,,,WorthPoint
nwa-martian-meteorite,.491 Grams 12x7x2mm NWA 13187 Martian Shergottite Meteorite Fragment- Mars + COA,89.0,2021-11-03,491.0,0.18,WorthPoint
nwa-martian-meteorite,.069 Grams NWA 13227 Martian 4x3x2mm METEORITE Shergottite Mars - With COA,7.5,2021-11-03,69.0,0.11,WorthPoint
nwa-martian-meteorite,2.95 Gram - MARTIAN PERIDOTITIC SHERGOTTITE METEORITE SLICE - NWA 13366,382.5,2021-11-01,2.95,129.66,WorthPoint
nwa-martian-meteorite,.149 Grams NWA 13227 Martian 5x5x3mm METEORITE Shergottite Mars - With COA,28.0,2021-10-31,149.0,0.19,WorthPoint
nwa-martian-meteorite,.029 Grams 3mm Fragment Of NWA 1068 MARTIAN SHERGOTTITE METEORITE From Mars,9.99,2021-10-31,29.0,0.34,WorthPoint
nwa-martian-meteorite,NWA 998 MARTIAN Meteorite VERY RARE Nakhlite MARS Planet Space SNC Genuine IMCA,14.99,2021-10-31,,,WorthPoint
nwa-martian-meteorite,NEW CLASSIFICATION! Martian Meteorite NWA 14107 Olivine Phyric Basalt IMCA 3950,1675.0,2021-10-30,,,WorthPoint
nwa-martian-meteorite,.047 Grams 4x3x2mm NWA 1110 Martian Shergottite Meteorite From Mars Fragment COA,22.0,2021-10-28,47.0,0.47,WorthPoint
nwa-martian-meteorite,"Mars Rock, Authentic Piece Of Martian Meteorite",43.07,2021-10-24,,,WorthPoint
nwa-martian-meteorite,"Small Maritan Fragments -NWA 12262 METEORITE - Martian (shergottite, Diabasic)",16.15,2021-10-21,,,WorthPoint
nwa-martian-meteorite,Meteorite NWA 6963 Achondrite Martian Shergottite - G201-0372 - 0.42g - Crusted,59.95,2021-10-21,0.42,142.74,WorthPoint
nwa-martian-meteorite,.132 Grams 5x5x3mm NWA 6963 Martian Shergottite Meteorite Fragment From Mars,25.0,2021-10-20,132.0,0.19,WorthPoint
nwa-martian-meteorite,.215 Grams 5x4x4mm NWA 13237 Martian METEORITE Shergottite Mars Low TKW 35.5gram,107.0,2021-10-14,215.0,0.5,WorthPoint
nwa-martian-meteorite,Meteorite:17.14g Part Slice Beautiful NWA 13366 Lherzolitic Martian Shergottite,915.0,2021-10-10,17.14,53.38,WorthPoint
nwa-martian-meteorite,1.89 Gram - NWA 12269 - Martian Meteorite Slice - Shergottite,285.0,2021-10-10,1.89,150.79,WorthPoint
nwa-martian-meteorite,"Meteorite**NWA 13187, Martian Shergottite**0.490 Gram Slice!! Planet Mars!!!",52.0,2021-10-04,0.49,106.12,WorthPoint
nwa-martian-meteorite,"1.61 Gram NWA 12262 METEORITE - Thick Slice - Martian (shergottite, Diabasic)",250.0,2021-10-03,1.61,155.28,WorthPoint
nwa-martian-meteorite,Meteorite:13.67 Gram Part Slice Beautiful Rare NWA 13366 Lherzolitic Shergottite,879.69,2021-10-03,13.67,64.35,WorthPoint
nwa-martian-meteorite,.181 Grams 6mm Fragment Of NWA 1068 MARTIAN SHERGOTTITE METEORITE From Mars,43.0,2021-10-03,181.0,0.24,WorthPoint
nwa-martian-meteorite,"1.04 Gram NWA 12262 METEORITE - Specimen - Martian (shergottite, Diabasic)",160.0,2021-10-02,1.04,153.85,WorthPoint
nwa-martian-meteorite,NWA 1110 MARTIAN Shergottite Meteorite Mars VERY RARE SNC Northwest Africa IMCA,99.99,2021-09-27,,,WorthPoint
nwa-martian-meteorite,"Meteorite**Erg Chech 002, Lunar Poly, Martian**Jesper's Lot...RARE PLANETARY LOT",300.0,2021-09-26,,,WorthPoint
nwa-martian-meteorite,"1.69 Gram NWA 12262 METEORITE - Specimen - Martian (shergottite, Diabasic)",250.0,2021-09-24,1.69,147.93,WorthPoint
nwa-martian-meteorite,"1.53 Gram NWA 12262 METEORITE - SLICE - Martian (shergottite, Diabasic)",230.0,2021-09-21,1.53,150.33,WorthPoint
nwa-martian-meteorite,Meteorite: 43.5 Gram Full Slice Beautiful Rare NWA 13366 Lherzolitic Shergottite,2326.0,2021-09-19,43.5,53.47,WorthPoint
nwa-martian-meteorite,Martian Meteorite 1.4g NWA 7397 Partially Crusted Fragment! OWN A PIECE OF MARS!,280.0,2021-09-19,1.4,200.0,WorthPoint
nwa-martian-meteorite,.050 Grams 4mm Fragment Of NWA 1068 MARTIAN SHERGOTTITE METEORITE From Mars,13.0,2021-09-18,50.0,0.26,WorthPoint
nwa-martian-meteorite,"Meteorite**Erg Chech 002, Lunar Poly, Martian**3.319 Grams, RARE PLANETARY LOT",429.99,2021-09-14,3.319,129.55,WorthPoint
nwa-martian-meteorite,.076 Grams 5x5x2mm NWA 6963 Martian Shergottite Meteorite Fragment From Mars,20.0,2021-09-12,76.0,0.26,WorthPoint
nwa-martian-meteorite,Meteorite:8.83 Gram Part Slice Beautiful Rare NWA 13366 Lherzolitic Shergottite,735.0,2021-09-12,8.83,83.24,WorthPoint
nwa-martian-meteorite,Crusted Fragment .101 Grams 5x5x3mm NWA 12594 Martian Shergottite Meteorite,52.0,2021-09-10,101.0,0.51,WorthPoint
nwa-martian-meteorite,.237 Grams NWA 13227 Martian 7x6x3mm METEORITE Shergottite Mars - With COA,39.0,2021-09-10,237.0,0.16,WorthPoint
nwa-martian-meteorite,Great Deal! Exquisite End Cut! Nwa 6963 Martian Shergottite Meteorite! 1.953 Gms,475.3,2021-09-06,1.953,243.37,WorthPoint
nwa-martian-meteorite,"Meteorite**Erg Chech 002, Lunar Melt, Martian**3.644 Grams, RARE PLANETARY LOT",131.11,2021-09-06,3.644,35.98,WorthPoint
nwa-martian-meteorite,"Meteorite**NWA 13187, Martian Shergottite**0.804 Gram Slice!! Planet Mars!!!",41.76,2021-09-06,0.804,51.94,WorthPoint
nwa-martian-meteorite,Meteorite: 27.82 Gram Thin NWA 13187 Martian Shergottite Slice,979.69,2021-09-05,27.82,35.22,WorthPoint
nwa-martian-meteorite,Meteorite:12.22 Gram Part Slice Beautiful Rare NWA 13366 Lherzolitic Shergottite,810.0,2021-09-05,12.22,66.28,WorthPoint
nwa-martian-meteorite,.048 Grams 4mm Fragment Of NWA 1068 MARTIAN SHERGOTTITE METEORITE From Mars,10.0,2021-09-02,48.0,0.21,WorthPoint
nwa-martian-meteorite,.233 Grams 9mm NWA 13187 Martian Shergottite Meteorite Fragment From Mars + COA,21.0,2021-08-31,233.0,0.09,WorthPoint
nwa-martian-meteorite,.125 Grams 8mm NWA 13187 Martian Shergottite Meteorite Fragment From Mars + COA,14.0,2021-08-31,125.0,0.11,WorthPoint
nwa-martian-meteorite,Authentic Mars Rock - Nakhlite Martian Meteorite NWA 998 M1a,6.5,2021-08-31,,,WorthPoint
nwa-martian-meteorite,Meteorite: 32.4 Gram Thin NWA 13187 Martian Shergottite Slice,1575.0,2021-08-29,32.4,48.61,WorthPoint
nwa-martian-meteorite,1.96 Gram - NWA 12269 - Martian Meteorite Slice - Shergottite,300.0,2021-08-29,1.96,153.06,WorthPoint
nwa-martian-meteorite,NWA 6963 Mars Rock 1.37g Martian Part Slice By Meteorite Men Steve,239.99,2021-08-29,1.37,175.18,WorthPoint
nwa-martian-meteorite,.263 Grams NWA 13227 Martian 7x6x3mm METEORITE Shergottite Mars - With COA,44.01,2021-08-27,263.0,0.17,WorthPoint
nwa-martian-meteorite,Rare Shocked Fragment! Amazing Nwa Martian Shergottite Meteorite! 6.9 Gms,2501.0,2021-08-26,6.9,362.46,WorthPoint
nwa-martian-meteorite,Crusted .059 Grams 4x4x2mm NWA 12594 Martian Shergottite Meteorite From Mars,35.0,2021-08-24,59.0,0.59,WorthPoint
nwa-martian-meteorite,Martian Meteorite NWA 14107 + Martian Meteorite Currently Under Classification,200.0,2021-08-24,,,WorthPoint
nwa-martian-meteorite,.396 Grams 8x7x4mm Fragment Of NWA 1068 MARTIAN SHERGOTTITE METEORITE From Mars,59.0,2021-08-24,396.0,0.15,WorthPoint
nwa-martian-meteorite,.072 Grams 9mm NWA 13187 Martian Shergottite Meteorite Fragment From Mars + COA,10.0,2021-08-23,72.0,0.14,WorthPoint
nwa-martian-meteorite,.275 Grams 11mm NWA 13187 Martian Shergottite Meteorite Fragment From Mars + COA,24.0,2021-08-23,275.0,0.09,WorthPoint
nwa-martian-meteorite,"Meteorite**Erg Chech 002, Lunar Brecc, Martian**2.775 Grams, RARE PLANETARY LOT!",182.5,2021-08-23,2.775,65.77,WorthPoint
nwa-martian-meteorite,.347 Grams 12mm NWA 13187 Martian Shergottite Meteorite Fragment From Mars + COA,32.0,2021-08-20,347.0,0.09,WorthPoint
nwa-martian-meteorite,Authentic Mars Rock - Nakhlite Martian Meteorite NWA 998 M2a,6.61,2021-08-19,,,WorthPoint
nwa-martian-meteorite,.115 Grams 8mm NWA 13187 Martian Shergottite Meteorite Fragment From Mars + COA,12.9,2021-08-18,115.0,0.11,WorthPoint
nwa-martian-meteorite,.106 Grams 5x4x3mm Fragment Of NWA 13237 Martian METEORITE Shergottite From Mars,53.0,2021-08-17,106.0,0.5,WorthPoint
nwa-martian-meteorite,Meteorite NWA 6963 Achondrite Martian Shergottite - G201-0368 - 0.37g - Crust,36.95,2021-08-16,0.37,99.86,WorthPoint
nwa-martian-meteorite,0.77 Gram - NWA 12269 - Martian Meteorite Slice/Frag - Shergottite,140.0,2021-08-16,0.77,181.82,WorthPoint
nwa-martian-meteorite,SUPER RARE - 0.14 Gram - NWA 10720 Martian - Nakhlite METEORITE Fragment,252.0,2021-08-15,0.14,1800.0,WorthPoint
nwa-martian-meteorite,Meteorite: 20.58 Gram Thin NWA 13187 Martian Shergottite Slice,892.0,2021-08-15,20.58,43.34,WorthPoint
nwa-martian-meteorite,.066 Grams 7mm NWA 13187 Martian Shergottite Meteorite Fragment From Mars + COA,8.8,2021-08-13,66.0,0.13,WorthPoint
nwa-martian-meteorite,NWA 13187 Martian Shergottite 7.05 Gram Full Slice! Meteorite Africa,529.0,2021-08-11,7.05,75.04,WorthPoint
nwa-martian-meteorite,"Meteorite**NWA 13187, Martian Shergottite**2.469 Gram Slice!! Planet Mars!!!",167.0,2021-08-09,2.469,67.64,WorthPoint
nwa-martian-meteorite,Meteorite: 32.08 Gram Thin NWA 13187 Martian Shergottite Slice,1377.0,2021-08-08,32.08,42.92,WorthPoint
nwa-martian-meteorite,1.91 Gram - NWA 12269 - Martian Meteorite Slice - Shergottite,285.0,2021-08-08,1.91,149.21,WorthPoint
nwa-martian-meteorite,"Own Mars! NWA 13187, 6.16g Slice Of Martian Shergottite Meteorite.",276.0,2021-08-03,6.16,44.81,WorthPoint
nwa-martian-meteorite,"Meteorite**NWA 13366, Martian Peridotitic Shergottite**2.247 Gram, Nice Endcut!!",399.99,2021-08-02,2.247,178.01,WorthPoint
nwa-martian-meteorite,"Meteorite**Erg Chech 002, Lunar Anorth, Martian**1.724 Grams, RARE PLANETARY LOT",188.05,2021-08-02,1.724,109.08,WorthPoint
nwa-martian-meteorite,"Meteorite**Rare Martian Lot**.046g Nakhlite, .24g Peridotitic, .134g Shergottite",86.0,2021-08-02,46.0,1.87,WorthPoint
nwa-martian-meteorite,Meteorite: 16.93 Gram Thin NWA 13187 Martian Shergottite Slice,1000.0,2021-08-01,16.93,59.07,WorthPoint
nwa-martian-meteorite,Meteorite: 20.81 Gram Thin NWA 13187 Martian Shergottite Slice,920.0,2021-07-25,20.81,44.21,WorthPoint
nwa-martian-meteorite,"Meteorite**NWA 13366, MARTIAN PERIDOTITIC**0.493 Gram, Very Rare, Gorgeous Slice",129.99,2021-07-24,0.493,263.67,WorthPoint
nwa-martian-meteorite,2017 1 Oz Silver MARS Solar System Antique Finish Coin With Meteorite NWA 7397,91.0,2021-07-20,28.35,3.21,WorthPoint
nwa-martian-meteorite,Meteorite: 31.4 Gram NWA 13187 Martian Shergottite Slice,1187.0,2021-07-18,31.4,37.8,WorthPoint
nwa-martian-meteorite,.237 Grams 6x5x5mm NWA 4878 Martian Shergottite Meteorite Fragment From Mars,209.0,2021-07-15,237.0,0.88,WorthPoint
nwa-martian-meteorite,Meteorite: 20.14 Gram NWA 13187 Martian Shergottite Slice,911.0,2021-07-11,20.14,45.23,WorthPoint
nwa-martian-meteorite,"NEW RARE!! NWA 10645 Nakhlite MARTIAN Meteorite, Fragment, 0.49 Grams",319.99,2021-07-08,0.49,653.04,WorthPoint
nwa-martian-meteorite,12.09g Martian Meteorite NWA 1950 - Martian Lherzallitic Shergottite SNC - TOP,13900.0,2021-06-30,12.09,1149.71,WorthPoint
nwa-martian-meteorite,"Meteorite**Erg Chech 002, Lunar FAN & Martian**0.923 Grams, RARE PLANETARY LOT",191.31,2021-06-28,0.923,207.27,WorthPoint
nwa-martian-meteorite,Meteorite: 23.5 Gram NWA 13187 Martian Shergottite Slice,1225.0,2021-06-27,23.5,52.13,WorthPoint
nwa-martian-meteorite,.086 Grams 6x4x3mm NWA 4878 Martian Shergottite Meteorite Fragment From Mars,47.0,2021-06-26,86.0,0.55,WorthPoint
nwa-martian-meteorite,.094 Grams 8x6x1mm Slice NWA 7397 MARTIAN SHERGOTTITE Meteorite - Glass Top Case,74.0,2021-06-26,94.0,0.79,WorthPoint
nwa-martian-meteorite,6.1 Gram - NWA 6963 - Martian Shergottite - Meteorite From Mars End Cut W/crust,1799.0,2021-06-25,6.1,294.92,WorthPoint
nwa-martian-meteorite,NWA 2737 CHASSIGNITE Martian Meteorite - .560g - Huge Surface Area! Mars,1600.0,2021-06-25,560.0,2.86,WorthPoint
nwa-martian-meteorite,SUPER RARE - 0.18 Gram - NWA 10720 Martian - Nakhlite METEORITE Fragment,380.0,2021-06-22,0.18,2111.11,WorthPoint
nwa-martian-meteorite,Meteorite: 39.32 Gram NWA 13187 Martian Shergottite Slice,1725.0,2021-06-20,39.32,43.87,WorthPoint
nwa-martian-meteorite,NWA 13366 Mars Rock 0.642g Martian Part Slice By Meteorite Men Steve,225.0,2021-06-19,0.642,350.47,WorthPoint
nwa-martian-meteorite,2x1x1mm NWA 6963 Martian Shergottite Meteorite Fragment From Mars Sample #1,8.0,2021-06-18,,,WorthPoint
nwa-martian-meteorite,NWA 13441 Martian Meteorite,9375.0,2021-06-17,,,WorthPoint
nwa-martian-meteorite,NWA 6342 Martian Meteorite,2750.0,2021-06-17,,,WorthPoint
nwa-martian-meteorite,"Meteorite**NWA 13366, Martian Peridotitic Shergottite**1.757 Gram, Endcut,Last 1",179.5,2021-06-14,1.757,102.16,WorthPoint
nwa-martian-meteorite,"1.65 Gram NWA 12262 METEORITE - Specimen - Martian (shergottite, Diabasic)",250.0,2021-06-13,1.65,151.52,WorthPoint
nwa-martian-meteorite,Tiny Martian Specimen - Rare Meteorite - Only $10 Or Best Offer,10.0,2021-06-12,,,WorthPoint
nwa-martian-meteorite,.078 Grams 5mm NWA 12594 Martian Shergottite Meteorite From Mars Fragment,32.0,2021-06-12,78.0,0.41,WorthPoint
nwa-martian-meteorite,NWA 13366 Mars Rock 0.461g Martian Part Slice By Meteorite Men Steve,161.35,2021-06-11,0.461,350.0,WorthPoint
nwa-martian-meteorite,Meteorite: 56.88 Gram NWA 13227 Martian End Piece.,2553.0,2021-06-06,56.88,44.88,WorthPoint
nwa-martian-meteorite,Meteorite: 17.06 Gram NWA 13187 Martian Shergottite 1.5mm Thin Slice,1025.0,2021-06-06,17.06,60.08,WorthPoint
nwa-martian-meteorite,0.279g NAKHLITE Martian Meteorite NWA 13669 - Rare Martian Meteorite - TOP,335.0,2021-06-04,0.279,1200.72,WorthPoint
nwa-martian-meteorite,Meteorite: 24.36 Gram NWA 13187 Martian Shergottite 1.8mm Thin Slice,1475.0,2021-05-30,24.36,60.55,WorthPoint
nwa-martian-meteorite,"NEW RARE!! NWA 10645 Nakhlite MARTIAN Meteorite, Lot Of Crumbs, 0.21 Grams",129.99,2021-05-28,0.21,619.0,WorthPoint
nwa-martian-meteorite,"2016 *ONCE OF SPACE* SILVER EAGLE ""Martian Meteorite In 24kt Red Gold ISSUE#1000",163.5,2021-05-27,,,WorthPoint
nwa-martian-meteorite,Museum Quality! Whole Oriented Nwa 6963 Martian Shergottite Meteorite! 33.5 Gm,11246.2,2021-05-26,33.5,335.71,WorthPoint
nwa-martian-meteorite,Authentic Mars Rock - Nakhilite Martian Meteor W/COA,17.75,2021-05-24,,,WorthPoint
nwa-martian-meteorite,*Just In*- Super Rare .10 Gram NWA 10720 Martian Nakhlite Meteorite Fragment COA,31.0,2021-05-24,10.0,3.1,WorthPoint
nwa-martian-meteorite,"Meteorite**NWA 13366, MARTIAN PERIDOTITIC**0.941Gram, Very Rare Gorgeous Endcut!",179.5,2021-05-24,0.941,190.75,WorthPoint
nwa-martian-meteorite,"Meteorite**NWA 13366, MARTIAN PERIDOTITIC**0.826 Gram, Rare Gorgeous Slice!!!",123.5,2021-05-24,0.826,149.52,WorthPoint
nwa-martian-meteorite,"Meteorite**NWA 12269, Martian Shergottite**0.112 Gram Slice!! Planet Mars!!!",13.57,2021-05-24,0.112,121.16,WorthPoint
nwa-martian-meteorite,Meteorite: 16.9 Gram NWA 13187 Martian Shergottite 1.5mm Thin Slice,1125.0,2021-05-23,16.9,66.57,WorthPoint
nwa-martian-meteorite,"Meteorite**NWA 13366, MARTIAN PERIDOTITIC**0.825 Gram, Rare Gorgeous Slice!!!",169.99,2021-05-20,0.825,206.05,WorthPoint
nwa-martian-meteorite,Meteorite Collection LOT 1 Lunar Martian HED Pallasite Mesosiderite Tektite RARE,599.99,2021-05-18,,,WorthPoint
nwa-martian-meteorite,"Meteorite**NWA 13366, Martian Peridotitic Shergottite**0.595 Gram, Endcut!!!",62.88,2021-05-17,0.595,105.68,WorthPoint
nwa-martian-meteorite,1.13 Gram - NWA 12269 - Martian Meteorite Slice - Shergottite,169.5,2021-05-16,1.13,150.0,WorthPoint
nwa-martian-meteorite,3.45 Grams Official Martian Meteorite Nwa 13366 Peridotitic Shergottite Coa,175.51,2021-05-15,3.45,50.87,WorthPoint
nwa-martian-meteorite,*Just In*- Super Rare .05 Gram NWA 10720 Martian Nakhlite Meteorite Fragment COA,31.0,2021-05-15,5.0,6.2,WorthPoint
nwa-martian-meteorite,11.73 Grams Official Martian Meteorite Nwa 13366 Peridotitic Shergottite Coa,541.0,2021-05-14,11.73,46.12,WorthPoint
nwa-martian-meteorite,SUPER RARE - 0.07 Gram - NWA 10720 Martian - Nakhlite METEORITE Fragment,150.0,2021-05-14,0.07,2142.86,WorthPoint
nwa-martian-meteorite,3.76 Grams Official Martian Meteorite Nwa 13366 Peridotitic Shergottite Coa,99.0,2021-05-12,3.76,26.33,WorthPoint
nwa-martian-meteorite,2x2x1mm NWA 6963 Martian Shergottite Meteorite Fragment From Mars Sample #3,9.0,2021-05-12,,,WorthPoint
nwa-martian-meteorite,"Meteorite**NWA 13366, MARTIAN PERIDOTITIC**0.485 Gram, Rare Gorgeous Mini Slice!",99.99,2021-05-10,0.485,206.16,WorthPoint
nwa-martian-meteorite,NWA 13366 Mars Rock 0.134g Martian Part Slice By Meteorite Men Steve,50.92,2021-05-09,0.134,380.0,WorthPoint
nwa-martian-meteorite,Meteorite: 42.8 Gram NWA 13366 Martian End Piece,2424.0,2021-05-09,42.8,56.64,WorthPoint
nwa-martian-meteorite,.099 Grams 6mm NWA 12594 Martian Shergottite Meteorite From Mars Fragment,40.0,2021-05-07,99.0,0.4,WorthPoint
nwa-martian-meteorite,0.387g NAKHLITE Martian Meteorite NWA 13669 - Rare Martian Meteorite - TOP,465.0,2021-05-04,0.387,1201.55,WorthPoint
nwa-martian-meteorite,"Meteorite**NWA 13366, Martian Peridotitic Shergottite**2.001 Gram, Endcut!!!",199.0,2021-05-03,2.001,99.45,WorthPoint
nwa-martian-meteorite,Meteorite: 8.1 Gram NWA 10645 Martian Nakhlite Fragment With Crust,2515.0,2021-05-02,8.1,310.49,WorthPoint
nwa-martian-meteorite,Meteorite: 3.97 Gram NWA 13366 Martian Slice,332.0,2021-05-02,3.97,83.63,WorthPoint
nwa-martian-meteorite,"Meteorite**NWA 12269, Martian Shergottite**23.769 Gram Endcut!! Planet Mars!!!",2899.0,2021-05-01,23.769,121.97,WorthPoint
nwa-martian-meteorite,0.726g NAKHLITE Martian Meteorite NWA 13669 - Rare Martian Meteorite - TOP,870.0,2021-05-01,0.726,1198.35,WorthPoint
nwa-martian-meteorite,NWA 13366 Mars Rock 0.245g Martian Part Slice By Meteorite Men Steve,85.75,2021-04-28,0.245,350.0,WorthPoint
nwa-martian-meteorite,Martian Meteorite - Gabbroic Shergottite 19g NWA 13440,1045.0,2021-04-28,19.0,55.0,WorthPoint
nwa-martian-meteorite,NWA 13366 Mars Rock 0.131g Martian Part Slice By Meteorite Men Steve,49.78,2021-04-27,0.131,380.0,WorthPoint
nwa-martian-meteorite,0.773g NAKHLITE Martian Meteorite NWA 13669 - Rare Martian Meteorite - TOP,925.0,2021-04-27,0.773,1196.64,WorthPoint
nwa-martian-meteorite,"Meteorite**NWA 13366, MARTIAN PERIDOTITIC**1.190 Gram, Rare Gorgeous Slice!!!",229.99,2021-04-27,1.19,193.27,WorthPoint
nwa-martian-meteorite,6.87g Mars Martian Shergottite Meteorite Indy * NWA 12564 -pairing * IMCA #6236,789.0,2021-04-26,6.87,114.85,WorthPoint
nwa-martian-meteorite,"Meteorite**NWA 13366, MARTIAN PERIDOTITIC**0.674 Gram, Rare Gorgeous Slice!!!",176.1,2021-04-26,0.674,261.28,WorthPoint
nwa-martian-meteorite,Low Price! Magnificent Nwa 12269 Martian Shergottite Meteorite! .81 Gms,93.75,2021-04-25,81.0,1.16,WorthPoint
nwa-martian-meteorite,Martian Meteorite - Olivine-Phyric Shergottite 10.36g NWA 13441,780.0,2021-04-23,10.36,75.29,WorthPoint
nwa-martian-meteorite,Martian Meteorite - Gabbroic Shergottite 91g NWA 13440,5915.0,2021-04-21,91.0,65.0,WorthPoint
nwa-martian-meteorite,NWA 1195 Martian Meteorite Part Slice 200mg,66.0,2021-04-21,,,WorthPoint
nwa-martian-meteorite,Martian Meteorite - Olivine-Phyric Shergottite 11.06g NWA 13441,829.0,2021-04-21,11.06,74.95,WorthPoint
nwa-martian-meteorite,Mars Meteorite Framed Print With Martian Specimen NWA-7397,115.0,2021-04-21,,,WorthPoint
nwa-martian-meteorite,"NEW RARE!! NWA 10720 Nakhlite MARTIAN Meteorite, Fragment, 0.38 Grams",227.99,2021-04-19,0.38,599.97,WorthPoint
nwa-martian-meteorite,"Meteorite**NWA 12269, Martian Shergottite**0.100 Gram Frag Lot! Planet Mars!!!",18.99,2021-04-19,0.1,189.9,WorthPoint
nwa-martian-meteorite,Martian Meteorite - Gabbroic Shergottite 4g NWA 13440,655.0,2021-04-16,4.0,163.75,WorthPoint
nwa-martian-meteorite,"Meteorite**NWA 12269, Martian Shergottite**5.640 Gram Slice!! Planet Mars!!!",629.99,2021-04-16,5.64,111.7,WorthPoint
nwa-martian-meteorite,NWA 13366 Mars Rock 0.411g Martian Part Slice By Meteorite Men Steve,144.0,2021-04-15,0.411,350.36,WorthPoint
nwa-martian-meteorite,NWA 13366 Mars Rock 0.492g Martian Part Slice By Meteorite Men Steve,172.2,2021-04-14,0.492,350.0,WorthPoint
nwa-martian-meteorite,.123 Grams 5x4x3mm Fragment Of NWA 1068 MARTIAN SHERGOTTITE METEORITE From Mars,34.0,2021-04-12,123.0,0.28,WorthPoint
nwa-martian-meteorite,NWA 13366 Mars Rock 0.272g Martian Part Slice By Meteorite Men Steve,95.2,2021-04-11,0.272,350.0,WorthPoint
nwa-martian-meteorite,NWA 13366 0.46g Mars Ultramafic Cumulate (Lherzolitic) Shergottite Meteorite,65.0,2021-04-10,0.46,141.3,WorthPoint
nwa-martian-meteorite,NWA 13366 Mars Rock 0.105g Martian Part Slice By Meteorite Men Steve,40.0,2021-04-09,0.105,380.95,WorthPoint
nwa-martian-meteorite,"1.51 Gram NWA 12262 METEORITE - Specimen - Martian (shergottite, Diabasic)",259.0,2021-04-07,1.51,171.52,WorthPoint
nwa-martian-meteorite,"Meteorite**NWA 12269, Martian Shergottite**2.326 Gram Slice!! Planet Mars!!!",249.99,2021-04-01,2.326,107.48,WorthPoint
nwa-martian-meteorite,Martian The Legendary Nakhla Meteorite 322.5 Gram End Cut From NWA,9000.0,2021-04-01,322.5,27.91,WorthPoint
nwa-martian-meteorite,"Meteorite**NWA 12269, Martian Shergottite**2.139 Gram Slice!! Planet Mars!!!",199.99,2021-03-29,2.139,93.5,WorthPoint
nwa-martian-meteorite,"Meteorite**NWA 12269, Martian Shergottite**0.912 Gram Slice!! Planet Mars!!!",75.0,2021-03-29,0.912,82.24,WorthPoint
nwa-martian-meteorite,NWA 13366 Mars Rock 0.960g Martian Part Slice By Meteorite Men Steve,288.0,2021-03-28,0.96,300.0,WorthPoint
nwa-martian-meteorite,NWA 13366 0.49g Mars Ultramafic Cumulate (Lherzolitic) Shergottite Meteorite,85.0,2021-03-28,0.49,173.47,WorthPoint
nwa-martian-meteorite,.1g Rare Nakhlite Martian Meteorite W/ Crust NWA 10645 - Own Mars! IMCA #3950,200.0,2021-03-28,1.0,200.0,WorthPoint
nwa-martian-meteorite,Meteorite: 2.08 Gram NWA 10645 Martian Nakhlite Piece,879.69,2021-03-28,2.08,422.93,WorthPoint
nwa-martian-meteorite,Meteorite: Huge 81.7 Gram NWA 13227 Martian Shergottite Slice With Shock Veins.,3050.0,2021-03-28,81.7,37.33,WorthPoint
nwa-martian-meteorite,NWA 13366 0.68g Mars Ultramafic Cumulate (Lherzolitic) Shergottite Meteorite,89.0,2021-03-27,0.68,130.88,WorthPoint
nwa-martian-meteorite,0.8 Gram - NWA 7397 - MARS METEORITE SLICE - Shergottite (Martian) Ex Schooler,270.0,2021-03-24,0.8,337.5,WorthPoint
nwa-martian-meteorite,.076 Gram 7mm NWA 13227 Martian Shergottite Meteorite Fragment From Mars,13.0,2021-03-23,76.0,0.17,WorthPoint
nwa-martian-meteorite,Two 2x1x1mm NWA 6963 Martian Shergottite Meteorite Fragment From Mars Sample #2,13.0,2021-03-23,,,WorthPoint
nwa-martian-meteorite,"Meteorite**NWA 12269, Martian Shergottite**0.511 Gram Slice!! Planet Mars!!!",49.0,2021-03-22,0.511,95.89,WorthPoint
nwa-martian-meteorite,"Meteorite**NWA 12269, Martian Shergottite**0.358 Gram Slice!! Planet Mars!!!",35.43,2021-03-22,0.358,98.97,WorthPoint
nwa-martian-meteorite,"Meteorite**NWA 12269, Martian Shergottite**1.089 Gram Slice!! Planet Mars!!!",109.0,2021-03-22,1.089,100.09,WorthPoint
nwa-martian-meteorite,2x2x2mm NWA 6963 Martian Shergottite Meteorite Fragment From Mars Sample #5,10.0,2021-03-20,,,WorthPoint
nwa-martian-meteorite,NWA 1950 Martian Meteorite - Main Mass,187500.0,2021-03-19,,,WorthPoint
nwa-martian-meteorite,NWA 2737 Martian Meteorite - Main Mass,187500.0,2021-03-19,,,WorthPoint
nwa-martian-meteorite,"Meteorite**NWA 12269, Martian Shergottite**0.997 Gram Slice!! Planet Mars!!!",129.99,2021-03-18,0.997,130.38,WorthPoint
nwa-martian-meteorite,"Meteorite**NWA 12269, Martian Shergottite**3.131 Gram Slice!! Planet Mars!!!",329.99,2021-03-18,3.131,105.39,WorthPoint
nwa-martian-meteorite,"3.66 Gram NWA 12262 METEORITE - SLICE - Martian (shergottite, Diabasic)",550.0,2021-03-17,3.66,150.27,WorthPoint
nwa-martian-meteorite,.123 Gram 5x4x3mm NWA 6963 Martian Shergottite Meteorite Fragment From Mars,34.0,2021-03-15,123.0,0.28,WorthPoint
nwa-martian-meteorite,"Meteorite**NWA 12269, Martian Shergottite**3.340 Gram Slice!! Planet Mars!!!",329.99,2021-03-13,3.34,98.8,WorthPoint
nwa-martian-meteorite,"Meteorite**NWA 12269, Martian Shergottite**10.954 Gram Slice!! Planet Mars!!!",945.0,2021-03-13,10.954,86.27,WorthPoint
nwa-martian-meteorite,"Meteorite**NWA 12269, Martian Shergottite**11.842 Gram Slice!! Planet Mars!!!",1000.0,2021-03-13,11.842,84.45,WorthPoint
nwa-martian-meteorite,"Meteorite**NWA 12269, Martian Shergottite**6.874 Gram Slice!! Planet Mars!!!",699.99,2021-03-13,6.874,101.83,WorthPoint
nwa-martian-meteorite,Meteorite: 24.4 Gram NWA 13187 Martian Shergottite.,1425.0,2021-03-13,24.4,58.4,WorthPoint
nwa-martian-meteorite,Meteorite: 5.25 Gram NWA 13366 Martian Slice,382.0,2021-03-13,5.25,72.76,WorthPoint
nwa-martian-meteorite,NWA 13366 Mars Rock 0.438g Martian Part Slice By Meteorite Men Steve,153.3,2021-03-12,0.438,350.0,WorthPoint
nwa-martian-meteorite,Martian Meteorite NWA 12269 Pairing 1.5g Slice Confirmed By Prof. Irving!,139.0,2021-03-10,1.5,92.67,WorthPoint
nwa-martian-meteorite,NWA 13366 0.22g Mars Ultramafic Cumulate (Lherzolitic) Shergottite Meteorite,43.0,2021-03-09,0.22,195.45,WorthPoint
nwa-martian-meteorite,.172 Grams 7x4x4mm Fragment NWA 1110 Martian METEORITE Shergottite From Mars,99.0,2021-03-09,172.0,0.58,WorthPoint
nwa-martian-meteorite,SUPER RARE - 0.19 Gram - NWA 10720 Martian - Nakhlite METEORITE Fragment,380.0,2021-03-09,0.19,2000.0,WorthPoint
nwa-martian-meteorite,.052 Grams 5x3x1mm Slice Fragment NWA 7397 MARTIAN SHERGOTTITE Mars Meteorite,49.0,2021-03-08,52.0,0.94,WorthPoint
nwa-martian-meteorite,08877 - MARTIAN NWA 6963 Shergottite Mars Meteorite 0.368 G Crusted Fragment,128.8,2021-03-07,0.368,350.0,WorthPoint
nwa-martian-meteorite,.564 Gram 11x8x3mm NWA 13227 Martian Shergottite Meteorite Slice Fragment Mars,84.0,2021-03-07,564.0,0.15,WorthPoint
nwa-martian-meteorite,.006 Gram 3x2x1mm NWA 13227 Martian Shergottite Meteorite Fragment From Mars,10.5,2021-03-06,6.0,1.75,WorthPoint
nwa-martian-meteorite,2017 1 Oz Silver Mars Solar System Antique Finish With Meteorite NWA 7397. Niue.,279.95,2021-03-06,28.35,9.87,WorthPoint
nwa-martian-meteorite,.025 Grams 5x4x1mm Slice NWA 7397 MARTIAN SHERGOTTITE Meteorite - Glass Top Case,25.0,2021-03-06,25.0,1.0,WorthPoint
nwa-martian-meteorite,"1.26 Gram NWA 12262 METEORITE - SLICE - Martian (shergottite, Diabasic)",190.0,2021-03-03,1.26,150.79,WorthPoint
nwa-martian-meteorite,Rare Shocked End Cut! Amazing Nwa 6963 Martian Shergottite Meteorite! 1.538 Gms,524.25,2021-03-03,1.538,340.86,WorthPoint
nwa-martian-meteorite,Nice 3.51 Gram NWA 6963 Martian Shergottite Crusted Endcut - Meteorite From Mars,890.0,2021-03-02,3.51,253.56,WorthPoint
nwa-martian-meteorite,NWA 4930 MARTIAN Shergottite Meteorite Mars RARE SNC Northwest Africa IMCA A,149.99,2021-03-01,,,WorthPoint
nwa-martian-meteorite,08872 - MARTIAN NWA 6963 Shergottite Mars Meteorite 0.169 G Crusted Fragment,59.15,2021-02-27,0.169,350.0,WorthPoint
nwa-martian-meteorite,Meteorite: 21.11 Gram NWA 13187 Martian Shergottite.,1139.0,2021-02-27,21.11,53.96,WorthPoint
nwa-martian-meteorite,.185 Gram 10mm NWA 13227 Martian Shergottite Meteorite Slice Fragment From Mars,26.0,2021-02-26,185.0,0.14,WorthPoint
nwa-martian-meteorite,.297 Grams 8x7x5mm Fragment Of NWA 1068 MARTIAN SHERGOTTITE METEORITE From Mars,109.0,2021-02-25,297.0,0.37,WorthPoint
nwa-martian-meteorite,.056 Grams NWA 1110 Martian METEORITE Shergottite From Mars- You Get Them All,44.0,2021-02-25,56.0,0.79,WorthPoint
nwa-martian-meteorite,.081 Gram 7mm NWA 13227 Martian Shergottite Meteorite Fragment From Mars,14.0,2021-02-22,81.0,0.17,WorthPoint
nwa-martian-meteorite,.2g Rare Nakhlite Martian Meteorite W/ Crust NWA 10645 - Own Mars! IMCA #3950,275.0,2021-02-22,2.0,137.5,WorthPoint
nwa-martian-meteorite,"0.51 Gram NWA 12262 METEORITE - Specimen - Martian (shergottite, Diabasic)",99.0,2021-02-21,0.51,194.12,WorthPoint
nwa-martian-meteorite,NWA 13366 Mars Rock 0.259g Martian Part Slice By Meteorite Men Steve,90.65,2021-02-21,0.259,350.0,WorthPoint
nwa-martian-meteorite,NWA 13366 Mars Rock 0.215g Martian Part Slice By Meteorite Men Steve,75.25,2021-02-21,0.215,350.0,WorthPoint
nwa-martian-meteorite,NWA 13366 Mars Rock 0.274g Martian Part Slice By Meteorite Men Steve,95.9,2021-02-21,0.274,350.0,WorthPoint
nwa-martian-meteorite,Meteorite: 14.47 Gram NWA 13187 Martian Shergottite.,805.0,2021-02-20,14.47,55.63,WorthPoint
nwa-martian-meteorite,NWA 13366 0.81g Mars Ultramafic Cumulate (Lherzolitic) Shergottite Meteorite,102.0,2021-02-20,0.81,125.93,WorthPoint
nwa-martian-meteorite,NWA 13366 Mars Rock 0.223g Martian Part Slice By Meteorite Men Steve,78.05,2021-02-20,0.223,350.0,WorthPoint
nwa-martian-meteorite,NWA 13366 Mars Rock 0.142g Martian Part Slice By Meteorite Men Steve,49.7,2021-02-19,0.142,350.0,WorthPoint
nwa-martian-meteorite,Crusted Fragment .055 Grams 5x3x2mm NWA 12594 Martian Shergottite Meteorite,28.0,2021-02-18,55.0,0.51,WorthPoint
nwa-martian-meteorite,SUPER RARE - 0.10 Gram - NWA 10720 Martian - Nakhlite METEORITE Fragment,200.0,2021-02-18,0.1,2000.0,WorthPoint
nwa-martian-meteorite,LUNAR METEORITE ? Impact Breccia? Moon Rock ? Martian Magnetic NWA Unclassified,12.99,2021-02-15,,,WorthPoint
nwa-martian-meteorite,"Meteorite**NWA 12269, Martian Shergottite**5.638 Gram Endcut!!! Planet Mars!!!",420.0,2021-02-15,5.638,74.49,WorthPoint
nwa-martian-meteorite,Meteorite:38.71 Gram NWA 13366 Martian Shergottite End Piece,2300.0,2021-02-13,38.71,59.42,WorthPoint
nwa-martian-meteorite,"NWA 13367, 7.44 G, Polished Slice Of Martian Lherzolitic Shergottite Meteorite",740.0,2021-02-13,7.44,99.46,WorthPoint
nwa-martian-meteorite,Meteorite: 15.3 Gram NWA 13227 Martian Shergottite.,1100.0,2021-02-10,15.3,71.9,WorthPoint
nwa-martian-meteorite,1.09 Gram - NWA 6963 - Martian Shergottite - Meteorite - From Mars,275.0,2021-02-09,1.09,252.29,WorthPoint
nwa-martian-meteorite,"NWA 13134 MARS SHERGOTTITE METEORITE SLICE, 2.43 GRAMS, 2013 FIND, TKW 15 Grams",500.0,2021-02-09,2.43,205.76,WorthPoint
nwa-martian-meteorite,.042 Grams 4mm NWA 12594 Martian Shergottite Meteorite From Mars Fragment,18.0,2021-02-08,42.0,0.43,WorthPoint
nwa-martian-meteorite,Crusted .164 Grams 6x5x4mm NWA 12594 Martian Shergottite Meteorite From Mars,68.0,2021-02-08,164.0,0.41,WorthPoint
nwa-martian-meteorite,"Meteorite**NWA 12269, Martian Shergottite**1.652 Gram Slice!! Planet Mars!!!",99.99,2021-02-08,1.652,60.53,WorthPoint
nwa-martian-meteorite,"2.03 Gram NWA 12262 METEORITE - SLICE - Martian (shergottite, Diabasic)",299.0,2021-02-07,2.03,147.29,WorthPoint
nwa-martian-meteorite,.031 Grams 3mm NWA 12594 Martian Shergottite Meteorite From Mars Fragment,14.0,2021-02-05,31.0,0.45,WorthPoint
nwa-martian-meteorite,Martian Meteorite - NWA 1068 Fragment With Polished Face - 0.97 Grams,249.0,2021-01-31,0.97,256.7,WorthPoint
nwa-martian-meteorite,Meteorite:10.78 Gram NWA 13366 Martian Shergottite Slice,731.0,2021-01-30,10.78,67.81,WorthPoint
nwa-martian-meteorite,Meteorite: 4.95 Gram NWA 13227 Martian Shergottite Part Slice,208.5,2021-01-30,4.95,42.12,WorthPoint
nwa-martian-meteorite,Meteorite: 0.32 Gram NWA 10645 Martian Nakhlite Slice,133.5,2021-01-30,0.32,417.19,WorthPoint
nwa-martian-meteorite,Crusted Fragment .216 Grams 6x6x5mm NWA 12594 Martian Shergottite Meteorite,92.0,2021-01-29,216.0,0.43,WorthPoint
nwa-martian-meteorite,.403 Grams 8x7x6mm Fragment Of NWA 1068 MARTIAN SHERGOTTITE METEORITE From Mars,149.0,2021-01-29,403.0,0.37,WorthPoint
nwa-martian-meteorite,"Meteorite**NWA 12269, Martian Shergottite**3.971 Gram Slice!! Planet Mars!!!",399.99,2021-01-28,3.971,100.73,WorthPoint
nwa-martian-meteorite,NWA 13366 0.36g Mars Ultramafic Cumulate (Lherzolitic) Shergottite Meteorite,59.0,2021-01-28,0.36,163.89,WorthPoint
nwa-martian-meteorite,.022 Grams 4mm NWA 12594 Martian Shergottite Meteorite From Mars,10.0,2021-01-27,22.0,0.45,WorthPoint
nwa-martian-meteorite,.006 Grams 2mm Fragment Sample NWA 1110 Martian METEORITE Shergottite From Mars,8.0,2021-01-27,6.0,1.33,WorthPoint
nwa-martian-meteorite,.005 Grams 2mm Fragment Sample NWA 1110 Martian METEORITE Shergottite From Mars,7.5,2021-01-25,5.0,1.5,WorthPoint
nwa-martian-meteorite,"Meteorite**NWA 12269, Martian Shergottite**1.343 Gram Slice!! Planet Mars!!!",59.0,2021-01-25,1.343,43.93,WorthPoint
nwa-martian-meteorite,3.37g MARTIAN RARE NAKHLITE METEORITE NWA 10645 - OWN MARS!,3200.0,2021-01-21,3.37,949.55,WorthPoint
nwa-martian-meteorite,NWA 5000 LUNAR Meteorite BLACK BEAUTY MARTIAN Moon & Mars Rocks COA 40-50 MG,125.0,2021-01-20,,,WorthPoint
nwa-martian-meteorite,0.70 Gram - NWA 12269 - Martian Meteorite Slice - Shergottite,104.0,2021-01-19,0.7,148.57,WorthPoint
nwa-martian-meteorite,Martian Meteorite NWA 12269 Pairing 2.2g End Cut Confirmed By Prof. Irving!,198.0,2021-01-19,2.2,90.0,WorthPoint
nwa-martian-meteorite,Fresh Crust .013 Grams 3x3x1mm NWA 12594 Martian Shergottite Meteorite From Mars,16.5,2021-01-18,13.0,1.27,WorthPoint
nwa-martian-meteorite,Fresh Crust .016 Grams 4x2x2mm NWA 12594 Martian Shergottite Meteorite From Mars,14.99,2021-01-18,16.0,0.94,WorthPoint
nwa-martian-meteorite,.011 Grams 3mm Fragment Sample NWA 1110 Martian METEORITE Shergottite From Mars,9.5,2021-01-17,11.0,0.86,WorthPoint
nwa-martian-meteorite,.020 Grams 3x3x1mm Slice Fragment NWA 7397 MARTIAN SHERGOTTITE Mars Meteorite,23.0,2021-01-17,20.0,1.15,WorthPoint
nwa-martian-meteorite,.024 Gram 3x2x2mm NWA 6963 Martian Shergottite Meteorite Fragment From Mars,15.0,2021-01-17,24.0,0.62,WorthPoint
nwa-martian-meteorite,.026 Gram 4x2x1mm NWA 6963 Martian Shergottite Meteorite Fragment From Mars,16.0,2021-01-17,26.0,0.62,WorthPoint
nwa-martian-meteorite,.015 Grams 2x2x2mm NWA 4878 Martian Shergottite Meteorite Fragment From Mars,14.0,2021-01-17,15.0,0.93,WorthPoint
nwa-martian-meteorite,.011 Grams 3x2x1mm Fragment Of NWA 13237 Martian METEORITE Shergottite From Mars,14.0,2021-01-17,11.0,1.27,WorthPoint
nwa-martian-meteorite,.039 Grams 3x3x2mm Fragment Of NWA 13237 Martian METEORITE Shergottite From Mars,29.0,2021-01-17,39.0,0.74,WorthPoint
nwa-martian-meteorite,Fresh Crust .008 Grams 2x2x1mm NWA 12594 Martian Shergottite Meteorite From Mars,13.0,2021-01-16,8.0,1.62,WorthPoint
nwa-martian-meteorite,Fresh Crust .012 Grams 3x3x1mm NWA 12594 Martian Shergottite Meteorite From Mars,16.5,2021-01-16,12.0,1.38,WorthPoint
nwa-martian-meteorite,2mm Micro Sample NWA 12594 Martian Shergottite Meteorite Fragment From Mars,5.5,2021-01-16,,,WorthPoint
nwa-martian-meteorite,.010 Grams NWA 12594 Martian Shergottite Meteorite Fragment From Mars,8.0,2021-01-16,10.0,0.8,WorthPoint
nwa-martian-meteorite,"Nwa 12269 Mars Shergottite Meteorite Slice 0.917 Grams, End Cut",220.0,2021-01-16,0.917,239.91,WorthPoint
nwa-martian-meteorite,NWA 13366 0.53g Mars Ultramafic Cumulate (Lherzolitic) Shergottite Meteorite,65.0,2021-01-16,0.53,122.64,WorthPoint
nwa-martian-meteorite,.229 Grams 8x5x4mm NWA 12594 Martian Shergottite Meteorite Fragment From Mars,95.0,2021-01-12,229.0,0.41,WorthPoint
nwa-martian-meteorite,4.4g Mars Martian Shergottite Meteorite Indy * NWA 12269 -pairing * IMCA #6236,520.0,2021-01-12,4.4,118.18,WorthPoint
nwa-martian-meteorite,NWA 13187 2.85g Sale! Shergottite Meteorite Endcut Of Martian Madness,325.0,2021-01-11,2.85,114.04,WorthPoint
nwa-martian-meteorite,"Meteorite**NWA 12269, Martian Shergottite**1.083 Gram Slice!! Planet Mars!!!",102.5,2021-01-11,1.083,94.64,WorthPoint
nwa-martian-meteorite,"Meteorite**NWA 12269, Martian Shergottite**0.574 Gram Slice!! Planet Mars!!!",91.0,2021-01-11,0.574,158.54,WorthPoint
nwa-martian-meteorite,"Meteorite**NWA 12269, Martian Shergottite**0.537 Gram Slice!! Planet Mars!!!",36.77,2021-01-11,0.537,68.47,WorthPoint
nwa-martian-meteorite,"Meteorite**NWA 6963, Martian Shergottite**0.918 Gram, W/Fusion Crust!!!",91.0,2021-01-11,0.918,99.13,WorthPoint
nwa-martian-meteorite,NWA 13366 0.31g Mars Ultramafic Cumulate (Lherzolitic) Shergottite Meteorite,39.0,2021-01-09,0.31,125.81,WorthPoint
nwa-martian-meteorite,0.64 Gram - NWA 6963 - Martian Shergottite - Meteorite - From Mars,190.0,2021-01-05,0.64,296.88,WorthPoint
nwa-martian-meteorite,Shocked Martian!! RARE Olivine-bearing Shergottite Meteorite NWA 13227 Big 5.2g,499.0,2021-01-04,5.2,95.96,WorthPoint
nwa-martian-meteorite,Meteorite Mars Martian 3.72gm Shergottite NWA 6963 Meteorite Men Steve Arnold,799.99,2021-01-04,3.72,215.05,WorthPoint
nwa-martian-meteorite,NWA 13366 1.20g Mars Ultramafic Cumulate (Lherzolitic) Shergottite Meteorite,138.0,2021-01-02,1.2,115.0,WorthPoint
nwa-martian-meteorite,Meteorite NWA 817 Achondrite Martian Nakhlite - 0817-0004 - Micro - Very Rare,19.95,2020-12-31,,,WorthPoint
nwa-martian-meteorite,NWA 13187 0.37g Martian Meteorite Slice Of Shergottite Sweetness,55.0,2020-12-31,0.37,148.65,WorthPoint
nwa-martian-meteorite,NWA 13366 Mars Rock 0.953g Martian Part Slice By Meteorite Men Steve,171.54,2020-12-30,0.953,180.0,WorthPoint
nwa-martian-meteorite,"Meteorite**NWA 6963, Martian Shergottite**0.539 Gram, W/Fusion Crust!!!",59.99,2020-12-29,0.539,111.3,WorthPoint
nwa-martian-meteorite,Rare Martian Olivine-bearing Gabbroic Shergottite Meteorite NWA 13227 0.79g,75.95,2020-12-29,0.79,96.14,WorthPoint
nwa-martian-meteorite,"0.91 Gram NWA 12262 METEORITE - SLICE - Martian (shergottite, Diabasic)",169.0,2020-12-28,0.91,185.71,WorthPoint
nwa-martian-meteorite,.010 Grams 2mm Fragment Sample NWA 1110 Martian METEORITE Shergottite From Mars,9.0,2020-12-27,10.0,0.9,WorthPoint
nwa-martian-meteorite,"Meteorite**NWA 6963, Martian Shergottite**0.930 Gram, W/Fusion Crust!!!",99.99,2020-12-27,0.93,107.52,WorthPoint
nwa-martian-meteorite,NWA 13366 0.60g Mars Ultramafic Cumulate (Lherzolitic) Shergottite Meteorite,85.0,2020-12-26,0.6,141.67,WorthPoint
nwa-martian-meteorite,1.73 Gram - NWA 12269 - Martian Meteorite SLICE - Shergottite,260.0,2020-12-25,1.73,150.29,WorthPoint
nwa-martian-meteorite,NWA 13366 Mars Rock 0.242g Martian Part Slice By Meteorite Men Steve,43.56,2020-12-19,0.242,180.0,WorthPoint
nwa-martian-meteorite,NWA 13366 3.83g SALE Mars Ultramafic Cumulate (Lherzolitic) Shergottite Meteorit,399.0,2020-12-19,3.83,104.18,WorthPoint
nwa-martian-meteorite,Nice 0.37 Gram - NWA 6963 - Martian Shergottite Slice - Meteorite From Mars,84.0,2020-12-19,0.37,227.03,WorthPoint
nwa-martian-meteorite,NWA 13366 Mars Rock 0.278g Martian Part Slice By Meteorite Men Steve,50.04,2020-12-18,0.278,180.0,WorthPoint
nwa-martian-meteorite,NWA 13366 Mars Rock 0.251g Martian Part Slice By Meteorite Men Steve,45.18,2020-12-17,0.251,180.0,WorthPoint
nwa-martian-meteorite,"NEW RARE!! NWA 10720 Nakhlite MARTIAN Meteorite, Lot Of 3 Fragments, 0.23 Grams",149.99,2020-12-17,0.23,652.13,WorthPoint
nwa-martian-meteorite,NWA 13366 Mars Rock 0.224g Martian Part Slice By Meteorite Men Steve,40.32,2020-12-16,0.224,180.0,WorthPoint
nwa-martian-meteorite,Nice 1.65 Gram - NWA 6963 - Martian Shergottite Slice - Meteorite From Mars,288.4,2020-12-16,1.65,174.79,WorthPoint
nwa-martian-meteorite,NWA 13366 Mars Rock 1.29g Martian Part Slice By Meteorite Men Steve,232.0,2020-12-16,1.29,179.84,WorthPoint
nwa-martian-meteorite,NWA 13366 Mars Rock 0.396g Martian Part Slice By Meteorite Men Steve,71.28,2020-12-16,0.396,180.0,WorthPoint
nwa-martian-meteorite,NWA 13366 Mars Rock 0.292g Martian Part Slice By Meteorite Men Steve,52.56,2020-12-16,0.292,180.0,WorthPoint
nwa-martian-meteorite,Meteorite Nwa 12262 Martian Shergottite 1.45 Gram Slice Ex. Garcia,75.0,2020-12-13,1.45,51.72,WorthPoint
nwa-martian-meteorite,NWA 13366 Mars Rock 0.639g Martian Part Slice By Meteorite Men Steve,115.02,2020-12-13,0.639,180.0,WorthPoint
nwa-martian-meteorite,Nice 0.43 Gram - NWA 6963 - Martian Shergottite Slice - Meteorite From Mars,90.3,2020-12-13,0.43,210.0,WorthPoint
nwa-martian-meteorite,NWA 13366 Mars Rock 0.343g Martian Part Slice By Meteorite Men Steve,61.74,2020-12-13,0.343,180.0,WorthPoint
nwa-martian-meteorite,.11 Grams Official Martian Meteorite Nwa 6963 From Planet Mars Coa Free Shipping,18.7,2020-12-12,11.0,1.7,WorthPoint
nwa-martian-meteorite,NWA 13366 0.12g Mars Ultramafic Cumulate (Lherzolitic) Shergottite Meteorite,11.5,2020-12-12,0.12,95.83,WorthPoint
nwa-martian-meteorite,NWA 13366 0.25g Mars Ultramafic Cumulate (Lherzolitic) Shergottite Meteorite,38.0,2020-12-12,0.25,152.0,WorthPoint
nwa-martian-meteorite,NWA 13366 Mars Rock 0.312g Martian Part Slice By Meteorite Men Steve,56.16,2020-12-12,0.312,180.0,WorthPoint
nwa-martian-meteorite,Martian Mars Meteorite 2.7g - Lherzolitic/Poikilitic End Cut - NWA 13366,280.0,2020-12-11,2.7,103.7,WorthPoint
nwa-martian-meteorite,NWA 13366 Mars Rock 0.304g Martian Part Slice By Meteorite Men Steve,54.72,2020-12-09,0.304,180.0,WorthPoint
nwa-martian-meteorite,14.3 G Martian Meteorite NWA 13257 -- Perfect Large Full Slice!,1199.0,2020-12-09,14.3,83.85,WorthPoint
nwa-martian-meteorite,Rare Shocked Full Slice! Amazing Nwa 6963 Martian Shergottite Meteorite! .89 Gms,333.75,2020-12-09,89.0,3.75,WorthPoint
nwa-martian-meteorite,.135 Grams 5x4x3mm NWA 13237 Martian METEORITE Shergottite Mars Low TKW 35.5gram,79.0,2020-12-09,135.0,0.59,WorthPoint
nwa-martian-meteorite,NWA 13187 0.89g Martian Meteorite Slice Of Shergottite Sweetness,129.0,2020-12-07,0.89,144.94,WorthPoint
nwa-martian-meteorite,Meteorite Nwa 13187 Mars Shergottite Nice Slice!,22.99,2020-12-06,,,WorthPoint
nwa-martian-meteorite,Meteorite Nwa 12269 Martian (shergottite) .69 Gram Slice,42.55,2020-12-06,69.0,0.62,WorthPoint
nwa-martian-meteorite,One 1mm Micro Fragment Of NWA 7397 MARTIAN SHERGOTTITE METEORITE From Mars,5.99,2020-12-06,,,WorthPoint
nwa-martian-meteorite,Nwa 6963 Martian (shergottite) .51 Grams Meteorite Slice,24.99,2020-12-06,51.0,0.49,WorthPoint
nwa-martian-meteorite,Martian Meteorite NWA 12269 Pairing 1.4g End Cut Confirmed By Prof. Irving!,129.0,2020-12-05,1.4,92.14,WorthPoint
nwa-martian-meteorite,1.12 Gram NWA 12262 - Martian Meteorite (shergottite Diabasic) Nice Thin Slice,126.75,2020-12-02,1.12,113.17,WorthPoint
nwa-martian-meteorite,NWA 13366 0.23g Mars Ultramafic Cumulate (Lherzolitic) Shergottite Meteorite,46.0,2020-11-29,0.23,200.0,WorthPoint
nwa-martian-meteorite,Meteorite Nwa 12965 Martian Shergottite .47 Grams,24.99,2020-11-28,47.0,0.53,WorthPoint
nwa-martian-meteorite,NWA 13187 0.12g Martian Meteorite Slice Lot Of Shergottite Sweetness,15.5,2020-11-28,0.12,129.17,WorthPoint
nwa-martian-meteorite,Nice Martian Micro Olivine-bearing Gabbroic Shergottite Meteorite NWA 13227 0.1g,18.0,2020-11-28,0.1,180.0,WorthPoint
nwa-martian-meteorite,NWA 13366 Martian Shergottite Mars Meteorite Lherzolitic 2.70g Full Slice,525.0,2020-11-25,2.7,194.44,WorthPoint
nwa-martian-meteorite,NWA 13187 0.34g Shergottite Slice Of Martian Madness,51.0,2020-11-22,0.34,150.0,WorthPoint
nwa-martian-meteorite,NWA 13187 0.18g Martian Meteorite Slice Of Shergottite Sweetness,22.61,2020-11-21,0.18,125.61,WorthPoint
nwa-martian-meteorite,NWA 13187 0.44g Martian Meteorite Slice Of Shergottite Sweetness,65.0,2020-11-21,0.44,147.73,WorthPoint
nwa-martian-meteorite,.030 Grams 5x2x2mm Fragment Of NWA 13237 Martian METEORITE Shergottite From Mars,23.0,2020-11-20,30.0,0.77,WorthPoint
nwa-martian-meteorite,1.04 Gram - NWA 12269 - Martian Meteorite Slice - Shergottite,116.25,2020-11-20,1.04,111.78,WorthPoint
nwa-martian-meteorite,NWA 2737 Martian Chassignite Found 2000 Northwest Africa 0.166 Grams,82.0,2020-11-19,0.166,493.98,WorthPoint
nwa-martian-meteorite,"End-cut Crust!! MARTIAN Shergottite Meteorite, NWA 6963 W/ Display, .173 Gram",29.7,2020-11-19,173.0,0.17,WorthPoint
nwa-martian-meteorite,NWA 2737 Chassignite Martian Meteorite .002 Gram Micro TKW 611 Gram Found 2000,49.0,2020-11-16,2.0,24.5,WorthPoint
nwa-martian-meteorite,Meteorite NWA 998 Achondrite Martian Nakhlite - 0998-0007 - Micro - Very Rare,19.95,2020-11-15,,,WorthPoint
nwa-martian-meteorite,.101 Grams 7mm Fragment Of NWA 1068 MARTIAN SHERGOTTITE METEORITE From Mars,42.0,2020-11-15,101.0,0.42,WorthPoint
nwa-martian-meteorite,NWA 13366 Martian Shergottite Mars Meteorite Lherzolitic 2.32g Full Slice,419.0,2020-11-15,2.32,180.6,WorthPoint
nwa-martian-meteorite,NWA 13366 0.67g Mars Ultramafic Cumulate (Lherzolitic) Shergottite Meteorite,69.0,2020-11-14,0.67,102.99,WorthPoint
nwa-martian-meteorite,NWA 13366 0.28g Mars Ultramafic Cumulate (Lherzolitic) Shergottite Meteorite,41.0,2020-11-14,0.28,146.43,WorthPoint
nwa-martian-meteorite,NWA 13187 0.16g Martian Meteorite Slice Of Shergottite Sweetness,20.5,2020-11-14,0.16,128.12,WorthPoint
nwa-martian-meteorite,NWA 13187 0.48g Martian Meteorite Slice Of Shergottite Sweetness,65.0,2020-11-14,0.48,135.42,WorthPoint
nwa-martian-meteorite,.390 Grams 8x7x6mm Fragment Of NWA 1068 MARTIAN SHERGOTTITE METEORITE From Mars,129.0,2020-11-13,390.0,0.33,WorthPoint
nwa-martian-meteorite,"0.94 Gram NWA 12262 METEORITE - Specimen - Martian (shergottite, Diabasic)",116.25,2020-11-13,0.94,123.67,WorthPoint
nwa-martian-meteorite,"Meteorite From Mars, Nwa 7397 Amazing Crust Martian Shergottie, Found In Smara",229.0,2020-11-12,,,WorthPoint
nwa-martian-meteorite,"Nwa 12269 Mars Shergottite Meteorite Slice 2.392 Gr, Fresh 2018",499.0,2020-11-12,2.392,208.61,WorthPoint
nwa-martian-meteorite,NWA 817 Martian Meteorite Slice,1625.0,2020-11-10,,,WorthPoint
nwa-martian-meteorite,NWA 13250 Martian Meteorite,2875.0,2020-11-10,,,WorthPoint
nwa-martian-meteorite,1.21 Gram NWA 12262 - Martian Meteorite (shergottite Diabasic) Nice Thin Slice,134.25,2020-11-09,1.21,110.95,WorthPoint
nwa-martian-meteorite,.116 Gram 6x4x4mm NWA 6963 Martian Shergottite Meteorite Fragment From Mars,58.0,2020-11-04,116.0,0.5,WorthPoint
nwa-martian-meteorite,NWA 6963 Martian Meteorite .07 Grams Fusion Crusted,13.0,2020-11-03,7.0,1.86,WorthPoint
nwa-martian-meteorite,Meteorite NWA 6963 Achondrite Martian Shergottite - G201-0326 - 0.56g - P/Slice,139.95,2020-11-01,0.56,249.91,WorthPoint
nwa-martian-meteorite,"Nwa 12269 Mars Shergottite Meteorite Slice 1.123 Grams, Fresh 2018",250.0,2020-10-31,1.123,222.62,WorthPoint
nwa-martian-meteorite,.098 Grams 5x4x3mm NWA 13237 Martian METEORITE Shergottite Mars Low TKW 35.5gram,70.0,2020-10-31,98.0,0.71,WorthPoint
nwa-martian-meteorite,NWA 13366 0.20g Mars Ultramafic Cumulate (Lherzolitic) Shergottite Meteorite,17.5,2020-10-31,0.2,87.5,WorthPoint
nwa-martian-meteorite,NWA 13187 0.20g Martian Meteorite Slice Lot Of Shergottite Sweetness,29.0,2020-10-31,0.2,145.0,WorthPoint
nwa-martian-meteorite,0.87 Gram - NWA 6963 - Martian Shergottite - Meteorite - From Mars,161.25,2020-10-29,0.87,185.34,WorthPoint
nwa-martian-meteorite,NWA 13366 2.01g SALE Mars Ultramafic Cumulate Shergottite Meteorite,250.0,2020-10-24,2.01,124.38,WorthPoint
nwa-martian-meteorite,NWA 13366 0.16g Mars Ultramafic Cumulate (Lherzolitic) Shergottite Meteorite,20.5,2020-10-24,0.16,128.12,WorthPoint
nwa-martian-meteorite,RARE Martian W/ Crust!! Olivine-bearing Gabbroic Shergottite Meteorite 0.61g,85.0,2020-10-20,0.61,139.34,WorthPoint
nwa-martian-meteorite,NWA 13366 Martian Shergottite Mars Meteorite Lherzolitic Translucent Slice,59.95,2020-10-17,,,WorthPoint
nwa-martian-meteorite,NWA 13366 1.71g SALE Mars Ultramafic Cumulate Shergottite Meteorite,227.5,2020-10-17,1.71,133.04,WorthPoint
nwa-martian-meteorite,NWA 6963 Mars Rock 18 Mg Martian Meteorite Specimen See Label For More Info,56.25,2020-10-17,,,WorthPoint
nwa-martian-meteorite,NWA 2626 MARTIAN Shergottite Meteorite VERY RARE Mars Northwest Africa IMCA,20.99,2020-10-14,,,WorthPoint
nwa-martian-meteorite,"SNC MARTIAN METEORITE Set Shergottite Nakhlite Chassignite NWA 998, 2626, 2737",199.99,2020-10-13,,,WorthPoint
nwa-martian-meteorite,.047 Grams 5x3x3mm NWA 4878 Martian Shergottite Meteorite Fragment From Mars,30.0,2020-10-13,47.0,0.64,WorthPoint
nwa-martian-meteorite,.039 Grams 5x4x1mm Cut Slice NWA 7397 MARTIAN SHERGOTTITE METEORITE From Mars,29.0,2020-10-13,39.0,0.74,WorthPoint
nwa-martian-meteorite,.117 Grams 6x4x3mm Fragment Of NWA 1110 Martian METEORITE Shergottite From Mars,75.0,2020-10-13,117.0,0.64,WorthPoint
nwa-martian-meteorite,NWA 13187 0.22g Martian Meteorite Slice Of Shergottite Sweetness,33.0,2020-10-13,0.22,150.0,WorthPoint
nwa-martian-meteorite,NWA 13366 0.24g Mars Ultramafic Cumulate (Lherzolitic) Shergottite Meteorite,47.0,2020-10-13,0.24,195.83,WorthPoint
nwa-martian-meteorite,.290 Gram 11x11x1mm Slice NWA 7397 MARTIAN SHERGOTTITE Meteorite -glass Top Case,149.0,2020-10-13,290.0,0.51,WorthPoint
nwa-martian-meteorite,.072 Grams 4x4x3mm NWA 4878 Martian Shergottite Meteorite Fragment From Mars,55.0,2020-10-10,72.0,0.76,WorthPoint
nwa-martian-meteorite,NWA 13366 Martian Shergottite Mars Meteorite Polished Lherzolitic 3.56g Slice,595.0,2020-10-10,3.56,167.13,WorthPoint
nwa-martian-meteorite,NWA 13187 0.18g Shergottite Slice Of Martian Madness Meteorite,23.0,2020-10-10,0.18,127.78,WorthPoint
nwa-martian-meteorite,NWA 13187 0.96g Martian Meteorite Slice Of Shergottite Sweetness,129.0,2020-10-10,0.96,134.38,WorthPoint
nwa-martian-meteorite,.081 Gram 5x3x3mm NWA 6963 Martian Shergottite Meteorite Fragment From Mars,45.0,2020-10-09,81.0,0.56,WorthPoint
nwa-martian-meteorite,1.81 Gram - NWA 12269 - Martian Meteorite Slice - Shergottite,203.25,2020-10-07,1.81,112.29,WorthPoint
nwa-martian-meteorite,NWA 13366 0.15g Mars Ultramafic Cumulate (Lherzolitic) Shergottite Meteorite,23.0,2020-10-03,0.15,153.33,WorthPoint
nwa-martian-meteorite,NWA 13187 0.40g Martian Meteorite Slice Of Shergottite Sweetness,52.0,2020-10-03,0.4,130.0,WorthPoint
nwa-martian-meteorite,.188 Grams 7mm Fragment Of NWA 1068 MARTIAN SHERGOTTITE METEORITE From Mars,69.0,2020-10-01,188.0,0.37,WorthPoint
nwa-martian-meteorite,"Meteorite**NWA 13257, Martian Shergottite**0.719 Grams; W/Fusion Crust!!!",53.01,2020-09-29,0.719,73.73,WorthPoint
nwa-martian-meteorite,1.85 Gram - NWA 12269 - Martian Meteorite Slice - Shergottite,223.6,2020-09-26,1.85,120.86,WorthPoint
nwa-martian-meteorite,Martian Meteorite NWA 12269 Pairing 1.0g Slice Confirmed By Prof. Irving!,99.0,2020-09-22,1.0,99.0,WorthPoint
nwa-martian-meteorite,.049 Grams 6x5x1mm Slice NWA 7397 MARTIAN SHERGOTTITE Meteorite - Glass Top Case,37.5,2020-09-22,49.0,0.77,WorthPoint
nwa-martian-meteorite,NWA 13366 0.55g Mars Ultramafic Cumulate (Lherzolitic) Shergottite Meteorite,108.0,2020-09-22,0.55,196.36,WorthPoint
nwa-martian-meteorite,GENUINE MARS ROCK! Display Case + FREE Campo Crystal Meteorite. Martian NWA13227,18.0,2020-09-21,,,WorthPoint
nwa-martian-meteorite,2.86 Gram - NWA 6963 - Martian Shergottite - Meteorite - From Mars,360.0,2020-09-21,2.86,125.87,WorthPoint
nwa-martian-meteorite,.036 Grams 3x3x3mm NWA 4878 Martian Shergottite Meteorite Fragment From Mars,18.0,2020-09-19,36.0,0.5,WorthPoint
nwa-martian-meteorite,.016 Grams 5x3x1mm Slice NWA 7397 MARTIAN SHERGOTTITE Meteorite - Glass Top Case,17.5,2020-09-19,16.0,1.09,WorthPoint
nwa-martian-meteorite,NWA 998 Martian Nakhlite Found 2001 Northwest Africa 0.05 Grams,20.5,2020-09-17,0.05,410.0,WorthPoint
nwa-martian-meteorite,Great Deal! Fabulous Fragments! Nwa 6963 Martian Shergottite Meteorite! .246 Gms,89.25,2020-09-17,246.0,0.36,WorthPoint
nwa-martian-meteorite,Authentic Mars Shergottite Martian Meteorite Rock NWA 2975 Pairing 0.13 Grams,39.99,2020-09-16,0.13,307.62,WorthPoint
nwa-martian-meteorite,5.7g NWA 13366 Martian Lherzolitic Shergottite Mars Meteorite,814.0,2020-09-15,5.7,142.81,WorthPoint
nwa-martian-meteorite,.026 Grams 3x3x2mm NWA 4878 Martian Shergottite Meteorite Fragment From Mars,21.0,2020-09-15,26.0,0.81,WorthPoint
nwa-martian-meteorite,NWA 13187 0.50g Martian Meteorite Slice Of Shergottite Sweetness,63.0,2020-09-12,0.5,126.0,WorthPoint
nwa-martian-meteorite,0.18 Gram - NWA 6963 - Martian Shergottite - Meteorite - From Mars,48.75,2020-09-10,0.18,270.83,WorthPoint
nwa-martian-meteorite,Martian Meteorite Slice 14.946g - Peridotitic Shergottite Lherzallitic - TOP,3700.0,2020-09-09,14.946,247.56,WorthPoint
nwa-martian-meteorite,"BURKINA FASO 2017 1 Oz Silver JOHANNES KEPLER, 3 Martian Meteorites Coin.",135.0,2020-09-09,28.35,4.76,WorthPoint
nwa-martian-meteorite,"0.47 Gram NWA 12262 METEORITE - Specimen - Martian (shergottite, Diabasic)",74.25,2020-09-09,0.47,157.98,WorthPoint
nwa-martian-meteorite,Nice 0.89 Gram - NWA 6963 - Martian Shergottite Slice - Meteorite From Mars,149.25,2020-09-09,0.89,167.7,WorthPoint
nwa-martian-meteorite,"1.511 Gram NWA 10645 Meteorite, A Rare Martian Nakhlite.",455.0,2020-09-06,1.511,301.13,WorthPoint
nwa-martian-meteorite,NWA 13187 0.14g Shergottite Slice Of Martian Meteorite Madness,19.0,2020-09-05,0.14,135.71,WorthPoint
nwa-martian-meteorite,RARE Martian!! Olivine-bearing Gabbroic Shergottite Meteorite NWA 13227 0.79g,95.0,2020-09-05,0.79,120.25,WorthPoint
nwa-martian-meteorite,NWA 1068 Martian Shergottite Found 2001 Northwest Africa 0.268 Grams,15.01,2020-09-03,0.268,56.01,WorthPoint
nwa-martian-meteorite,Rare Meteorite. Rare Lunar Meteorite. Rare Martian Meteorite. Unclassified Look!,61.0,2020-09-02,,,WorthPoint
nwa-martian-meteorite,"Meteorie**NWA 11921, Martian Poly. Breccia**0.405 Grams ""Black Beauty"" Rarest!!!",699.99,2020-08-31,0.405,1728.37,WorthPoint
nwa-martian-meteorite,NWA 13366 0.09g Mars Ultramafic Cumulate (Lherzolitic) Shergottite Meteorite,20.0,2020-08-29,0.09,222.22,WorthPoint
nwa-martian-meteorite,"1.51 Gram NWA 12262 METEORITE - SLICE - Martian (shergottite, Diabasic)",168.75,2020-08-28,1.51,111.75,WorthPoint
nwa-martian-meteorite,"1.77 Gram NWA 12262 METEORITE - Specimen - Martian (shergottite, Diabasic)",191.25,2020-08-26,1.77,108.05,WorthPoint
nwa-martian-meteorite,Shocked Martian!! Olivine-bearing Gabbroic Shergottite Meteorite NWA 13227 0.47g,67.5,2020-08-25,0.47,143.62,WorthPoint
nwa-martian-meteorite,NWA 13366 0.62g Mars Ultramafic Cumulate (Lherzolitic) Shergottite Meteorite,156.0,2020-08-25,0.62,251.61,WorthPoint
nwa-martian-meteorite,Meteorite NWA 6963 Achondrite Martian Shergottite - G201-0380 - 0.58g - Crust,64.0,2020-08-24,0.58,110.34,WorthPoint
nwa-martian-meteorite,"Meteorite**NWA 13257, Martian Shergottite**0.414 Grams",69.99,2020-08-24,0.414,169.06,WorthPoint
nwa-martian-meteorite,.029 Gram 4x3x2mm NWA 6963 Martian Shergottite Meteorite Fragment From Mars,19.0,2020-08-24,29.0,0.66,WorthPoint
nwa-martian-meteorite,NWA 13366 0.41g Mars Ultramafic Cumulate (Lherzolitic) Shergottite Meteorite,79.0,2020-08-22,0.41,192.68,WorthPoint
nwa-martian-meteorite,1.17 Gram - NWA 12269 - Martian Meteorite Slice - Shergottite,138.75,2020-08-16,1.17,118.59,WorthPoint
nwa-martian-meteorite,"0.30 Gram NWA 12262 METEORITE - SLICE - Martian (shergottite, Diabasic)",51.75,2020-08-16,0.3,172.5,WorthPoint
nwa-martian-meteorite,"Nwa 12269 Mars Shergottite Meteorite Slice 0.277 Grams, Fresh 2018 Find",95.0,2020-08-15,0.277,342.96,WorthPoint
nwa-martian-meteorite,NWA 13366 0.39g Mars Ultramafic Cumulate (Lherzolitic) Shergottite Meteorite,75.0,2020-08-15,0.39,192.31,WorthPoint
nwa-martian-meteorite,NWA 6963 Mars Rock 0.763g Martian Part Slice By Meteorite Men Steve,139.99,2020-08-15,0.763,183.47,WorthPoint
nwa-martian-meteorite,6.6g NWA 13366 Martian Lherzolitic Shergottite Mars Meteorite - Translucent!,1100.0,2020-08-14,6.6,166.67,WorthPoint
nwa-martian-meteorite,"Nwa 12269 Mars Shergottite Meteorite Slice 0.621 Grams, Fresh 2018 Find",150.0,2020-08-13,0.621,241.55,WorthPoint
nwa-martian-meteorite,"Meteorite**NWA 12269, Martian Shergottite**0.890 Gram Endcut, Planet Mars!!!",21.0,2020-08-10,0.89,23.6,WorthPoint
nwa-martian-meteorite,2.15 Gram - NWA 12269 - Martian Meteorite Slice - Shergottite,322.0,2020-08-09,2.15,149.77,WorthPoint
nwa-martian-meteorite,"4.06 Gram NWA 12262 METEORITE - Nice Slice - Martian (shergottite, Diabasic)",456.75,2020-08-09,4.06,112.5,WorthPoint
nwa-martian-meteorite,Low Price! Low Tkw! Nice Nwa 11668 Martian Shergottite Meteorite! 2.15 Gms,486.75,2020-08-09,2.15,226.4,WorthPoint
nwa-martian-meteorite,NWA 13366 0.56g Mars Ultramafic Cumulate (Lherzolitic) Shergottite Meteorite,85.0,2020-08-08,0.56,151.79,WorthPoint
nwa-martian-meteorite,NWA 13187 1.02g Martian Meteorite Slice Of Shergottite Sweetness,130.5,2020-08-08,1.02,127.94,WorthPoint
nwa-martian-meteorite,NWA 12222 Martian Meteorite,2500.0,2020-08-07,,,WorthPoint
nwa-martian-meteorite,NWA 6963 Martian Meteorite,5000.0,2020-08-07,,,WorthPoint
nwa-martian-meteorite,MARTIAN Meteorite NWA 998 50mg Vial (.05g),50.0,2020-08-04,5.0,10.0,WorthPoint
nwa-martian-meteorite,NWA 1950 Poss Pairing 0.20g Slice Ultramafic (Lherzolitic) Martian Meteorite,36.0,2020-08-01,0.2,180.0,WorthPoint
nwa-martian-meteorite,"Mars Rock! 1.38g End Cut NWA 12269, Martian Shergottite, Plus Xtra Piece, FREE",150.0,2020-07-28,1.38,108.7,WorthPoint
nwa-martian-meteorite,.032 Grams 3x3x2mm NWA 4878 Martian Shergottite Meteorite Fragment From Mars,21.0,2020-07-26,32.0,0.66,WorthPoint
nwa-martian-meteorite,NWA 13187 1.84g Shergottite Meteorite Slice Of Martian Madness,225.0,2020-07-25,1.84,122.28,WorthPoint
nwa-martian-meteorite,MARTIAN METEORITE ZAGAMI - 0.974 Gms - MARS BASALTIC SHERGOTTITE - IMCA Member,375.0,2020-07-23,0.974,385.01,WorthPoint
nwa-martian-meteorite,.061 Gram 5x4x3mm NWA 6963 Martian Shergottite Meteorite Fragment From Mars,37.0,2020-07-22,61.0,0.61,WorthPoint
nwa-martian-meteorite,.057 Grams 4mm Fragment Of NWA 1068 MARTIAN SHERGOTTITE METEORITE From Mars,22.0,2020-07-22,57.0,0.39,WorthPoint
nwa-martian-meteorite,.054 Grams 4mm Fragment Of NWA 1068 MARTIAN SHERGOTTITE METEORITE From Mars,21.0,2020-07-22,54.0,0.39,WorthPoint
nwa-martian-meteorite,0.47 Gram - NWA 6963 - Martian Shergottite - Meteorite - From Mars,93.75,2020-07-21,0.47,199.47,WorthPoint
nwa-martian-meteorite,"1.49 Gram NWA 12262 METEORITE - SLICE - Martian (shergottite, Diabasic)",225.0,2020-07-19,1.49,151.01,WorthPoint
nwa-martian-meteorite,NWA 1950 Poss Pairing 1.24g Slice Ultramafic (Lherzolitic) Martian Meteorite,186.0,2020-07-18,1.24,150.0,WorthPoint
nwa-martian-meteorite,NWA 1950 Poss Pairing 0.33g Slice Ultramafic (Lherzolitic) Martian Meteorite,50.0,2020-07-18,0.33,151.52,WorthPoint
nwa-martian-meteorite,NWA 13187 0.47g Martian Meteorite Slice Of Shergottite Sweetness,59.0,2020-07-18,0.47,125.53,WorthPoint
nwa-martian-meteorite,Northwest Africa (NWA) 11228 Mars Meteorite,1258.75,2020-07-16,,,WorthPoint
nwa-martian-meteorite,NWA 1950 Poss Pairing 0.26g Slice Ultramafic (Lherzolitic) Martian Meteorite,51.0,2020-07-12,0.26,196.15,WorthPoint
nwa-martian-meteorite,NWA 1950 Poss Pairing 0.38g Slice Ultramafic (Lherzolitic) Martian Meteorite,81.0,2020-07-11,0.38,213.16,WorthPoint
nwa-martian-meteorite,"4.17 Gram NWA 12262 METEORITE - SLICE - Martian (shergottite, Diabasic)",468.75,2020-07-08,4.17,112.41,WorthPoint
nwa-martian-meteorite,3.89 Gram - NWA 6963 - Martian Shergottite - Meteorite - From Mars,812.0,2020-07-07,3.89,208.74,WorthPoint
nwa-martian-meteorite,"0.34 Gram NWA 12262 METEORITE - Specimen - Martian (shergottite, Diabasic)",52.5,2020-07-05,0.34,154.41,WorthPoint
nwa-martian-meteorite,NWA 1950 Poss Pairing 0.58g Slice Ultramafic (Lherzolitic) Martian Meteorite,104.0,2020-07-04,0.58,179.31,WorthPoint
nwa-martian-meteorite,NWA 13187 0.60g Martian Meteorite Slice Of Shergottite Sweetness,88.12,2020-07-04,0.6,146.87,WorthPoint
nwa-martian-meteorite,Nice 0.70 Gram - NWA 6963 - Martian Shergottite - Meteorite From Mars,155.0,2020-06-30,0.7,221.43,WorthPoint
nwa-martian-meteorite,"0.51 Gram NWA 12262 METEORITE - SLICE - Martian (shergottite, Diabasic)",74.25,2020-06-29,0.51,145.59,WorthPoint
nwa-martian-meteorite,Great Deal! Fabulous Fragment! Nwa 6963 Martian Shergottite Meteorite! .41 Gms,119.25,2020-06-20,41.0,2.91,WorthPoint
nwa-martian-meteorite,NWA 13187 0.61g Martian Meteorite Slice Of Shergottite Sweetness,82.0,2020-06-20,0.61,134.43,WorthPoint
nwa-martian-meteorite,NWA 4468 MARTIAN Basaltic Shergottite Meteorite Mars RARE Northwest Africa IMCA,192.49,2020-06-18,,,WorthPoint
nwa-martian-meteorite,1.45 Gram NWA 12262 - Martian Meteorite (shergottite Diabasic) Nice Thin Slice,149.25,2020-06-15,1.45,102.93,WorthPoint
nwa-martian-meteorite,Meteorite: MARTIAN NWA-6963 .167g,50.0,2020-06-15,167.0,0.3,WorthPoint
nwa-martian-meteorite,"NEW RARE!! NWA 10720 Nakhlite MARTIAN Meteorite, Lot Of Crumbs, 0.2 Grams #1",33.0,2020-06-14,0.2,165.0,WorthPoint
nwa-martian-meteorite,"NEW RARE!! NWA 10720 Nakhlite MARTIAN Meteorite, Lot Of 5 Fragments, 0.12 Grams",89.99,2020-06-14,0.12,749.92,WorthPoint
nwa-martian-meteorite,"NEW RARE!! NWA 10720 Nakhlite MARTIAN Meteorite, Lot Of 6 Fragments, 0.15 Grams",99.99,2020-06-14,0.15,666.6,WorthPoint
nwa-martian-meteorite,NWA 1950 Poss Pairing 0.15g Slice Ultramafic (Lherzolitic) Martian Meteorite,18.0,2020-06-13,0.15,120.0,WorthPoint
nwa-martian-meteorite,NWA 13187 0.34g Martian Meteorite Slice Of Shergottite Sweetness,43.0,2020-06-13,0.34,126.47,WorthPoint
nwa-martian-meteorite,1.0 Gram - NWA 12269 - Martian Meteorite Slice/Frag - Shergottite,120.0,2020-06-12,1.0,120.0,WorthPoint
nwa-martian-meteorite,1.2 Gram - NWA 6963 - Martian Shergottite - Meteorite From Mars W/crust,299.25,2020-06-09,1.2,249.38,WorthPoint
nwa-martian-meteorite,"NEW RARE!! NWA 10720 Nakhlite MARTIAN Meteorite, Fragment, 1.30 Grams",779.99,2020-06-09,1.3,599.99,WorthPoint
nwa-martian-meteorite,.166 Grams 11x6x1mm Slice NWA 7397 MARTIAN SHERGOTTITE Meteorite -glass Top Case,98.0,2020-06-08,166.0,0.59,WorthPoint
nwa-martian-meteorite,.054 Gram 4x4x3mm NWA 6963 Martian Shergottite Meteorite Fragment From Mars,22.0,2020-06-08,54.0,0.41,WorthPoint
nwa-martian-meteorite,Great Deal! Fragment With Crust! Nwa 6963 Martian Shergottite Meteorite! .119 Gm,29.25,2020-06-08,119.0,0.25,WorthPoint
nwa-martian-meteorite,2017 Mars Nwa 7397 Meteorite $ 1.oo .999 Silver Coin,145.0,2020-06-07,,,WorthPoint
nwa-martian-meteorite,NWA 1950 Poss Pairing 0.10g Slice Lherzolitic Shergottite Martian Meteorite,19.0,2020-06-06,0.1,190.0,WorthPoint
nwa-martian-meteorite,Nice .39 Gram - NWA 6963 - Martian Shergottite Slice - Meteorite From Mars,74.25,2020-06-05,39.0,1.9,WorthPoint
nwa-martian-meteorite,0.69 Gram - NWA 12269 - Martian Meteorite Slice - Shergottite,78.75,2020-06-03,0.69,114.13,WorthPoint
nwa-martian-meteorite,NWA 1950 Pairing 0.83g Slice Lherzolitic Shergottite Martian Meteorite Under Stu,149.0,2020-05-30,0.83,179.52,WorthPoint
nwa-martian-meteorite,NWA 1950 Pairing 0.67g Slice Lherzolitic Shergottite Martian Meteorite Under Stu,120.0,2020-05-30,0.67,179.1,WorthPoint
nwa-martian-meteorite,Nice 1.06 Gram - NWA 6963 - Martian Shergottite Slice - Meteorite From Mars,164.25,2020-05-26,1.06,154.95,WorthPoint
nwa-martian-meteorite,Nice 0.49 Gram - NWA 6963 - Martian Shergottite Slice - Meteorite From Mars,109.0,2020-05-24,0.49,222.45,WorthPoint
nwa-martian-meteorite,NWA 1950 Pairing 1.24g Slice Lherzolitic Shergottite Martian Meteorite Under Stu,215.0,2020-05-23,1.24,173.39,WorthPoint
nwa-martian-meteorite,NWA 1950 Pairing 0.09g Slice Lherzolitic Shergottite Martian Meteorite Under Stu,19.0,2020-05-23,0.09,211.11,WorthPoint
nwa-martian-meteorite,NWA 12269 MARTIAN SHERGOTTITE METEORITE - 0.38g In Display,34.99,2020-05-21,0.38,92.08,WorthPoint
nwa-martian-meteorite,.51 Gram NWA 12262 - Martian Meteorite (shergottite Diabasic) Nice Thin Slice,99.0,2020-05-20,51.0,1.94,WorthPoint
nwa-martian-meteorite,"Meteorite**NWA 12269, Martian Shergottite**1.211 Gram, Planet Mars! W/Crust!!",96.0,2020-05-18,1.211,79.27,WorthPoint
nwa-martian-meteorite,19.76 Gram NWA 13187 Martian Shergottite Meteorite Slice.,660.0,2020-05-17,19.76,33.4,WorthPoint
nwa-martian-meteorite,5.3 Gram NWA 10645 (paired) Martian Nakhlite Meteorite Piece. Very Rare.,1350.0,2020-05-17,5.3,254.72,WorthPoint
nwa-martian-meteorite,0.718 Gram NWA 10645 (paired) Martian Nakhlite Meteorite Piece. Very Rare.,182.5,2020-05-17,0.718,254.18,WorthPoint
nwa-martian-meteorite,0.69 Gram - NWA 6963 - Martian Shergottite - Meteorite - From Mars,131.25,2020-05-17,0.69,190.22,WorthPoint
nwa-martian-meteorite,NWA 1950 Pairing 0.71g Slice Lherzolitic Shergottite Martian Meteorite Under Stu,185.0,2020-05-16,0.71,260.56,WorthPoint
nwa-martian-meteorite,.034 Grams 5x4x1mm Slice NWA 7397 MARTIAN SHERGOTTITE Meteorite - Glass Top Case,27.5,2020-05-14,34.0,0.81,WorthPoint
nwa-martian-meteorite,NWA 1950 Pairing 0.08g Slice Lherzolitic Shergottite Martian Meteorite Under Stu,21.0,2020-05-13,0.08,262.5,WorthPoint
nwa-martian-meteorite,.185 Grams 6x5x3mm Fragment Of NWA 1068 MARTIAN SHERGOTTITE METEORITE From Mars,59.0,2020-05-13,185.0,0.32,WorthPoint
nwa-martian-meteorite,NWA 11220 Martian Meteorite (Black Beauty Pairing) 0.10g Part Slice,110.0,2020-05-12,0.1,1100.0,WorthPoint
nwa-martian-meteorite,.069 Gram 5x3x2mm NWA 6963 Martian Shergottite Meteorite Fragment From Mars,15.0,2020-05-07,69.0,0.22,WorthPoint
nwa-martian-meteorite,.073 Grams 5mm Fragment Of NWA 1110 Martian METEORITE Shergottite Rock From Mars,40.0,2020-05-06,73.0,0.55,WorthPoint
nwa-martian-meteorite,NWA X 1.22g Slice Lherzolitic Shergottite Martian Meteorite Under Study,316.0,2020-05-05,1.22,259.02,WorthPoint
nwa-martian-meteorite,Nice 0.80 Gram - NWA 6963 - Martian Shergottite Slice - Meteorite From Mars,169.0,2020-05-05,0.8,211.25,WorthPoint
nwa-martian-meteorite,"3.01 Gram NWA 12262 METEORITE - SUPER THIN - Martian (shergottite, Diabasic)",374.25,2020-05-04,3.01,124.34,WorthPoint
nwa-martian-meteorite,Nice .23 Gram - NWA 6963 - Martian Shergottite Slice - Meteorite From Mars,51.75,2020-05-01,23.0,2.25,WorthPoint
nwa-martian-meteorite,"Extremely Rare, Lherzolitic Shergottite, 1.52g Slice Of Martian Meteorite",157.5,2020-04-29,1.52,103.62,WorthPoint
nwa-martian-meteorite,"Meteorite**NWA 12269, Martian Shergottite**2.083 Gram Endcut, Planet Mars!!!",123.5,2020-04-27,2.083,59.29,WorthPoint
nwa-martian-meteorite,"Extremely Rare, Lherzolitic Shergottite, 1.35g Slice Of Martian Meteorite",94.25,2020-04-26,1.35,69.81,WorthPoint
nwa-martian-meteorite,NWA 13187 0.31g Martian Meteorite Slice Of Shergottite Sweetness,43.0,2020-04-25,0.31,138.71,WorthPoint
nwa-martian-meteorite,Nice 1.23 Gram - NWA 6963 - Martian Shergottite Slice - Meteorite From Mars,309.0,2020-04-21,1.23,251.22,WorthPoint
nwa-martian-meteorite,NWA 13187 0.18g Shergottite Meteorite Slice Of Martian Madness,23.0,2020-04-18,0.18,127.78,WorthPoint
nwa-martian-meteorite,"4.2 Gram NWA 12262 METEORITE - Cutting Dust - Martian (shergottite, Diabasic)",374.25,2020-04-17,4.2,89.11,WorthPoint
nwa-martian-meteorite,"4.1 Gram NWA 12262 METEORITE - Cutting Dust - Martian (shergottite, Diabasic)",499.0,2020-04-17,4.1,121.71,WorthPoint
nwa-martian-meteorite,.128 Gram 6x4x3mm NWA 6963 Martian Shergottite Meteorite Fragment From Mars,29.0,2020-04-16,128.0,0.23,WorthPoint
nwa-martian-meteorite,56.92 Gram NWA 13227 Martian Shergottite Meteorite End Cut. Just Classified.,1950.0,2020-04-11,56.92,34.26,WorthPoint
nwa-martian-meteorite,.063 Grams 4x4x3mm Fragment Of NWA 1068 MARTIAN SHERGOTTITE METEORITE From Mars,29.0,2020-04-10,63.0,0.46,WorthPoint
nwa-martian-meteorite,"4.87 Gram NWA 12262 METEORITE - Nice Slice - Martian (shergottite, Diabasic)",547.5,2020-04-10,4.87,112.42,WorthPoint
nwa-martian-meteorite,"0.60 Gram NWA 12262 METEORITE - Thick Slice - Martian (shergottite, Diabasic)",99.0,2020-04-10,0.6,165.0,WorthPoint
nwa-martian-meteorite,"0.87 Gram NWA 12262 METEORITE - SLICE - Martian (shergottite, Diabasic)",97.5,2020-04-08,0.87,112.07,WorthPoint
nwa-martian-meteorite,"6.61 Gram NWA 12262 Meteorite - Thin Full Slice - Martian Shergottite, Diabasic",699.0,2020-04-04,6.61,105.75,WorthPoint
nwa-martian-meteorite,RARE!! NWA 7755 MARS METEORITE 4.53 Gr LHERZOLITIC SHERGOTTITE,1000.0,2020-04-03,4.53,220.75,WorthPoint
nwa-martian-meteorite,.057 Grams 4mm Fragment Of NWA 1110 Martian METEORITE Shergottite Rock From Mars,25.0,2020-04-02,57.0,0.44,WorthPoint
nwa-martian-meteorite,.234 Grams 9x6x3mm Fragment Of NWA 1068 MARTIAN SHERGOTTITE METEORITE From Mars,99.0,2020-04-01,234.0,0.42,WorthPoint
nwa-martian-meteorite,.074 Grams 7x5x1mm Cut Slice NWA 7397 MARTIAN SHERGOTTITE METEORITE From Mars,47.0,2020-04-01,74.0,0.64,WorthPoint
nwa-martian-meteorite,.064 Grams 6x5x1mm Cut Slice NWA 7397 MARTIAN SHERGOTTITE METEORITE From Mars,44.0,2020-04-01,64.0,0.69,WorthPoint
nwa-martian-meteorite,.093 Gram 5x5x3mm NWA 6963 Martian Shergottite Meteorite Fragment From Mars,19.99,2020-04-01,93.0,0.21,WorthPoint
nwa-martian-meteorite,.054 Gram 5x3x2mm NWA 6963 Martian Shergottite Meteorite Fragment From Mars,13.99,2020-04-01,54.0,0.26,WorthPoint
nwa-martian-meteorite,NWA 6963 Mars Rock 0.418g Martian Part Slice By Meteorite Men Steve,82.99,2020-03-31,0.418,198.54,WorthPoint
nwa-martian-meteorite,Mars Rock Authenticated Martian Meteorite NWA 7397 Certified Authentic,27.99,2020-03-29,,,WorthPoint
nwa-martian-meteorite,.161 Gram 6x5x4mm NWA 6963 Martian Shergottite Meteorite Fragment From Mars,41.0,2020-03-29,161.0,0.25,WorthPoint
nwa-martian-meteorite,3.3 Gram NWA 10645 (paired) Martian Nakhlite Meteorite Piece. Very Rare.,1025.0,2020-03-28,3.3,310.61,WorthPoint
nwa-martian-meteorite,NWA 13187 0.13g Shergottite Meteorite Slice Of Martian Madness,21.0,2020-03-28,0.13,161.54,WorthPoint
nwa-martian-meteorite,1.85 Gram NWA 12262 - Martian Meteorite (shergottite Diabasic) Nice Thin Slice,219.0,2020-03-27,1.85,118.38,WorthPoint
nwa-martian-meteorite,Nice 0.17 Gram - NWA 6963 - Martian Shergottite - Meteorite From Mars,37.5,2020-03-26,0.17,220.59,WorthPoint
nwa-martian-meteorite,1.16 Gram NWA 12262 - Martian Meteorite (shergottite Diabasic) Nice Thin Slice,119.25,2020-03-26,1.16,102.8,WorthPoint
nwa-martian-meteorite,.038 Grams 4mm Fragment Of NWA 1110 Martian METEORITE Shergottite Rock From Mars,19.0,2020-03-25,38.0,0.5,WorthPoint
nwa-martian-meteorite,Martian Mini-Meteorite Complete And Uncut With Fusion Crust.,600.0,2020-03-21,,,WorthPoint
nwa-martian-meteorite,18.25 Gram NWA 13187 Martian Shergottite Meteorite Slice.,810.0,2020-03-14,18.25,44.38,WorthPoint
nwa-martian-meteorite,NWA 6963 Mars Rock ~ 12-19mg Martian Crumb By Meteorite Men Steve,24.99,2020-03-11,,,WorthPoint
nwa-martian-meteorite,"2.14 Gram NWA 12262 METEORITE - Martian (shergottite, Diabasic) - Nice END CUT",299.0,2020-03-11,2.14,139.72,WorthPoint
nwa-martian-meteorite,.037 Grams 4x4x2mm Fragment Of NWA 1068 MARTIAN SHERGOTTITE METEORITE From Mars,14.0,2020-03-10,37.0,0.38,WorthPoint
nwa-martian-meteorite,NWA 6963 Mars Rock ~ 20-29 Mg Martian Crumb By Meteorite Men Steve,29.99,2020-03-09,,,WorthPoint
nwa-martian-meteorite,08884 - MARTIAN NWA 6963 Shergottite Meteorite 0.176 G Thin Section,61.5,2020-03-09,0.176,349.43,WorthPoint
nwa-martian-meteorite,08871 - MARTIAN NWA 6963 Shergottite Meteorite 0.441 G Thin Section,29.05,2020-03-08,0.441,65.87,WorthPoint
nwa-martian-meteorite,0.42g NWA 10645. Martian Nakhlite Meteorite Slice. Partial Crust. Very Rare.,205.5,2020-03-07,0.42,489.29,WorthPoint
nwa-martian-meteorite,0.71 Gram NWA 2737. Martian Chassignite Meteorite Piece. Extremely Rare.,1125.0,2020-03-07,0.71,1584.51,WorthPoint
nwa-martian-meteorite,"Huge Lunar And Martian Meteorite Slice Set. 66.9g NWA 13227, 47 Gram NWA 12592.",3900.0,2020-03-07,66.9,58.3,WorthPoint
nwa-martian-meteorite,NWA 6963 Mars Rock 0.170g Martian Part Slice By Meteorite Men Steve,34.99,2020-03-05,0.17,205.82,WorthPoint
nwa-martian-meteorite,"2016 Niue .999 1 Oz Silver Martian Meteorite NWA 6963 Coin, 35/500 Mintage.",63.0,2020-03-05,28.35,2.22,WorthPoint
nwa-martian-meteorite,3.33 Gram NWA 12262 - Martian Meteorite (shergottite Diabasic) Cutting Dust,266.4,2020-03-04,3.33,80.0,WorthPoint
nwa-martian-meteorite,2.90 Gram NWA 12262 - Martian Meteorite (shergottite Diabasic) Cutting Dust,232.0,2020-03-04,2.9,80.0,WorthPoint
nwa-martian-meteorite,08880 - MARTIAN NWA 6963 Shergottite Meteorite 0.186 G Thin Section With Crust,65.5,2020-03-04,0.186,352.15,WorthPoint
nwa-martian-meteorite,Genuine Martian Meteorite!! Nwa 6963 *authenticated By Meteoritical Society,35.0,2020-03-03,,,WorthPoint
nwa-martian-meteorite,NWA 6963 Mars Rock 0.191g Martian Part Slice By Meteorite Men Steve,37.99,2020-03-02,0.191,198.9,WorthPoint
nwa-martian-meteorite,"Meteorite**NWA 12269, Martian Shergottite**1.085 Gram Slice, Planet Mars!!!",119.99,2020-03-02,1.085,110.59,WorthPoint
nwa-martian-meteorite,Very Rare NWA 2737 MARTIAN CHASSIGNITE Meteorite Mars SNC Northwest Africa IMCA,35.97,2020-03-01,,,WorthPoint
nwa-martian-meteorite,0.21 Gram Martian Polymict Breccia. Same Material As Black Beauty.,207.5,2020-02-29,0.21,988.1,WorthPoint
nwa-martian-meteorite,0.55 Gram NWA 10645. Martian Nakhlite Meteorite Piece. Extremely Rare.,278.33,2020-02-29,0.55,506.05,WorthPoint
nwa-martian-meteorite,0.12 Gram NWA 2737. Martian Chassignite Meteorite Piece. Extremely Rare.,255.0,2020-02-29,0.12,2125.0,WorthPoint
nwa-martian-meteorite,18.85 Gram NWA 13187 Martian Shergottite Meteorite Slice.,1009.0,2020-02-29,18.85,53.53,WorthPoint
nwa-martian-meteorite,33.59g NWA 13227 (prov) Rare Subtype Martian Meteorite Slice,1450.0,2020-02-29,33.59,43.17,WorthPoint
nwa-martian-meteorite,0.39 Gram NWA 8159. Martian Augite Basalt Meteorite. Most Coveted NWA!,1000.0,2020-02-29,0.39,2564.1,WorthPoint
nwa-martian-meteorite,NWA 13187 0.46g Shergottite Meteorite Slice Of Martian Madness,61.55,2020-02-29,0.46,133.8,WorthPoint
nwa-martian-meteorite,NWA 13187 0.17g Shergottite Meteorite Slice Of Martian Madness,21.0,2020-02-29,0.17,123.53,WorthPoint
nwa-martian-meteorite,NWA 13187 0.08g Shergottite Meteorite Slice Of Martian Madness,20.09,2020-02-29,0.08,251.12,WorthPoint
nwa-martian-meteorite,.074 Grams 5mm Fragment Of NWA 1110 Martian METEORITE Shergottite Rock From Mars,41.0,2020-02-29,74.0,0.55,WorthPoint
nwa-martian-meteorite,08874 - MARTIAN NWA 6963 Shergottite Meteorite 0.477 G Thin Section,167.5,2020-02-29,0.477,351.15,WorthPoint
nwa-martian-meteorite,0.89 Gram NWA 12262 - Martian Meteorite (shergottite Diabasic) Nice Thin Slice,119.0,2020-02-27,0.89,133.71,WorthPoint
nwa-martian-meteorite,Authentic Mars Rock - Nakhlite Martian Meteorite NWA 998 M3a,15.0,2020-02-26,,,WorthPoint
nwa-martian-meteorite,1.05 Gram NWA 12262 - Martian Meteorite (shergottite Diabasic) Nice Thin Slice,139.0,2020-02-25,1.05,132.38,WorthPoint
nwa-martian-meteorite,NWA 13187 0.72g Shergottite Meteorite Slice Of Martian Madness,90.0,2020-02-22,0.72,125.0,WorthPoint
nwa-martian-meteorite,56.92 Gram Martian Shergottite Meteorite End Cut. Under Classification!,2900.0,2020-02-22,56.92,50.95,WorthPoint
nwa-martian-meteorite,NWA 13187 0.17g Martian Meteorite Slice Of Shergottite Sweetness,21.0,2020-02-22,0.17,123.53,WorthPoint
nwa-martian-meteorite,1.44 Gram - NWA 12269 - Martian Meteorite Slice - Shergottite,172.0,2020-02-21,1.44,119.44,WorthPoint
nwa-martian-meteorite,NWA 13187 0.21g Shergottite Meteorite Slice Of Martian Madness,34.0,2020-02-17,0.21,161.9,WorthPoint
nwa-martian-meteorite,NWA 12269 0.54g Shergottite Meteorite Pairing Slice Of Martian Madness,59.0,2020-02-15,0.54,109.26,WorthPoint
nwa-martian-meteorite,NWA 12269 0.34g Shergottite Meteorite Pairing Slice Of Martian Madness,51.0,2020-02-15,0.34,150.0,WorthPoint
nwa-martian-meteorite,.472 Grams 8x6x5mm Fragment Of NWA 1068 MARTIAN SHERGOTTITE METEORITE From Mars,265.99,2020-02-13,472.0,0.56,WorthPoint
nwa-martian-meteorite,NWA 12269 0.28g Martian Meteorite Pairing Slice Of Shergottite Sweetness,39.0,2020-02-11,0.28,139.29,WorthPoint
nwa-martian-meteorite,NWA 12269 0.46g Martian Meteorite Pairing Slice Of Shergottite Sweetness,64.0,2020-02-08,0.46,139.13,WorthPoint
nwa-martian-meteorite,7.05 Gram Martian Shergottite Meteorite Slice. Under Classification!,540.0,2020-02-08,7.05,76.6,WorthPoint
nwa-martian-meteorite,NWA 12269 1.07g Martian Meteorite Pairing Slice Of Shergottite Sweetness,112.5,2020-02-08,1.07,105.14,WorthPoint
nwa-martian-meteorite,NWA 12269 0.84g Shergottite Meteorite Pairing Slice Of Martian Madness,85.0,2020-02-08,0.84,101.19,WorthPoint
nwa-martian-meteorite,NWA 12269 0.29g Martian Meteorite Pairing Slice Of Shergottite Sweetness,39.0,2020-02-08,0.29,134.48,WorthPoint
nwa-martian-meteorite,NWA 12269 0.29g Shergottite Meteorite Pairing Slice Of Martian Madness,31.0,2020-02-08,0.29,106.9,WorthPoint
nwa-martian-meteorite,Martian Meteorite 1.01g I Mars SHERGOTTITE - NWA 11668 - TOP,505.0,2020-02-04,1.01,500.0,WorthPoint
nwa-martian-meteorite,.053 Grams 4x4x2mm Fragment Of NWA 1068 MARTIAN SHERGOTTITE METEORITE From Mars,25.99,2020-02-02,53.0,0.49,WorthPoint
nwa-martian-meteorite,0.41g NWA 10645 Martian Crusted Nakhlite Meteorite Part Slice. Extremely Rare.,249.5,2020-02-02,0.41,608.54,WorthPoint
nwa-martian-meteorite,400th Anniv. Obs. Of Mars 1609-2009 Silver Coin W/NWA 4925 Martian Meteorite!!!!,159.5,2020-02-02,,,WorthPoint
nwa-martian-meteorite,NWA 12269 0.16g Martian Meteorite Paring Slice Of Shergottite Sweetness,24.0,2020-02-01,0.16,150.0,WorthPoint
nwa-martian-meteorite,NWA 12269 0.49g Shergottite Meteorite Pairing Slice Of Martian Madness,56.0,2020-02-01,0.49,114.29,WorthPoint
nwa-martian-meteorite,NWA 12269 0.40g Martian Meteorite Pairing Slice Of Shergottite Sweetness,46.0,2020-02-01,0.4,115.0,WorthPoint
nwa-martian-meteorite,NWA 1068 MARTIAN METEORITE From Mars 12 Mg W/stand,12.0,2020-02-01,,,WorthPoint
nwa-martian-meteorite,7.55 Gram Martian Shergottite Meteorite Slice. Under Classification!,580.0,2020-01-28,7.55,76.82,WorthPoint
nwa-martian-meteorite,NWA 12269 0.19g Martian Meteorite Pairing Slice Of Shergottite Sweetness,28.0,2020-01-27,0.19,147.37,WorthPoint
nwa-martian-meteorite,NWA 12269 0.13g Shergottite Meteorite Paring Slice Of Martian Madness,20.0,2020-01-27,0.13,153.85,WorthPoint
nwa-martian-meteorite,NWA 12269 1.25g Martian Meteorite Pairing Slice Of Shergottite Sweetness,163.0,2020-01-26,1.25,130.4,WorthPoint
nwa-martian-meteorite,NWA 12269 0.72g Martian Meteorite Pairing Slice Of Shergottite Sweetness,103.0,2020-01-26,0.72,143.06,WorthPoint
nwa-martian-meteorite,"Martian Shergottite - NWA 6963 Meteorite From Mars, .29 Gram End-cut W/ Crust",46.0,2020-01-25,29.0,1.59,WorthPoint
nwa-martian-meteorite,22.07 Gram Martian Shergottite Meteorite Slice. Under Classification!,860.0,2020-01-25,22.07,38.97,WorthPoint
nwa-martian-meteorite,7.35 Gram Martian Shergottite Meteorite Slice. Under Classification!,480.0,2020-01-25,7.35,65.31,WorthPoint
nwa-martian-meteorite,NWA 12269 0.50g Shergottite Meteorite Pairing Slice Of Martian Madness,65.0,2020-01-25,0.5,130.0,WorthPoint
nwa-martian-meteorite,NWA 12269 0.18g Martian Meteorite Paring Slice Of Shergottite Sweetness,26.0,2020-01-25,0.18,144.44,WorthPoint
nwa-martian-meteorite,NWA 12269 0.11g Shergottite Meteorite Paring Slice Of Martian Madness,17.0,2020-01-25,0.11,154.55,WorthPoint
nwa-martian-meteorite,NWA 12269 1.27g Martian Meteorite Pairing Slice Of Shergottite Sweetness,169.0,2020-01-24,1.27,133.07,WorthPoint
nwa-martian-meteorite,NWA 12269 0.38g Martian Meteorite Pairing Slice Of Shergottite Sweetness,52.0,2020-01-24,0.38,136.84,WorthPoint
nwa-martian-meteorite,NWA 12269 0.28g Shergottite Meteorite Pairing Slice Of Martian Madness,39.0,2020-01-20,0.28,139.29,WorthPoint
nwa-martian-meteorite,"Meteorite**NWA 12269, Martian Shergottite**0.246 Gram Lot, Planet Mars!!!",43.0,2020-01-20,0.246,174.8,WorthPoint
nwa-martian-meteorite,"Meteorite**NWA 12269, Martian Shergottite**0.33 Gram Lot, Planet Mars!!!",25.0,2020-01-20,0.33,75.76,WorthPoint
nwa-martian-meteorite,NWA 12269 1.23g Martian Meteorite Pairing Slice Of Shergottite Sweetness,163.0,2020-01-19,1.23,132.52,WorthPoint
nwa-martian-meteorite,0.89g NWA 10645 Martian Crusted Nakhlite Meteorite Slice. Extremely Rare.,315.0,2020-01-18,0.89,353.93,WorthPoint
nwa-martian-meteorite,The Original NWA 7034 MARS Planetary Achondrite Meteorite Martian 14mg,99.99,2020-01-17,,,WorthPoint
nwa-martian-meteorite,.093 Grams 9mm Fragment Of NWA 1110 Martian METEORITE Shergottite Rock From Mars,49.99,2020-01-17,93.0,0.54,WorthPoint
nwa-martian-meteorite,NWA 12269 0.39g Shergottite Meteorite Pairing Slice Of Martian Madness,52.0,2020-01-16,0.39,133.33,WorthPoint
nwa-martian-meteorite,NWA 12269 0.23g Martian Meteorite Pairing Slice Of Shergottite Sweetness,33.0,2020-01-16,0.23,143.48,WorthPoint
nwa-martian-meteorite,NWA 12269 0.05g Martian Meteorite Paring Slice Of Shergottite Sweetness,12.0,2020-01-15,0.05,240.0,WorthPoint
nwa-martian-meteorite,COLLECTOR EDITION- AUTHENTICATED MARTIAN METEORITE- 15mg Mars Rock Display+Easel,22.95,2020-01-13,,,WorthPoint
nwa-martian-meteorite,"Meteorite**NWA 12269, Martian Shergottite**1.297 Gram Slice, Planet Mars!!!",80.0,2020-01-13,1.297,61.68,WorthPoint
nwa-martian-meteorite,"Meteorite**NWA 12269, Martian Shergottite**2.474 Gram Piece, Planet Mars!!!",205.5,2020-01-13,2.474,83.06,WorthPoint
nwa-martian-meteorite,Mars Meteorite 4.95 Gram Full Slice Shergottite - Top Meteorite,413.0,2020-01-12,4.95,83.43,WorthPoint
nwa-martian-meteorite,77.8 Gram Martian Shergottite Meteorite Slice. Under Classification!,3400.0,2020-01-12,77.8,43.7,WorthPoint
nwa-martian-meteorite,12.42 Gram Martian Shergottite Meteorite Slice. Under Classification!,688.0,2020-01-12,12.42,55.39,WorthPoint
nwa-martian-meteorite,9.7 Gram Martian Shergottite Meteorite Slice. Under Classification!,535.99,2020-01-12,9.7,55.26,WorthPoint
nwa-martian-meteorite,"NWA 12241 Martian 0.37g Olivine Gabbroic, Orthocumulate, Low Shock Meteorite",55.0,2020-01-11,0.37,148.65,WorthPoint
nwa-martian-meteorite,NWA 12269 0.65g Shergottite Meteorite Pairing Slice Of Martian Madness,66.01,2020-01-11,0.65,101.55,WorthPoint
nwa-martian-meteorite,NWA 12269 0.39g Martian Meteorite Pairing Slice Of Shergottite Sweetness,39.0,2020-01-11,0.39,100.0,WorthPoint
nwa-martian-meteorite,NWA 12269 0.09g Martian Meteorite Paring Slice Of Shergottite Sweetness,11.0,2020-01-11,0.09,122.22,WorthPoint
nwa-martian-meteorite,6.63g Mars Martian Shergottite Meteorite Slice * NWA 12269 -pairing * IMCA #6236,840.0,2020-01-07,6.63,126.7,WorthPoint
nwa-martian-meteorite,"Meteorite**NWA 12269, Martian Shergottite**2.171 Gram Piece, Planet Mars!!!",269.99,2020-01-06,2.171,124.36,WorthPoint
nwa-martian-meteorite,NWA 12269 0.27g Shergottite Meteorite Pairing Slice Of Martian Madness,36.0,2020-01-05,0.27,133.33,WorthPoint
nwa-martian-meteorite,4.33g Mars Martian Shergottite Meteorite Slice * NWA 12269 -pairing * IMCA #6236,547.0,2020-01-05,4.33,126.33,WorthPoint
nwa-martian-meteorite,NWA 6963 Martian Shergottite Meteorite Fragment Real Mars Meteorite! RARE! .99gm,274.99,2020-01-04,99.0,2.78,WorthPoint
nwa-martian-meteorite,NWA 12269 1.60g Shergottite Meteorite Pairing Full Slice Of Martian Madness,162.5,2020-01-04,1.6,101.56,WorthPoint
nwa-martian-meteorite,NWA 12269 0.64g Shergottite Meteorite Pairing Slice Of Martian Madness,64.0,2020-01-04,0.64,100.0,WorthPoint
nwa-martian-meteorite,Authentic 8mg Martian Rock In Case NWA 4766 Martian Shergottite,22.0,2020-01-04,,,WorthPoint
nwa-martian-meteorite,NWA 12269 0.23g Shergottite Meteorite Pairing Slice Of Martian Madness,30.0,2020-01-02,0.23,130.43,WorthPoint
nwa-martian-meteorite,NWA 12269 0.35g Martian Meteorite Pairing Slice Of Shergottite Sweetness,46.0,2020-01-02,0.35,131.43,WorthPoint
nwa-martian-meteorite,8.5 Gram Martian Shergottite Meteorite Slice. Under Classification!,650.0,2020-01-01,8.5,76.47,WorthPoint
nwa-martian-meteorite,NWA 12269 0.08g Martian Meteorite Paring Slice Of Shergottite Sweetness,13.0,2019-12-31,0.08,162.5,WorthPoint
nwa-martian-meteorite,"Nwa 12269 Mars Shergottite Meteorite Slice 0.21 Gram, Fresh 2018",60.0,2019-12-30,0.21,285.71,WorthPoint
nwa-martian-meteorite,NWA 998 MARTIAN NAKHLITE Meteorite Mars VERY RARE SNC Northwest Africa IMCA,44.99,2019-12-29,,,WorthPoint
nwa-martian-meteorite,1.16 Gram - NWA 12269 - Martian Meteorite Slice - Shergottite,148.0,2019-12-29,1.16,127.59,WorthPoint
nwa-martian-meteorite,76.7 Gram Martian Shergottite Meteorite End Cut. Under Classification!,2750.0,2019-12-28,76.7,35.85,WorthPoint
nwa-martian-meteorite,NWA 12269 Shergottite 1.48g Full Slice Of Martian Madness,167.5,2019-12-28,1.48,113.18,WorthPoint
nwa-martian-meteorite,NWA 12269 1.26g Martian Meteorite Pairing Full Slice Of Shergottite Sweetness,132.5,2019-12-28,1.26,105.16,WorthPoint
nwa-martian-meteorite,0.72 Gram - NWA 12269 - Martian Meteorite Slice - Shergottite,87.6,2019-12-27,0.72,121.67,WorthPoint
nwa-martian-meteorite,Northwest Africa NWA 2986 Martian Meteorite Medal Embedded Fragment 2006 Numbere,99.99,2019-12-27,,,WorthPoint
nwa-martian-meteorite,Authentic Mars Rock - Nakhlite Martian Meteorite With COA,17.95,2019-12-27,,,WorthPoint
nwa-martian-meteorite,MARTIAN Meteorite NWA 4930 TKW 117.5g (.360g),110.0,2019-12-26,117.5,0.94,WorthPoint
nwa-martian-meteorite,Meteorite NWA 12269 Martian Shergottite - 12269-0023 - 0.53g HAPPY HOLIDAYS!!,37.0,2019-12-25,0.53,69.81,WorthPoint
nwa-martian-meteorite,Meteorite NWA 6963 Martian Shergottite - G201-0366 - 0.28g - HAPPY HOLIDAYS!!,18.0,2019-12-25,0.28,64.29,WorthPoint
nwa-martian-meteorite,0.57 Gram - NWA 6963 - Martian Shergottite - Meteorite - 4 Fragments From Mars,145.0,2019-12-24,0.57,254.39,WorthPoint
nwa-martian-meteorite,"Meteorite**NWA 12269, Martian Shergottite**1.103 Gram Endcut, Planet Mars!!!",102.5,2019-12-23,1.103,92.93,WorthPoint
nwa-martian-meteorite,"Meteorite**NWA 12269, Martian Shergottite**1.269 Gram Endcut, Planet Mars!!!",151.0,2019-12-23,1.269,118.99,WorthPoint
nwa-martian-meteorite,NWA 12269 0.15g Martian Meteorite Paring Slice Of Shergottite Sweetness,20.0,2019-12-22,0.15,133.33,WorthPoint
nwa-martian-meteorite,NWA 12269 0.67g Shergottite Meteorite Pairing Slice Of Martian Madness,88.0,2019-12-21,0.67,131.34,WorthPoint
nwa-martian-meteorite,NWA 12269 0.24g Shergottite Meteorite Pairing Slice Of Martian Madness,32.0,2019-12-21,0.24,133.33,WorthPoint
nwa-martian-meteorite,0.23 Gram NWA 8159. Martian Augite Basalt Meteorite. Most Coveted NWA!,770.0,2019-12-21,0.23,3347.83,WorthPoint
nwa-martian-meteorite,1.06g NWA 10645 Martian Crusted Nakhlite Meteorite Slice. Extremely Rare.,355.0,2019-12-21,1.06,334.91,WorthPoint
nwa-martian-meteorite,45.68 Gram Martian Shergottite Meteorite Slice. Under Classification!,2309.0,2019-12-21,45.68,50.55,WorthPoint
nwa-martian-meteorite,38.61gram Martian Shergottite Meteorite Slice. Under Classification!,1925.0,2019-12-21,38.61,49.86,WorthPoint
nwa-martian-meteorite,20.7 Gram Martian Shergottite Meteorite Slice. Under Classification!,860.0,2019-12-21,20.7,41.55,WorthPoint
nwa-martian-meteorite,21.3 Gram Martian Shergottite Meteorite Slice. Under Classification!,910.0,2019-12-21,21.3,42.72,WorthPoint
nwa-martian-meteorite,NWA 12269 0.33g Martian Meteorite Pairing Slice Of Shergottite Sweetness,43.0,2019-12-21,0.33,130.3,WorthPoint
nwa-martian-meteorite,NWA 12269 1.74g Martian Meteorite Pairing Slice Of Shergottite Sweetness,170.0,2019-12-21,1.74,97.7,WorthPoint
nwa-martian-meteorite,NWA 12269 Martian 0.34g Sweet Shergottite Slice,57.0,2019-12-21,0.34,167.65,WorthPoint
nwa-martian-meteorite,.46 Gram - NWA 12269 Martian Meteorite Cutting Fragments - Shergottite,75.0,2019-12-20,46.0,1.63,WorthPoint
nwa-martian-meteorite,"4.76 Gram Martian Shergottite Meteorite Slice, Under Classification.",400.0,2019-12-20,4.76,84.03,WorthPoint
nwa-martian-meteorite,3.34 Gram - NWA 12269 - Martian Meteorite (cutting Dust) - Shergottite,268.0,2019-12-20,3.34,80.24,WorthPoint
nwa-martian-meteorite,.013 Grams 3x2x1mm NWA 4878 Martian Shergottite Meteorite Fragment From Mars,12.0,2019-12-19,13.0,0.92,WorthPoint
nwa-martian-meteorite,.015 Grams 3mm Cut Fragment Of NWA 7397 MARTIAN SHERGOTTITE METEORITE From Mars,16.0,2019-12-19,15.0,1.07,WorthPoint
nwa-martian-meteorite,.018 Grams 3x2x2mm Fragment Of NWA 1068 MARTIAN SHERGOTTITE METEORITE From Mars,17.0,2019-12-19,18.0,0.94,WorthPoint
nwa-martian-meteorite,.012 Grams 2x2x2mm NWA 4878 Martian Shergottite Meteorite Fragment From Mars,12.0,2019-12-19,12.0,1.0,WorthPoint
nwa-martian-meteorite,NWA 12269 Martian 0.26g Slice Of Shergottite Sweetness,34.0,2019-12-17,0.26,130.77,WorthPoint
nwa-martian-meteorite,NWA 1068 MARTIAN SHERGOTTITE METEORITE From Mars 12 Mg,12.0,2019-12-17,,,WorthPoint
nwa-martian-meteorite,NWA 12269 Martian 1.76g Slice Of Shergottite Sweetness,190.02,2019-12-14,1.76,107.97,WorthPoint
nwa-martian-meteorite,NWA 12269 Martian 0.43g Slice Of Shergottite Sweetness,54.98,2019-12-14,0.43,127.86,WorthPoint
nwa-martian-meteorite,7.54 Gram - NWA 6963 - Martian Shergottite - Meteorite - From Mars -cutting Dust,800.0,2019-12-14,7.54,106.1,WorthPoint
nwa-martian-meteorite,1.39 Gram - NWA 6963 - Martian Shergottite - Meteorite - From Mars Dust/Frags,150.0,2019-12-14,1.39,107.91,WorthPoint
nwa-martian-meteorite,2.83 Gram Martian Shergottite Meteorite Slice. Under Classification!,215.0,2019-12-08,2.83,75.97,WorthPoint
nwa-martian-meteorite,3.43gram Martian Shergottite Meteorite Slice. Under Classification!,202.5,2019-12-08,3.43,59.04,WorthPoint
nwa-martian-meteorite,"4.25 Gram Martian Shergottite Meteorite End Piece, Under Classification.",300.0,2019-12-08,4.25,70.59,WorthPoint
nwa-martian-meteorite,2.58 Gram Martian Shergottite Meteorite Slice. Under Classification!,200.0,2019-12-08,2.58,77.52,WorthPoint
nwa-martian-meteorite,32 Mg Specimen From NWA 7397 MARTIAN SHERGOTTITE METEORITE From Mars,20.0,2019-12-08,,,WorthPoint
nwa-martian-meteorite,5.62g Martian Polymict Breccia Meteorite Set. Same Material As Black Beauty.,4700.0,2019-12-07,5.62,836.3,WorthPoint
nwa-martian-meteorite,1.34g NWA 10645 Martian Crusted Nakhlite Meteorite Slice. Extremely Rare.,736.51,2019-12-07,1.34,549.63,WorthPoint
nwa-martian-meteorite,38.25 Gram Martian Shergottite Meteorite Slice. Under Classification!,2125.0,2019-12-07,38.25,55.56,WorthPoint
nwa-martian-meteorite,Museum Quality! Marvelous Nwa 6963 Martian Shergottite Meteorite! 6.55 Gms,1274.25,2019-12-05,6.55,194.54,WorthPoint
nwa-martian-meteorite,.009 Grams 3mm Cut Fragment Of NWA 7397 MARTIAN SHERGOTTITE METEORITE From Mars,12.0,2019-12-02,9.0,1.33,WorthPoint
nwa-martian-meteorite,1.07 Gram - NWA 6963 - Martian Shergottite - Meteorite - From Mars,248.8,2019-12-02,1.07,232.52,WorthPoint
nwa-martian-meteorite,0.09 Gram - NWA 6963 - Martian Shergottite - Meteorite - From Mars,68.0,2019-12-02,0.09,755.56,WorthPoint
nwa-martian-meteorite,1.15 Gram - NWA 12269 Martian Meteorite Slice - Shergottite,140.0,2019-12-02,1.15,121.74,WorthPoint
nwa-martian-meteorite,NWA 2626 Martian Meteorite 46mg Shergottite,20.5,2019-12-01,,,WorthPoint
nwa-martian-meteorite,3.03g Martian Shergotite Meteorite - Commonly Sold As NWA 12269,165.5,2019-12-01,3.03,54.62,WorthPoint
nwa-martian-meteorite,4.08 Martian Shergotite Meteorite - Commonly Sold As NWA 12269,202.5,2019-12-01,,,WorthPoint
nwa-martian-meteorite,.021 Grams 4mm Cut Fragment Of NWA 7397 MARTIAN SHERGOTTITE METEORITE From Mars,22.0,2019-12-01,21.0,1.05,WorthPoint
nwa-martian-meteorite,.023 Grams 4mm Cut Fragment Of NWA 7397 MARTIAN SHERGOTTITE METEORITE From Mars,25.0,2019-12-01,23.0,1.09,WorthPoint
nwa-martian-meteorite,.063 Gram 5x4x3mm NWA 6963 Martian Shergottite Meteorite Fragment From Mars,24.0,2019-11-29,63.0,0.38,WorthPoint
nwa-martian-meteorite,0.37 Gram - NWA 12269 Martian Meteorite Slice - Shergottite,65.0,2019-11-29,0.37,175.68,WorthPoint
nwa-martian-meteorite,AFFORDABLE - 0.45 Gram - NWA 12269 MARTIAN Meteorite Slice - Shergottite,56.0,2019-11-28,0.45,124.44,WorthPoint
nwa-martian-meteorite,0.53 Gram - NWA 12269 Martian Meteorite Slice - Shergottite,64.0,2019-11-28,0.53,120.75,WorthPoint
nwa-martian-meteorite,.039 Grams 3x3x2mm NWA 4878 Martian Shergottite Meteorite Fragment From Mars,32.0,2019-11-28,39.0,0.82,WorthPoint
nwa-martian-meteorite,Alien Martian Iron Nickel Meteorite Fusion Crust And THUMBPRINT NWA,250.0,2019-11-27,,,WorthPoint
nwa-martian-meteorite,1.20 Gram - NWA 12269 Martian Meteorite Cutting Dust - Shergottite,140.0,2019-11-27,1.2,116.67,WorthPoint
nwa-martian-meteorite,.048 Gram 3x3x3mm NWA 6963 Martian Shergottite Meteorite Fragment From Mars,20.0,2019-11-25,48.0,0.42,WorthPoint
nwa-martian-meteorite,Meteorite NWA 6963 Achondrite Martian Shergottite - G201-0318 - 0.36g - Crust,35.95,2019-11-24,0.36,99.86,WorthPoint
nwa-martian-meteorite,79.73 Gram NWA 12269 Martian Shergottite Meteorite Slice,3550.0,2019-11-23,79.73,44.53,WorthPoint
nwa-martian-meteorite,44.86 Gram NWA 12269 Martian Shergottite Meteorite Slice,2225.0,2019-11-23,44.86,49.6,WorthPoint
nwa-martian-meteorite,.031 Grams 4mm Fragment Of NWA 1068 MARTIAN SHERGOTTITE METEORITE From Mars,11.0,2019-11-21,31.0,0.35,WorthPoint
nwa-martian-meteorite,NWA 6963 Mars Rock 3.37g Part Slice W/ Crust Martian By Meteorite Men Steve,725.0,2019-11-20,3.37,215.13,WorthPoint
nwa-martian-meteorite,Meteorite NWA 2737 Achondrite Martian Chassignite - 2737-0009 - Micro - RARE,19.95,2019-11-19,,,WorthPoint
nwa-martian-meteorite,1.22 Gram - NWA 6963 - Martian Shergottite - Meteorite - From Mars,292.0,2019-11-19,1.22,239.34,WorthPoint
nwa-martian-meteorite,Meteorite NWA 6963 Achondrite Martian Shergottite - G201-0349 - 0.14g - Great 1,18.6,2019-11-16,0.14,132.86,WorthPoint
nwa-martian-meteorite,.095 Grams 5mm Fragment Of NWA 1068 MARTIAN SHERGOTTITE METEORITE From Mars,31.0,2019-11-15,95.0,0.33,WorthPoint
nwa-martian-meteorite,.024 Grams 4mm Cut Fragment Of NWA 7397 MARTIAN SHERGOTTITE METEORITE From Mars,15.0,2019-11-15,24.0,0.62,WorthPoint
nwa-martian-meteorite,.047 Grams 5mm Cut Fragment Of NWA 7397 MARTIAN SHERGOTTITE METEORITE From Mars,30.0,2019-11-15,47.0,0.64,WorthPoint
nwa-martian-meteorite,Meteorite NWA 6963 Achondrite Martian Shergottite - G201-0339 - 0.04g - Great 1,11.33,2019-11-15,0.04,283.25,WorthPoint
nwa-martian-meteorite,Great Deal! Fragment W/ Crust! Nwa 6963 Martian Shergottite Meteorite! 1.129 Gms,296.25,2019-11-15,1.129,262.4,WorthPoint
nwa-martian-meteorite,.028 Grams 5mm Cut Fragment Of NWA 7397 MARTIAN SHERGOTTITE METEORITE From Mars,16.0,2019-11-13,28.0,0.57,WorthPoint
nwa-martian-meteorite,.053 Grams 6mm Cut Fragment Of NWA 7397 MARTIAN SHERGOTTITE METEORITE From Mars,32.0,2019-11-12,53.0,0.6,WorthPoint
nwa-martian-meteorite,"NWA 8716 Martian Shergottite, Meteorite Thin Section, High Quality, Discounted",285.0,2019-11-11,,,WorthPoint
nwa-martian-meteorite,19.21 Gram NWA 6963 Martian Shergottite Meteorite Individual. Great Crust!,1325.0,2019-11-09,19.21,68.97,WorthPoint
nwa-martian-meteorite,"26.11 Gram NWA 10961 Beautiful, Unique Martian Shergottite Meteorite Slice.",2325.0,2019-11-09,26.11,89.05,WorthPoint
nwa-martian-meteorite,60.59 Gram NWA 12269 Martian Shergottite Meteorite Slice,4150.0,2019-11-09,60.59,68.49,WorthPoint
nwa-martian-meteorite,"2016 1 Oz Silver MARS MARTIAN METEORITE $1 NWA 6963 Coin,Niue.",249.0,2019-11-08,28.35,8.78,WorthPoint
nwa-martian-meteorite,Very Small Samples NWA 6963 Martian Shergottite Meteorite Fragment From Mars,14.99,2019-11-06,,,WorthPoint
nwa-martian-meteorite,Martian Meteorite 1.61g I Mars SHERGOTTITE - NWA 11668 - TOP,805.0,2019-11-03,1.61,500.0,WorthPoint
nwa-martian-meteorite,.017 Grams 4mm Cut Fragment Of NWA 7397 MARTIAN SHERGOTTITE METEORITE From Mars,10.45,2019-11-02,17.0,0.61,WorthPoint
nwa-martian-meteorite,Meteorite NWA 6963 Achondrite Martian Shergottite - G201-0303 - 0.19g - Crust,30.0,2019-11-02,0.19,157.89,WorthPoint
nwa-martian-meteorite,.082 Grams 5mm Fragment Of NWA 1068 MARTIAN SHERGOTTITE METEORITE From Mars,23.0,2019-11-01,82.0,0.28,WorthPoint
nwa-martian-meteorite,Meteorite NWA 817 Achondrite Martian Nakhlite - 0817-0005 - Micro - Very Rare,19.95,2019-10-30,,,WorthPoint
nwa-martian-meteorite,BASIC EDITION- AUTHENTICATED MARTIAN METEORITE-5mg Mars Rock Display+Certificate,11.95,2019-10-29,,,WorthPoint
nwa-martian-meteorite,DELUXE EDITION- AUTHENTICATED MARTIAN METEORITE- 12mg Mars Rock Display+Easel H,15.95,2019-10-27,,,WorthPoint
nwa-martian-meteorite,Meteorite NWA 6963 Achondrite Martian Shergottite - G201-0032 - 0.10g - Crust,29.95,2019-10-24,0.1,299.5,WorthPoint
nwa-martian-meteorite,"Large Slice Of Mars! 2.22g, NWA 12269 Martian Shergottite Meteorite. Full Slice!",320.0,2019-10-24,2.22,144.14,WorthPoint
nwa-martian-meteorite,.051 Gram 4x3x3mm NWA 4878 Martian Shergottite Meteorite Fragment From Mars,40.0,2019-10-21,51.0,0.78,WorthPoint
nwa-martian-meteorite,NWA 7397 Martian Meteorite Fragment,807.5,2019-10-17,,,WorthPoint
nwa-martian-meteorite,NWA 6963 Martian Meteorite End Cut,20000.0,2019-10-17,,,WorthPoint
nwa-martian-meteorite,"2012, NWA 7397 Martian (Shergottite) Meteorite, Northwest Africa .736 Grams",179.5,2019-10-16,736.0,0.24,WorthPoint
nwa-martian-meteorite,"Nwa 12269 Mars Shergottite Meteorite Slice 1.369 Grams, Fresh 2018",300.0,2019-10-06,1.369,219.14,WorthPoint
nwa-martian-meteorite,"Large Slice Of Mars! 2.54g, NWA 12269 Martian Shergottite Meteorite. Full Slice!",380.0,2019-10-05,2.54,149.61,WorthPoint
nwa-martian-meteorite,.066 Gram 4x4x3mm NWA 4878 Martian Shergottite Meteorite Fragment From Mars,48.0,2019-10-04,66.0,0.73,WorthPoint
nwa-martian-meteorite,NWA 6963 Martian Meteorite 0.18 Grams Fusion Crusted,40.0,2019-10-02,0.18,222.22,WorthPoint
nwa-martian-meteorite,NWA 6963 Mars Rock 1.11g Part End Cut Martian By Meteorite Men Steve,288.99,2019-09-30,1.11,260.35,WorthPoint
nwa-martian-meteorite,"Large Slice Of Mars! 1.14g, NWA 12269 Martian Meteorite. Huge Surface For Wt.",117.5,2019-09-30,1.14,103.07,WorthPoint
nwa-martian-meteorite,NWA 10720 Martian Nakhlite Meteorite Fragment 0.78gm Real Mars Meteorite! RARE!,449.99,2019-09-29,0.78,576.91,WorthPoint
nwa-martian-meteorite,0.85 Gram - NWA 6963 - Martian Shergottite - Meteorite - From Mars,204.0,2019-09-25,0.85,240.0,WorthPoint
nwa-martian-meteorite,Museum Quality! Marvelous Crust! Nwa 6963 Martian Shergottite Meteorite! .77 Gm,201.75,2019-09-21,77.0,2.62,WorthPoint
nwa-martian-meteorite,.086 Gram 5x4x3mm NWA 4878 Martian Shergottite Meteorite Fragment From Mars,65.0,2019-09-18,86.0,0.76,WorthPoint
nwa-martian-meteorite,.033 Gram 4x3x2mm NWA 6963 Martian Shergottite Meteorite Fragment From Mars,18.05,2019-09-16,33.0,0.55,WorthPoint
nwa-martian-meteorite,4.33 Gram NWA 12269 Martian Shergottite Meteorite Slice,255.0,2019-09-15,4.33,58.89,WorthPoint
nwa-martian-meteorite,3.07 Gram NWA 12269 Martian Shergottite Meteorite Slice,275.0,2019-09-15,3.07,89.58,WorthPoint
nwa-martian-meteorite,.052 Gram 4x3x3mm NWA 6963 Martian Shergottite Meteorite Fragment From Mars,27.0,2019-09-15,52.0,0.52,WorthPoint
nwa-martian-meteorite,.040 Gram 3x3x2mm NWA 4878 Martian Shergottite Meteorite Fragment From Mars,30.4,2019-09-15,40.0,0.76,WorthPoint
nwa-martian-meteorite,.084 Gram 4x4x3mm NWA 6963 Martian Shergottite Meteorite Fragment From Mars,37.05,2019-09-15,84.0,0.44,WorthPoint
nwa-martian-meteorite,Meteorite NWA 6963 Achondrite Martian Shergottite - G201-0164 - 0.16g - Great 1,19.5,2019-09-14,0.16,121.88,WorthPoint
nwa-martian-meteorite,1.35 Gram - NWA 6963 - Martian Shergottite - Meteorite - From Mars,411.0,2019-09-11,1.35,304.44,WorthPoint
nwa-martian-meteorite,1.8 Gram - NWA 6963 - Martian Shergottite - Meteorite End Cut - From Mars,580.0,2019-09-08,1.8,322.22,WorthPoint
nwa-martian-meteorite,Meteorite NWA 6963 Achondrite Martian Shergottite - G201-0018 - 0.20g - Great 1,35.0,2019-09-07,0.2,175.0,WorthPoint
nwa-martian-meteorite,.057 Grams 4x3x3mm Fragment Of NWA 1068 MARTIAN SHERGOTTITE METEORITE From Mars,16.15,2019-09-07,57.0,0.28,WorthPoint
nwa-martian-meteorite,Moon And Mars Meteorite Ring - Genuine Lunar And Martian Meteorite Jewelry - TOP,900.0,2019-09-04,,,WorthPoint
nwa-martian-meteorite,.012 Gram 2x2x1mm NWA 4878 Martian Shergottite Meteorite Fragment From Mars,11.4,2019-09-02,12.0,0.95,WorthPoint
nwa-martian-meteorite,.088 Grams 5x5x3mm Fragment Of NWA 1068 MARTIAN SHERGOTTITE METEORITE From Mars,22.8,2019-09-02,88.0,0.26,WorthPoint
nwa-martian-meteorite,.090 Grams 4x4x4mm Fragment Of NWA 1068 MARTIAN SHERGOTTITE METEORITE From Mars,25.0,2019-08-28,90.0,0.28,WorthPoint
nwa-martian-meteorite,.097 Gram 6x3x3mm NWA 6963 Martian Shergottite Meteorite Fragment From Mars,44.0,2019-08-27,97.0,0.45,WorthPoint
nwa-martian-meteorite,.048 Grams 5x3x3mm Fragment Of NWA 1068 MARTIAN SHERGOTTITE METEORITE From Mars,16.0,2019-08-26,48.0,0.33,WorthPoint
nwa-martian-meteorite,.044 Grams 5x3x2mm Fragment Of NWA 1068 MARTIAN SHERGOTTITE METEORITE From Mars,15.0,2019-08-26,44.0,0.34,WorthPoint
nwa-martian-meteorite,NWA 1110 MARTIAN Shergottite Meteorite 202mg Part Slice With Hupe Collection COA,43.0,2019-08-19,,,WorthPoint
nwa-martian-meteorite,"Nwa 12269 Mars Shergottite Meteorite End Slice 0.952 Grams, Fresh 2018",220.0,2019-08-19,0.952,231.09,WorthPoint
nwa-martian-meteorite,0.50 Gram - NWA 6963 - Martian Shergottite - Meteorite - From Mars,155.0,2019-08-16,0.5,310.0,WorthPoint
nwa-martian-meteorite,Low Price! Nice Nwa 2986 Martian Shergottite Meteorite With Crust! .623 Gms,258.75,2019-08-16,623.0,0.42,WorthPoint
nwa-martian-meteorite,0.12 Gram - NWA 6963 - Martian Shergottite - Meteorite - From Mars,60.0,2019-08-14,0.12,500.0,WorthPoint
nwa-martian-meteorite,2016 Niue Martian Meteorite NWA 6963 1 Oz Silver Coin Only 500 Minted #220/500,169.0,2019-08-13,28.35,5.96,WorthPoint
nwa-martian-meteorite,15.2g Martian Shergottite NWA 6963 With Over 60% Fusion Crust MARS - IMCA 6236,1825.0,2019-08-13,15.2,120.07,WorthPoint
nwa-martian-meteorite,2.32 Gram - NWA 6963 - Martian Shergottie - Meteorite - From Mars,520.0,2019-08-12,2.32,224.14,WorthPoint
nwa-martian-meteorite,NWA 6963 Martian Shergottite Meteorite A Rock From The Planet Mars Insane!,135.19,2019-08-09,,,WorthPoint
nwa-martian-meteorite,NWA 7397 Meteorite Slice 2.59 Grams Full Slice MARTIAN METEORITE!,673.2,2019-08-06,2.59,259.92,WorthPoint
nwa-martian-meteorite,2.3 Gram - NWA 6963 - Martian Shergottite - Meteorite From Mars W/crust,519.2,2019-08-01,2.3,225.74,WorthPoint
nwa-martian-meteorite,NWA 4880 MARTIAN Shergottite Meteorite Mars VERY RARE SNC Northwest Africa IMCA,39.49,2019-08-01,,,WorthPoint
nwa-martian-meteorite,NWA 6963 Mars Rock 0.24g Part Slice Martian By Meteorite Men Steve,89.99,2019-07-27,0.24,374.96,WorthPoint
nwa-martian-meteorite,NWA 11668 - NEW MARS Meteorite - Shergottite Specimen - 2.1 Gram With Crust!,600.0,2019-07-21,2.1,285.71,WorthPoint
nwa-martian-meteorite,10.3 Gram NWA 6963 Martian Shergottite - Meteorite CRUSTED END CUT From Mars,2320.0,2019-07-21,10.3,225.24,WorthPoint
nwa-martian-meteorite,NWA 11288 Martian Meteorite,1375.0,2019-07-20,,,WorthPoint
nwa-martian-meteorite,NWA 12241 Shergottite 0.33g Unusual Low Shock Martian Meteorite,123.0,2019-07-20,0.33,372.73,WorthPoint
nwa-martian-meteorite,NWA 8159 Martian Meteorite,500.0,2019-07-18,,,WorthPoint
nwa-martian-meteorite,NWA 6963 Martian Meteorite 0.08 Grams,20.0,2019-07-11,0.08,250.0,WorthPoint
nwa-martian-meteorite,NWA 1068 MARTIAN Shergottite Meteorite RARE Mars SNC Northwest Africa IMCA A,18.75,2019-07-08,,,WorthPoint
nwa-martian-meteorite,NWA 6963 Martian Meteorite 1.33 Grams Fusion Crusted With Flow Lines,215.0,2019-07-02,1.33,161.65,WorthPoint
nwa-martian-meteorite,NWA 6963 Mars Rock 0.145g Part Slice Martian By Meteorite Men Steve,50.0,2019-06-23,0.145,344.83,WorthPoint
nwa-martian-meteorite,NWA 11288 Martian Meteorite Slice,1708.75,2019-06-20,,,WorthPoint
nwa-martian-meteorite,Martian Shergottite Meteorite Crusted Individual. 10.2g NWA 6963.,1500.0,2019-06-16,10.2,147.06,WorthPoint
nwa-martian-meteorite,NWA 12241 Shergottite 0.13g Unusual Low Shock Martian Meteorite,37.0,2019-06-15,0.13,284.62,WorthPoint
nwa-martian-meteorite,0.37 Gram - NWA 6963 - Martian Shergottite - Meteorite - From Mars,95.2,2019-06-14,0.37,257.3,WorthPoint
nwa-martian-meteorite,0.27 Gram - NWA 6963 - Martian Shergottite - Meteorite - From Mars,79.2,2019-06-14,0.27,293.33,WorthPoint
nwa-martian-meteorite,1.6 Gram - NWA 6963 Martian Shergottite - Meteorite CRUSTED Slice - From Mars,384.0,2019-06-13,1.6,240.0,WorthPoint
nwa-martian-meteorite,Martian Shergottite Meteorite End Piec. 4.65 Grams. NWA 12269. 3 Day Auction!,345.0,2019-06-12,4.65,74.19,WorthPoint
nwa-martian-meteorite,Martian Shergottite Meteorite Slice. 5.25 Grams. NWA 12269. 3 Day Auction!,455.0,2019-06-12,5.25,86.67,WorthPoint
nwa-martian-meteorite,Martian Shergottite Meteorite Slice. 6.25 Grams. NWA 12269. 3 Day Auction!,787.0,2019-06-12,6.25,125.92,WorthPoint
nwa-martian-meteorite,Meteorite NWA 1950 Achondrite Martian Shergottite - 1950-0009 - 0.12g Part Slice,119.95,2019-06-10,0.12,999.58,WorthPoint
nwa-martian-meteorite,0.80 Gram - NWA 6963 - Martian Shergottite - Meteorite - From Mars,204.0,2019-06-08,0.8,255.0,WorthPoint
nwa-martian-meteorite,0.59 Gram - NWA 6963 - Martian Shergottite - Meteorite - From Mars,153.0,2019-06-06,0.59,259.32,WorthPoint
nwa-martian-meteorite,NWA 6963 Mars Rock 0.647g Part Slice W/ Crust Martian By Meteorite Men Steve,193.99,2019-06-05,0.647,299.83,WorthPoint
nwa-martian-meteorite,Museum Quality! Marvelous Crusted Nwa 6963 Martian Shergottite Meteorite! .92 Gm,239.25,2019-06-05,92.0,2.6,WorthPoint
nwa-martian-meteorite,NWA 1068 MARTIAN Shergottite Meteorite Mars VERY RARE SNC Northwest Africa IMCA,49.99,2019-06-03,,,WorthPoint
nwa-martian-meteorite,Great Deal! 3 Nice Fragments! Nwa 6963 Martian Shergottite Meteorite! .177 Gm,75.0,2019-06-03,177.0,0.42,WorthPoint
nwa-martian-meteorite,2017 1 Oz Silver Mars Solar System Antique Finish With Mars Meteorite NWA 7397,150.0,2019-05-29,28.35,5.29,WorthPoint
nwa-martian-meteorite,0.13 Gram - NWA 6963 - Martian Shergottie - Meteorite - From Mars,51.0,2019-05-27,0.13,392.31,WorthPoint
nwa-martian-meteorite,Martian Nakhlite 0.2g Slice - NWA 10645 - TKW: Only 12g - IMCA #6236 **AUCTION**,101.0,2019-05-26,0.2,505.0,WorthPoint
nwa-martian-meteorite,NWA 12241 Shergottite 0.17g Unusual Low Shock Martian Meteorite,49.0,2019-05-25,0.17,288.24,WorthPoint
nwa-martian-meteorite,0.07 Gram - NWA 6963 - Martian Shergottie - Meteorite - From Mars,27.0,2019-05-21,0.07,385.71,WorthPoint
nwa-martian-meteorite,CHRISTIE‚ÄôS Meteorites ‚Äì Martian Meteorite Zagami,19.95,2019-05-21,,,WorthPoint
nwa-martian-meteorite,Martian Shergottite Meteorite Slice. 0.94 Grams. NWA 6963. COA. 3 Day Auction!,117.5,2019-05-16,0.94,125.0,WorthPoint
nwa-martian-meteorite,Martian Shergottite Meteorite Slice. 1.05 Grams. NWA 6963. COA. 3 Day Auction!,123.0,2019-05-16,1.05,117.14,WorthPoint
nwa-martian-meteorite,Martian Meteorite Slice. Black Beauty NWA 7034 Pairing.0.16g COA 3 Day Auction!,238.0,2019-05-16,0.16,1487.5,WorthPoint
nwa-martian-meteorite,Martian Meteorite Slice. Black Beauty NWA 7034 Pairing.0.25g COA 3 Day Auction!,317.5,2019-05-16,0.25,1270.0,WorthPoint
nwa-martian-meteorite,Martian Meteorite Slice. Black Beauty NWA 7034 Pairing.0.17g COA 3 Day Auction!,201.0,2019-05-16,0.17,1182.35,WorthPoint
nwa-martian-meteorite,Martian Nakhlite Meteorite Slice. 0.27 Grams. NWA 10645. COA. 3 Day Auction.,71.0,2019-05-11,0.27,262.96,WorthPoint
nwa-martian-meteorite,Martian Augite Basalt Slice. 0.64 Grams. NWA 8159 COA. 3 Day Auction.,2225.0,2019-05-11,0.64,3476.56,WorthPoint
nwa-martian-meteorite,Martian Chassignite Meteorite Slice. 0.28 Grams. NWA 2737. COA. 3 Day Auction.,405.0,2019-05-11,0.28,1446.43,WorthPoint
nwa-martian-meteorite,Martian Meteorite Slice. Black Beauty NWA 7034 Pairing.0.24g COA 3 Day Auction!,390.0,2019-05-11,0.24,1625.0,WorthPoint
nwa-martian-meteorite,Martian Nakhlite Meteorite Slice. 0.44 Grams. NWA 10645. COA. 3 Day Auction.,145.56,2019-05-11,0.44,330.82,WorthPoint
nwa-martian-meteorite,Martian Shergottite Meteorite Slice. 1.9 Grams. NWA 6963. COA. 3 Day Auction!,212.6,2019-05-11,1.9,111.89,WorthPoint
nwa-martian-meteorite,Martian Meteorite Slice. Black Beauty NWA 7034 Pairing.0.26g COA 3 Day Auction!,383.0,2019-05-11,0.26,1473.08,WorthPoint
nwa-martian-meteorite,Martian Shergottite Meteorite Slice. 1.81 Grams. NWA 6963. COA. 3 Day Auction!,255.0,2019-05-11,1.81,140.88,WorthPoint
nwa-martian-meteorite,Martian Nakhlite Meteorite Slice. 0.81 Grams. NWA 10645. COA. 3 Day Auction.,190.48,2019-05-11,0.81,235.16,WorthPoint
nwa-martian-meteorite,Martian Meteorite Slice. Black Beauty NWA 7034 Pairing.0.28g COA 3 Day Auction!,377.0,2019-05-11,0.28,1346.43,WorthPoint
nwa-martian-meteorite,Martian Shergottite Meteorite Slice. 1.66 Grams. NWA 6963. COA. 3 Day Auction!,247.5,2019-05-11,1.66,149.1,WorthPoint
nwa-martian-meteorite,NWA 6963 Mars Martian Meteorite - 2.87 Gram Endcut,425.0,2019-05-10,2.87,148.08,WorthPoint
nwa-martian-meteorite,0.06 Gram - NWA 6963 - Martian Shergottie - Meteorite - From Mars,21.25,2019-05-08,0.06,354.17,WorthPoint
nwa-martian-meteorite,0.15 Gram - NWA 6963 - Martian Shergottie - Meteorite - From Mars,60.0,2019-05-02,0.15,400.0,WorthPoint
nwa-martian-meteorite,0.16 Gram - NWA 6963 - Martian Shergottie - Meteorite - From Mars,51.0,2019-04-29,0.16,318.75,WorthPoint
nwa-martian-meteorite,Great Deal! 2 Nice Fragments! Nwa 6963 Martian Shergottite Meteorite! .086 Gm,39.0,2019-04-26,86.0,0.45,WorthPoint
nwa-martian-meteorite,Great Deal! Many Fragments! Nwa 6963 Martian Shergottite Meteorite! .109 Gm,49.0,2019-04-26,109.0,0.45,WorthPoint
nwa-martian-meteorite,Great Deal! 4 Nice Fragments! Nwa 6963 Martian Shergottite Meteorite! .099 Gm,45.0,2019-04-26,99.0,0.45,WorthPoint
nwa-martian-meteorite,1.2 Gram - NWA 6963 Martian Shergottie - Meteorite CRUSTED Slice - From Mars,314.5,2019-04-24,1.2,262.08,WorthPoint
nwa-martian-meteorite,Martian Meteorite Kit I Amazing Piece Of MARS I TOP,28.5,2019-04-23,,,WorthPoint
nwa-martian-meteorite,NWA 2986 MARS Meteorite Medal (second Series),80.0,2019-04-23,,,WorthPoint
nwa-martian-meteorite,MARS METEORITE Genuine Martian Space Rock Meteor W/ WATER BEARING MINERALS ! NR,17.99,2019-04-22,,,WorthPoint
nwa-martian-meteorite,Great Deal! 9 Fragments! Nwa 6963 Martian Shergottite Meteorite! .089 Gm,45.0,2019-04-20,89.0,0.51,WorthPoint
nwa-martian-meteorite,NWA 6963 Mars Rock ~ 20-29 Mg Martian Meteorite-Steve Arnold,28.0,2019-04-20,,,WorthPoint
nwa-martian-meteorite,0.28 Gram - NWA 6963 - Martian Shergottie - Meteorite - From Mars,68.0,2019-04-19,0.28,242.86,WorthPoint
nwa-martian-meteorite,Martian Meteorite 0.82g I Mars SHERGOTTITE - NWA 11668 - TOP,410.0,2019-04-19,0.82,500.0,WorthPoint
nwa-martian-meteorite,0.55 Gram - NWA 6963 - Martian Shergottie - Meteorite - From Mars,150.0,2019-04-15,0.55,272.73,WorthPoint
nwa-martian-meteorite,.107 Grams 5x5x4mm MARS NWA 6963 Meteorite Martian (shergottite) In A Gem Case,28.0,2019-04-11,107.0,0.26,WorthPoint
nwa-martian-meteorite,NWA 6963 Mars Martian Meteorite - 0.7 Gram Cut Fragment,113.0,2019-04-10,0.7,161.43,WorthPoint
nwa-martian-meteorite,NWA 6963 Mars Rock 1.72g Part End Cut Martian By Meteorite Men Steve,384.99,2019-04-08,1.72,223.83,WorthPoint
nwa-martian-meteorite,Mars Or Martian Meteorite Slice NWA 6963 Comes With A COA No Reserve!,89.0,2019-04-07,,,WorthPoint
nwa-martian-meteorite,.189 Grams 6x5x4mm MARS NWA 6963 Meteorite Martian (shergottite) In A Gem Case,42.0,2019-04-06,189.0,0.22,WorthPoint
nwa-martian-meteorite,0.25 Gram - NWA 6963 - Martian Shergottie - Meteorite - From Mars,75.0,2019-04-04,0.25,300.0,WorthPoint
nwa-martian-meteorite,0.29 Gram - NWA 6963 - Martian Shergottie - Meteorite - From Mars,85.0,2019-03-30,0.29,293.1,WorthPoint
nwa-martian-meteorite,NWA 6963 Mars Martian Meteorite - 1.2 Gram Crusted Endcut,190.0,2019-03-30,1.2,158.33,WorthPoint
nwa-martian-meteorite,0.05 Gram - NWA 6963 - Martian Shergottie - Meteorite - From Mars,27.0,2019-03-29,0.05,540.0,WorthPoint
nwa-martian-meteorite,"Planetary (Lunar, Martian) Meteorites COLLECTION Including INDIVIDUALS",310.0,2019-03-27,,,WorthPoint
nwa-martian-meteorite,0.21 Gram - NWA 6963 - Martian Shergottie - Meteorite - From Mars,60.0,2019-03-25,0.21,285.71,WorthPoint
nwa-martian-meteorite,.051 Grams MARS Fragments NWA 6963 Meteorite Martian (shergottite) In A Gem Case,31.0,2019-03-24,51.0,0.61,WorthPoint
nwa-martian-meteorite,Martian Shergottite Meteorite Crusted Individual. 5.58g NWA 6963. 1-DAY-AUCTION,650.0,2019-03-24,5.58,116.49,WorthPoint
nwa-martian-meteorite,.107 Grams 5x5x3mm MARS NWA 6963 Meteorite Martian (shergottite) In A Gem Case,26.0,2019-03-23,107.0,0.24,WorthPoint
nwa-martian-meteorite,.25 Gram - NWA 6963 - Martian Shergottie - Meteorite - From Mars,89.0,2019-03-22,25.0,3.56,WorthPoint
nwa-martian-meteorite,NWA 6963 Mars Martian Meteorite Micro,15.0,2019-03-22,,,WorthPoint
nwa-martian-meteorite,1.46 Gram - NWA 6963 - Martian Shergottie - Meteorite - From Mars,300.0,2019-03-21,1.46,205.48,WorthPoint
nwa-martian-meteorite,0.22 Gram - NWA 6963 - Martian Shergottie - Meteorite - From Mars,70.0,2019-03-21,0.22,318.18,WorthPoint
nwa-martian-meteorite,.111 Grams 5x4x3mm MARS NWA 6963 Meteorite Martian (shergottite) In A Gem Case,28.0,2019-03-21,111.0,0.25,WorthPoint
nwa-martian-meteorite,Scientifically Important! Black Beauty Martian Meteorite! End Cut! 2.53 Grams,3000.0,2019-03-19,2.53,1185.77,WorthPoint
nwa-martian-meteorite,Martian Nakhlite Meteorite Slice. 0.16 Grams. NWA 10645. COA. 3 Day Auction.,107.55,2019-03-16,0.16,672.19,WorthPoint
nwa-martian-meteorite,Martian Nakhlite Meteorite Slice. 0.3 Grams. NWA 10645. COA. 3 Day Auction.,162.5,2019-03-16,0.3,541.67,WorthPoint
nwa-martian-meteorite,Martian Nakhlite Meteorite Slice. 0.12 Grams. NWA 10645. COA. Crusted Edge.,61.0,2019-03-16,0.12,508.33,WorthPoint
nwa-martian-meteorite,Martian Shergottite Meteorite Slice. 1.20 Grams. NWA 6963. COA. 1 Day Auction!,169.0,2019-03-13,1.2,140.83,WorthPoint
nwa-martian-meteorite,Martian Shergottite Meteorite Slice. 0.97 Grams. NWA 6963. COA. 1 Day Auction!,140.0,2019-03-13,0.97,144.33,WorthPoint
nwa-martian-meteorite,Martian Shergottite Meteorite Slice. 0.77 Grams. NWA 6963. COA. 1 Day Auction!,110.65,2019-03-13,0.77,143.7,WorthPoint
nwa-martian-meteorite,NWA 6963 Mars Martian Meteorite - 1.06 Gram Crusted Individual,180.0,2019-03-12,1.06,169.81,WorthPoint
nwa-martian-meteorite,Martian Shergottite Meteorite Slice. 1.06 Grams. NWA 6963. COA. 1 Day Auction!,162.5,2019-03-12,1.06,153.3,WorthPoint
nwa-martian-meteorite,Martian Shergottite Meteorite Slice. 1.08 Grams. NWA 6963. COA. 1 Day Auction!,205.0,2019-03-12,1.08,189.81,WorthPoint
nwa-martian-meteorite,Martian Shergottite Meteorite Slice. 1.23 Grams. NWA 6963. COA. 1 Day Auction!,186.5,2019-03-12,1.23,151.63,WorthPoint
nwa-martian-meteorite,NWA 6963 Mars Rock 3.72g Part End Cut Martian By Meteorite Men Steve,530.0,2019-03-11,3.72,142.47,WorthPoint
nwa-martian-meteorite,Martian Shergottite Meteorite Slice. 1.24 Grams. NWA 6963. COA. 1 Day Auction!,260.0,2019-03-11,1.24,209.68,WorthPoint
nwa-martian-meteorite,Martian Shergottite Meteorite Slice. 0.99 Grams. NWA 6963. COA. 1 Day Auction!,178.5,2019-03-11,0.99,180.3,WorthPoint
nwa-martian-meteorite,Martian Shergottite Meteorite Slice. 0.85 Grams. NWA 6963. COA. 1 Day Auction!,263.0,2019-03-11,0.85,309.41,WorthPoint
nwa-martian-meteorite,"Martian Meteorite Collection: Shergottite, Nakhlite, And Black Beauty.",700.0,2019-03-07,,,WorthPoint
nwa-martian-meteorite,"MARS NWA 6963 2.45 Grams SLICE, MARTIAN SHERGOTTITE METEORITE",365.0,2019-03-04,2.45,148.98,WorthPoint
nwa-martian-meteorite,NWA 6963 Martian Meteorite .08 Grams Fusion Crusted,17.5,2019-02-27,8.0,2.19,WorthPoint
nwa-martian-meteorite,"NEW! NWA 12241 Martian 0.09g Olivine Gabbroic, Orthocumulate, Low Shock Meteorit",33.0,2019-02-21,0.09,366.67,WorthPoint
nwa-martian-meteorite,.031 Grams MARS NWA 6963 Meteorite Martian (shergottite) Fragment Glass Top Case,13.0,2019-02-21,31.0,0.42,WorthPoint
nwa-martian-meteorite,NEW! NWA 12241 Shergottite 0.59g Unusual Low Shock Martian Meteorite,155.0,2019-02-16,0.59,262.71,WorthPoint
nwa-martian-meteorite,NWA 6963 Mars Rock 0.250g Part Slice Martian By Meteorite Men Steve,99.99,2019-02-16,0.25,399.96,WorthPoint
nwa-martian-meteorite,Martian Meteorite 0.23g I Mars SHERGOTTITE - NWA 11668 - TOP,115.0,2019-02-14,0.23,500.0,WorthPoint
nwa-martian-meteorite,Martian Shergottite Meteorite. NWA.10441. 1.5g Cut With Crust. COA Sean Tutorow,122.5,2019-02-11,1.5,81.67,WorthPoint
nwa-martian-meteorite,Martian Shergottite Meteorite. NWA.10441. 1.22 Gram Cut.,130.5,2019-02-11,1.22,106.97,WorthPoint
nwa-martian-meteorite,1.7 Gram - NWA 6963 Martian Shergottie Meteorite - With Crust,450.0,2019-02-10,1.7,264.71,WorthPoint
nwa-martian-meteorite,NEW! NWA 12241 Shergottite 0.30g Unusual Low Shock Martian Meteorite,80.0,2019-02-09,0.3,266.67,WorthPoint
nwa-martian-meteorite,"NEW! NWA 12241 Martian 0.11g Olivine Gabbroic, Orthocumulate, Low Shock Meteorit",30.0,2019-02-09,0.11,272.73,WorthPoint
nwa-martian-meteorite,NWA 6963 Mars Rock 0.234g Part Slice Martian By Meteorite Men Steve,85.0,2019-02-05,0.234,363.25,WorthPoint
nwa-martian-meteorite,Martian Meteorite Slice. Shergottite. NWA 10441. 4.52 Grams. COA.,1076.0,2019-02-04,4.52,238.05,WorthPoint
nwa-martian-meteorite,Niue 2016 Martian Meteorite NWA 6963 $1 1oz Silver Proof Coin. ONLY 500 Minted!,79.0,2019-02-01,28.35,2.79,WorthPoint
nwa-martian-meteorite,0.6 Gram - NWA 6963 - Martian Shergottie - Meteorite Slice From Mars,135.0,2019-01-26,0.6,225.0,WorthPoint
nwa-martian-meteorite,NEW! NWA 12241 Martian 0.09g Very Rare & Anomalous Low Shock Meteorite,25.0,2019-01-26,0.09,277.78,WorthPoint
nwa-martian-meteorite,NWA 6963 Mars Rock 0.244g Part Slice Martian By Meteorite Men Steve,97.99,2019-01-22,0.244,401.6,WorthPoint
nwa-martian-meteorite,NEW! NWA 12241 Shergottite 0.28g Fusion Crusted Unusual Low Shock Martian Meteor,111.0,2019-01-20,0.28,396.43,WorthPoint
nwa-martian-meteorite,MARS NWA 6963 1.29 Gram CRUSTED MARTIAN SHERGOTTITE METEORITE,225.0,2019-01-20,1.29,174.42,WorthPoint
nwa-martian-meteorite,NWA 11668 - NEW MARS Meteorite - Shergottite Specimen - .90 Gram Fragment,255.2,2019-01-18,90.0,2.84,WorthPoint
nwa-martian-meteorite,1.0 Gram - NWA 6963 - Martian Shergottie - Meteorite From Mars W/ Crust,299.0,2019-01-17,1.0,299.0,WorthPoint
nwa-martian-meteorite,"NEW! NWA 12241 Martian 0.14g Olivine Gabbroic, Orthocumulate, Low Shock Meteorit",51.0,2019-01-12,0.14,364.29,WorthPoint
nwa-martian-meteorite,NEW! NWA 12241 Shergottite 0.38g Fusion Crusted Unusual Low Shock Martian Meteor,150.0,2019-01-08,0.38,394.74,WorthPoint
nwa-martian-meteorite,NEW! NWA 12241 Shergottite 0.17g Unusual Low Shock Martian Meteorite,64.0,2019-01-08,0.17,376.47,WorthPoint
nwa-martian-meteorite,Martian Meteorite 0.31g I Mars SHERGOTTITE - NWA 11668 - TOP,155.0,2019-01-08,0.31,500.0,WorthPoint
nwa-martian-meteorite,0.5 Gram - NWA 6963 - Martian Shergottie - Meteorite From Mars - Slice,159.0,2019-01-08,0.5,318.0,WorthPoint
nwa-martian-meteorite,1.0 Gram - NWA 6963 Martian Shergottie - Meteorite Slice - From Mars,300.0,2019-01-07,1.0,300.0,WorthPoint
nwa-martian-meteorite,.60 Gram - NWA 6963 - Martian Shergottie Meteorite - End Cut Specimen,189.0,2019-01-05,60.0,3.15,WorthPoint
nwa-martian-meteorite,NWA 6963 Mars Rock 2.43g Part Slice W/ Crust Martian By Meteorite Men Steve,535.0,2018-12-29,2.43,220.16,WorthPoint
nwa-martian-meteorite,NEW! NWA 12241 Shergottite 0.11g Unusual Low Shock Martian Meteorite,34.0,2018-12-29,0.11,309.09,WorthPoint
nwa-martian-meteorite,"MARS NWA 6963 0,823 Gram, 3 PIECE LOT, MARTIAN SHERGOTTITE METEORITES, CRUSTED",125.0,2018-12-23,823.0,0.15,WorthPoint
nwa-martian-meteorite,Fusion Crusted NWA 4880 Martian 0.26 Grams Meteorite,52.0,2018-12-20,0.26,200.0,WorthPoint
nwa-martian-meteorite,0.7 Gram - NWA 6963 - Martian Shergottie - Meteorite From Mars End Cut,167.2,2018-12-18,0.7,238.86,WorthPoint
nwa-martian-meteorite,NWA 6963 Mars Rock 0.50g Part Slice W/ Crust Martian By Meteorite Men Steve,160.0,2018-12-17,0.5,320.0,WorthPoint
nwa-martian-meteorite,Martian Meteorite 0.40g I Mars SHERGOTTITE - NWA 11668 - TOP,200.0,2018-12-16,0.4,500.0,WorthPoint
nwa-martian-meteorite,Martian Meteorite 0.27g I Mars SHERGOTTITE - NWA 11668 - TOP,135.0,2018-12-16,0.27,500.0,WorthPoint
nwa-martian-meteorite,NWA 11804 Martian Meteorite (2 Pieces),9375.0,2018-12-15,,,WorthPoint
nwa-martian-meteorite,.90 Gram - NWA 6963 - Martian Shergottie - Meteorite From Mars - W/ Fusion Crust,239.2,2018-12-15,90.0,2.66,WorthPoint
nwa-martian-meteorite,"NEW! NWA 12241 Martian 0.50g Fusion Crusted Olivine Gabbroic, Orthocumulate Mete",195.0,2018-12-15,0.5,390.0,WorthPoint
nwa-martian-meteorite,"NEW! NWA 12241 Martian 0.60g Olivine Gabbroic, Orthocumulate, Low Shock Shergott",195.0,2018-12-15,0.6,325.0,WorthPoint
nwa-martian-meteorite,NWA 6963 Mars Rock 0.166g Part Slice Martian By Meteorite Men Steve,60.29,2018-12-14,0.166,363.19,WorthPoint
nwa-martian-meteorite,0.9 Gram - NWA 6963 - Martian Shergottie - Meteorite From Mars -endcut,259.0,2018-12-14,0.9,287.78,WorthPoint
nwa-martian-meteorite,Own A Piece Of Mars: Martian Meteorite Cut Section Of NWA 4857.,1440.0,2018-12-08,,,WorthPoint
nwa-martian-meteorite,Martian Meteorite 0.14g I Mars SHERGOTTITE - NWA 11668 - TOP,70.0,2018-12-04,0.14,500.0,WorthPoint
nwa-martian-meteorite,NWA 11668 - NEW MARS Meteorite - Shergottite Specimen - .30 Gram Fragment,95.2,2018-12-04,30.0,3.17,WorthPoint
nwa-martian-meteorite,NWA 11668 - NEW MARS Meteorite - Shergottite Specimen - .60 Gram 3 Fragments,219.0,2018-12-04,60.0,3.65,WorthPoint
nwa-martian-meteorite,NWA 6963 Mars Rock 0.152g Part Slice Martian By Meteorite Men Steve,60.99,2018-12-02,0.152,401.25,WorthPoint
nwa-martian-meteorite,0.3 Gram - NWA 6963 - Martian Shergottie - Meteorite From Mars - W/crust,99.0,2018-12-01,0.3,330.0,WorthPoint
nwa-martian-meteorite,Low Price! Low Tkw! Nwa 11668 Martian Shergottite Meteorite With Crust! .189 Gm,63.75,2018-12-01,189.0,0.34,WorthPoint
nwa-martian-meteorite,.027 3x2x2mm Fragment Of NWA 4878 MARTIAN SHERGOTTITE METEORITE From Mars,18.0,2018-11-28,,,WorthPoint
nwa-martian-meteorite,(#0) MARS ROCK - 2mm Size Of NWA 7397 MARTIAN SHERGOTTITE METEORITE From Mars,13.0,2018-11-27,,,WorthPoint
nwa-martian-meteorite,"NWA 2986 Meteorite Coin, Only A Few Left. #195 Of 250 Pieces! MARS Meteorite",100.0,2018-11-25,,,WorthPoint
nwa-martian-meteorite,1.2 Gram - NWA 6963 - Martian Shergottie - Meteorite From Mars - End Cut,319.2,2018-11-24,1.2,266.0,WorthPoint
nwa-martian-meteorite,.9 Gram - NWA 6963 - Martian Shergottie - Meteorite From Mars - End Cut,207.2,2018-11-24,9.0,23.02,WorthPoint
nwa-martian-meteorite,NWA 11668 - NEW MARS Meteorite - Shergottite Specimen - .40 Gram Fragment,135.2,2018-11-23,40.0,3.38,WorthPoint
nwa-martian-meteorite,NWA 6963 Mars Rock 0.15g Part Slice Martian By Meteorite Men Steve,59.99,2018-11-21,0.15,399.93,WorthPoint
nwa-martian-meteorite,NWA 6963 Mars Rock 0.153g Part Slice Martian By Meteorite Men Steve,61.49,2018-11-18,0.153,401.9,WorthPoint
nwa-martian-meteorite,2.2 Gram - NWA 6963 - Martian Shergottie - Meteorite Fragments From Mars,450.0,2018-11-17,2.2,204.55,WorthPoint
nwa-martian-meteorite,Martian Meteorite Slice - 0.99 Gram Of NWA 7397 - Mars Shergottite,600.0,2018-11-16,0.99,606.06,WorthPoint
nwa-martian-meteorite,NWA 6963 Mars Rock 0.139g Part Slice Martian By Meteorite Men Steve,55.99,2018-11-14,0.139,402.81,WorthPoint
nwa-martian-meteorite,.021 3x2x2mm Fragment Of NWA 4878 MARTIAN SHERGOTTITE METEORITE From Mars,13.0,2018-11-14,,,WorthPoint
nwa-martian-meteorite,NWA 11668 - NEW MARS Meteorite - Shergottite Specimen - .70 Gram 4 Fragments,186.15,2018-11-14,70.0,2.66,WorthPoint
nwa-martian-meteorite,.032 3x3x2mm Fragment Of NWA 4878 MARTIAN SHERGOTTITE METEORITE From Mars,21.0,2018-11-14,,,WorthPoint
nwa-martian-meteorite,NWA 6963 Martian Meteorite .95 Grams Fusion Crusted,165.0,2018-11-09,95.0,1.74,WorthPoint
nwa-martian-meteorite,MARS NWA 6963 1.584 Gram LIGHTLY CRUSTED MARTIAN SHERGOTTITE METEORITE,350.0,2018-11-07,1.584,220.96,WorthPoint
nwa-martian-meteorite,NWA 11668 - NEW MARS Meteorite - Shergottite Specimen - .50 Gram Fragment,152.15,2018-11-04,50.0,3.04,WorthPoint
nwa-martian-meteorite,NWA 6963 Martian 2.38 Gram Slice. Beautiful Frame Ready To Display The Meteorite,655.0,2018-11-01,2.38,275.21,WorthPoint
nwa-martian-meteorite,NWA 11668 - NEW MARS Meteorite - Shergottite Specimen - .501 Gram Fragment,179.0,2018-10-29,501.0,0.36,WorthPoint
nwa-martian-meteorite,.031 Very Small Fragment Of NWA 1068 MARTIAN SHERGOTTITE METEORITE From Mars,25.0,2018-10-26,,,WorthPoint
nwa-martian-meteorite,.038 Very Small Fragment Of NWA 1068 MARTIAN SHERGOTTITE METEORITE From Mars,25.0,2018-10-26,,,WorthPoint
nwa-martian-meteorite,.031 Grams 4x3x3mm Fragment Of NWA 6963 MARTIAN SHERGOTTITE METEORITE From Mars,16.0,2018-10-26,31.0,0.52,WorthPoint
nwa-martian-meteorite,.023 Grams 3x3x2mm Fragment Of NWA 6963 MARTIAN SHERGOTTITE METEORITE From Mars,12.0,2018-10-22,23.0,0.52,WorthPoint
nwa-martian-meteorite,NWA 6963 Mars Rock 0.189g Part Slice Martian By Meteorite Men Steve,75.99,2018-10-18,0.189,402.06,WorthPoint
nwa-martian-meteorite,.033 Grams 5x3x3mm Fragment Of NWA 6963 MARTIAN SHERGOTTITE METEORITE From Mars,17.0,2018-10-15,33.0,0.52,WorthPoint
nwa-martian-meteorite,.026 Grams 4x3x2mm Fragment Of NWA 4878 MARTIAN SHERGOTTITE METEORITE From Mars,16.0,2018-10-12,26.0,0.62,WorthPoint
nwa-martian-meteorite,Genuine NWA6963Micro MARS Meteorite/ Display Case! Comes With Authenticity Card!,10.0,2018-10-12,,,WorthPoint
nwa-martian-meteorite,NWA 6963 Mars Rock 0.147g Part Slice Martian By Meteorite Men Steve,58.99,2018-10-11,0.147,401.29,WorthPoint
nwa-martian-meteorite,"Lunar Meteorite (breccia), Martian Shergottite, Martian Nakhlite, Black Beauty.",260.01,2018-10-10,,,WorthPoint
nwa-martian-meteorite,"Meteorite: NWA 6963, Martian Shergottite, 1.84 Gram Slice With Fusian Crust.",178.5,2018-10-10,1.84,97.01,WorthPoint
nwa-martian-meteorite,Meteorites: NWA 11303 (lunar) And NWA 10441 (martian) Pieces.,107.5,2018-10-08,,,WorthPoint
nwa-martian-meteorite,.036 Very Small Fragment Of NWA 1068 MARTIAN SHERGOTTITE METEORITE From Mars,25.0,2018-10-08,,,WorthPoint
nwa-martian-meteorite,3.70 Gram NWA 6963 Martian Meteorite Individual - Shergottite Classification,800.0,2018-10-08,3.7,216.22,WorthPoint
nwa-martian-meteorite,(#B) MARS ROCK - 1mm Size Of NWA 7397 MARTIAN SHERGOTTITE METEORITE From Mars,10.0,2018-10-04,,,WorthPoint
nwa-martian-meteorite,1.0 Gram NWA 6963 Martian Meteorite Fragmentsd/dust - Shergottite Classification,225.0,2018-10-01,1.0,225.0,WorthPoint
nwa-martian-meteorite,5.80 Gram NWA 6963 Martian Meteorite Slice - Shergottite Classification,1088.0,2018-10-01,5.8,187.59,WorthPoint
nwa-martian-meteorite,.050 Grams 4x4x3mm Fragment Of NWA 4878 MARTIAN SHERGOTTITE METEORITE From Mars,23.0,2018-09-29,50.0,0.46,WorthPoint
nwa-martian-meteorite,(#H) MARS ROCK - 2mm Size Of NWA 7397 MARTIAN SHERGOTTITE METEORITE From Mars,10.0,2018-09-29,,,WorthPoint
nwa-martian-meteorite,NWA 7397 Martian (shergottite) Meteorite 4.10 Gram Specimen With Lots Of CRUST!,871.25,2018-09-29,4.1,212.5,WorthPoint
nwa-martian-meteorite,.775 As Found 11x8x5mm NWA 6963 MARTIAN SHERGOTTITE METEORITE From Mars,135.0,2018-09-25,,,WorthPoint
nwa-martian-meteorite,(#M) MARS ROCK - 2mm Size Of NWA 7397 MARTIAN SHERGOTTITE METEORITE From Mars,10.0,2018-09-23,,,WorthPoint
nwa-martian-meteorite,NWA 6963 Martian Meteorite .20 Grams Fusion Crusted,35.0,2018-09-20,20.0,1.75,WorthPoint
nwa-martian-meteorite,MARS NWA 6963 8.65g CRUSTED End Cut METEORITE SHERGOTTITE,2150.0,2018-09-15,8.65,248.55,WorthPoint
nwa-martian-meteorite,Low Price! Great Deal! Nice Nwa 10441 Martian Shergottite Meteorite! .61 Gms,161.25,2018-08-30,61.0,2.64,WorthPoint
nwa-martian-meteorite,NWA 6963 Martian Meteorite 0.02 Grams,10.0,2018-08-27,0.02,500.0,WorthPoint
nwa-martian-meteorite,Low Price! Great Deal! Nice Nwa 6963 Martian Shergottite Meteorite! 1.08 Gms,284.25,2018-08-19,1.08,263.19,WorthPoint
nwa-martian-meteorite,NWA 6963 Mars Rock 0.148g Part Slice Martian By Meteorite Men Steve,58.99,2018-08-18,0.148,398.58,WorthPoint
nwa-martian-meteorite,Niue Island 2016 50$ Mars Martian Meteorite NWA 6963 1 Kilo Silver Coin #08/99,1255.55,2018-08-17,,,WorthPoint
nwa-martian-meteorite,Nwa Rare Martian Meteorites 8 1/2 Grams 3 Inch Long With Black Diamonds,14.06,2018-08-12,2.0,7.03,WorthPoint
nwa-martian-meteorite,2.93 Gram NWA 6963 Martian Meteorite Slice - Shergottite Classification,509.15,2018-08-10,2.93,173.77,WorthPoint
nwa-martian-meteorite,.022 Grams 4x3x2mm Fragment Of NWA 6963 MARTIAN SHERGOTTITE METEORITE From Mars,10.0,2018-08-09,22.0,0.45,WorthPoint
nwa-martian-meteorite,Meteorite NWA 10441 Achondrite Martian Shergottite - G613-065 - 0.81g Part Slice,99.95,2018-08-09,0.81,123.4,WorthPoint
nwa-martian-meteorite,3.81 Gram NWA 6963 Martian Meteorite Slice - Shergottite Classification,679.15,2018-08-09,3.81,178.25,WorthPoint
nwa-martian-meteorite,NWA 6963 Mars Rock 0.196g Part Slice Martian By Meteorite Men Steve,77.99,2018-08-08,0.196,397.91,WorthPoint
nwa-martian-meteorite,2017 Niue $1 Solar System - MARS 1oz Silver Copper Finish W/ Meteorite NWA 7397,192.0,2018-08-06,28.35,6.77,WorthPoint
nwa-martian-meteorite,Museum Quality! Amazing Nwa 6963 Martian Shergottite Meteorite! 2.734 Gms,486.85,2018-08-06,2.734,178.07,WorthPoint
nwa-martian-meteorite,MARS NWA 7755 Complete METEORITE 11 Gr LHERZOLITIC SHERGOTTITE W/ ORANGETTES,2900.0,2018-08-05,11.0,263.64,WorthPoint
nwa-martian-meteorite,NWA 6963 Martian Meteorite 1.07 Grams Fusion Crusted With Flow Lines,175.0,2018-08-04,1.07,163.55,WorthPoint
nwa-martian-meteorite,Extremely Rare Shock Melted NWA 6963 Martian Shergottite Meteorite 4.42g Slice,1104.15,2018-08-04,4.42,249.81,WorthPoint
nwa-martian-meteorite,.042 Grams 4x3x3mm Fragment Of NWA 4878 MARTIAN SHERGOTTITE METEORITE From Mars,22.0,2018-08-04,42.0,0.52,WorthPoint
nwa-martian-meteorite,Meteorite NWA 6963 Achondrite Martian Shergottite - G201-0153 - 6.23g Part Slice,599.95,2018-08-03,6.23,96.3,WorthPoint
nwa-martian-meteorite,Meteorite NWA 1068 Achondrite Martian Shergottite - 1068-0005 - 1.90g Fragment,295.95,2018-08-03,1.9,155.76,WorthPoint
nwa-martian-meteorite,Fusion Crusted NWA 4880 Martian 0.25 Grams Meteorite,48.0,2018-07-27,0.25,192.0,WorthPoint
nwa-martian-meteorite,NWA 7397 Meteorite - Really Nice Martian Shergottite Slice,60.0,2018-07-25,,,WorthPoint
nwa-martian-meteorite,Niue 2016 $1 MARTIAN METEORITE NWA 6963 1 Oz Antique Colored Silver Coin,249.99,2018-07-25,28.35,8.82,WorthPoint
nwa-martian-meteorite,NWA 7397 - 253 Martian Shergottite Meteorite 0.253 Grams,35.0,2018-07-23,0.253,138.34,WorthPoint
nwa-martian-meteorite,7.82 Gram NWA 6963 Martian Meteorite Thick Slice - Shergottite Classification,1599.0,2018-07-22,7.82,204.48,WorthPoint
nwa-martian-meteorite,NWA 6963 Mars Rock 0.136g Part Slice Martian By Meteorite Men Steve,54.99,2018-07-20,0.136,404.34,WorthPoint
nwa-martian-meteorite,MARS - SOLAR SYSTEM - 2017 1 Oz Silver Coin Copper Plated W/ Meteorite NWA 7397,209.95,2018-07-11,28.35,7.41,WorthPoint
nwa-martian-meteorite,Rarest Martian Meteorite NWA 7034 Paired Black Beauty 0.05g Complete Individual,150.0,2018-07-09,0.05,3000.0,WorthPoint
nwa-martian-meteorite,NWA 7397 Meteorite - Really Nice Martian Shergottite Endcut,129.0,2018-07-07,,,WorthPoint
nwa-martian-meteorite,Rarest Martian Meteorite NWA 7034 Paired Black Beauty 0.18g Complete Individual,550.0,2018-07-07,0.18,3055.56,WorthPoint
nwa-martian-meteorite,Rarest Martian Meteorite NWA 7034 Paired Black Beauty 0.06g Complete Individual,180.0,2018-07-05,0.06,3000.0,WorthPoint
nwa-martian-meteorite,NWA 6963 Mars Rock 0.160g Part Slice Martian By Meteorite Men Steve,63.99,2018-07-04,0.16,399.94,WorthPoint
nwa-martian-meteorite,NWA 7397 - Martian Meteorite (shergottite) With Crust ! 0.79 Gram Fragment,154.0,2018-06-28,0.79,194.94,WorthPoint
nwa-martian-meteorite,.051 Grams 5x3x3mm Fragment Of NWA 6963 MARTIAN SHERGOTTITE METEORITE From Mars,12.0,2018-06-25,51.0,0.24,WorthPoint
nwa-martian-meteorite,.028 Grams 3x3x2mm Fragment Of NWA 4878 MARTIAN SHERGOTTITE METEORITE From Mars,18.0,2018-06-25,28.0,0.64,WorthPoint
nwa-martian-meteorite,Meteorite NWA 6963 Achondrite Martian Shergottite - G201-0267 - 0.82g Part Slice,102.5,2018-06-13,0.82,125.0,WorthPoint
nwa-martian-meteorite,.049 4x4x3mm Fragment Of NWA 4878 MARTIAN SHERGOTTITE METEORITE From Mars,25.0,2018-06-05,,,WorthPoint
nwa-martian-meteorite,0.07 Gram NWA 6963 Martian Meteorite Fragment - Shergottite Classification,24.65,2018-06-02,0.07,352.14,WorthPoint
nwa-martian-meteorite,"NWA 7397 Martian Shergottite, 1.96g Slice",199.0,2018-06-02,1.96,101.53,WorthPoint
nwa-martian-meteorite,.047 4x3x2mm Fragment Of NWA 4878 MARTIAN SHERGOTTITE METEORITE From Mars,32.0,2018-05-23,,,WorthPoint
nwa-martian-meteorite,DAG 1037 Martian Meteorite Slice Shock Melt And Large Vessicle 16x12mm,82.0,2018-05-23,,,WorthPoint
nwa-martian-meteorite,1.62 Gram NWA 6963 Martian Meteorite End Cut - Shergottite Classification,276.25,2018-05-23,1.62,170.52,WorthPoint
nwa-martian-meteorite,Martian Meteorite 0.4g | Mars Shergottite - NWA 6963 - TOP,148.0,2018-05-21,0.4,370.0,WorthPoint
nwa-martian-meteorite,"PRICE REDUCED! 30.83gm, NWA 6963 Martian Shergotite Meteorite. Heavy Flowlines!",4995.0,2018-05-21,30.83,162.02,WorthPoint
nwa-martian-meteorite,$120/GRAM!! Martian! 6.44 Gm NWA 6963 Meteorite Individual (crusted) Shergottite,750.0,2018-05-21,6.44,116.46,WorthPoint
nwa-martian-meteorite,Fusion Crusted NWA 4880 Martian 0.43 Grams Meteorite,85.0,2018-05-19,0.43,197.67,WorthPoint
nwa-martian-meteorite,0.36 Gram NWA 6963 Martian Meteorite Fragment - Shergottite Classification,99.0,2018-05-19,0.36,275.0,WorthPoint
nwa-martian-meteorite,.347 As Found Fragment Of NWA 6963 MARTIAN SHERGOTTITE METEORITE From Mars,75.0,2018-05-18,,,WorthPoint
nwa-martian-meteorite,0.06 Gram NWA 6963 Martian Meteorite Fragment - Shergottite Classification,25.0,2018-05-13,0.06,416.67,WorthPoint
nwa-martian-meteorite,.047 As Found Fragment Of NWA 6963 MARTIAN SHERGOTTITE METEORITE From Mars,18.5,2018-05-12,,,WorthPoint
nwa-martian-meteorite,.051 Crusted Fragment Of NWA 6963 MARTIAN SHERGOTTITE METEORITE From Mars,16.99,2018-05-09,,,WorthPoint
nwa-martian-meteorite,Martian Meteorite 0.28g | Mars Shergottite - NWA 6963 - TOP,103.0,2018-05-05,0.28,367.86,WorthPoint
nwa-martian-meteorite,.027 As Found Fragment Of NWA 6963 MARTIAN SHERGOTTITE METEORITE From Mars,10.99,2018-04-29,,,WorthPoint
nwa-martian-meteorite,1.10 Gram NWA 6963 Martian Meteorite Slice - Shergottite Classification,299.0,2018-04-27,1.1,271.82,WorthPoint
nwa-martian-meteorite,PRICE DROP 3.16 Gram NWA 6963 Martian Meteorite Individual (crusted) Shergottite,395.0,2018-04-20,3.16,125.0,WorthPoint
nwa-martian-meteorite,DAG 1037 Martian Meteorite Great Shock Vein And Vesicles 51x49mm My Largest Left,2000.0,2018-04-20,,,WorthPoint
nwa-martian-meteorite,0.05 Gram NWA 6963 Martian Meteorite Fragment - Shergottite Classification,17.0,2018-04-17,0.05,340.0,WorthPoint
nwa-martian-meteorite,.174 Grams As Found Fragment Of NWA 6963 MARTIAN SHERGOTTITE METEORITE From Mars,49.0,2018-04-17,174.0,0.28,WorthPoint
nwa-martian-meteorite,Martian Meteorite I 0.11g I NWA 6963 I Shergottite I Mars - TOP,48.0,2018-04-16,0.11,436.36,WorthPoint
nwa-martian-meteorite,Martian Meteorite 0.81g | Mars Shergottite - NWA 6963 - TOP,325.0,2018-04-16,0.81,401.23,WorthPoint
nwa-martian-meteorite,.019 Grams Small Fragment Of NWA 6963 MARTIAN SHERGOTTITE METEORITE From Mars,16.0,2018-04-16,19.0,0.84,WorthPoint
nwa-martian-meteorite,Mars Meteorite NWA-6710 Gift Box - Real Marsrock ! - 9f520,16.38,2018-04-16,6710.0,0.0,WorthPoint
nwa-martian-meteorite,"No Reserve! 0.40 Gram NWA 6963 Martian Meteorite W/crust, Shergottite",46.1,2018-04-15,0.4,115.25,WorthPoint
nwa-martian-meteorite,Niue 2017 1$ Mars Solar System 1 Oz Ant Fin With Meteorite NWA 7397 Silver Coin,138.5,2018-04-14,28.35,4.89,WorthPoint
nwa-martian-meteorite,Niue 2017 1$ Mars Solar System 1oz Ant/fin With Meteorite NWA 7397 Ag Coin,132.5,2018-04-08,28.35,4.67,WorthPoint
nwa-martian-meteorite,Black Beauty - Rarest Old Basaltic Breccia Martian Meteorite 0.17g,350.0,2018-04-08,0.17,2058.82,WorthPoint
nwa-martian-meteorite,0.73 Gram NWA 6963 Martian Meteorite Slice - Shergottite Classification,150.0,2018-04-02,0.73,205.48,WorthPoint
nwa-martian-meteorite,USA 2016 1$ Ounce Of Space Walking Liberty Eagle On Mars 1oz Meteorite NWA 6963,119.95,2018-04-02,28.35,4.23,WorthPoint
nwa-martian-meteorite,"No Reserve! 0.78 Gram NWA 6963 Martian Meteorite W/crust, Shergottite",112.5,2018-03-31,0.78,144.23,WorthPoint
nwa-martian-meteorite,Piece Of Mars! Martian Meteorite NWA 7397 1.19 Grams,350.0,2018-03-31,1.19,294.12,WorthPoint
nwa-martian-meteorite,1.04 Gram NWA 6963 Martian Meteorite Endcut W/crust Shergottite Classification,320.0,2018-03-27,1.04,307.69,WorthPoint
nwa-martian-meteorite,1.63 Gram NWA 6963 Martian Meteorite Slice - Shergottite Classification,276.25,2018-03-22,1.63,169.48,WorthPoint
nwa-martian-meteorite,NWA 7034 Black Beauty Mars Rock 0.033g Part Slice Martian By Meteorite Men Steve,116.16,2018-03-19,0.033,3520.0,WorthPoint
nwa-martian-meteorite,NWA 7755 MARS LHERZOLITIC SHERGOTTITE METEORITE SLICE 2.073 Gr. CRUSTED,699.0,2018-03-16,2.073,337.19,WorthPoint
nwa-martian-meteorite,Martian Meteorite Slice - 1.65 Gram Of NWA 7397 - Mars Shergottite,850.0,2018-03-16,1.65,515.15,WorthPoint
nwa-martian-meteorite,0.45 Gram NWA 6963 Martian Meteorite Slice - Shergottite Classification,99.0,2018-03-16,0.45,220.0,WorthPoint
nwa-martian-meteorite,0.198g - Mars Nakhlite Meteorite W Crust NWA 10645 Martian Meteorite Fragment,205.0,2018-03-16,0.198,1035.35,WorthPoint
nwa-martian-meteorite,Own A Piece Of Mars!! 0.38 Gram NWA 6963 Martian Meteorite.Fully Crusted!,46.0,2018-03-13,0.38,121.05,WorthPoint
nwa-martian-meteorite,"Own A Piece Of Mars! 0.41 Gram NWA 6963 Martian Meteorite, Crusted, Shergottite",34.5,2018-03-13,0.41,84.15,WorthPoint
nwa-martian-meteorite,NWA 7034 Black Beauty Mars 0.133g LAST Full Slice Martian By Meteorite Men Steve,399.9,2018-03-12,0.133,3006.77,WorthPoint
nwa-martian-meteorite,*** Meteorite NWA 7397 SNC (Martian) - 0.89 G ***,131.5,2018-02-27,0.89,147.75,WorthPoint
nwa-martian-meteorite,Black Beauty Meteorite- Rarest Old Basaltic Breccia Martian Meteorite 0.10g,350.0,2018-02-09,0.1,3500.0,WorthPoint
nwa-martian-meteorite,NWA 7397 Meteorite Shergottite Martian .64 Grams Slice,100.0,2018-02-06,64.0,1.56,WorthPoint
nwa-martian-meteorite,Meteorite NWA 2737 Achondrite Martian Chassignite - 2737-0011 - Micro - Gem Case,29.95,2018-02-06,,,WorthPoint
nwa-martian-meteorite,.114 Grams Fragment Of NWA 6963 MARTIAN SHERGOTTITE METEORITE From Mars,27.0,2018-02-05,114.0,0.24,WorthPoint
nwa-martian-meteorite,.113 Grams Small Fragment Of NWA 6963 MARTIAN SHERGOTTITE METEORITE From Mars,27.0,2018-02-05,113.0,0.24,WorthPoint
nwa-martian-meteorite,Martian Meteorite 17.6g | Mars Shergottite End Cut - NWA 6963 - TOP,6000.0,2018-02-02,17.6,340.91,WorthPoint
nwa-martian-meteorite,NWA 7034 Black Beauty Mars Rock 0.027g Part Slice Martian By Meteorite Men Steve,108.0,2018-01-30,0.027,4000.0,WorthPoint
nwa-martian-meteorite,.145 Grams As Found Fragment Of NWA 6963 MARTIAN SHERGOTTITE METEORITE From Mars,31.99,2018-01-29,145.0,0.22,WorthPoint
nwa-martian-meteorite,.492 As Found Fragment Of NWA 6963 MARTIAN SHERGOTTITE METEORITE From Mars,119.67,2018-01-27,,,WorthPoint
nwa-martian-meteorite,.071 Very Small Fragment Of NWA 6963 MARTIAN SHERGOTTITE METEORITE From Mars,22.0,2018-01-24,,,WorthPoint
nwa-martian-meteorite,*** Meteorite NWA 7397 SNC (Martian) - 0.68 G ***,108.27,2018-01-23,0.68,159.22,WorthPoint
nwa-martian-meteorite,"MARS 2011,CLASSIFIED,NWA 6963 4.7 G CRUSTED,COMPLETE,MARS METEORITE,SHERGOTTITE",725.0,2018-01-20,4.7,154.26,WorthPoint
nwa-martian-meteorite,Fusion Crusted NWA 4880 Martian 0.08 Grams Meteorite,20.0,2018-01-19,0.08,250.0,WorthPoint
nwa-martian-meteorite,0.059g Martian Meteorite | Mars SHERGOTTITE I NWA 6963 - TOP,25.0,2018-01-19,0.059,423.73,WorthPoint
nwa-martian-meteorite,0.051g Martian Meteorite | Mars SHERGOTTITE I NWA 6963 - TOP,25.0,2018-01-18,0.051,490.2,WorthPoint
nwa-martian-meteorite,Martian Meteorite 4.9g | Mars Shergottite - NWA 6963 - TOP,1925.0,2018-01-06,4.9,392.86,WorthPoint
nwa-martian-meteorite,Fusion Crusted NWA 4880 Martian 0.23 Grams Meteorite,55.0,2018-01-06,0.23,239.13,WorthPoint
nwa-martian-meteorite,0.18g Martian Meteorite | Mars SHERGOTTITE - NWA 6963 - Top Meteorite,74.0,2018-01-04,0.18,411.11,WorthPoint
nwa-martian-meteorite,Moon & Mars Rock Bundle (Lunar & Martian Meteorite),89.95,2018-01-04,,,WorthPoint
nwa-martian-meteorite,NWA 6963 Achondrite Martian Shergottite Meteorite - G201-XXXX - Micro LOT Of 100,299.95,2018-01-02,,,WorthPoint
nwa-martian-meteorite,NWA 7034 Black Beauty Mars Rock 0.078g Full Slice Martian By Meteorite Men Steve,312.0,2017-12-31,0.078,4000.0,WorthPoint
nwa-martian-meteorite,0.65 Gram Martian Meteorite Slice - NWA 10441 - Shergottite -Only $200 Per Gram!,130.0,2017-12-30,0.65,200.0,WorthPoint
nwa-martian-meteorite,.023 Very Small Fragment Of NWA 1068 MARTIAN SHERGOTTITE METEORITE From Mars,10.0,2017-12-29,,,WorthPoint
nwa-martian-meteorite,AUTHENTICATED MARTIAN METEORITE- Deluxe 12mg Mars Rock Art Display With Easel H,15.95,2017-12-28,,,WorthPoint
nwa-martian-meteorite,0.067g Martian Meteorite | Mars SHERGOTTITE I NWA 6963 - TOP,25.0,2017-12-26,0.067,373.13,WorthPoint
nwa-martian-meteorite,0.078g Mars Nakhlite Meteorite | NWA 10645 I Martian Meteorite TM,46.0,2017-12-24,0.078,589.74,WorthPoint
nwa-martian-meteorite,0.650g - Mars Nakhlite Meteorite Fragment | NWA 10645 I Martian Meteorite TM,350.0,2017-12-24,0.65,538.46,WorthPoint
nwa-martian-meteorite,NWA 2737 Martian Chassignite Meteorite - 1 Of 3 - Low TKW 611g - Lot Of 3 Micros,17.0,2017-12-21,611.0,0.03,WorthPoint
nwa-martian-meteorite,.024 Very Small Fragment Of NWA 1068 MARTIAN SHERGOTTITE METEORITE From Mars,20.5,2017-12-17,,,WorthPoint
nwa-martian-meteorite,NWA 8656 Martian Shergottite 3.18g Meteorite Polished Endcut W/ Melt Pockets,599.0,2017-12-16,3.18,188.36,WorthPoint
nwa-martian-meteorite,NWA 7034 Black Beauty Mars Rock 0.020g Part Slice Martian By Meteorite Men Steve,80.0,2017-12-16,0.02,4000.0,WorthPoint
nwa-martian-meteorite,0.19g Martian Meteorite | Mars SHERGOTTITE - NWA 6963 - Top Meteorite,78.0,2017-12-15,0.19,410.53,WorthPoint
nwa-martian-meteorite,0.50 Gram NWA 6963 Martian Meteorite Endcut W/crust Shergottite Classification,150.0,2017-12-13,0.5,300.0,WorthPoint
nwa-martian-meteorite,0.792g - Mars Nakhlite Meteorite Fragment With CRUST | NWA 10645 I Martian TOP,792.0,2017-12-12,0.792,1000.0,WorthPoint
nwa-martian-meteorite,.063 Very Small Fragment Of NWA 1068 MARTIAN SHERGOTTITE METEORITE From Mars,23.0,2017-12-12,,,WorthPoint
nwa-martian-meteorite,"NWA 11220 ""Black Beauty"" Martian Basaltic Breccia TKW 36.6 G - Micro Specimen",30.0,2017-12-11,36.6,0.82,WorthPoint
nwa-martian-meteorite,0.57 Gram Martian Meteorite Slice - NWA 10441 - Shergottite -Only $200 Per Gram!,97.75,2017-12-09,0.57,171.49,WorthPoint
nwa-martian-meteorite,0.44g Martian Meteorite | Mars SHERGOTTITE - NWA 6963 TM,88.0,2017-12-08,0.44,200.0,WorthPoint
nwa-martian-meteorite,Martian Meteorite 1.0g | Mars Shergottite - NWA 6963 TM,280.5,2017-12-06,1.0,280.5,WorthPoint
nwa-martian-meteorite,8.14 Gram NWA 6963 Martian Meteorite Individual (crusted) Shergottite,1450.0,2017-12-05,8.14,178.13,WorthPoint
nwa-martian-meteorite,Martian Meteorite 1.6g | Mars Shergottite - NWA 6963 TM,448.8,2017-12-04,1.6,280.5,WorthPoint
nwa-martian-meteorite,0.285g - Mars Nakhlite Meteorite | NWA 10645 I Martian Meteorite TM,279.0,2017-12-03,0.285,978.95,WorthPoint
nwa-martian-meteorite,(#c) MARS ROCK - 1mm Size Of NWA 7397 MARTIAN SHERGOTTITE METEORITE From Mars,11.0,2017-12-03,,,WorthPoint
nwa-martian-meteorite,"MARS 2011 CLASSIFIED,NWA 6963 1.798 Gr CRUSTED, MARS METEORITE, SHERGOTTITE",250.0,2017-12-02,1.798,139.04,WorthPoint
nwa-martian-meteorite,Martian Meteorite 0.32g | Mars Shergottite - NWA 6963,96.0,2017-11-29,0.32,300.0,WorthPoint
nwa-martian-meteorite,NWA 7034 Black Beauty Mars Rock 0.131g Full Slice Martian By Meteorite Men Steve,393.0,2017-11-28,0.131,3000.0,WorthPoint
nwa-martian-meteorite,.039 Nice Small Fragment Of NWA 1068 MARTIAN SHERGOTTITE METEORITE From Mars,22.0,2017-11-25,,,WorthPoint
nwa-martian-meteorite,.029 Nice Small Fragment Of NWA 1068 MARTIAN SHERGOTTITE METEORITE From Mars,13.99,2017-11-25,,,WorthPoint
nwa-martian-meteorite,0.64 Gram Martian Meteorite Slice - NWA 10441 - Shergottite -Only $200 Per Gram!,108.8,2017-11-25,0.64,170.0,WorthPoint
nwa-martian-meteorite,0.55 Gram Martian Meteorite Slice - NWA 10441 - Shergottite -Only $200 Per Gram!,93.5,2017-11-25,0.55,170.0,WorthPoint
nwa-martian-meteorite,Martian Meteorite 0.10g | Mars Shergottite - NWA 6963,30.0,2017-11-24,0.1,300.0,WorthPoint
nwa-martian-meteorite,Martian Meteorite Slice - 1.70 Gram Of NWA 7397 - Mars Shergottite,850.0,2017-11-23,1.7,500.0,WorthPoint
nwa-martian-meteorite,Martian Meteorite | Ultra Rare Mars Augite Basalt 0.13g - NWA 8159 TM,969.99,2017-11-23,0.13,7461.46,WorthPoint
nwa-martian-meteorite,NWA 7034 Black Beauty Mars Rock 0.167g Full Slice Martian By Meteorite Men Steve,501.0,2017-11-22,0.167,3000.0,WorthPoint
nwa-martian-meteorite,NWA 7034 Black Beauty Mars Rock 0.021g Part Slice Martian By Meteorite Men Steve,84.0,2017-11-22,0.021,4000.0,WorthPoint
nwa-martian-meteorite,.031 Nice Small Fragment Of NWA 1068 MARTIAN SHERGOTTITE METEORITE From Mars,14.99,2017-11-20,,,WorthPoint
nwa-martian-meteorite,MARTIAN METEORITE COMPLETE 3.53 GRAM STONE Lot 651,1000.0,2017-11-19,3.53,283.29,WorthPoint
nwa-martian-meteorite,(#a) MARS ROCK - 1mm Size Of NWA 7397 MARTIAN SHERGOTTITE METEORITE From Mars,11.0,2017-11-14,,,WorthPoint
nwa-martian-meteorite,NWA 7034 Black Beauty Mars Rock 0.041g Part Slice Martian By Meteorite Men Steve,164.0,2017-11-12,0.041,4000.0,WorthPoint
nwa-martian-meteorite,NWA 7034 Black Beauty Mars Rock 0.016g Part Slice Martian By Meteorite Men Steve,64.0,2017-11-08,0.016,4000.0,WorthPoint
nwa-martian-meteorite,0.61 Gram NWA 6963 Martian Meteorite Endcut W/crust Shergottite Classification,160.0,2017-11-05,0.61,262.3,WorthPoint
nwa-martian-meteorite,Martian Meteorite NWA 6963,3125.0,2017-11-04,,,WorthPoint
nwa-martian-meteorite,0.55 Gram NWA 6963 Martian Meteorite Slice W/crust Shergottite Classification,150.3,2017-10-31,0.55,273.27,WorthPoint
nwa-martian-meteorite,Niue 2016 Mars Martian Meteorite NWA 6963 1oz $1 Silver Coin NEW!!!,199.0,2017-10-29,28.35,7.02,WorthPoint
nwa-martian-meteorite,NWA 6963 6.38 Grams CRUSTED MARS METEORITE SHERGOTTITE,800.0,2017-10-28,6.38,125.39,WorthPoint
nwa-martian-meteorite,NWA 6963 Shergottite Martian Meteorite - Fresh Fusion Crusted Individual - 2.9g,435.0,2017-10-28,2.9,150.0,WorthPoint
nwa-martian-meteorite,Niue Island 2016 - Martian Meteorite 1oz Silver Coin,180.0,2017-10-26,28.35,6.35,WorthPoint
nwa-martian-meteorite,0.62 Gram NWA 6963 Martian Meteorite Slice W/crust Shergottite Classification,168.3,2017-10-21,0.62,271.45,WorthPoint
nwa-martian-meteorite,NWA 7034 Black Beauty Mars Rock 0.136g Full Slice Martian By Meteorite Men Steve,544.0,2017-10-10,0.136,4000.0,WorthPoint
nwa-martian-meteorite,Mars Meteorite NWA 998 Nahklite 0.01 Grams,25.0,2017-10-05,,,WorthPoint
nwa-martian-meteorite,1.57 Gram NWA 6963 Martian Meteorite Endcut W/crust Shergottite Classification,450.0,2017-10-04,1.57,286.62,WorthPoint
nwa-martian-meteorite,0.39 Gram NWA 6963 Martian Meteorite Slice W/crust Shergottite Classification,99.0,2017-10-04,0.39,253.85,WorthPoint
nwa-martian-meteorite,NWA 7034 Black Beauty Mars Rock 0.044g Part Slice Martian By Meteorite Men Steve,176.0,2017-10-02,0.044,4000.0,WorthPoint
nwa-martian-meteorite,Low Price! Great Deal! Nice Nwa 7397 Martian Shergottite Meteorite! .919 Grms,171.75,2017-09-30,919.0,0.19,WorthPoint
nwa-martian-meteorite,0.03 Gram NWA 6963 Martian Meteorite - MICRO SPECKS- Shergottite Classification,15.0,2017-09-30,0.03,500.0,WorthPoint
nwa-martian-meteorite,0.60 Gram NWA 6963 Martian Meteorite Endcut W/crust Shergottite Classification,125.0,2017-09-29,0.6,208.33,WorthPoint
nwa-martian-meteorite,NWA 7034 Black Beauty Mars Rock 0.034g Part Slice Martian By Meteorite Men Steve,136.0,2017-09-29,0.034,4000.0,WorthPoint
nwa-martian-meteorite,0.53 Gram NWA 6963 Martian Meteorite Slice W/crust Shergottite Classification,120.0,2017-09-28,0.53,226.42,WorthPoint
nwa-martian-meteorite,NWA 7034 Black Beauty Mars Rock 0.032g Part Slice Martian By Meteorite Men Steve,128.0,2017-09-27,0.032,4000.0,WorthPoint
nwa-martian-meteorite,"Meteorite**Martian, NWA 6963**0.57 Grams; Crusted Slice!!!Rare; Last Piece!!!",51.0,2017-09-25,0.57,89.47,WorthPoint
nwa-martian-meteorite,"NEWEST!!! RARE MARTIAN Meteorite, NWA 10720 NAKHLITE !! 0.37 Grams",210.0,2017-09-21,0.37,567.57,WorthPoint
nwa-martian-meteorite,2017 Niue Solar System Mars NWA 7397 1oz .999 Silver Concave W/Martian Meteorite,150.0,2017-09-18,28.35,5.29,WorthPoint
nwa-martian-meteorite,NWA 8656 Martian Shergottite (diabasic) 0.34g Meteorite Slice,98.0,2017-09-16,0.34,288.24,WorthPoint
nwa-martian-meteorite,"Meteorite**Martian, NWA 6963**0.78 Grams; Crusted Slice!!!Rare",74.0,2017-09-15,0.78,94.87,WorthPoint
nwa-martian-meteorite,Martian Meteorite | Mars Nakhlite 0.258g - NWA 10645,258.0,2017-09-13,0.258,1000.0,WorthPoint
nwa-martian-meteorite,AUTHENTICATED MARTIAN METEORITE- Deluxe 12mg Mars Rock Display With Easel L,17.95,2017-09-11,,,WorthPoint
nwa-martian-meteorite,Museum Quality! Big Nwa 7397 Martian Shergottite Meteorite! Fresh Crust! 2.5 Gm,620.1,2017-09-08,2.5,248.04,WorthPoint
nwa-martian-meteorite,"Meteorite**Martian, NWA 6963**1.41 Grams; Endcut W/crust",80.1,2017-09-06,1.41,56.81,WorthPoint
nwa-martian-meteorite,Martian Meteorite | Rare Mars Nakhlite 0.198g - NWA 10645,125.0,2017-09-04,0.198,631.31,WorthPoint
nwa-martian-meteorite,"Meteorite**Martian, NWA 6963**3.38 Grams; Crusted Slice!!!",350.0,2017-08-31,3.38,103.55,WorthPoint
nwa-martian-meteorite,NWA 998 Martian Nakhlite Meteorite - Contains Martian Water - Low TKW - RARE,25.0,2017-08-31,,,WorthPoint
nwa-martian-meteorite,Martian Meteorite | Mars Nakhlite 0.273g - NWA 10645,190.0,2017-08-25,0.273,695.97,WorthPoint
nwa-martian-meteorite,NWA 7034 Black Beauty Mars Rock 0.004g Part Slice Martian By Meteorite Men Steve,24.99,2017-08-25,,,WorthPoint
nwa-martian-meteorite,NWA 10441 Martian Shergottite - G613-0009 - 9.91g W/COA - SUPER HIGHLY SHOCKED!,999.95,2017-08-12,9.91,100.9,WorthPoint
nwa-martian-meteorite,"Meteorite**Martian, NWA 6963**9.15 Grams; Crusted Endcut!!!",1299.0,2017-08-12,9.15,141.97,WorthPoint
nwa-martian-meteorite,"MARS, NWA 7755 2.5 Gr CRUSTED SLICE MARS LHERZOLITIC SHERGOTTITE METEORITE",450.0,2017-08-11,2.5,180.0,WorthPoint
nwa-martian-meteorite,"Meteorite**Martian, NWA 6963**1.06 Grams;W/Fusion Crust!!!",71.0,2017-08-11,1.06,66.98,WorthPoint
nwa-martian-meteorite,"Meteorite**NWA 10450 Martian, Shergottite**6.87 Grams(Main Mass)",1050.0,2017-08-11,6.87,152.84,WorthPoint
nwa-martian-meteorite,NWA 10645 Martian Nakhlite Meteorite Micro - TKW 12 Grams - 1 Of 19 - Very Rare,24.0,2017-08-04,12.0,2.0,WorthPoint
nwa-martian-meteorite,Martian Meteorite | Mars Nakhlite 0.21g - NWA 10645,210.0,2017-08-02,0.21,1000.0,WorthPoint
nwa-martian-meteorite,Martian Meteorite Slice - 1.92 Gram Of NWA 7397 - Mars Shergottite,800.0,2017-07-31,1.92,416.67,WorthPoint
nwa-martian-meteorite,NWA 7034 Black Beauty Mars Rock 0.003g Part Slice Martian By Meteorite Men Steve,24.99,2017-07-30,,,WorthPoint
nwa-martian-meteorite,"NWA 2986 Meteorite Coin, Only A Few Left. #188 Of 250 Pieces! MARS Meteorite",100.0,2017-07-28,,,WorthPoint
nwa-martian-meteorite,"Meteorite**Martian, NWA 6963**0.97 Grams;W/Fusion Crust!!!",99.0,2017-07-27,0.97,102.06,WorthPoint
nwa-martian-meteorite,"Meteorite**Martian, NWA 6963**0.27 Grams;W/Fusion Crust!!!",28.0,2017-07-24,0.27,103.7,WorthPoint
nwa-martian-meteorite,Northwest Africa 1195 Martian Meteorite,199.0,2017-07-23,,,WorthPoint
nwa-martian-meteorite,"Meteorite**Martian, NWA 6963**1.25 Grams;W/Fusion Crust!!!",189.99,2017-07-22,1.25,151.99,WorthPoint
osmium,Crystalline Osmium 1/4 Oz Sealed In Acrylic Housing - Made In Austria,820.0,2026-01-23,113.4,7.23,WorthPoint
osmium,100g Mirror Metal Osmium Beads Os 99.95%,3000.0,2026-01-21,100.0,30.0,WorthPoint
osmium,Osmium Set Of The First Five Fractional Bars Ever Released!,2025.0,2026-01-02,,,WorthPoint
osmium,"OSMIUM Var. IRIDOSMINE * VERY RARE !!! Uchaly, RUSSIA",24.99,2025-12-31,,,WorthPoint
osmium,1.17 Gram 99.95% Solid Osmium Metal Pellet Element 76 Sample,114.71,2025-12-27,1.17,98.04,WorthPoint
osmium,PARLIAMENT Osmium +7 *Sealed* CD Japan Import W/ OBI And Bonus Tracks Limited Ed,34.59,2025-12-23,,,WorthPoint
osmium,"Osmium 1 Gram Engraved Pellet, 99.95%, Electric-arc Molten, Produced By SMT",59.0,2025-12-20,1.0,59.0,WorthPoint
osmium,Osmium Diamond .035g - Rare Earth Gem,90.0,2025-12-15,35.0,2.57,WorthPoint
osmium,Victorian 1863-1888. Osmium Silver Antique Spoon. Edward Vll Silver Wedding.,20.08,2025-12-15,,,WorthPoint
osmium,"Osmium 10 Gram Etched And Engraved Pellet. 99.95%, SMT, Made In Austria, 2025.",425.0,2025-12-10,10.0,42.5,WorthPoint
osmium,"Osmium 1oz Bar, 2025 Year Of The Snake, Made By SMT/Meta Metals Of Austria!",1799.0,2025-12-09,28.35,63.46,WorthPoint
osmium,4 Piece Pfanstiehl 4000 Play Osmium Needle Record Player Accessory Lot,55.0,2025-12-09,,,WorthPoint
osmium,Phonograph Osmium Needle Stylus Astatic A-84 G-78 (M) Cartridge 78 Rpm,6.0,2025-12-07,84.0,0.07,WorthPoint
osmium,"2025 Hexagonal 0.25 Troy Oz Bar Of Osmium, Mintage Of 25!",625.0,2025-12-05,,,WorthPoint
osmium,Osmium Metal 99.95% 100mg Exotic Bullion Or Element Collection USA SHIPPING,15.0,2025-12-04,,,WorthPoint
osmium,"Osmium 1 Gram Bar With Snake Design, 2025, Produced By SMT Of Austria!",119.99,2025-12-01,1.0,119.99,WorthPoint
osmium,PARLIAMENT ‚Ä¢ Osmium ‚Ä¢ 1970 Invictus ST 7302 Rare Funk Soul In Shrink,249.99,2025-11-30,,,WorthPoint
osmium,PARLIAMENT Osmium RARE SEALED CD FACTORY SEALED/NEW GEORGE CLINTON,19.99,2025-11-20,,,WorthPoint
osmium,1 Phonograph Needle Carillon Dynamic - Unused Old Stock 78rpm Long Play Osmium,7.0,2025-11-19,,,WorthPoint
osmium,Cole's 78rpm 5733 Osmium Stylus Needle Shure Phonograph A62A Old Stock,10.0,2025-11-15,,,WorthPoint
osmium,Osmium Metal 99.95% 1 Gram Exotic Bullion Or Element Collection USA SHIPPING,60.0,2025-11-14,1.0,60.0,WorthPoint
osmium,"Osmium By Parliament (Record, 2019)",15.5,2025-11-01,,,WorthPoint
osmium,Parliament - Osmium‚Ä¶plus Album Cover Locker Fridge Magnet,6.98,2025-10-29,,,WorthPoint
osmium,"Osmium 1 Gram Pellet, 99.95%, Electric-arc Molten, Produced By SMT Of Austria!",53.0,2025-10-28,1.0,53.0,WorthPoint
osmium,PARLIAMENT ‚Ä¢ Osmium ‚Ä¢ 1970 ROCK FUNK R&B SOUL GOSPEL Jacksonville Pressing EX,271.75,2025-10-17,,,WorthPoint
osmium,PARLIAMENT Osmium 1970 Funkadelic LP Vinyl George Clinton VG+,282.87,2025-10-15,,,WorthPoint
osmium,Osmium Set In Resin Element Collectable,125.0,2025-10-13,,,WorthPoint
osmium,Parliament Osmium 1970 8 Track Tape Invictus 8XT-7302 George Clinton Untested,26.0,2025-10-12,7302.0,0.0,WorthPoint
osmium,Parliament - Osmium Vinyl LP Invictus Reissue EX/EX Geroge Clinton P-funk,8.5,2025-10-09,,,WorthPoint
osmium,Osmium: Deluxe Edition-Limited Expanded Edition With Bonus Tracks By Parliament,32.99,2025-10-05,,,WorthPoint
osmium,Crystalline Osmium 1/10th Oz Sealed In Acrylic Housing - Made In Austria,330.0,2025-10-04,,,WorthPoint
osmium,OSMIUM From The Ashes CD - Rare Thrash Metal Exodus Warbringer FREE SHIPPING,19.99,2025-10-04,,,WorthPoint
osmium,Parliament Osmium: Deluxe Limited Expanded Edition 2LP Record Store Day 2024,34.95,2025-09-30,,,WorthPoint
osmium,"Parliament - Osmium - RSD 2LP GREEN VINYL IN SHRINK W/ HYPE 2024 Demon Records,",35.0,2025-09-21,,,WorthPoint
osmium,Crystalline Osmium 1 Gram Sealed In Acrylic Housing - Made In Austria,125.0,2025-09-18,1.0,125.0,WorthPoint
osmium,Crystalline Osmium 2.59 Gram Specimen Produced By SMT Of Austria,415.0,2025-09-14,2.59,160.23,WorthPoint
osmium,NOS 32 Recoton Phoneedles Osmium & Nylon Tipped Phonograph Needle Store Display,99.0,2025-09-07,,,WorthPoint
osmium,PARLIAMENT ‚Ä¢ Osmium ‚Ä¢ 1970 FUNK SOUL MORE! ‚Ä¢ UK First Press Beautiful Copy EX/EX,281.69,2025-09-07,,,WorthPoint
osmium,Raw Osmium Metal 1g,55.0,2025-09-01,1.0,55.0,WorthPoint
osmium,30 Gram Osmium Ingot,1200.0,2025-08-26,30.0,40.0,WorthPoint
osmium,1:43 Norev 2020 Polestar 1 Electric Car Osmium Grey RARE!,27.99,2025-08-26,,,WorthPoint
osmium,"NATIVE OSMIUM Var. Iridosmine - Nizhnii Tagil, Ural Mountains, RUSSIA",199.0,2025-08-22,,,WorthPoint
osmium,Parliament - Osmium Lp (st-7302 - Us Original),588.43,2025-08-19,,,WorthPoint
osmium,Parliament - Osmium 2024 RSD LP (Deluxe Edition) GREEN Vinyl SEALED!!,27.99,2025-08-19,,,WorthPoint
osmium,PARLIAMENT ‚Ä¢ Osmium ‚Ä¢ FUNK SOUL Clear Vinyl Reissue 2003 Earmark Italy EX/EX,27.0,2025-08-18,,,WorthPoint
osmium,"""Parliament ‚Äì Osmium LP 12"""" Vinyl Record - Debut Studio Album - NEW""",30.51,2025-08-05,,,WorthPoint
osmium,Osmium [2/1] New Vinyl,32.3,2025-07-31,,,WorthPoint
osmium,Osmium Deluxe Edition Limited Expanded Edition RSD DOUBLE VINYL LP By Parliament,11.99,2025-07-29,,,WorthPoint
osmium,Osmium 1 Gm Of .9995 Osmium Element Small Chips In Acrylic Box.,65.75,2025-07-24,1.0,65.75,WorthPoint
osmium,Parliament Osmium 180g Funkadelic Uk Lp New Sealed,31.99,2025-07-22,180.0,0.18,WorthPoint
osmium,Parliament - Osmium 2024 Dbl LP (RSD Deluxe Edition) GREEN Vinyl SEALED!!,32.99,2025-07-19,,,WorthPoint
osmium,PARLIAMENT ‚Ä¢ Osmium ‚Ä¢ 1970 P.FUNK SOUL ROCK GOSPEL COUNTRY OG Winchester VG+,229.49,2025-07-18,,,WorthPoint
osmium,1 Phonograph Needle Carillon Dynamic Unused Old Stock 33 45 Rpm Long Play Osmium,7.0,2025-07-13,,,WorthPoint
osmium,"Fidelitone Permometal Osmium Alloy Stylus, C-42, New (O GB)",13.99,2025-07-13,,,WorthPoint
osmium,Jensen J-3 Hi-Fi Needle Record Player Part New Old Stock Sealed Osmium Vintage78,9.99,2025-07-09,,,WorthPoint
osmium,"Osmium 1/10th Oz Bar By SMT/Meta Metals, 2025 Year Of The Snake, PROOF Series",249.0,2025-07-04,,,WorthPoint
osmium,"Osmium Metal Bead, 6+ Gram, 99.95%. AI-free Listing.",260.0,2025-06-23,,,WorthPoint
osmium,Vtg OSMIUM SILVER 1887 Royal Jubilee Exhibit John Noddersons Spoon,7.5,2025-06-23,,,WorthPoint
osmium,Parliament - Osmium - Deluxe Gatefold 2CD Set [New CD] Gatefold,19.99,2025-06-20,,,WorthPoint
osmium,Osmium 1 Gm Bead Element. Sealed By Luciteria Science. Metal W/highest Density,89.95,2025-06-18,1.0,89.95,WorthPoint
osmium,Parliament - Osmium (2 Cd),32.95,2025-06-10,,,WorthPoint
osmium,Parliament - Osmium - FUNK *SEALED/RSD/COLOR*,51.9,2025-06-08,,,WorthPoint
osmium,21 Various Semi Permanent Gramophone Phonograph Needles Chromium And Osmium? Tip,20.0,2025-05-30,,,WorthPoint
osmium,Osmium Metal 1 Gram Bead 99.95% For Element Collection USA SHIPPING,44.0,2025-05-28,1.0,44.0,WorthPoint
osmium,Osmium 1 Gram Bar With Dragon Design,100.0,2025-05-18,1.0,100.0,WorthPoint
osmium,"Parliament ‚Äì Rhenium, 1990 UK LP, HDH LP 008, Osmium, Funkadelic",32.0,2025-05-16,,,WorthPoint
osmium,Osmium-Institute Crystalline Osmium 99.9995% Medium Edged Bar .445g NO OCC -Z121,550.0,2025-05-16,445.0,1.24,WorthPoint
osmium,"Osmium Bullion 1/10th Oz Bar, Year Of Dragon 2024, Meta Metals/SMT Of Austria",200.0,2025-05-15,,,WorthPoint
osmium,One Phonograph Stylus Needle Electro Voice O Osmium 78 Rpm Miller E13(M),7.0,2025-05-15,,,WorthPoint
osmium,Osmium-Institute Crystalline Osmium 99.9995% Small Round Bar 4mm .110g - Z122,246.0,2025-05-12,110.0,2.24,WorthPoint
osmium,"Osmium By Parliament (CD, Apr-2002, EMI-Capitol Special Markets)",22.99,2025-05-10,,,WorthPoint
osmium,Phonograph Gramophone Stylus Needle Astatic U Osmium 33 45 78 Rpm A413(M) Miller,7.0,2025-05-05,,,WorthPoint
osmium,Osmium 2.5g Bar,300.0,2025-05-03,2.5,120.0,WorthPoint
osmium,Phonograph Stylus Osmium Webster Electric F15 F18 F19 Recoton 361 362 .001 .003,12.0,2025-04-23,,,WorthPoint
osmium,Osmium 1/10 Ozt Bar (99.95% Pure),190.0,2025-04-23,283.5,0.67,WorthPoint
osmium,Parliament - Osmium (Import) (LP),35.64,2025-04-22,,,WorthPoint
osmium,Phonograph Gramophone Stylus Magnavox 560153 Osmium Dual Speed M313(M) Miller,7.0,2025-04-21,,,WorthPoint
osmium,"Parliament - Osmium (Used CD, Very Good, P-Funk)",10.0,2025-04-20,,,WorthPoint
osmium,"Osmium Metal Bead, 5.1 Gram, 99.95%. AI-free Listing",220.0,2025-04-17,5.1,43.14,WorthPoint
osmium,"""PARLIAMENT LP """"Osmium"""" ORIGINAL INVICTUS RECORDS W. George Clinton EX/NM""",399.99,2025-04-16,,,WorthPoint
osmium,PARLIMENT Osmium Deluxe DEMON Us MINT NEW Re RSD Green Wax,30.0,2025-04-13,,,WorthPoint
osmium,Parliament ‚ÄéOsmium LP Invictus ST-7302 1970 US 1st Press Nm/Nm Shrink,399.99,2025-04-13,,,WorthPoint
osmium,Antique Duotone Osmium Phonograph Needle Package Advertising W/Needle Original,8.99,2025-04-10,,,WorthPoint
osmium,Osmium Metal 10 Gram Bead 99.95% For Element Collection USA SHIPPING,400.0,2025-04-05,10.0,40.0,WorthPoint
osmium,Crystalline Osmium 0.5 Gram Sealed In Acrylic Housing - Made In Austria,68.0,2025-03-24,0.5,136.0,WorthPoint
osmium,PARLIAMENT - OSMIUM ( LP ) Picture Disc 2003 Italy Re Earmark 44008 P,99.95,2025-03-20,,,WorthPoint
osmium,"Osmium 1 Oz Ingot Sealed In Acrylic Housing, Made By SMT/Meta Metals Of Austria",1610.0,2025-03-18,28.35,56.79,WorthPoint
osmium,Parliament Osmium (2019) NEW Shrink Wrap Tear,22.95,2025-03-16,,,WorthPoint
osmium,Parliament ‚ÄéOsmium LP Invictus ST-7302 1970 Los Angeles US 1st Press VG/VG,250.0,2025-03-10,,,WorthPoint
osmium,Parliament ‚ÄéOsmium-LP Invictus ‚Äì ST-7302 US ‚Äî 1970 1st Press VG,375.0,2025-03-03,,,WorthPoint
osmium,"""PARLIAMENT """"Osmium"""" 2xLP NM/ EX Green Vinyl RSD. Funkadelic, George Clinton""",29.0,2025-02-24,,,WorthPoint
osmium,PARLIAMENT - OSMIUM (2016 UK Invictus Label Repress),18.5,2025-02-23,,,WorthPoint
osmium,Vinta Rca Victor Chromium Needle Packet Unopened /osmium Needle/both Packets,9.95,2025-02-23,,,WorthPoint
osmium,42.5 Oz Osmiridium(naturally Occurring Alloy Of Iridium & Osmium) Magnetic,5000.0,2025-02-19,1204.875,4.15,WorthPoint
osmium,Osmium - Osmium - Audio Cd - New,6.44,2025-02-16,,,WorthPoint
osmium,OSMIUM From The Ashes SEALED CD 2003 Rare Thrash Metal Warbringer Revocation,35.0,2025-02-11,,,WorthPoint
osmium,Parliament - Osmium Vinyl LP EX SHRINK INNER,521.0,2025-02-10,,,WorthPoint
osmium,PARLIAMENT Osmium 1970 Original LP Germany Invictus Funkadelic Bootsy Collins,239.99,2025-02-09,,,WorthPoint
osmium,GM 1/4 Grain Rhodium Iridium Osmium Palladium Gold Platinum + Indium Backed,129.99,2025-02-04,4.0,32.5,WorthPoint
osmium,Dwarf Factory McWhale The Figure 2022 - Osmium Mega Keycap Statue - Sold Out,500.0,2025-02-02,,,WorthPoint
osmium,Osmium 1/10 Oz Bullion‚Äîattractive Display‚Äî3.1 Grams‚Äîdragon,205.0,2025-02-01,3.1,66.13,WorthPoint
osmium,Parliament / Osmium Deluxe Edition 2x Green Vinyl LP RSD 2024 Brand New Sealed,74.99,2025-02-01,,,WorthPoint
osmium,Parliament - Osmium Deluxe Edition (RSD 2024) - Green Vinyl LP Record RSD 2024,40.0,2025-01-25,,,WorthPoint
osmium,Jensen W-422 Long Play Osmium Tip Gramophone Phonograph Needle Web Elec Cart C9,10.0,2025-01-23,,,WorthPoint
osmium,Parliament Osmium CD EMI 72435 XLNT,6.95,2025-01-11,,,WorthPoint
osmium,Queen Victoria Osmium Silver Spoon Nodder Sheffield,14.95,2024-12-26,,,WorthPoint
osmium,Parliament Osmium + 7 (CD),17.39,2024-12-23,,,WorthPoint
osmium,"Osmium Metal Ingot (33g 99.95%, RWMM No 0119, W/Certificate) -- Densest Element!",1275.99,2024-12-16,33.0,38.67,WorthPoint
osmium,Osmium Metal 10 Gram Bead 99.95% Fine -- Own The Densest Element!,319.95,2024-12-15,10.0,31.99,WorthPoint
osmium,Osmium Crystal 99.9% 0.18 G Element Collectable,37.0,2024-12-14,0.18,205.56,WorthPoint
osmium,Osmium 1/10th Oz Matching Serial #05 Set With Two Different Designs! -Austrian-,425.0,2024-12-13,,,WorthPoint
osmium,PARLIAMENT Osmium LP Original Invictus 1970 VG+/VG+ W/lyric Sheet Funkadelic,250.0,2024-12-10,,,WorthPoint
osmium,"Giant Melted Ingot Of Pure Osmium Metal==50+ Grams Of Gorgeous, Rare Blue!",1150.0,2024-12-10,,,WorthPoint
osmium,Sears SILVERTONE Phonograph Osmium Alloy-Tipped Needles Straight Shank,49.95,2024-12-08,,,WorthPoint
osmium,PARLIAMENT Osmium INVICTUS Test Press 1970 P-Funk VG VINYL LP Record USED,305.0,2024-12-08,,,WorthPoint
osmium,Phonograph Stylus Osmium Philco 45-9785 45-9612 76-4649 Recoton 325 Twin Point,6.0,2024-12-01,,,WorthPoint
osmium,"""Parliament """"Osmium"""" CD, Used""",11.0,2024-11-30,,,WorthPoint
osmium,RSD | Parliament | 2xVinyl LP | Osmium - RSD 2024 | Demon,47.49,2024-11-29,,,WorthPoint
osmium,Osmium 10 Gram Arc Melted Pellet (NOT CRYSTALLINE),292.0,2024-11-28,10.0,29.2,WorthPoint
osmium,Osmium [Vinyl] Parliament,699.99,2024-11-04,,,WorthPoint
osmium,Parliament OSMIUM: DELUXE EDITION Limited RSD 2024 New Green Colored Vinyl 2 LP,47.99,2024-11-03,,,WorthPoint
osmium,Vintage Pfanstiehl PDN Replacement Phonograph Needle Osmium Tip 78 RPM,9.99,2024-10-26,,,WorthPoint
osmium,"Osmium (VIII) Oxide For Analysis, 1g In Brown Breakseal Vial",74.95,2024-10-23,1.0,74.95,WorthPoint
osmium,Parliament - Osmium - New Vinyl Record LP,32.99,2024-10-22,,,WorthPoint
osmium,Parliament Osmium Deluxe Edition RSD 2024 Record Store Day New,47.0,2024-10-20,,,WorthPoint
osmium,1 Gram Osmium 99.95%,34.32,2024-10-17,1.0,34.32,WorthPoint
osmium,VOLVO XC90 Remote Radio Controlled Car 1:14 Scale Osmium Grey - NEW,42.5,2024-09-30,,,WorthPoint
osmium,NIB VOLVO XC90 Remote Radio Controlled Car 1:14 Scale Osmium Grey - NEW In Box,44.99,2024-09-20,,,WorthPoint
osmium,3 Grams Crystalline Osmium 99.95% Pure - OS Element Collection,140.0,2024-09-17,3.0,46.67,WorthPoint
osmium,Recoton 2412 Needle Osmium Phoneedle Record Player Part New Old Stock Foil,14.99,2024-08-29,,,WorthPoint
osmium,9.2 Grams Crystalline Osmium Precious Metal Description: 9.2 Grams Of,300.0,2024-08-01,9.2,32.61,WorthPoint
osmium,Luciteria Osmium Bullion 42 Gram Lot,1199.0,2024-07-12,42.0,28.55,WorthPoint
osmium,"Vintage Aeropoint Red Devil Coin Op Phonograph Jukebox Needle, Osmium Tip",43.5,2024-07-03,,,WorthPoint
osmium,Osmium Metal 10mm Density Cube 99.95% For Element Collection USA SHIPPING,1250.0,2024-06-29,,,WorthPoint
osmium,"Jensen Phonograph Needle J-152, NEW Old Stock. HIFI Needle Cartridge Osmium Tip",15.0,2024-06-13,,,WorthPoint
osmium,2 Gramophone Phonograph Needle Stylus Osmium Long Life Play 3 Speed 78 45 33 Rpm,15.0,2024-06-12,2.0,7.5,WorthPoint
osmium,4x Jensen Long Life Osmium Tip Phonograph Stylus Needles 3-speed 33 45 78 NOS,20.0,2024-06-12,,,WorthPoint
osmium,Osmium Metal 28g Element Sample,498.74,2024-06-01,28.0,17.81,WorthPoint
osmium,"Osmium Metal Bullion Ingot - 1/10oz - Year Of The Dragon, 2024 - Made In Austria",235.0,2024-05-29,283.5,0.83,WorthPoint
osmium,Luciteria Science Exotic Bullion Series 1 Oz 99.95% Pure Osmium,1500.0,2024-05-25,28.35,52.91,WorthPoint
osmium,4 NOS Old Stock Jensen Osmium Tip A-85 Stylus Needle For Astatic Cartridge 78rpm,16.0,2024-04-20,,,WorthPoint
osmium,Parliament - Osmium Lp (original Winchester Pressing - St-7302),798.05,2024-04-13,,,WorthPoint
osmium,Parliament Osmium RARE Original 1970 US Vinyl Invictus EXCELLENT- Funkadelic,326.0,2024-03-01,,,WorthPoint
osmium,Phonograph Gramophone Stylus Osmium Astatic K-78 A-83(M) MILLER 78rpm,7.0,2024-02-27,,,WorthPoint
osmium,Osmium Metal Element Sample 10.7 Grams 99.97% Solid With Cert,130.0,2024-02-09,10.7,12.15,WorthPoint
osmium,"Osmium Metal Bead -- 5.04 Grams, 99.99% Pure Sample. Densest And Rarest Element",187.5,2024-02-07,5.04,37.2,WorthPoint
osmium,Osmium And Gold Specimen Ore Rock Natural Raw 30.7g,49.0,2024-02-01,30.7,1.6,WorthPoint
osmium,Parliament - Osmium [New Vinyl LP] UK - Import,28.45,2024-01-27,,,WorthPoint
osmium,Osmium Exotic Metal 1 Gram Bead 99.95% For Element Collection,52.95,2024-01-19,1.0,52.95,WorthPoint
osmium,Parliament Osmium Invictus Records Reissue UK Press Mint Minus George Clinton,22.0,2024-01-17,,,WorthPoint
osmium,PARLIAMENT Osmium INVICTUS DEMREC342,13.5,2024-01-06,,,WorthPoint
osmium,"Osmium Metal Bead, 1.1g, 99.999% Pure",59.95,2023-12-28,1.1,54.5,WorthPoint
osmium,New PARLIAMENT Osmium CD George Clinton Funk,20.0,2023-12-10,,,WorthPoint
osmium,"RARE Native Platinum Osmium PGEs & Gold KLAMATH MTS., CALIFORNIA",187.5,2023-12-08,,,WorthPoint
osmium,Recoton 2124 Needle Osmium Phoneedle Record Player Part New Old Stock Foil Pair,13.99,2023-12-06,,,WorthPoint
osmium,Osmium By Parliament (BRAND NEW SEALED CD HAD LOOSE WRAP SO USED TAPE),14.99,2023-12-05,,,WorthPoint
osmium,PARLIAMENT - Osmium,32.18,2023-12-04,,,WorthPoint
osmium,"Parliament Rhenium CD (Osmium LP Plus Three Bonus 7"" Singles)",6.99,2023-11-29,,,WorthPoint
osmium,1/10 Grain Full Precious Metals Set Rhodium Ruthenium Palladium Gold Osmium Etc,54.88,2023-11-25,10.0,5.49,WorthPoint
osmium,Vintage Phonograph Replacement Needle #3803 Setscrew Cartridge Osmium!,9.99,2023-11-23,,,WorthPoint
osmium,Parliment Osmium Uk Import 180g Reissue Sequel Records Funk Psych Lp Nm,24.99,2023-11-18,180.0,0.14,WorthPoint
osmium,Osmium Crystal 99.95% Pure Osmium Metal ~2.2g,99.0,2023-11-14,2.2,45.0,WorthPoint
osmium,"Parliament ""Osmium"" LP Earmark Italy Reissue 180g",20.5,2023-11-06,180.0,0.11,WorthPoint
osmium,Parliament - Osmium - OG 1970 LP - INVICTUS - P FUNK - RARE,99.99,2023-11-01,,,WorthPoint
osmium,Parliament Osmium New Lp,32.6,2023-10-22,,,WorthPoint
osmium,GM 1/2 Grain Rhodium Iridium Osmium Palladium Gold Platinum+Tantalum Backed US03,189.0,2023-10-22,2.0,94.5,WorthPoint
osmium,Osmium By Parliament Vinyl LP Record 2019 Reissue,26.0,2023-10-20,,,WorthPoint
osmium,"RARE Native Osmium Crystal Osmiridium URALS, RUSSIA",290.0,2023-10-20,,,WorthPoint
osmium,6x Jensen Long Life Osmium Tip Phonograph Stylus Needles - Rust On Shafts,20.0,2023-10-12,,,WorthPoint
osmium,Parliament -- Osmium 1970 George Clinton Fuzzy Haskins P-Funk Soul Rock Vinyl VG+,314.99,2023-10-04,1970.0,0.16,WorthPoint
osmium,Parliament LP Osmium 1970 Invictus Records ST-7302 UltraSonic Clean Lyric Sheet,124.72,2023-10-01,,,WorthPoint
osmium,"Parliament- Osmium (CD, 2002) EMI-Capitol",12.99,2023-09-02,,,WorthPoint
osmium,"Parliament - Osmium Vinyl LP Record (Invictus, 1970) VG+/EX",199.99,2023-08-26,,,WorthPoint
osmium,"VERY RARE Old Native Iridium Iridosmine & Native Osmium Crystal SIBERIA, RUSSIA",599.0,2023-08-25,,,WorthPoint
osmium,Parliament ‚Äé- Osmium LP - First Debut Vinyl Album - P FUNK RECORD - SEALED NEW,39.99,2023-08-23,,,WorthPoint
osmium,"Parliament LP ""Osmium"" Original ~ Invictus 7302 ~ Psych Funk George Clinton VG++",350.0,2023-08-17,,,WorthPoint
osmium,99.95% Pure 1 Ounce Osmium Metal Rare World Metals Mint (RWMM),1600.0,2023-08-15,,,WorthPoint
osmium,Parliament - Osmium LP - Invictus,204.38,2023-08-14,,,WorthPoint
osmium,"Parliament Osmium #644008 12"" Vinyl LP 33 RPM Earmake Nice Price 1970 RARE NM",40.0,2023-08-03,,,WorthPoint
osmium,PARLIAMENT LP Osmium Invictus Excellent Original Rare Psych Funk Classic!,346.0,2023-07-31,,,WorthPoint
osmium,Osmium Crystal 99.9% 0.18 G Element Collectable Free Shipping,32.0,2023-07-31,0.18,177.78,WorthPoint
osmium,Osmium,8.04,2023-07-28,,,WorthPoint
osmium,Osmium Crystal 99.9% 0.15 G Element Collectable,27.0,2023-07-24,0.15,180.0,WorthPoint
osmium,Parliament Rhenium Osmium Reissue George Clinton Funk LP On HDH,12.5,2023-07-18,,,WorthPoint
osmium,"12"" Very Rare Lp Osmium By Parliament (1970) Invictus Records St-7302",169.49,2023-07-16,,,WorthPoint
osmium,"Leviton Light Switch,Microsoft Keyboard,osmium Mechanical Gaming Keyboard Aivia,Duracell Batteries",18.99,2023-07-06,,,WorthPoint
osmium,Parliament Osmium 180 Gm Vinyl 2019 REISSUE Funk/soul LP PREOWNED EX Import,22.0,2023-06-28,180.0,0.12,WorthPoint
osmium,1 Gram Osmium Rare Metal Mineral,12.66,2023-06-28,1.0,12.66,WorthPoint
osmium,Parliment - Osmium... Plus - Parliment CD DIVG The Cheap Fast Free Post,11.18,2023-06-25,,,WorthPoint
osmium,Parliament - Osmium Vinyl - ST-7302,40.0,2023-06-15,,,WorthPoint
osmium,OOP Parliament Osmium CD RARE 2002 EMI Special Markets Funkadelic/George Clinton,11.99,2023-05-25,,,WorthPoint
osmium,GM 1/2 Grain Rhodium Iridium Osmium Palladium Gold Platinum + Silver Backed US02,213.0,2023-05-22,2.0,106.5,WorthPoint
osmium,Parliament Osmium George Clinton Cd,14.99,2023-05-17,,,WorthPoint
osmium,0.50 Gram 99.995% Solid Osmium Metal Pellet Element 76 Sample,19.95,2023-05-11,0.5,39.9,WorthPoint
osmium,Parliament ~ Osmium ~ LP ~ Vinyl ~ Soul ~ Funk ~ 1st Press ~ Clinton & Hazel,220.0,2023-05-09,,,WorthPoint
osmium,Parliament - Osmium [Used Very Good Vinyl LP] UK - Import,22.88,2023-05-08,,,WorthPoint
osmium,Parliament Osmium Orig Rare Invictus Vinyl Lp Vg Buy More And Save On Shipping!!,125.5,2023-04-25,,,WorthPoint
osmium,SEALED Parliament Osmium LP Reissue No Barcode Invictus ST-7302,19.99,2023-04-17,,,WorthPoint
osmium,Miller Replacement Needles A213 M Astatic Q Needle Osmium Tip 33 1/3 45 78 RPM,5.99,2023-04-17,,,WorthPoint
osmium,Osmium Parliament Vinyl LP Record FUNK NM/NM,38.0,2023-04-10,,,WorthPoint
osmium,Parliament Osmium Reissue In Shrink Unplayed Vinyl LP No Barcode,21.5,2023-04-06,,,WorthPoint
osmium,3 Gramophone Phonograph Needle Permo Point Osmium Long Multi Play Semi Permanent,25.0,2023-03-30,3.0,8.33,WorthPoint
osmium,8 Gramophone Phonograph Needle Permo Point Osmium Long Multi Play Semi Permanent,60.0,2023-03-30,8.0,7.5,WorthPoint
osmium,"Parliament ""Osmium"" LP Invictus Original Pressing",188.2,2023-03-27,,,WorthPoint
osmium,"Parliament ""Osmium"" LP Earmark Italy 180g Reissue",33.0,2023-03-27,180.0,0.18,WorthPoint
osmium,"Osmium [UK] By Parliament (CD, Oct-2001, Castle)",14.99,2023-03-26,,,WorthPoint
osmium,Parliament Osmium Original Debut Album On Invictus,349.87,2023-03-23,,,WorthPoint
osmium,"PARLIAMENT OSMIUM CD (2009, Edsel (UK)) GEORGE CLINTON LIKE NEW 7 BONUS TRACKS",9.99,2023-03-22,,,WorthPoint
osmium,Parliament ‚Äé-- Osmium 1970 P-Funk George Clinton Fuzzy Haskins Classic Funk/Soul!,224.99,2023-03-20,,,WorthPoint
osmium,"Osmium Metal Earstuds. Nontoxic. 14k Gold Stud Posts, 1g Osmium Beads. 3 Pairs",95.0,2023-03-20,1.0,95.0,WorthPoint
osmium,VTG PFanstiehl Phonograph Needle Stylus 354899 Osmium Original Box NOS SEALED,27.02,2023-03-17,,,WorthPoint
osmium,PARLIAMENT-OSMIUM-JAPAN CD Ltd/Ed,16.99,2023-03-07,,,WorthPoint
osmium,Parliament - Osmium LP - Invictus UK Reissue NM,40.0,2023-03-06,,,WorthPoint
osmium,Osmium: The Complete Invictus Recordings - Parliament CD U5VG The Cheap Fast,10.49,2023-03-06,,,WorthPoint
osmium,"Parliament, ""osmium"" (cd, 2002)",14.95,2023-03-02,,,WorthPoint
osmium,Osmium Metal 1 Gram Bead 99.9% Element Collectable,38.0,2023-02-28,1.0,38.0,WorthPoint
osmium,"Parliament LP ""Osmium"" Invictus ~ Original ~ George Clinton ~ VG+",270.0,2023-02-24,,,WorthPoint
osmium,Parliament-Osmium Vinyl LP INVICTUS Records #ST-7302 VG++/NM,29.95,2023-02-24,,,WorthPoint
osmium,Parliament -- Osmium - New Factory Sealed CD,22.99,2023-02-18,,,WorthPoint
osmium,GM 1/4 Grain Rhodium Iridium Osmium Palladium Gold + Molybdenum Backed US017,99.0,2023-02-18,4.0,24.75,WorthPoint
osmium,Very Rare 1 Oz Osmium Ingot (Actually 33.27 Grams) So A Bit Over A Troy Oz,1200.0,2023-02-05,33.27,36.07,WorthPoint
osmium,"Parliament (Funkadelic) ""Osmium"" 8-Track Tape Cartridge Psych Funk Rock RARE",76.86,2023-02-03,,,WorthPoint
osmium,Osmium Metal Arc Melted Beads 99.95% Pure For Element Collection,95.0,2023-02-01,,,WorthPoint
osmium,"RARE OLD Osmium Osmiridium Crystals URALS, RUSSIA - Ex. U Of Delaware Museum",787.0,2023-01-27,,,WorthPoint
osmium,RARE Recoton Needle Osmium Phoneedle Record Player Part USED 78 Standard MCM,12.99,2023-01-22,,,WorthPoint
osmium,1/4 Grain Micro PM Set Ruthenium Rhodium Palladium Osmium Iridium Platinum Gold,69.0,2023-01-16,4.0,17.25,WorthPoint
osmium,Parliament - Osmium LP - Invictus OG Press,355.0,2023-01-09,,,WorthPoint
osmium,Parliament Osmium 8 Track Tape Super Rare Tested And Plays,50.0,2023-01-09,,,WorthPoint
osmium,PARLIAMENT - OSMIUM 1970 P-FUNK GEORGE CLINTON RUTH COPELAND 180g GERMAN RE LP,37.95,2023-01-04,180.0,0.21,WorthPoint
osmium,Osmium By Parliament ( Vinyl LP Import),25.19,2023-01-02,,,WorthPoint
osmium,Parliament Osmium ST - 7302 INVICTUS (1970) RARE First Press,39.99,2022-12-29,,,WorthPoint
osmium,1 NOS Old Stock Osmium Tip 5594 Phonograph Stylus Needle Nylon No 3M 33/45/78rpm,5.0,2022-12-27,,,WorthPoint
osmium,Osmium Metal Pendant. Non-toxic. 10g Bead Wrapped In Thick 14k Gold Filled Wire,500.0,2022-12-22,10.0,50.0,WorthPoint
osmium,2 NOS Old Stock Jensen Osmium Tip A-70 Stylus Needle For Astatic Cartridge 78rpm,12.0,2022-12-07,,,WorthPoint
osmium,2 NOS Old Stock Jensen Osmium Tip A-83 Stylus Needle For Astatic Cartridge 78rpm,12.0,2022-12-06,,,WorthPoint
osmium,GM 1/4 Grain Rhodium Iridium Osmium Palladium Gold + Titanium Backed US08,99.0,2022-11-14,4.0,24.75,WorthPoint
osmium,Osmium Metal 1 Gram Bead 99.95% Pure USA SHIPPING,41.99,2022-11-11,1.0,41.99,WorthPoint
osmium,"Osmium (OS) Arc Melted Beads + Piece, 99.95% Pure - 3.6 Grams Total Weight",94.95,2022-10-29,3.6,26.38,WorthPoint
osmium,Osmium Metal Earstuds. Nontoxic. 14k Gold-filled Posts. Display Box Included.,180.0,2022-10-26,,,WorthPoint
osmium,Osmium Metal 1.0541 Gram Crystal 99.95% Rarest Earth Metal,55.0,2022-10-12,1.054,52.18,WorthPoint
osmium,Miller Replacement Needles A23 M Astatic Q Needle - 78 Rpm Osmium Tip 78 RPM NOS,5.99,2022-10-11,,,WorthPoint
osmium,4x Gramophone Phonograph Needles Recoton Osmium Long Play Semi Permanent NOS,20.0,2022-09-25,,,WorthPoint
osmium,"Parliament "" Osmium "" Cd 2002",11.16,2022-09-25,,,WorthPoint
osmium,Osmium Metal Element Sample .1g Pellet Pieces 99.95% Pure - Periodic Table,8.0,2022-09-18,1.0,8.0,WorthPoint
osmium,Osmium Metal Element Sample - Beautiful 10g Pellet 99.95% Pure - Periodic Table,440.0,2022-09-18,10.0,44.0,WorthPoint
osmium,Osmium Metal Element Sample - Beautiful 51g Pellet 99.9% Pure - Periodic Table,1500.0,2022-09-18,51.0,29.41,WorthPoint
osmium,Phonograph Stylus Osmium Astatic K 62 66 68 94 405 406 .003 Groove Recoton 407,6.0,2022-09-07,3.0,2.0,WorthPoint
osmium,Osmium Metal Element Sample - Beautiful 1g Pellet 99.95% Pure - Periodic Table,45.0,2022-09-05,1.0,45.0,WorthPoint
osmium,2x NOS Old Stock Osmium Tip 5732A Phonograph Stylus Needle Astatic G 78rpm,12.0,2022-09-02,,,WorthPoint
osmium,2x Gramophone Phonograph Needles Recoton Osmium Long Play Semi Permanent NOS,30.0,2022-09-01,,,WorthPoint
osmium,NOS Old Stock Osmium Tip Cat# 11 Gramophone Phonograph Stylus Needle 78rpm,7.0,2022-09-01,11.0,0.64,WorthPoint
osmium,Parliament 'Osmium' 2002 EMI Special Markets 37003 EX/EX George Clinton RARE,25.49,2022-08-30,,,WorthPoint
osmium,RARE 29 Grams Osmium Crystal Metal Primitive Meteorite,5.5,2022-08-23,29.0,0.19,WorthPoint
osmium,Volvo V90 2016 Osmium Grey Diecast Modelcar 870066 Norev 1:43,45.0,2022-08-21,,,WorthPoint
osmium,New Sealed PARLIAMENT Osmium 2002 CD George Clinton,20.0,2022-08-18,,,WorthPoint
osmium,Osmium Metal Element 1g Pellet 99.95% Pure Periodic Table,36.99,2022-08-18,1.0,36.99,WorthPoint
osmium,RARE 43 Lbs Osmium Crystal Metal Primitive Meteorite,486.0,2022-08-17,19504.8,0.02,WorthPoint
osmium,Osmium Metal 500mg 99.95% Rarest Densest Platinum Element Rarer Than Gold Silver,27.97,2022-08-07,,,WorthPoint
osmium,Osmium Metal 11mm Crystal Element 99% Pure,26.0,2022-08-07,,,WorthPoint
osmium,NEW Vtg. Megatone Osmium Phonograph Needle PK21,6.49,2022-07-20,,,WorthPoint
osmium,Miller Replacement Needles A21 M Astatic Q Needle Osmium Tip 33 1/3 45 RPM NOS,5.99,2022-06-25,,,WorthPoint
osmium,Osmium Metal Element Sample - Beautiful 50g Pellet 99.9% Pure - Periodic Table,1475.0,2022-06-21,50.0,29.5,WorthPoint
osmium,Osmium Metal 1g Rarest Densest Platinum Group Element Rarer Than Gold 99.95% USA,48.93,2022-05-19,1.0,48.93,WorthPoint
osmium,Osmium Metal Ingot - One Troy Ounce - .9995 Bullion,965.0,2022-04-27,,,WorthPoint
osmium,Lot Of 2 Old Collector Spoons Osmium Silver Nodder-sheffield & Stieff,9.5,2022-04-21,,,WorthPoint
osmium,Electro-Voice 3804 Pack Of 3 Needles Osmium Record Player Part New Old Stock NOS,39.99,2022-04-20,,,WorthPoint
osmium,Jensen J-1 Hi-Fi Needle Record Player Part New Old Stock Sealed Osmium Vintage,9.99,2022-03-26,,,WorthPoint
osmium,Jensen J-2 Hi-Fi Needle Record Player Part New Old Stock Sealed Osmium Vintage,9.99,2022-03-26,,,WorthPoint
osmium,Osmium Metal Element Sample - Beautiful 50+g Pellet 99.9% Pure - Periodic Table,1450.0,2022-03-15,,,WorthPoint
osmium,Osmium Arc Melted Precious Metal Bead 5.32g 99.9% Dense Os Element Specimen,160.0,2022-02-12,5.32,30.08,WorthPoint
osmium,Osmium Arc Melted Precious Metal Bead 4.91g 99.9% Dense Os Element Specimen,143.0,2022-02-12,4.91,29.12,WorthPoint
osmium,Osmium Arc Melted Precious Metal Bead 4.84g 99.9% Dense Os Element Specimen,140.0,2022-02-12,4.84,28.93,WorthPoint
osmium,"Osmium, 1 Toz Troy Ounce, 31.1+ Grams, 99.97% Pure Melted Ingot",845.0,2022-02-02,,,WorthPoint
osmium,NOS Miller Replacement Needle For Astatic L29 - Osmium Tip #550-2,6.99,2022-01-30,,,WorthPoint
osmium,"Osmium Tetroxide , 1 Gram , OsO4 , Osmium Tetraoxide , In Amber Breakseal Ampule",66.95,2022-01-29,1.0,66.95,WorthPoint
osmium,1/10 Grain Full Precious Metals Set Rhodium Rutherium Palladium Gold Osmium Etc,52.88,2022-01-22,10.0,5.29,WorthPoint
osmium,Osmium Metal 31.1g Bead 99.95% Pure,1200.0,2022-01-17,31.1,38.59,WorthPoint
osmium,Osmium Arc Melted Precious Metal Bead 10g 99.9% Dense Os Element Specimen,320.0,2022-01-09,10.0,32.0,WorthPoint
osmium,Osmium Precious Metal 1 Troy Oz Arc Melted Bead Rare Element Collection Sample,820.0,2021-12-21,,,WorthPoint
osmium,Osmium 1g Arc Melted Bead 99.9% Rare Precious Metal Element Sample,50.0,2021-12-15,1.0,50.0,WorthPoint
osmium,Osmium Metal 0.5g Rarest And Densest Platinum Group Element Rarer Than Gold USA!,27.93,2021-11-10,0.5,55.86,WorthPoint
osmium,Osmium Metal 0.25g Rarest And Densest Platinum Group Element Rarer Than Gold USA,19.97,2021-11-07,0.25,79.88,WorthPoint
osmium,Osmium Metal 31.1g Bead 99.95% Pure - Periodic Table,1225.0,2021-11-06,31.1,39.39,WorthPoint
osmium,Osmium Metal 1g Rarest And Densest Platinum Group Element Rarer Than Gold USA!,51.93,2021-11-05,1.0,51.93,WorthPoint
osmium,Osmium Metal Element Sample - Beautiful 5g Pellet 99.9% Pure - Periodic Table,200.0,2021-10-19,5.0,40.0,WorthPoint
osmium,GM 1/4 Grain Rhodium Iridium Osmium Palladium Gold Platinum+Titanium Backed US08,99.0,2021-10-13,4.0,24.75,WorthPoint
osmium,"1 Gram Bead, Sample Of High Purity Osmium 99.95% For Element Collection",38.99,2021-09-26,1.0,38.99,WorthPoint
osmium,Luciteria Osmium Metal 1 Gram Bead 99.95% For Bullion Or Element Collection,46.95,2021-09-16,1.0,46.95,WorthPoint
osmium,1 Gram Osmium Investment Metal,35.0,2021-09-08,1.0,35.0,WorthPoint
osmium,Half Grain Micro PM Set Ruthenium Rhodium Palladium Osmium Iridium Platinum US09,169.0,2021-08-29,,,WorthPoint
osmium,Osmium Metal Element - Beautiful 10g Pellet 99.95% Pure - Periodic Table,390.0,2021-08-24,10.0,39.0,WorthPoint
osmium,Osmium Metal 1 Gram Bead 99.95% For Bullion Or Element Collection USA SHIPPING,47.5,2021-08-17,1.0,47.5,WorthPoint
osmium,Osmium Metal 10mm Density Cube 99.95% Pure For Element Collection USA SHIPPING,1395.0,2021-08-15,,,WorthPoint
osmium,Ruthenium Rhodium Palladium Osmium Iridium Platinum Gold Micro Limited Edition,87.0,2021-08-13,,,WorthPoint
osmium,Parliament Osmium 8 Track SEALED MAGGOT BRAIN And More! 14 Titles 9 Sealed L√ñ√ñK!,810.0,2021-08-04,,,WorthPoint
osmium,Osmium Irridium Platinum,23.0,2021-07-24,,,WorthPoint
osmium,"Gramophone Phonograph Needle Packet, Recoton 2500 Play Osmium Long Play",15.0,2021-07-01,,,WorthPoint
osmium,Osmium Bead Os Irregular Melted Ball Noble Metals ‚â•99.95% 1g,70.0,2021-06-14,1.0,70.0,WorthPoint
osmium,Osmium Metal 50mm Lucite Acrylic Cube For Element Collection USA SHIPPING,119.0,2021-06-04,,,WorthPoint
osmium,1g Osmium 99.99% Precious Metal Sintered Plate Element Sample,25.0,2021-05-17,1.0,25.0,WorthPoint
osmium,"Very Rare Iridium, Gold And Osmium 58.7 Grams.",350.0,2021-05-11,58.7,5.96,WorthPoint
osmium,Osmium 1g Arc-Melted Bead 99.95% Pure For Element Collection,39.95,2021-05-05,1.0,39.95,WorthPoint
osmium,Osmium Metal Element Sample - Beautiful 50g Pellet 99.95% Pure - Periodic Table,1450.0,2021-04-18,50.0,29.0,WorthPoint
osmium,Osmium 1 Gram Arc-Melted Bead 99.95% Pure For Element Collection USA SHIPPING,38.0,2021-03-29,1.0,38.0,WorthPoint
osmium,59 Osmium Beads,1200.0,2021-03-29,,,WorthPoint
osmium,"Osmium Metal 99.9% 1 Toz (31g) Arc Melted Ingot, Rarest Precious Metal Bullion",1000.0,2021-03-29,31.0,32.26,WorthPoint
osmium,"Osmium Bead 1g, 99.95%",35.0,2021-03-29,1.0,35.0,WorthPoint
osmium,"RARE Native Osmium, Iridium, Iridosmine Crystal KLAMATH RIVER, CALIFORNIA",241.5,2021-03-26,,,WorthPoint
osmium,"3 Osmium Bead 1g, 99.95%",105.0,2021-03-24,1.0,105.0,WorthPoint
osmium,"Osmium Metal 99.9%, 5+ Gram Bead. Platinum Bores You? Get Weird With Osmium",199.0,2021-02-28,,,WorthPoint
osmium,PV03531 Antique Osmium Silverplate John Nodder FLORAL Jelly Server,10.0,2021-02-24,,,WorthPoint
osmium,"Osmium Metal 99.9%, 4+ Gram Beads. Gold Lost Its Kick? Get Hardcore With Osmium",175.0,2021-02-20,,,WorthPoint
osmium,"Osmium 99.9%, 5+ Gram Beads. Tired Of Platinum? Get Weird With Osmium",199.0,2021-02-16,,,WorthPoint
osmium,Osmium Metal 1g Rarest And Densest Platinum Group Metal Rarer Than Gold Silver,45.97,2021-01-30,1.0,45.97,WorthPoint
osmium,Recoton Sapphire Gramophone Phonograph Needle Display Card & 14 Osmium Needles,40.0,2021-01-30,,,WorthPoint
osmium,"Osmium Metal, 10g Of Sintered Plate, For When You're Ready For The Hard Stuff",300.0,2021-01-27,10.0,30.0,WorthPoint
osmium,Osmium Metal Element Sample .1g Pellet Pieces 99.9% Pure - Periodic Table,7.0,2021-01-24,1.0,7.0,WorthPoint
osmium,Osmium Metal Element Sample - Beautiful 1g Pellet 99.9% Pure - Periodic Table,45.0,2021-01-11,1.0,45.0,WorthPoint
osmium,"RARE OLD Native Iridium & Osmium SYSSERTSK-NEVYANSK, RUSSIA",316.0,2021-01-08,,,WorthPoint
osmium,"Osmium 99.9%, 4.3 Gram Bead",175.0,2021-01-03,4.3,40.7,WorthPoint
osmium,Osmium Ingot 32.9 Gm 99.5 Pure Extremely Rare Earth Element Platinum Group RWMM,999.99,2020-12-13,32.9,30.39,WorthPoint
osmium,"Osmium 99.9%, 9mm, 5.5g Bead",210.0,2020-11-28,5.5,38.18,WorthPoint
osmium,"RARE Native Osmium Iridosmine Crystal NEIVA RIVER, RUSSIA - Ex. Lemanski",403.0,2020-11-13,,,WorthPoint
osmium,Phonograph Gramophone Needle Tin & Packets - Paramount Osmium Filtra Tone #2082,18.5,2020-11-03,,,WorthPoint
osmium,Gramophone Phonograph Needle Card Old Stock Unopened Osmium Zenith Long Life,8.0,2020-10-28,,,WorthPoint
osmium,Osmium (Os)-1 Troy Oz.-(31.1 Grams)-Round-Rare World Metals Mint-.9995 Fine,698.88,2020-10-21,31.1,22.47,WorthPoint
osmium,"Osmium Metal, 4g Of Sintered Plate",120.0,2020-09-26,4.0,30.0,WorthPoint
osmium,Osmium Metal Element Sample - Beautiful 2g Pellet 99.9% Pure MADE IN USA,74.99,2020-09-02,2.0,37.49,WorthPoint
osmium,2 Osmium Ingots,1600.0,2020-09-01,,,WorthPoint
osmium,Osmium Powder - 1 Gram Ampule Sealed - Element 76,31.99,2020-08-05,1.0,31.99,WorthPoint
osmium,"Osmium Metal, One Gram In Glass Vial",38.0,2020-07-28,,,WorthPoint
osmium,1g Osmium Metal Element Sample Arc Melted Bead,36.0,2020-07-18,1.0,36.0,WorthPoint
osmium,Osmium Tetroxide (Osmic Acid Anhydride) - 1 G Sample In Glass Ampoule,100.0,2020-07-15,1.0,100.0,WorthPoint
osmium,99.99% Pure Osmium Metal 1.0 Gram+ Sintered Pieces Periodic Element Guys,20.0,2020-07-06,1.0,20.0,WorthPoint
osmium,Osmium Platinum And Diamond Tipped Phonograph Needles 52,200.0,2020-06-17,,,WorthPoint
osmium,Phonograph Needle Stylus Counter Display Jensen Osmium Part Contents,25.0,2020-06-16,,,WorthPoint
osmium,"Ruthenium Osmium Alloy, 9:1 Atomic, 99.9% Pure, 50.8g",450.0,2020-06-13,50.8,8.86,WorthPoint
osmium,"Osmium Metal 99.9% 1 Troy Ounce (31g) Arc Melted Ingot, Precious Metal Bullion",850.0,2020-06-01,31.0,27.42,WorthPoint
osmium,Vintage Recoton Osmium Phoneedle Packs-13 On A Card,12.0,2020-04-26,,,WorthPoint
osmium,"Osmium Metal, One Troy Ounce Arc Melted Ingot, Superb Display Specimen",850.0,2020-04-25,,,WorthPoint
osmium,"Platinum Osmium Alloy, 9:1 Atomic, 99.9% Pure, 0.7g",25.0,2020-04-20,0.7,35.71,WorthPoint
osmium,*LOT Of 16* Vintage Cole's Coin Machine Needle Osmium Tip,33.57,2020-02-29,,,WorthPoint
osmium,*LOT Of 15* Vintage Cole's Coin Machine Needle Osmium Tip,30.0,2020-02-23,,,WorthPoint
osmium,1 Oz EACH Metal Rhodium Palladium Osmium Iridium Ruthenium Platinum Bullion Coin,19000.0,2020-02-21,28.35,670.19,WorthPoint
osmium,1 OZ Osmium Bullion .999 Pure Os Metal Element 76 Sample Not Coin Or Bar,869.99,2020-02-19,28.35,30.69,WorthPoint
philippinite,Philippine Tektites 1 Kilo Wholesale Pack Philippinite Meteorite Impact Bikolite,190.0,2025-11-27,,,WorthPoint
philippinite,"Philippinite Tektite 43.14g Subtly Grooved Biscuit, Made By Meteorite Impactite",33.0,2025-11-26,43.14,0.76,WorthPoint
philippinite,Philippine Tektites Half A Kilo Wholesale Pack Philippinite Meteorite Impact,150.0,2025-11-09,,,WorthPoint
philippinite,"Bicolite Tektite ‚Äì 18.1 Grams Philippinite, Meteorite Impact, Bikolite, Rizalite",16.0,2025-10-17,18.1,0.88,WorthPoint
philippinite,"Bicolite Tektite ‚Äì 32.5 Grams Philippinite, Meteorite Impact, Bikolite, Rizalite",19.5,2025-10-16,32.5,0.6,WorthPoint
philippinite,"Bicolite Tektite ‚Äì 28.8 Grams Philippinite, Meteorite Impact, Bikolite, Rizalite",18.0,2025-09-17,28.8,0.62,WorthPoint
philippinite,"Bicolite Tektite ‚Äì 20.1 Grams Philippinite, Meteorite Impact, Bikolite, Rizalite",12.5,2025-09-14,20.1,0.62,WorthPoint
philippinite,"Bicolite Tektite ‚Äì 27.8 Grams Philippinite, Meteorite Impact, Bikolite, Rizalite",14.85,2025-09-07,27.8,0.53,WorthPoint
philippinite,Rare Tektite 80 Gm Disc Shaped Rizalite(philippinite) Tektite . Cool Formation,22.95,2025-09-02,80.0,0.29,WorthPoint
philippinite,"Bicolite Tektite ‚Äì 38.3 Grams Philippinite, Meteorite Impact, Bikolite, Rizalite",20.0,2025-08-24,38.3,0.52,WorthPoint
philippinite,"Bicolite Tektite ‚Äì 96 Grams Philippinite, Meteorite Impact, Bikolite, Rizalite",55.0,2025-08-24,96.0,0.57,WorthPoint
philippinite,"Bicolite Tektite ‚Äì 59.2 Grams Philippinite, Meteorite Impact, Bikolite, Rizalite",35.0,2025-08-24,59.2,0.59,WorthPoint
philippinite,"Bicolite Tektite ‚Äì 36.5 Grams Philippinite, Meteorite Impact, Bikolite, Rizalite",25.0,2025-08-12,36.5,0.68,WorthPoint
philippinite,"Bicolite Tektite ‚Äì 93.5 Grams Philippinite, Meteorite Impact, Bikolite, Rizalite",48.0,2025-07-29,93.5,0.51,WorthPoint
philippinite,"Bicolite Tektite ‚Äì 94.4 Grams Philippinite, Meteorite Impact, Bikolite, Rizalite",34.0,2025-07-29,94.4,0.36,WorthPoint
philippinite,"Bicolite Tektite ‚Äì 57.8 Grams Philippinite, Meteorite Impact, Bikolite, Rizalite",19.87,2025-04-23,57.8,0.34,WorthPoint
philippinite,"Bicolite Tektite ‚Äì 51.8 Grams Philippinite, Meteorite Impact, Bikolite, Rizalite",22.55,2025-04-23,51.8,0.44,WorthPoint
philippinite,"Bicolite Tektite ‚Äì 122.3 Gram Philippinite, Meteorite Impact, Bikolite, Rizalite",51.0,2025-04-14,122.3,0.42,WorthPoint
philippinite,Two Tektites Nullarbor Plain Australia Tektite Core & Philippinite Bikolite,45.0,2025-03-29,,,WorthPoint
philippinite,"Bicolite Tektite ‚Äì 52.6 Grams Philippinite, Meteorite Impact, Bikolite, Rizalite",19.5,2025-03-06,52.6,0.37,WorthPoint
philippinite,"Bicolite Tektite ‚Äì 47.2 Grams Philippinite, Meteorite Impact, Bikolite, Rizalite",14.0,2025-03-04,47.2,0.3,WorthPoint
philippinite,8 X BIKOLITE PHILIPPINES TEKTITE Lot - Philippinite Rizalite Bicolite Meteorite,48.0,2025-01-06,,,WorthPoint
philippinite,"Philippinite Tektite 136.14g Deeply Grooved Biscuit, By Meteorite Impact",69.0,2024-12-14,136.14,0.51,WorthPoint
philippinite,95g BIKOLITE PHILIPPINES TEKTITE - Philippinite Rizalite Bicolite Meteorite,19.5,2024-11-24,95.0,0.21,WorthPoint
philippinite,"Bicolite Tektite ‚Äì 71 Grams Philippinite, Meteorite Impact, Bikolite, Rizalite",28.0,2024-11-09,71.0,0.39,WorthPoint
philippinite,Tektite Philippinite Bicolite 27.8 Gram Biscuit From The Philippines,5.5,2024-10-30,27.8,0.2,WorthPoint
philippinite,47g BIKOLITE PHILIPPINES TEKTITE - Philippinite Rizalite Bicolite Meteorite,13.3,2024-10-25,47.0,0.28,WorthPoint
philippinite,"Bicolite Tektite ‚Äì 82.1 Gram Philippinite, Meteorite Impact, Bikolite, Rizalite",38.0,2024-10-18,82.1,0.46,WorthPoint
philippinite,43g BIKOLITE PHILIPPINES TEKTITE - Philippinite Rizalite Bicolite Meteorite,13.3,2024-10-14,43.0,0.31,WorthPoint
philippinite,48g BIKOLITE PHILIPPINES TEKTITE - Philippinite Rizalite Bicolite Meteorite,14.7,2024-10-14,48.0,0.31,WorthPoint
philippinite,"Bicolite Tektite ‚Äì 42.8 Grams Philippinite, Meteorite Impact, Bikolite, Rizalite",14.55,2024-10-06,42.8,0.34,WorthPoint
philippinite,42g BIKOLITE PHILIPPINES TEKTITE - Philippinite Rizalite Bicolite Meteorite,12.6,2024-10-06,42.0,0.3,WorthPoint
philippinite,39g BIKOLITE PHILIPPINES TEKTITE - Philippinite Rizalite Bicolite Meteorite,11.9,2024-10-03,39.0,0.31,WorthPoint
philippinite,40g BIKOLITE PHILIPPINES TEKTITE - Philippinite Rizalite Bicolite Meteorite,11.9,2024-10-03,40.0,0.3,WorthPoint
philippinite,38g BIKOLITE PHILIPPINES TEKTITE - Philippinite Rizalite Bicolite Meteorite,11.2,2024-09-26,38.0,0.29,WorthPoint
philippinite,36g BIKOLITE PHILIPPINES TEKTITE - Philippinite Rizalite Bicolite Meteorite,10.5,2024-09-26,36.0,0.29,WorthPoint
philippinite,41g BIKOLITE PHILIPPINES TEKTITE - Philippinite Rizalite Bicolite Meteorite,11.2,2024-09-26,41.0,0.27,WorthPoint
philippinite,70.49g BIKOLITE PHILIPPINES TEKTITE LOT Philippinite Rizalite Bicolite Meteorite,24.85,2024-09-24,70.49,0.35,WorthPoint
philippinite,76.73g BIKOLITE PHILIPPINES TEKTITE LOT Philippinite Rizalite Bicolite Meteorite,26.6,2024-09-22,76.73,0.35,WorthPoint
philippinite,53g BIKOLITE PHILIPPINES TEKTITE - Philippinite Rizalite Bicolite Meteorite,18.9,2024-09-18,53.0,0.36,WorthPoint
philippinite,Tektite Philippinite Bicolite 33.4 Gram Dumbbell From The Philippines,15.5,2024-09-14,33.4,0.46,WorthPoint
philippinite,Tektite Philippinite Bicolite 17.3 Gram Teardrop Shaped From The Philippines,9.0,2024-07-07,17.3,0.52,WorthPoint
philippinite,23g BIKOLITE PHILIPPINES TEKTITE - Philippinite Rizalite Bicolite Meteorite,7.7,2024-07-03,23.0,0.33,WorthPoint
philippinite,"Bicolite Tektite -- 74.7 Grams Philippinite, Meteorite Impact, Bikolite, Rizalite",18.0,2024-06-28,74.7,0.24,WorthPoint
philippinite,"Philippine Tektites 1.05 Kilo ""Wholesale"" Philippinite Meteorite Impact Bicolite",119.0,2024-06-15,,,WorthPoint
philippinite,Tektite Philippinite Bicolite 35.4 Gram Biscuit From The Philippines,8.5,2024-06-13,35.4,0.24,WorthPoint
philippinite,"Bicolite Tektite -- 19.7 Grams Philippinite, Meteorite Impact, Bikolite, Rizalite",9.88,2024-06-13,19.7,0.5,WorthPoint
philippinite,"Bicolite Tektite -- 51.8 Grams Philippinite, Meteorite Impact, Bikolite, Rizalite",18.87,2024-06-08,51.8,0.36,WorthPoint
philippinite,"Bicolite Tektite -- 31.9 Grams Philippinite, Meteorite Impact, Bikolite, Rizalite",12.88,2024-06-04,31.9,0.4,WorthPoint
philippinite,"Bicolite Tektite -- 36.9 Grams Philippinite, Meteorite Impact, Bikolite, Rizalite",14.88,2024-05-31,36.9,0.4,WorthPoint
philippinite,"Bicolite Tektite ""Dumbbell"" -- 38.1 Gr. Philippinite, Meteorite Impact, Bikolite",9.85,2024-05-26,38.1,0.26,WorthPoint
philippinite,73.58g BIKOLITE PHILIPPINES TEKTITE LOT Philippinite Rizalite Bicolite Meteorite,33.3,2024-05-07,73.58,0.45,WorthPoint
philippinite,74.66g BIKOLITE PHILIPPINES TEKTITE LOT Philippinite Rizalite Bicolite Meteorite,33.75,2024-05-07,74.66,0.45,WorthPoint
philippinite,71.11g BIKOLITE PHILIPPINES TEKTITE LOT Philippinite Rizalite Bicolite Meteorite,32.4,2024-05-07,71.11,0.46,WorthPoint
philippinite,69.42g BIKOLITE PHILIPPINES TEKTITE LOT Philippinite Rizalite Bicolite Meteorite,31.5,2024-05-07,69.42,0.45,WorthPoint
philippinite,66.62g BIKOLITE PHILIPPINES TEKTITE LOT Philippinite Rizalite Bicolite Meteorite,30.15,2024-05-06,66.62,0.45,WorthPoint
philippinite,Tektite Philippinite Bicolite 20.9 Gram Biscuit From The Philippines,10.5,2024-04-29,20.9,0.5,WorthPoint
philippinite,Philippinite Tektite From Philippines Rizalite Copper PENDANT Handcrafted S17,39.0,2024-04-21,,,WorthPoint
philippinite,Tektite Philippinite Bicolite 25 Gram Biscuit From The Philippines,7.61,2024-03-21,25.0,0.3,WorthPoint
philippinite,"Bicolite Tektite -- 81.2 Grams Philippinite, Meteorite Impact, Bikolite, Rizalite",36.88,2024-02-29,81.2,0.45,WorthPoint
philippinite,Tektite Philippinite Bicolite 36.6 Gram Teardrop From The Philippines,7.5,2024-02-26,36.6,0.2,WorthPoint
philippinite,"Philippinite Tektite 111.30g Deeply Grooved Biscuit, Made By Meteorite Impactite",37.0,2024-02-03,111.3,0.33,WorthPoint
philippinite,Tektite Philippinite Bicolite 31.3 Gram Biscuit From The Philippines,5.5,2024-01-27,31.3,0.18,WorthPoint
philippinite,"53g, 80g, & 47g BIKOLITE PHILIPPINES TEKTITE - Philippinite Rizalite Bicolite",61.0,2024-01-19,53.0,1.15,WorthPoint
philippinite,80g BIKOLITE PHILIPPINES TEKTITE - Philippinite Rizalite Bicolite Meteorite,33.25,2024-01-18,80.0,0.42,WorthPoint
philippinite,"Philippine Tektites -- 890 Gr. Pack Of Philippinites, Meteorite Impact Bikolites",95.0,2024-01-07,890.0,0.11,WorthPoint
philippinite,"Bicolite Tektite -- 191 Gram Philippinite, Meteorite Impact, Bikolite, Rizalite",30.0,2024-01-07,191.0,0.16,WorthPoint
philippinite,"Bicolite Tektite -- 174 Gram Philippinite, Meteorite Impact, Bikolite, Rizalite",25.0,2023-12-27,174.0,0.14,WorthPoint
philippinite,"Bicolite Tektite -- 39 Gr Philippinite, Meteorite Impact Glass, Bikolit, Rizalite",5.5,2023-12-23,39.0,0.14,WorthPoint
philippinite,"Bicolite Tektite -- 93.7 Grams Philippinite, Meteorite Impact, Bikolite, Rizalite",38.88,2023-12-20,93.7,0.41,WorthPoint
philippinite,"Bicolite Tektite -- 48 Gr Philippinite, Meteorite Impact Glass, Bikolit, Rizalite",18.5,2023-12-19,48.0,0.39,WorthPoint
philippinite,"Bicolite Tektite -- 93.9 Grams Philippinite, Meteorite Impact, Bikolite, Rizalite",38.88,2023-12-19,93.9,0.41,WorthPoint
philippinite,"Bicolite Tektite -- 62 Gr. Philippinite, Meteorite Impact, Bikolite, Rizalite",19.88,2023-12-14,62.0,0.32,WorthPoint
philippinite,"Bicolite Tektite -- 22.8 Gr. Philippinite, Meteorite Impact, Bikolite, Rizalite",9.59,2023-12-13,22.8,0.42,WorthPoint
philippinite,"Bicolite Tektite -- 170 Gr Philippinite, Meteorite Impact, Bikolite, Rizalite",69.5,2023-12-10,170.0,0.41,WorthPoint
philippinite,21g BIKOLITE PHILIPPINES TEKTITE - Philippinite Rizalite Bicolite Meteorite,12.6,2023-10-18,21.0,0.6,WorthPoint
philippinite,"Bicolite Tektite -- 67 Gr Philippinite, Meteorite Impact Glass, Bikolit, Rizalite",7.0,2023-10-09,67.0,0.1,WorthPoint
philippinite,"Bicolite Tektite -- 51 Gr Philippinite, Meteorite Impact Glass, Bikolit, Rizalite",11.0,2023-10-09,51.0,0.22,WorthPoint
philippinite,"Bicolite Tektite -- 21.3 Gr. Philippinite, Meteorite Impact, Bikolite, Rizalite",15.5,2023-10-05,21.3,0.73,WorthPoint
philippinite,BIKOLITE PHILIPPINES TEKTITE - Philippinite Rizalite Bicolite Meteorite,10.0,2023-09-29,,,WorthPoint
philippinite,54g BIKOLITE PHILIPPINES TEKTITE - Philippinite Rizalite Bicolite Meteorite,34.3,2023-09-20,54.0,0.64,WorthPoint
philippinite,62g BIKOLITE PHILIPPINES TEKTITE - Philippinite Rizalite Bicolite Meteorite,43.4,2023-09-20,62.0,0.7,WorthPoint
philippinite,52.09g BIKOLITE PHILIPPINES TEKTITE LOT Philippinite Rizalite Bicolite Meteorite,37.1,2023-09-11,52.09,0.71,WorthPoint
philippinite,91g BIKOLITE PHILIPPINES TEKTITE - Philippinite Rizalite Bicolite Meteorite,63.0,2023-09-03,91.0,0.69,WorthPoint
philippinite,8.53g BIKOLITE PHILIPPINES TEKTITE - Philippinite Rizalite Bicolite Meteorite,6.3,2023-09-01,8.53,0.74,WorthPoint
philippinite,76.61g BIKOLITE PHILIPPINES TEKTITE LOT Philippinite Rizalite Bicolite Meteorite,53.2,2023-08-30,76.61,0.69,WorthPoint
philippinite,Philippinite Tektite 125.32g Deeply Grooved Soccer Ball From Meteorite Impact,51.0,2023-08-19,125.32,0.41,WorthPoint
philippinite,8.14g BIKOLITE PHILIPPINES TEKTITE - Philippinite Rizalite Bicolite Meteorite,6.3,2023-07-19,8.14,0.77,WorthPoint
philippinite,"Two Very Rare, Splash-form PHILIPPINITE TEKTITES, Molten Terrestrial...",381.51,2023-07-04,,,WorthPoint
philippinite,132g BIKOLITE PHILIPPINES TEKTITE - Philippinite Rizalite Bicolite Meteorite,83.3,2023-06-21,132.0,0.63,WorthPoint
philippinite,12.75g BIKOLITE PHILIPPINES TEKTITE - Philippinite Rizalite Bicolite Meteorite,9.75,2023-06-06,12.75,0.76,WorthPoint
philippinite,58g BIKOLITE PHILIPPINES TEKTITE - Philippinite Rizalite Bicolite Meteorite,45.0,2023-05-29,58.0,0.78,WorthPoint
philippinite,22g BIKOLITE PHILIPPINES TEKTITE - Philippinite Rizalite Bicolite Meteorite,17.25,2023-05-29,22.0,0.78,WorthPoint
philippinite,"Tektite, 53 Gr Philippinite, Bicolite, Meteorite Impact Glass, Bikolite, Tektite",28.9,2023-05-22,53.0,0.55,WorthPoint
philippinite,23g ANDA TEKTITE PANGASINAN REGION PHILIPPINES PHILIPPINITE METEORITE Last Stock,22.5,2023-05-18,23.0,0.98,WorthPoint
philippinite,9g BIKOLITE PHILIPPINES TEKTITE - Philippinite Rizalite Bicolite Meteorite,7.5,2023-05-17,9.0,0.83,WorthPoint
philippinite,52g LOT BIKOLITE PHILIPPINES TEKTITES - Philippinite Rizalite Bicolite Meteorite,41.25,2023-05-17,52.0,0.79,WorthPoint
philippinite,"Tektite 42.5 Gr Philippinite, Bicolite, Meteorite Impact Glass, Bikolite Tektite",18.9,2023-05-17,42.5,0.44,WorthPoint
philippinite,"2 Tektites, 299 Grams Philippinite, Bicolite, Meteorite Impact Glass, Bikolite",375.0,2023-05-11,299.0,1.25,WorthPoint
philippinite,"Tektite, 38 Gr Philippinite, Bicolite, Meteorite Impact Glass, Bikolite, Tektite",8.9,2023-05-09,38.0,0.23,WorthPoint
philippinite,"Tektite, 73 Gr. Philippinite, Bicolite, Meteorite Impact Glass, Bikolite Tektite",34.0,2023-04-27,73.0,0.47,WorthPoint
philippinite,"Tektite, 54 Gr Philippinite, Bicolite, Meteorite Impact Glass, Bikolite, Tektite",12.99,2023-04-26,54.0,0.24,WorthPoint
philippinite,"Tektite, 20 Gram Philippinite, Bicolite, Meteorite Impact Glass, Bikolite",12.9,2023-04-22,20.0,0.65,WorthPoint
philippinite,24g BIKOLITE PHILIPPINES TEKTITE - Philippinite Rizalite Bicolite Meteorite,18.75,2023-04-20,24.0,0.78,WorthPoint
philippinite,67g LOT BIKOLITE PHILIPPINES TEKTITES - Philippinite Rizalite Bicolite Meteorite,52.5,2023-04-20,67.0,0.78,WorthPoint
philippinite,34g BIKOLITE PHILIPPINES TEKTITE - Philippinite Rizalite Bicolite Meteorite,27.0,2023-04-20,34.0,0.79,WorthPoint
philippinite,"3 Tektites, 436 Grams Philippinite, Bicolite, Meteorite Impact Glass, Bikolite",300.0,2023-04-17,436.0,0.69,WorthPoint
philippinite,"Tektite 45.5 Gr Philippinite, Bicolite, Meteorite Impact Glass, Bikolite Tektite",12.0,2023-04-16,45.5,0.26,WorthPoint
philippinite,"Tektite 132 Gr Philippinite, Bicolite, Meteorite Impact Glass, Bikolite, Tektite",139.0,2023-04-13,132.0,1.05,WorthPoint
philippinite,"Tektite 80 Gr. Philippinite, Bicolite, Meteorite Impact Glass, Bikolite, Tektite",39.9,2023-04-13,80.0,0.5,WorthPoint
philippinite,"Tektite, 224 Gram Philippinite, Bicolite, Meteorite Impact Glass, Bikolite",259.0,2023-04-13,224.0,1.16,WorthPoint
philippinite,16g BIKOLITE PHILIPPINES TEKTITE - Philippinite Rizalite Bicolite Meteorite,12.0,2023-04-07,16.0,0.75,WorthPoint
philippinite,18g BIKOLITE PHILIPPINES TEKTITE - Philippinite Rizalite Bicolite Meteorite,13.5,2023-04-07,18.0,0.75,WorthPoint
philippinite,20g ANDA TEKTITE PANGASINAN REGION PHILIPPINES PHILIPPINITE METEORITE Last Stock,18.75,2023-04-07,20.0,0.94,WorthPoint
philippinite,"Tektite, 27 Gram Philippinite, Bicolite, Meteorite Impact Glass, Bikolite",11.9,2023-04-07,27.0,0.44,WorthPoint
philippinite,"Tektite, 130 Gram Philippinite, Bicolite, Meteorite Impact Glass, Bikolite",59.9,2023-04-07,130.0,0.46,WorthPoint
philippinite,"Tektite, 44 Gram Philippinite, Bicolite, Meteorite Impact Glass, Bikolite",19.9,2023-04-07,44.0,0.45,WorthPoint
philippinite,12g BIKOLITE PHILIPPINES TEKTITE - Philippinite Rizalite Bicolite Meteorite,9.75,2023-04-07,12.0,0.81,WorthPoint
philippinite,11g BIKOLITE PHILIPPINES TEKTITE - Philippinite Rizalite Bicolite Meteorite,9.0,2023-04-07,11.0,0.82,WorthPoint
philippinite,10g ANDA TEKTITE PANGASINAN REGION PHILIPPINES PHILIPPINITE METEORITE Last Stock,9.0,2023-04-07,10.0,0.9,WorthPoint
philippinite,"Tektite 19 Gram Philippinite, Bicolite, Meteorite Impact Glass, Bikolite Tektite",7.5,2023-04-06,19.0,0.39,WorthPoint
philippinite,"Tektite, 31 Gram Philippinite, Bicolite, Meteorite Impact Glass, Bikolite",12.9,2023-04-06,31.0,0.42,WorthPoint
philippinite,"Tektite 32 Gram Philippinite, Bicolite, Meteorite Impact Glass, Bikolite Tektite",13.07,2023-04-06,32.0,0.41,WorthPoint
philippinite,29g ANDA TEKTITE PANGASINAN REGION PHILIPPINES PHILIPPINITE METEORITE Last Stock,27.75,2023-04-05,29.0,0.96,WorthPoint
philippinite,"Large Tektite, 106 Gram Philippinite, Bicolite, Meteorite Impact Glass, Bikolite",10.01,2023-03-31,106.0,0.09,WorthPoint
philippinite,"Tektite 49 Gram Philippinite, Bicolite, Meteorite Impact Glass, Bikolite Tektite",15.5,2023-03-23,49.0,0.32,WorthPoint
philippinite,"Tektite, 37 Gram Philippinite, Bicolite, Meteorite Impact Glass, Bikolite",10.0,2023-03-15,37.0,0.27,WorthPoint
philippinite,94g BIKOLITE PHILIPPINES TEKTITE - Philippinite Rizalite Bicolite Meteorite,71.2,2023-03-13,94.0,0.76,WorthPoint
philippinite,"44gram Tektite, Philippinite, Bicolite, Meteorite Impact Glass, Bikolite 44 Gram",5.5,2023-03-12,44.0,0.12,WorthPoint
philippinite,"46 Gram Tektite, 46 Gr. Philippinite, Bicolite, Meteorite Impact Glass, Bikolite",14.9,2023-03-10,46.0,0.32,WorthPoint
philippinite,"Tektite 51 Gram Philippinite, Bicolite, Meteorite Impact Glass, Bikolite Tektite",19.9,2023-03-07,51.0,0.39,WorthPoint
philippinite,"Tektite, 63 Gram Philippinite, Bicolite, Meteorite Impact Glass, Bikolite",19.9,2023-03-07,63.0,0.32,WorthPoint
philippinite,"Tektite, 42 Gram Philippinite, Bicolite, Meteorite Impact Glass, Bikolite",15.9,2023-03-07,42.0,0.38,WorthPoint
philippinite,6g ANDA TEKTITE PANGASINAN REGION PHILIPPINES PHILIPPINITE METEORITE Last Stock,6.8,2023-03-05,6.0,1.13,WorthPoint
philippinite,19g BIKOLITE PHILIPPINES TEKTITE - Philippinite Rizalite Bicolite Meteorite,16.15,2023-02-28,19.0,0.85,WorthPoint
philippinite,28g BIKOLITE PHILIPPINES TEKTITE - Philippinite Rizalite Bicolite Meteorite,24.65,2023-02-28,28.0,0.88,WorthPoint
philippinite,32g BIKOLITE PHILIPPINES TEKTITE - Philippinite Rizalite Bicolite Meteorite,28.9,2023-02-28,32.0,0.9,WorthPoint
philippinite,45g LOT BIKOLITE PHILIPPINES TEKTITES - Philippinite Rizalite Bicolite Meteorite,39.95,2023-02-28,45.0,0.89,WorthPoint
philippinite,"Tektite, 32 Gram Philippinite, Bicolite, Meteorite Impact Glass, Bikolite",12.9,2023-02-27,32.0,0.4,WorthPoint
philippinite,11g ANDA TEKTITE PANGASINAN REGION PHILIPPINES PHILIPPINITE METEORITE Last Stock,14.25,2023-02-01,11.0,1.3,WorthPoint
philippinite,17g BIKOLITE PHILIPPINES TEKTITE - Philippinite Rizalite Bicolite Meteorite,16.15,2023-02-01,17.0,0.95,WorthPoint
philippinite,87g LOT - BIKOLITE PHILIPPINES TEKTITE Philippinite Rizalite Bicolite Meteorite,44.0,2023-01-08,87.0,0.51,WorthPoint
philippinite,20g BIKOLITE PHILIPPINES TEKTITE - Philippinite Rizalite Bicolite Meteorite,16.0,2023-01-03,20.0,0.8,WorthPoint
philippinite,"Tektite 42 Gram Philippinite, Bicolite, Meteorite Impact Glass, Bikolite Tektite",18.9,2023-01-03,42.0,0.45,WorthPoint
philippinite,25g BIKOLITE PREMIUM TEAR DROP TEKTITE Philippinite Rizalite Bicolite Meteorite,22.0,2023-01-01,25.0,0.88,WorthPoint
philippinite,"Tektite, 49 Gram Philippinite, Bicolite, Meteorite Impact Glass, Bikolite",29.9,2022-12-24,49.0,0.61,WorthPoint
philippinite,"Tektite, 127 Gram Philippinite, Bicolite, Meteorite Impact Glass, Bikolite",159.0,2022-12-18,127.0,1.25,WorthPoint
philippinite,"51 Gram Tektite, Philippinite, Bicolite, Meteorite Impact Glass, Bikolite",24.9,2022-12-17,51.0,0.49,WorthPoint
philippinite,15g BIKOLITE PHILIPPINES TEKTITE - Philippinite Rizalite Bicolite Meteorite,13.0,2022-12-15,15.0,0.87,WorthPoint
philippinite,17g LOT - BIKOLITE PHILIPPINES TEKTITE Philippinites Rizalite Bicolite Meteorite,15.0,2022-12-12,17.0,0.88,WorthPoint
philippinite,97g LOT - BIKOLITE PHILIPPINES TEKTITE Philippinite Rizalite Bicolite Meteorite,59.0,2022-12-04,97.0,0.61,WorthPoint
philippinite,8.19g ANDA TEKTITE - PANGASINAN REGION - PHILIPPINES - Philippinite Meteorite,17.0,2022-11-16,8.19,2.08,WorthPoint
philippinite,35g BIKOLITE PHILIPPINES TEKTITE - Philippinite Rizalite Bicolite Meteorite,29.0,2022-10-23,35.0,0.83,WorthPoint
philippinite,16g ANDA TEKTITE - PANGASINAN REGION - PHILIPPINES - Philippinite Meteorite,32.0,2022-10-23,16.0,2.0,WorthPoint
philippinite,25g BIKOLITE PHILIPPINES TEKTITE - Philippinite Rizalite Bicolite Meteorite,21.0,2022-10-23,25.0,0.84,WorthPoint
philippinite,37g BIKOLITE PHILIPPINES TEKTITE - Philippinite Rizalite Bicolite Meteorite,31.0,2022-10-23,37.0,0.84,WorthPoint
philippinite,31g BIKOLITE PHILIPPINES TEKTITE - Philippinite Rizalite Bicolite Meteorite,25.0,2022-10-23,31.0,0.81,WorthPoint
philippinite,11.8g ANDA TEKTITE - PANGASINAN REGION - PHILIPPINES - Philippinite Meteorite,24.0,2022-10-21,11.8,2.03,WorthPoint
philippinite,8.9g ANDA TEKTITE - PANGASINAN REGION - PHILIPPINES - Philippinite Meteorite,18.0,2022-10-20,8.9,2.02,WorthPoint
philippinite,78g BIKOLITE PHILIPPINES TEKTITE - Philippinite Rizalite Bicolite Meteorite,64.0,2022-10-20,78.0,0.82,WorthPoint
philippinite,99g LOT - BIKOLITE PHILIPPINES TEKTITE Philippinite Rizalite Bicolite Meteorite,54.4,2022-10-16,99.0,0.55,WorthPoint
philippinite,9g ANDA TEKTITE - PANGASINAN REGION - PHILIPPINES - Philippinite Meteorite,21.0,2022-09-02,9.0,2.33,WorthPoint
philippinite,5g ANDA TEKTITE - PANGASINAN REGION - PHILIPPINES - Philippinite Meteorite,12.0,2022-08-31,5.0,2.4,WorthPoint
philippinite,6g ANDA TEKTITE - PANGASINAN REGION - PHILIPPINES - Philippinite Meteorite,15.0,2022-07-31,6.0,2.5,WorthPoint
philippinite,14.787g ANDA TEKTITE - PANGASINAN REGION - PHILIPPINES - Philippinite Meteorite,34.0,2022-07-17,14.787,2.3,WorthPoint
philippinite,15g BIKOLITE TEAR DROP TEKTITE - Philippinite Rizalite Bicolite Meteorite,19.0,2022-07-13,15.0,1.27,WorthPoint
philippinite,100% Natural Philippinite TEKTITE 43.5gr,10.99,2022-07-09,43.5,0.25,WorthPoint
philippinite,8.8g ANDA TEKTITE - PANGASINAN REGION - PHILIPPINES - Philippinite Meteorite,20.0,2022-07-08,8.8,2.27,WorthPoint
philippinite,51g BIKOLITE PHILIPPINES TEKTITE - Philippinite Rizalite Bicolite Meteorite,34.4,2022-07-08,51.0,0.67,WorthPoint
philippinite,7.945g ANDA TEKTITE - PANGASINAN REGION - PHILIPPINES - Philippinite Meteorite,18.0,2022-06-27,7.945,2.27,WorthPoint
philippinite,18.967g ANDA TEKTITE - PANGASINAN REGION - PHILIPPINES - Philippinite Meteorite,53.0,2022-06-16,18.967,2.79,WorthPoint
philippinite,19g ANDA TEKTITE - PANGASINAN REGION - PHILIPPINES - Philippinite Meteorite,53.0,2022-06-09,19.0,2.79,WorthPoint
philippinite,26g BIKOLITE PHILIPPINES TEKTITE - Philippinite Rizalite Bicolite Meteorite,22.0,2022-06-09,26.0,0.85,WorthPoint
philippinite,74g BIKOLITE PHILIPPINES TEKTITE - Philippinite Rizalite Bicolite Meteorite,55.2,2022-06-02,74.0,0.75,WorthPoint
philippinite,87g BIKOLITE PHILIPPINES TEKTITE - Philippinite Rizalite Bicolite Meteorite,60.8,2022-06-02,87.0,0.7,WorthPoint
philippinite,20g ANDA TEKTITE - PANGASINAN REGION - PHILIPPINES - Philippinite Meteorite,60.0,2022-05-18,20.0,3.0,WorthPoint
philippinite,100% Natural Philippinite TEKTITE 32.2gr,13.99,2022-05-16,32.2,0.43,WorthPoint
philippinite,8g BIKOLITE PHILIPPINES TEKTITE - Philippinite Rizalite Bicolite Meteorite,9.0,2022-05-16,8.0,1.12,WorthPoint
philippinite,187g LOT - BIKOLITE PHILIPPINES TEKTITE Philippinite Rizalite Bicolite Meteorite,148.0,2022-05-03,187.0,0.79,WorthPoint
philippinite,178g LOT - BIKOLITE PHILIPPINES TEKTITE Philippinite Rizalite Bicolite Meteorite,138.0,2022-05-03,178.0,0.78,WorthPoint
philippinite,71g LOT - BIKOLITE PHILIPPINES TEKTITE Philippinite Rizalite Bicolite Meteorite,58.0,2022-05-02,71.0,0.82,WorthPoint
philippinite,111g LOT - BIKOLITE PHILIPPINES TEKTITE Philippinite Rizalite Bicolite Meteorite,94.0,2022-05-02,111.0,0.85,WorthPoint
philippinite,67g BIKOLITE PHILIPPINES TEKTITE - Philippinite Rizalite Bicolite Meteorite,45.6,2022-04-23,67.0,0.68,WorthPoint
philippinite,92g BIKOLITE PHILIPPINES TEKTITE - Philippinite Rizalite Bicolite Meteorite,62.4,2022-04-23,92.0,0.68,WorthPoint
philippinite,99g BIKOLITE PHILIPPINES TEKTITE - Philippinite Rizalite Bicolite Meteorite,68.0,2022-04-23,99.0,0.69,WorthPoint
philippinite,83g BIKOLITE PHILIPPINES TEKTITE - Philippinite Rizalite Bicolite Meteorite,57.6,2022-04-23,83.0,0.69,WorthPoint
philippinite,86g BIKOLITE PHILIPPINES TEKTITE - Philippinite Rizalite Bicolite Meteorite,60.0,2022-04-23,86.0,0.7,WorthPoint
philippinite,4.8g ANDA TEKTITE - PANGASINAN REGION - PHILIPPINES - Philippinite Meteorite,12.0,2022-04-17,4.8,2.5,WorthPoint
philippinite,27g ANDA TEKTITE - PANGASINAN REGION - PHILIPPINES - Philippinite Meteorite,61.6,2022-04-17,27.0,2.28,WorthPoint
philippinite,59g LOT - BIKOLITE PHILIPPINES TEKTITE Philippinite Rizalite Bicolite Meteorite,51.0,2022-03-25,59.0,0.86,WorthPoint
philippinite,62g LOT - BIKOLITE PHILIPPINES TEKTITE Philippinite Rizalite Bicolite Meteorite,54.0,2022-03-14,62.0,0.87,WorthPoint
philippinite,66g LOT - BIKOLITE PHILIPPINES TEKTITE Philippinite Rizalite Bicolite Meteorite,58.0,2022-03-14,66.0,0.88,WorthPoint
philippinite,A 100% Natural Philippinite TEKTITE 41.6gr,39.99,2021-11-26,41.6,0.96,WorthPoint
philippinite,A 100% Natural Philippinite TEKTITE 43.4gr,34.99,2021-11-19,43.4,0.81,WorthPoint
philippinite,A 100% Natural Oriented ROUND Shaped Philippinite TEKTITE 39.3gr,25.99,2021-11-06,39.3,0.66,WorthPoint
philippinite,A 100% Natural Oriented U.F.O Philippinite TEKTITE 56.9gr,49.99,2021-10-22,56.9,0.88,WorthPoint
philippinite,Tektite Philippinite Bicolite 34.9 Gram Biscuit From The Philippines,17.5,2021-08-25,34.9,0.5,WorthPoint
philippinite,Tektite Philippinite Bicolite 41 Gram Biscuit From The Philippines,27.55,2021-07-06,41.0,0.67,WorthPoint
philippinite,Tektite Philippinite Bicolite 37.6 Gram Biscuit From The Philippines,26.0,2021-05-30,37.6,0.69,WorthPoint
philippinite,Tektite Philippinite Bicolite 35.3 Gram Biscuit From The Philippines,5.5,2021-05-25,35.3,0.16,WorthPoint
philippinite,Tektite Philippinite Bicolite 31.6 Gram Biscuit From The Philippines,20.5,2021-05-19,31.6,0.65,WorthPoint
philippinite,Tektite Philippinite Bicolite 9.2 Gram Biscuit From The Philippines,8.5,2021-05-03,9.2,0.92,WorthPoint
philippinite,"Bicolite Philippinite Tektite Sphere - 33 Gram - Bicol, Philippines",50.0,2021-03-27,33.0,1.52,WorthPoint
philippinite,Tektite Philippinite Bicolite 63.7 Gram Biscuit From The Philippines,37.0,2021-03-26,63.7,0.58,WorthPoint
philippinite,Philippinite Tektite 160.76g Deeply Grooved Biscuit From Meteorite Impact,72.0,2021-01-16,160.76,0.45,WorthPoint
philippinite,Philippinite Tektite 208.58g AAA Deeply Grooved Soccer Ball From Meteorite Impac,81.0,2020-12-05,208.58,0.39,WorthPoint
philippinite,"Bicolite Philippinite Tektite Sphere - 34 Gram - Bicol, Philippines",50.0,2020-10-17,34.0,1.47,WorthPoint
philippinite,Philippinite Tektite Philippines 59 Grams,59.0,2020-10-15,59.0,1.0,WorthPoint
philippinite,Philippinite Tektite 124.58g Happy Face Biscuit Impactite - Not Meteorite,32.0,2020-08-29,124.58,0.26,WorthPoint
philippinite,Tektite Philippinite Bicolite 37.5g PRIZE Formed By Meteorite Impact 700 Kyr,29.2,2020-02-27,37.5,0.78,WorthPoint
philippinite,Tektite Philippinite Bicolite 16.8g Part Disc Formed By Meteorite Impact 700 Kyr,17.5,2020-02-16,16.8,1.04,WorthPoint
philippinite,Tektite Philippinite Bicolite 16.7g Nice Shape Made By Meteorite Impact 700 Kyr,18.5,2020-02-01,16.7,1.11,WorthPoint
philippinite,Tektite Philippinite Bicolite 14.7g Part Disc Formed By Meteorite Impact 700 Kyr,13.49,2020-01-30,14.7,0.92,WorthPoint
philippinite,Tektite Philippinite Bicolite 19.9g Dumbbell Formed By Meteorite Impact 700 Kyr,16.16,2020-01-01,19.9,0.81,WorthPoint
philippinite,Tektite Philippinite Bicolite 20 Grams Formed By Meteorite Impact 700 Kyr,23.5,2019-10-11,20.0,1.18,WorthPoint
philippinite,Philippinite Tektite 255.53g AAA Deeply Grooved Soccer Ball From Meteorite Impac,215.0,2019-10-01,255.53,0.84,WorthPoint
philippinite,Tektite Philippinite Bicolite 25.5g Dumbbell Formed By Meteorite Impact 700 Kyr,22.5,2019-09-17,25.5,0.88,WorthPoint
philippinite,Philippinite Tektite 176.86g AAA Deeply Grooved Soccer Ball From Meteorite Impac,176.5,2019-09-07,176.86,1.0,WorthPoint
philippinite,Tektite Philippinite Bicolite 13 Grams Formed By Meteorite Impact 700 Kyr,20.5,2019-09-04,13.0,1.58,WorthPoint
philippinite,Philippinite Tektite 153.01g AAA Deeply Grooved Soccer Ball From Meteorite Impac,129.0,2019-08-25,153.01,0.84,WorthPoint
philippinite,Tektite Philippinite Bicolite 47 Gram Biscuit Formed By Meteorite Impact 700 Kyr,16.0,2019-08-04,47.0,0.34,WorthPoint
philippinite,"Philippinite Tektite 57.33g Deeply Grooved Biscuit, Made By Meteorite Impactite",26.0,2019-08-03,57.33,0.45,WorthPoint
philippinite,Tektite Philippinite Bicolite 14.1g Tear-Drop Formed By Meteorite Impact 700 Kyr,44.0,2019-08-02,14.1,3.12,WorthPoint
philippinite,"Philippinite Tektite 113.92g AAA Deeply Grooved Biscuit, Made By Meteorite Impac",111.0,2019-06-23,113.92,0.97,WorthPoint
philippinite,Tektite Philippinite Bicolite 69 Gram Biscuit Formed By Meteorite Impact 700 Kyr,23.5,2019-06-19,69.0,0.34,WorthPoint
philippinite,"Philippinite Tektite 59.69g AAA Deeply Grooved Biscuit, Made By Meteorite Impact",39.0,2019-06-01,59.69,0.65,WorthPoint
philippinite,"Philippinite Tektite 103.83g AAA Deeply Grooved Biscuit, Made By Meteorite Impac",111.0,2019-04-08,103.83,1.07,WorthPoint
philippinite,Philippinite Tektite 40.69g Astounding Assymetrical Burger Impactite,15.0,2019-04-06,40.69,0.37,WorthPoint
philippinite,"Philippinite Tektite 106.08g AAA Deeply Grooved Biscuit, Made By Meteorite Impac",152.5,2019-03-30,106.08,1.44,WorthPoint
philippinite,Tektite Philippinite Bicolite 35 Gram Biscuit Formed By Meteorite Impact 700 Kyr,30.0,2019-03-18,35.0,0.86,WorthPoint
philippinite,Philippinite Tektite 205.22g AAA Deeply Grooved Soccer Ball From Meteorite Impac,325.0,2019-03-18,205.22,1.58,WorthPoint
philippinite,"Philippinite Tektite 71.16g Beautiful Assymetrical, Deeply Grooved Biscuit Impac",77.0,2019-03-16,71.16,1.08,WorthPoint
philippinite,Philippinite Tektite 73.16g Beautiful Biscuit Impactite,23.0,2019-03-02,73.16,0.31,WorthPoint
philippinite,Tektite Philippinite Bicolite 13g Teardrop Formed By Meteorite Impact 700 Kyr,20.0,2019-02-24,13.0,1.54,WorthPoint
philippinite,Tektite Philippinite Bicolite 34 Gram Biscuit Formed By Meteorite Impact 700 Kyr,14.5,2019-02-19,34.0,0.43,WorthPoint
philippinite,Philippinite Tektite 71.06g Beautiful Assymetrical Biscuit Impactite,17.0,2019-02-09,71.06,0.24,WorthPoint
philippinite,Tektite Philippinite Bicolite 22 Gram Biscuit Formed By Meteorite Impact 700 Kyr,24.0,2019-02-06,22.0,1.09,WorthPoint
philippinite,Philippinite Tektite 32.80g Beautiful Assymetrical Biscuit Impactite,10.0,2019-01-26,32.8,0.3,WorthPoint
philippinite,Tektite Philippinite Bicolite 45 Gram Biscuit Formed By Meteorite Impact 700 Kyr,24.5,2019-01-20,45.0,0.54,WorthPoint
philippinite,Philippinite Tektite 61.79g Beautiful Assymetrical Biscuit Impactite,20.0,2019-01-19,61.79,0.32,WorthPoint
philippinite,Tektite Philippinite Bicolite 28 Gram Biscuit Formed By Meteorite Impact 700 Kyr,20.5,2019-01-09,28.0,0.73,WorthPoint
philippinite,Philippinite Tektite 64.58g Beautiful Assymetrical Biscuit Impactite,15.0,2019-01-05,64.58,0.23,WorthPoint
philippinite,Philippinite Tektite 41.49g Beautiful Bisquit Shaped Impactite,13.0,2018-12-28,41.49,0.31,WorthPoint
philippinite,Philippinite Tektite 42.93g Beautiful Rod Shaped Impactite,13.0,2018-12-22,42.93,0.3,WorthPoint
philippinite,Tektite Philippinite Bicolite 40 Gram Biscuit Formed By Meteorite Impact 700 Kyr,14.5,2018-12-21,40.0,0.36,WorthPoint
philippinite,Tektite Philippinite Bicolite 38 Gram Biscuit Formed By Meteorite Impact 700 Kyr,31.0,2018-12-09,38.0,0.82,WorthPoint
philippinite,Philippinite Tektite 51.74g Beautiful Biscuit Shape Impactite,20.0,2018-12-09,51.74,0.39,WorthPoint
philippinite,Philippinite Tektite 158.35g Magnificent Mushroom Shape Impactite,51.0,2018-12-08,158.35,0.32,WorthPoint
philippinite,Philippinite Tektite 32.83g Beautiful Biscuit Shape Impactite,21.5,2018-12-08,32.83,0.65,WorthPoint
philippinite,Tektite Philippinite Bicolite 26 Gram Biscuit Formed By Meteorite Impact 700 Kyr,13.15,2018-12-02,26.0,0.51,WorthPoint
philippinite,Philippinite Tektite 177.02g Beautiful Breadcrust Shape Impactite,46.0,2018-11-27,177.02,0.26,WorthPoint
philippinite,Tektite Philippinite Bicolite 37 Gram Biscuit Formed By Meteorite Impact 700 Kyr,16.5,2018-11-25,37.0,0.45,WorthPoint
philippinite,"Philippinite Tektite 196.16g Unique, Anomalous Shape Impactite",41.0,2018-11-24,196.16,0.21,WorthPoint
philippinite,Tektite Philippinite Bicolite 53 Gram Biscuit Formed By Meteorite Impact 700 Kyr,21.5,2018-11-22,53.0,0.41,WorthPoint
philippinite,Philippinite Tektite 168.66g Beautiful Soccerball Shape Impactite,46.0,2018-11-18,168.66,0.27,WorthPoint
philippinite,"Philippinite Tektite 219.80g Unique, Anomalous Shape Impactite",46.0,2018-11-14,219.8,0.21,WorthPoint
philippinite,Philippinite Tektite 204.83g Beautiful Breadcrusted Scarab Impactite,50.0,2018-10-20,204.83,0.24,WorthPoint
philippinite,Philippinite Tektite 92.85g Impactite W/ Intriguingly Anomalous Shape,26.0,2018-10-13,92.85,0.28,WorthPoint
philippinite,Philippinite Tektite 254.47g Beautiful Breadcrusted Soccerball Impactite,65.0,2018-10-13,254.47,0.26,WorthPoint
philippinite,Tektite Philippinite Bicolite 43 Gram Biscuit Formed By Meteorite Impact 700 Kyr,16.5,2018-10-02,43.0,0.38,WorthPoint
philippinite,Tektite Philippinite Bicolite 49 Gram Biscuit Formed By Meteorite Impact 700 Kyr,11.5,2018-08-24,49.0,0.23,WorthPoint
philippinite,Tektite Philippinite Bicolite 23.6g Elongated Shape Formed By Meteorite Impact,10.5,2018-08-12,23.6,0.44,WorthPoint
philippinite,Tektite Philippinite Bicolite 18.9g Rare Bullet Shape Formed By Meteorite Impact,17.5,2018-08-09,18.9,0.93,WorthPoint
philippinite,Tektite Philippinite Bicolite 39g Rare Large Teardrop Formed By Meteorite Impact,27.0,2018-07-26,39.0,0.69,WorthPoint
philippinite,Philippinite Tektite 25.76g Impactite W/ Intriguingly Anomalous Shape,26.0,2018-07-02,25.76,1.01,WorthPoint
philippinite,Tektite Philippinite Bicolite 42 Gram Biscuit Formed By Meteorite Impact 700 Kyr,15.0,2018-06-26,42.0,0.36,WorthPoint
philippinite,Philippinite Tektite 159.59g Beautiful Breadcrusted Soccerball Impactite,150.0,2018-06-23,159.59,0.94,WorthPoint
philippinite,Philippinite Tektite 18.80g Bisquit Impactite,13.0,2018-06-18,18.8,0.69,WorthPoint
philippinite,Philippinite Tektite 35.65g Bisquit Impactite,10.0,2018-06-16,35.65,0.28,WorthPoint
philippinite,Tektite Philippinite Bicolite 24.7 Gram Disc Formed By Meteorite Impact 700 Kyr,20.76,2018-06-12,24.7,0.84,WorthPoint
philippinite,Tektite Philippinite Bicolite 55 Gram Biscuit Formed By Meteorite Impact 700 Kyr,28.57,2018-05-17,55.0,0.52,WorthPoint
philippinite,Tektite Philippinite Bicolite 39 Gram Biscuit Formed By Meteorite Impact 700 Kyr,44.0,2018-04-22,39.0,1.13,WorthPoint
philippinite,Tektite Philippinite Bicolite 14.7g Dumbbell Formed By Meteorite Impact 700 Kyr,20.7,2018-04-11,14.7,1.41,WorthPoint
philippinite,Tektite Philippinite Bicolite 27 Gram Biscuit Formed By Meteorite Impact 700 Kyr,13.5,2018-04-01,27.0,0.5,WorthPoint
philippinite,Tektite Philippinite Bicolite 23 Gram Biscuit Formed By Meteorite Impact 700 Kyr,24.5,2018-03-30,23.0,1.07,WorthPoint
philippinite,Tektite Philippinite Bicolite 48 Gram Biscuit Formed By Meteorite Impact 700 Kyr,31.0,2018-03-23,48.0,0.65,WorthPoint
philippinite,Tektite Philippinite Bicolite 32 Gram Disc Formed By Meteorite Impact 700 Kyr,16.5,2018-03-20,32.0,0.52,WorthPoint
philippinite,Tektite Philippinite Bicolite 20.6g Dumbbell Formed By Meteorite Impact 700 Kyr,10.5,2018-03-16,20.6,0.51,WorthPoint
philippinite,Tektite Philippinite Bicolite 31 Gram Biscuit Formed By Meteorite Impact 700 Kyr,15.55,2018-03-09,31.0,0.5,WorthPoint
philippinite,Tektite Philippinite Bicolite 16.4 Gram Disc Formed By Meteorite Impact 700 Kyr,10.5,2018-03-08,16.4,0.64,WorthPoint
philippinite,Tektite Philippinite Bicolite 25 Gram Biscuit Formed By Meteorite Impact 700 Kyr,16.45,2018-03-06,25.0,0.66,WorthPoint
philippinite,64g NICE RIZALITE PHILIPPINITE TEKTITE(Meteorite)SPACE ROCK #sf050,42.3,2018-03-05,64.0,0.66,WorthPoint
philippinite,38g NICE RIZALITE PHILIPPINITE TEKTITE(Meteorite)SPACE ROCK #sf054,31.05,2018-03-04,38.0,0.82,WorthPoint
philippinite,69g BAR RIZALITE PHILIPPINITE TEKTITE(Meteorite)SPACE ROCK #sf049,51.3,2018-02-26,69.0,0.74,WorthPoint
philippinite,60g NICE RIZALITE PHILIPPINITE TEKTITE(Meteorite)SPACE ROCK #sf051,70.5,2018-01-31,60.0,1.18,WorthPoint
philippinite,Tektite Philippinite Bicolite 20 Gram Biscuit Formed By Meteorite Impact 700 Kyr,20.5,2018-01-17,20.0,1.02,WorthPoint
philippinite,"Tektite Philippinite: Paracale Area, Camarines Norte, Bikol R. Weight = 192,4 G",110.0,2017-12-02,4.0,27.5,WorthPoint
philippinite,"Meteorite,Tektite Very Nice Philippinite Nice Shape Biscuit-like 25g",13.49,2014-02-03,25.0,0.54,WorthPoint
philippinite,"Meteorite,Tektite Very Nice Philippinite Rare Teardrop 21g",10.0,2014-02-03,21.0,0.48,WorthPoint
philippinite,"Meteorite,Tektite Very Nice Philippinite Dumbbell 70g",12.0,2014-02-03,70.0,0.17,WorthPoint
philippinite,38g BALL RIZALITE PHILIPPINITE TEKTITE(Meteorite)#sb903-stomulet,25.99,2013-06-15,38.0,0.68,WorthPoint
philippinite,28.0g RIZALITE PHILIPPINITE TEKTITE(Meteorite)#sb909-stomulet,14.99,2013-04-25,28.0,0.54,WorthPoint
philippinite,170.5g PERFECT RIZALITE PHILIPPINITE Tektite(Meteorite)#sb876-stomulet,378.0,2013-03-28,170.5,2.22,WorthPoint
philippinite,42.5g NICE RIZALITE PHILIPPINITE Tektite(Meteorite)#sb884-stomulet,41.99,2013-03-22,42.5,0.99,WorthPoint
philippinite,Stunning Tektite Var. Philippinite ‚Äì Meteorite ‚Äì Rare!!!,152.0,2012-12-24,,,WorthPoint
philippinite,Tektite Meteorite Philippinites 26grams Pitted!,22.0,2007-02-01,26.0,0.85,WorthPoint
seymchan-meteorite,Seymchan Olivine Iron Meteorite Pallasite Specimen LZ081,35.0,2026-01-23,,,WorthPoint
seymchan-meteorite,SEYMCHAN IRON METEORITE Specimen PALLASITE Etched Triangle Carving RUSSIA,64.99,2026-01-20,,,WorthPoint
seymchan-meteorite,7.61 Grams 26x15x2mm Seymchan Russian Meteorite Cut Slice - June 1967 With COA,15.99,2026-01-19,7.61,2.1,WorthPoint
seymchan-meteorite,19 Grams 60x27x2mm Seymchan Russian Meteorite Cut Slice - June 1967 With COA,39.99,2026-01-18,19.0,2.1,WorthPoint
seymchan-meteorite,8 Grams 45x17x2mm Seymchan Russian Meteorite Cut Slice - June 1967 With COA,17.99,2026-01-18,8.0,2.25,WorthPoint
seymchan-meteorite,15.4 Grams 62x20x2mm Seymchan Russian Meteorite Cut Slice - June 1967 With COA,32.99,2026-01-18,15.4,2.14,WorthPoint
seymchan-meteorite,Seymchan Olivine Iron Meteorite Pallasite Specimen LZ160,41.0,2026-01-17,,,WorthPoint
seymchan-meteorite,10.6 Grams 60x13x2mm Seymchan Russian Meteorite Cut Slice - June 1967 With COA,22.99,2026-01-16,10.6,2.17,WorthPoint
seymchan-meteorite,7.26 Grams 21x19x2mm Seymchan Russian Meteorite Cut Slice - June 1967 With COA,15.99,2026-01-15,7.26,2.2,WorthPoint
seymchan-meteorite,4.74 Grams 16x16x2mm Seymchan Russian Meteorite Cut Slice - June 1967 With COA,11.49,2026-01-12,4.74,2.42,WorthPoint
seymchan-meteorite,Seymchan Pal 8.70g Part Slice Of Etched Iron Meteorite Pendant,33.0,2026-01-12,8.7,3.79,WorthPoint
seymchan-meteorite,7.02 Grams 26x15x2mm Seymchan Russian Meteorite Cut Slice - June 1967 With COA,16.99,2026-01-11,7.02,2.42,WorthPoint
seymchan-meteorite,5.39 Grams 20x18x2mm Seymchan Russian Meteorite Cut Slice - June 1967 With COA,12.49,2026-01-09,5.39,2.32,WorthPoint
seymchan-meteorite,Seymchan Iron Meteorite Etched Slice Weight 112.5 Grams 4 Inches,253.0,2026-01-08,112.5,2.25,WorthPoint
seymchan-meteorite,10 Grams 30x24x2mm Seymchan Russian Meteorite Cut Slice - June 1967 With COA,19.99,2026-01-08,10.0,2.0,WorthPoint
seymchan-meteorite,8.48 Grams 29x19x2mm Seymchan Russian Meteorite Cut Slice - June 1967 With COA,17.99,2026-01-08,8.48,2.12,WorthPoint
seymchan-meteorite,7.68 Grams 29x18x2mm Seymchan Russian Meteorite Cut Slice - June 1967 With COA,17.99,2026-01-07,7.68,2.34,WorthPoint
seymchan-meteorite,7.29 Grams 25x15x2mm Seymchan Russian Meteorite Cut Slice - June 1967 With COA,14.99,2026-01-07,7.29,2.06,WorthPoint
seymchan-meteorite,36PCS Seymchan Iron Meteorite Pendant ALL IN Photo LZ050,26.55,2026-01-07,,,WorthPoint
seymchan-meteorite,7.60 Grams 26x15x2mm Seymchan Russian Meteorite Cut Slice - June 1967 With COA,15.99,2026-01-04,7.6,2.1,WorthPoint
seymchan-meteorite,Seymchan Iron Meteorite Etched Slice Weight 99 Grams 4 Inches,223.0,2026-01-03,99.0,2.25,WorthPoint
seymchan-meteorite,12.5 Grams 30x29x2mm Seymchan Russian Meteorite Cut Slice - June 1967 With COA,24.99,2026-01-02,12.5,2.0,WorthPoint
seymchan-meteorite,9.99 Grams 37x24x3mm Seymchan Russian Meteorite Cut Slice - June 1967 With COA,20.5,2026-01-02,9.99,2.05,WorthPoint
seymchan-meteorite,4.09 Grams 16x16x2mm Seymchan Russian Meteorite Cut Slice - June 1967 With COA,10.5,2026-01-02,4.09,2.57,WorthPoint
seymchan-meteorite,"5 Dollars 2012 Seymchan Meteorite, Cook Islands In Case",140.94,2026-01-01,,,WorthPoint
seymchan-meteorite,SEYMCHAN IRON METEORITE Specimen PALLASITE Etched Freeform Carving RUSSIA,47.99,2025-12-27,,,WorthPoint
seymchan-meteorite,5.4 Gram SEYMCHAN PALLASITE METEORITE Part Slice - Beautiful Crystals,37.0,2025-12-27,5.4,6.85,WorthPoint
seymchan-meteorite,Seymchan Iron Meteorite Etched Slice Weight 137.8 Grams 4 Inches,310.0,2025-12-24,137.8,2.25,WorthPoint
seymchan-meteorite,Seymchan Iron Meteorite Etched Slice Weight 139.1 Grams 4 Inches,313.0,2025-12-24,139.1,2.25,WorthPoint
seymchan-meteorite,Meteorite Seymchan - Iron-Ungrouped/Pallasite - Metal Matrix Slice,11.26,2025-12-21,,,WorthPoint
seymchan-meteorite,5.35 Grams Of Cut Seymchan Russian Meteorites Found In 1967 Comes With COA,14.99,2025-12-20,5.35,2.8,WorthPoint
seymchan-meteorite,Seymchan Olivine Iron Meteorite Pallasite Specimen LZ024,71.0,2025-12-20,,,WorthPoint
seymchan-meteorite,4.27 Grams 24x13x2mm Seymchan Russian Meteorite Cut Slice - June 1967 With COA,9.99,2025-12-19,4.27,2.34,WorthPoint
seymchan-meteorite,SEYMCHAN METEORITE Slice 16.5 Grams,45.0,2025-12-18,16.5,2.73,WorthPoint
seymchan-meteorite,"Seymchan Meteorite - Seymchan River, Magadan Oblast, Russia",87.5,2025-12-18,,,WorthPoint
seymchan-meteorite,3.29 Grams Of Cut Seymchan Russian Meteorites Found In 1967 Comes With COA,7.5,2025-12-18,3.29,2.28,WorthPoint
seymchan-meteorite,"Estate Seymchan Meteorite Slice Pallasite (PMG) 13.5 Grams Russia 40'N, 150¬∞0'E",51.0,2025-12-17,13.5,3.78,WorthPoint
seymchan-meteorite,2.13 Grams Of Cut Seymchan Russian Meteorites Found In 1967 Comes With COA,6.99,2025-12-16,2.13,3.28,WorthPoint
seymchan-meteorite,Seymchan Iron Meteorite Etched Slice Weight 43.7 Grams 2 Inches,99.0,2025-12-15,43.7,2.27,WorthPoint
seymchan-meteorite,BUTW Russia Seymchan Meteorite Pendant Lapidary Necklace Jewelry 26 Ct 9103E,49.99,2025-12-14,5.2,9.61,WorthPoint
seymchan-meteorite,5.53g SEYMCHAN Meteorite Slice I Beautiful Widmanstatten Pattern TOP METEORITE,30.0,2025-12-13,5.53,5.42,WorthPoint
seymchan-meteorite,3.06 Grams Of Cut Seymchan Russian Meteorites Found In 1967 Comes With COA,10.99,2025-12-13,3.06,3.59,WorthPoint
seymchan-meteorite,"Meteorite For Sale, Seymchan Iron Meteorite,Certified Meteorite",140.0,2025-12-13,,,WorthPoint
seymchan-meteorite,7.91 Grams Of Cut Seymchan Russian Meteorites Found In 1967 Comes With COA,19.99,2025-12-11,7.91,2.53,WorthPoint
seymchan-meteorite,3.20 Grams Of Cut Seymchan Russian Meteorites Found In 1967 Comes With COA,7.99,2025-12-11,3.2,2.5,WorthPoint
seymchan-meteorite,"Meteorite For Sale, Seymchan Iron Meteorite With Stunning Widmanst√§tten Pattern",680.0,2025-12-09,,,WorthPoint
seymchan-meteorite,Polished Seymchan Meteorite Cube,687.5,2025-12-04,,,WorthPoint
seymchan-meteorite,"Seymchan Meteorite Slice - 1,874.7 Grams",3250.0,2025-12-02,874.7,3.72,WorthPoint
seymchan-meteorite,53.10 Gram SEYMCHAN IRON METEORITE Slice - Stabile And Incredibly Beautiful,118.8,2025-12-02,53.1,2.24,WorthPoint
seymchan-meteorite,33.50 Gram SEYMCHAN PALLASITE METEORITE - Stabile And Incredibly Beautiful,241.2,2025-12-02,33.5,7.2,WorthPoint
seymchan-meteorite,35.78 Gram SEYMCHAN PALLASITE METEORITE Slice - Stabile And Incredibly Beautiful,493.2,2025-12-02,35.78,13.78,WorthPoint
seymchan-meteorite,119.12 Gram SEYMCHAN PALLASITE METEORITE - Stabile And Incredibly Beautiful,539.1,2025-12-02,119.12,4.53,WorthPoint
seymchan-meteorite,20.96g SEYMCHAN Meteorite Slice I Beautiful Widmanstatten Pattern TOP METEORITE,73.0,2025-11-28,20.96,3.48,WorthPoint
seymchan-meteorite,Polished Seymchan Cube,350.0,2025-11-27,,,WorthPoint
seymchan-meteorite,Seymchan Pallasite Meteorite Etched Slice Weight 20.4 Grams 2 Inches,89.25,2025-11-24,20.4,4.38,WorthPoint
seymchan-meteorite,39.11 Gram SEYMCHAN PALLASITE METEORITE Slice - Stabile And Incredibly Beautiful,199.75,2025-11-23,39.11,5.11,WorthPoint
seymchan-meteorite,5.87 Grams 26x16x2mm Seymchan Russian Meteorite Cut Slice - June 1967 With COA,16.99,2025-11-23,5.87,2.89,WorthPoint
seymchan-meteorite,36.57 Gram SEYMCHAN PALLASITE METEORITE Slice - Stabile And Incredibly Beautiful,465.8,2025-11-19,36.57,12.74,WorthPoint
seymchan-meteorite,Seymchan Pallasite Meteorite 1.48g Iron Nugget W/ Natural Patina As Found,9.0,2025-11-15,1.48,6.08,WorthPoint
seymchan-meteorite,Not Dyed! Genuine Rare Seymchan Russian Meteorite Slice Beautiful Unique Colors!,2499.0,2025-11-13,,,WorthPoint
seymchan-meteorite,8.93 Grams 55x16x2mm Seymchan Russian Meteorite Cut Slice - June 1967 With COA,23.99,2025-11-10,8.93,2.69,WorthPoint
seymchan-meteorite,"Meteorite Seymchan Pallasite FACETED OLIVINE GEM, FOUR Excellent Pieces 1.3 Mm",5.5,2025-11-09,,,WorthPoint
seymchan-meteorite,Seymchan - Pallasite - 60.6g - Meteorite Slice,777.0,2025-11-08,60.6,12.82,WorthPoint
seymchan-meteorite,9.92 Grams 61x13x2mm Seymchan Russian Meteorite Cut Slice - June 1967 With COA,29.99,2025-11-07,9.92,3.02,WorthPoint
seymchan-meteorite,Great Deal! Amazing Crystals! Sensational Seymchan Pallasite Meteorite 35.9 Gms,224.25,2025-11-07,35.9,6.25,WorthPoint
seymchan-meteorite,Seymchan Meteorite Cube,300.0,2025-11-06,,,WorthPoint
seymchan-meteorite,3.19 Grams 10x9x6mm Seymchan Russian Meteorite Cut Slice - June 1967 With COA,16.99,2025-11-06,3.19,5.33,WorthPoint
seymchan-meteorite,"Seymchan Pallasite, PMG From Russia 1967, 633.2 Grams",800.0,2025-11-04,633.2,1.26,WorthPoint
seymchan-meteorite,"SEYMCHAN 172.33g Pallasite Etched Meteorite Slice, IMCA Sellers 6236 & 7240",1169.0,2025-11-02,172.33,6.78,WorthPoint
seymchan-meteorite,12.6 Grams 29x28x2mm Seymchan Russian Meteorite Cut Slice - June 1967 With COA,33.99,2025-11-01,12.6,2.7,WorthPoint
seymchan-meteorite,"Meteorite Seymchan Pallasite FACETED OLIVINE GEM, 2 Pieces 1.5 Mm Each, 0.032 Ct",24.99,2025-10-31,,,WorthPoint
seymchan-meteorite,Seymchan Pallasite Meteorite 2.12g Iron Nugget W/ Natural Patina As Found,10.5,2025-10-25,2.12,4.95,WorthPoint
seymchan-meteorite,Seymchan Iron Meteorite Etched Slice Weight 21.4 Grams 2.5 Inches,48.0,2025-10-25,21.4,2.24,WorthPoint
seymchan-meteorite,35.98 Gram SEYMCHAN PALLASITE METEORITE Slice - Stabile And Incredibly Beautiful,250.0,2025-10-22,35.98,6.95,WorthPoint
seymchan-meteorite,Seymchan - Pallasite - 56g - Meteorite Slice,729.0,2025-10-18,56.0,13.02,WorthPoint
seymchan-meteorite,6.53 Grams 29x15x2mm Seymchan Russian Meteorite Cut Slice - June 1967 With COA,18.99,2025-10-17,6.53,2.91,WorthPoint
seymchan-meteorite,Genuine Rare Meteorite Slice Dogtag Pendant Necklace Seymchan Russian Meteor,79.0,2025-10-16,,,WorthPoint
seymchan-meteorite,15.90 Gram SEYMCHAN PALLASITE METEORITE - Stabile And Incredibly Beautiful,160.0,2025-10-14,15.9,10.06,WorthPoint
seymchan-meteorite,16.3 Grams 23x20x4mm Seymchan Russian Meteorite Cut Slice - June 1967 With COA,44.99,2025-10-12,16.3,2.76,WorthPoint
seymchan-meteorite,11 Grams 60x14x2mm Seymchan Russian Meteorite Cut Slice - June 1967 With COA,25.99,2025-10-12,11.0,2.36,WorthPoint
seymchan-meteorite,6.94 Grams 26x15x2mm Seymchan Russian Meteorite Cut Slice - June 1967 With COA,18.99,2025-10-11,6.94,2.74,WorthPoint
seymchan-meteorite,18.2 Grams 62x26x2mm Seymchan Russian Meteorite Cut Slice - June 1967 With COA,39.99,2025-10-11,18.2,2.2,WorthPoint
seymchan-meteorite,10.2 Grams 60x13x2mm Seymchan Russian Meteorite Cut Slice - June 1967 With COA,27.99,2025-10-10,10.2,2.74,WorthPoint
seymchan-meteorite,9.85 Grams 60x15x2mm Seymchan Russian Meteorite Cut Slice - June 1967 With COA,29.99,2025-10-10,9.85,3.04,WorthPoint
seymchan-meteorite,11.5 Grams 29x29x2mm Seymchan Russian Meteorite Cut Slice - June 1967 With COA,29.99,2025-10-10,11.5,2.61,WorthPoint
seymchan-meteorite,12.7 Grams 29x29x2mm Seymchan Russian Meteorite Cut Slice - June 1967 With COA,34.99,2025-10-09,12.7,2.76,WorthPoint
seymchan-meteorite,7.61 Grams 25x21x2mm Seymchan Russian Meteorite Cut Slice - June 1967 With COA,19.99,2025-10-09,7.61,2.63,WorthPoint
seymchan-meteorite,4.11 Grams 17x16x2mm Seymchan Russian Meteorite Cut Slice - June 1967 With COA,16.35,2025-10-08,4.11,3.98,WorthPoint
seymchan-meteorite,4.84 Grams 17x17x2mm Seymchan Russian Meteorite Cut Slice - June 1967 With COA,11.5,2025-10-06,4.84,2.38,WorthPoint
seymchan-meteorite,64.49 Gram SEYMCHAN PALLASITE METEORITE Slice - Stabile And Incredibly Beautiful,450.0,2025-10-04,64.49,6.98,WorthPoint
seymchan-meteorite,61.43 Gram SEYMCHAN PALLASITE METEORITE Slice - Stabile And Incredibly Beautiful,921.0,2025-10-04,61.43,14.99,WorthPoint
seymchan-meteorite,19.13 Gram SEYMCHAN PALLASITE METEORITE Slice - Stabile And Incredibly Beautiful,315.0,2025-10-03,19.13,16.47,WorthPoint
seymchan-meteorite,Seymchan Meteorite 1 Oz Uncirculated Coin 1$ Niue 2021,400.0,2025-09-21,28.35,14.11,WorthPoint
seymchan-meteorite,"Meteorite Seymchan, Excellent Quality Thin Slice, 14.9 Grams, Not Transparent",59.99,2025-09-18,14.9,4.03,WorthPoint
seymchan-meteorite,"Seymchan Pallasite Meteorite, Russia 12.5 Grams",130.0,2025-09-18,12.5,10.4,WorthPoint
seymchan-meteorite,13.58 Gram SEYMCHAN PALLASITE METEORITE - Stabile And Incredibly Beautiful,136.0,2025-09-17,13.58,10.01,WorthPoint
seymchan-meteorite,"Meteorite Seymchan Nice Thin Slice 43.8 Grams, Not Transparent",131.99,2025-09-16,43.8,3.01,WorthPoint
seymchan-meteorite,Seymchan Pallasite Meteorite 2.63g Iron Nugget W/ Natural Patina As Found,8.5,2025-09-13,2.63,3.23,WorthPoint
seymchan-meteorite,18.4 Gram SEYMCHAN IRON METEORITE - ETCHED SLICE - PERFECT FOR JEWELRY!,37.0,2025-09-13,18.4,2.01,WorthPoint
seymchan-meteorite,22.26 Gram SEYMCHAN PALLASITE METEORITE Slice - Stabile And Incredibly Beautiful,180.0,2025-09-12,22.26,8.09,WorthPoint
seymchan-meteorite,23.15 Gram SEYMCHAN PALLASITE METEORITE - Stabile And Incredibly Beautiful,199.0,2025-09-11,23.15,8.6,WorthPoint
seymchan-meteorite,124.80 Gram SEYMCHAN PALLASITE METEORITE - Stabile And Incredibly Beautiful,685.0,2025-09-10,124.8,5.49,WorthPoint
seymchan-meteorite,Seymchan Pal 27.00g Part Slice Olivine Encrusted Meteorite Slice,100.0,2025-09-06,27.0,3.7,WorthPoint
seymchan-meteorite,2.70 Grams Seymchan Russian Meteorite Cut Fragments - June 1967 - With COA,11.3,2025-09-04,2.7,4.19,WorthPoint
seymchan-meteorite,3.69 Grams 11x7x6mm Seymchan Russian Meteorite Cut Fragment - June 1967 With COA,11.99,2025-09-04,3.69,3.25,WorthPoint
seymchan-meteorite,"Meteorite Pendant And 20 Inch Silver Chain Necklace, Seymchan Meteorite With COA",34.99,2025-09-01,,,WorthPoint
seymchan-meteorite,2.11 Grams 9x7x5mm Seymchan Russian Meteorite Cut Fragment - June 1967 With COA,11.99,2025-09-01,2.11,5.68,WorthPoint
seymchan-meteorite,Seymchan IIE Iron/ Pallasite PMG Meteorite Widmanstatten Russia 10.71 Grams,46.75,2025-08-30,10.71,4.37,WorthPoint
seymchan-meteorite,Seymchan Meteorite Slice - 348 Grams,2750.0,2025-08-29,348.0,7.9,WorthPoint
seymchan-meteorite,32.41 Gram SEYMCHAN PALLASITE METEORITE Slice - Stabile And Incredibly Beautiful,496.0,2025-08-28,32.41,15.3,WorthPoint
seymchan-meteorite,Meteorite Pendant With 20 Inch Silver Chain Necklace - Seymchan Meteor With COA,29.99,2025-08-26,,,WorthPoint
seymchan-meteorite,18.23 Gram SEYMCHAN PALLASITE METEORITE Slice - Stabile And Incredibly Beautiful,295.0,2025-08-21,18.23,16.18,WorthPoint
seymchan-meteorite,Seymchan Meteorite Slice,209.0,2025-08-07,,,WorthPoint
seymchan-meteorite,Iron Meteorite Seymchan Magadan Russia 9g,29.95,2025-07-29,9.0,3.33,WorthPoint
seymchan-meteorite,"SEYMCHAN 106.29g Gorgeous Triangular Cut Pallasite Meteorite, Highly Polished",1499.0,2025-07-27,106.29,14.1,WorthPoint
seymchan-meteorite,"Meteorite Seymchan Etched Cut Cube 34.8 Grams, 17 Mm, Very Nice Structure",199.99,2025-07-26,34.8,5.75,WorthPoint
seymchan-meteorite,Seymchan Iron Meteorite Slice 22.1g ‚Äì Etched With Widmanst√§tten Pattern ‚Äì Russia,144.99,2025-07-16,22.1,6.56,WorthPoint
seymchan-meteorite,"Meteorite Seymchan Complete Piece That Contain Olivines, 630 Grams",1574.99,2025-07-16,630.0,2.5,WorthPoint
seymchan-meteorite,"Meteorite**Seymchan, Pallasite**3.800 Grams, Gorgeous Olivine Crystals!!!",78.77,2025-07-14,3.8,20.73,WorthPoint
seymchan-meteorite,Seymchan Iron Meteorite Etched Slice Weight 53.7 Grams 2 Inches,121.0,2025-07-07,53.7,2.25,WorthPoint
seymchan-meteorite,6 Grams 24x13x3mm Seymchan Russian Meteorite Cut Slice - June 1967 With COA,21.99,2025-07-02,6.0,3.66,WorthPoint
seymchan-meteorite,13.5 Grams 33x25x3mm Seymchan Russian Meteorite Cut Slice - June 1967 With COA,39.99,2025-07-02,13.5,2.96,WorthPoint
seymchan-meteorite,Seymchan Pallasite-pmg Meteorite - Official - SEM-0410 - 1.23g - Polished Frag,12.95,2025-06-28,1.23,10.53,WorthPoint
seymchan-meteorite,Arlene Schlazer Digital Art Meteorite Seymchan Numbered Framed Artwork,65.94,2025-06-27,,,WorthPoint
seymchan-meteorite,"Meteorite Seymchan Pallasite FACETED OLIVINE GEM, 2 Pieces 2.6 Mm Each, 0.156 Ct",99.99,2025-06-26,0.031,3225.48,WorthPoint
seymchan-meteorite,Seymchan Iron Meteorite Etched Slice Weight 19.9 Grams 2.5 Inches,45.0,2025-06-25,19.9,2.26,WorthPoint
seymchan-meteorite,"37.89 Gram SEYMCHAN IRON METEORITE - Stabilized, Etched & Great For Jewelry!",120.0,2025-06-23,37.89,3.17,WorthPoint
seymchan-meteorite,"Meteorite Pallasite Seymchan Etched Cut Block 146.3 Grams, Very Nice Structure",234.99,2025-06-20,146.3,1.61,WorthPoint
seymchan-meteorite,"Meteorite Seymchan Etched Thick Slice 126.2 Grams, Very Nice Structure",189.99,2025-06-20,126.2,1.51,WorthPoint
seymchan-meteorite,"Meteorite Pallasite Seymchan Etched Cut Block 217.2 Grams, Very Nice Structure",399.99,2025-06-20,217.2,1.84,WorthPoint
seymchan-meteorite,Great Deal! Low Price! Sensational Seymchan Iron Meteorite Slice! 32.9 Gms,74.25,2025-06-19,32.9,2.26,WorthPoint
seymchan-meteorite,"Meteorite Seymchan Etched Cut Block 261 Grams, Very Nice Structure",399.99,2025-06-19,261.0,1.53,WorthPoint
seymchan-meteorite,Seymchan Iron Meteorite Etched Slice Weight 14 Grams 1 Inche,27.2,2025-06-15,14.0,1.94,WorthPoint
seymchan-meteorite,World Class! Large Slice! Expert Etch! Amazing Seymchan Iron Meteorite! 542 Gms,1218.75,2025-06-11,542.0,2.25,WorthPoint
seymchan-meteorite,4.61 Grams 22x13x6mm Seymchan Russian Meteorite As Found - June 1967 With COA,42.0,2025-06-08,4.61,9.11,WorthPoint
seymchan-meteorite,15.9 Grams 30x29x2mm Seymchan Russian Meteorite Cut Slice - June 1967 With COA,42.99,2025-06-08,15.9,2.7,WorthPoint
seymchan-meteorite,4.05 Grams 17x10x5mm Seymchan Russian Meteorite Cut Slice - June 1967 With COA,16.99,2025-06-08,4.05,4.2,WorthPoint
seymchan-meteorite,5.48 Grams 22x11x4mm Seymchan Russian Meteorite Cut Slice - June 1967 With COA,46.76,2025-06-06,5.48,8.53,WorthPoint
seymchan-meteorite,Seymchan Iron Meteorite Etched Slice Weight 19.9 Grams 1.8 Inch,45.0,2025-06-04,19.9,2.26,WorthPoint
seymchan-meteorite,"""Large Meteorite Pendant Laser Cut Sliced Seymchan Meteor & 20"""" Silver Chain""",39.99,2025-05-29,,,WorthPoint
seymchan-meteorite,Seymchan Iron Meteorite Etched Slice Weight 10.8 Grams 1.8 Inch,25.0,2025-05-28,10.8,2.31,WorthPoint
seymchan-meteorite,2.39 Grams 14x9x7mm Seymchan Russian Meteorite Cut Slice - June 1967 With COA,7.99,2025-05-27,2.39,3.34,WorthPoint
seymchan-meteorite,RARE Beautiful Color Seymchan Etched Meteorite Slice! NOT DYED! GORGEOUS PIECE!,299.95,2025-05-23,,,WorthPoint
seymchan-meteorite,Wow! Super Green Crystals! Sensational Seymchan Pallasite Meteorite 39.2 Gms,374.25,2025-05-22,39.2,9.55,WorthPoint
seymchan-meteorite,"Meteorite Seymchan Nice Thin Slice 50.0 Grams, Not Transparent",149.99,2025-05-22,50.0,3.0,WorthPoint
seymchan-meteorite,9.7 Gram SEYMCHAN IRON METEORITE - ETCHED SLICE - PERFECT FOR JEWELRY!,20.0,2025-05-16,9.7,2.06,WorthPoint
seymchan-meteorite,17.3 Gram SEYMCHAN IRON METEORITE - ETCHED SLICE - PERFECT FOR JEWELRY!,34.6,2025-05-08,17.3,2.0,WorthPoint
seymchan-meteorite,14.8 Gram SEYMCHAN IRON METEORITE - ETCHED SLICE - PERFECT FOR JEWELRY!,30.0,2025-05-08,14.8,2.03,WorthPoint
seymchan-meteorite,20.9 Gram SEYMCHAN IRON METEORITE - ETCHED SLICE - PERFECT FOR JEWELRY!,41.8,2025-05-08,20.9,2.0,WorthPoint
seymchan-meteorite,19.1 Gram SEYMCHAN IRON METEORITE - ETCHED SLICE - PERFECT FOR JEWELRY!,38.5,2025-05-08,19.1,2.02,WorthPoint
seymchan-meteorite,18.3 Gram SEYMCHAN IRON METEORITE - ETCHED SLICE - PERFECT FOR JEWELRY!,36.0,2025-05-08,18.3,1.97,WorthPoint
seymchan-meteorite,"Seymchan Found 1967 Magadan, Russia Whole Slice 816.6 Grams Partial Pallasitic",1224.0,2025-05-07,816.6,1.5,WorthPoint
seymchan-meteorite,Seymchan Siderite Meteorite Slice: 43.8g,120.0,2025-04-28,43.8,2.74,WorthPoint
seymchan-meteorite,Seymchan Iron Meteorite Etched Slice Weight 49.2 Grams 1.75 Inches,115.0,2025-04-27,49.2,2.34,WorthPoint
seymchan-meteorite,"Meteorite**Seymchan, Pallasite**11.974 Grams, Gorgeous Olivine Crystals!!!",225.0,2025-04-26,11.974,18.79,WorthPoint
seymchan-meteorite,Great Deal! Multi-faced! Sensational Seymchan Pallasite Meteorite 26.5 Gms,138.75,2025-04-25,26.5,5.24,WorthPoint
seymchan-meteorite,Seymchan Meteorite Slice - 543.4 Grams,4250.0,2025-04-23,543.4,7.82,WorthPoint
seymchan-meteorite,Seymchan Meteorite Pendant,625.0,2025-04-23,,,WorthPoint
seymchan-meteorite,Seymchan Meteorite Stardust Shavings / Crystals - 100% Pure & Natural,7.0,2025-04-19,,,WorthPoint
seymchan-meteorite,"38.57 Gram SEYMCHAN IRON METEORITE - Stabilized, Etched & Great For Jewelry!",93.75,2025-04-13,38.57,2.43,WorthPoint
seymchan-meteorite,"Seymchan Meteorite, Russian Pallasite, Meteorite, Pallasite, COA, 59.55 Grams",536.0,2025-04-11,59.55,9.0,WorthPoint
seymchan-meteorite,8.43 Grams 27x14x3mm Seymchan Russian Meteorite Cut Slice - June 1967 With COA,26.99,2025-04-10,8.43,3.2,WorthPoint
seymchan-meteorite,BEAUTIFUL 107g SEYMCHAN PALLASITE METEORITE SLAB STUNNING OLIVINE-SALE!,595.0,2025-04-10,107.0,5.56,WorthPoint
seymchan-meteorite,Seymchan Iron Meteorite Etched Slice Weight 16.7 Grams 1.25 Inches,40.0,2025-04-05,16.7,2.4,WorthPoint
seymchan-meteorite,Seymchan Pallasite-pmg Meteorite - Official - SEM-0065 - 27.49g - TRANSLUSCENT,274.95,2025-04-04,27.49,10.0,WorthPoint
seymchan-meteorite,Meteorite Seymchan Complete Siderite Piece 460 Grams,699.99,2025-04-03,460.0,1.52,WorthPoint
seymchan-meteorite,"Meteorite, Seymchan Pallasite, 111g",625.0,2025-03-30,111.0,5.63,WorthPoint
seymchan-meteorite,12.94 Gram - SEYMCHAN Pallasite Meteorite - Polished/Etched Slice - From Russia,91.0,2025-03-29,12.94,7.03,WorthPoint
seymchan-meteorite,13.01 Gram - SEYMCHAN Pallasite Meteorite - Polished End Cut - From Russia,91.0,2025-03-29,13.01,6.99,WorthPoint
seymchan-meteorite,"Meteorite**Seymchan, Pallasite**6.194 Grams, Gorgeous Olivine Crystals!!!",78.0,2025-03-29,6.194,12.59,WorthPoint
seymchan-meteorite,"Meteorite**Seymchan, Pallasite**7.643 Grams, Gorgeous Olivine Crystals!!!",82.0,2025-03-24,7.643,10.73,WorthPoint
seymchan-meteorite,"Seymchan Pallasite Magadan, Russia Found 1967 3.37 G",17.0,2025-03-21,3.37,5.04,WorthPoint
seymchan-meteorite,"Meteorite Seymchan, Two Small Pieces 2.2 Grams, Endcut And Slice",7.26,2025-03-16,2.2,3.3,WorthPoint
seymchan-meteorite,12.67 Gram - SEYMCHAN Pallasite Meteorite - Polished/Etched Slice - From Russia,91.0,2025-03-16,12.67,7.18,WorthPoint
seymchan-meteorite,10.42 Gram - SEYMCHAN Pallasite Meteorite - Polished/Etched Slice - From Russia,73.5,2025-03-14,10.42,7.05,WorthPoint
seymchan-meteorite,11.2 Grams 30x21x2mm Seymchan Russian Meteorite Cut Slice - June 1967 With COA,51.0,2025-03-11,11.2,4.55,WorthPoint
seymchan-meteorite,1.42 Grams 25x8x2mm Seymchan Russian Meteorite Cut Slice - June 1967 With COA,5.99,2025-03-11,1.42,4.22,WorthPoint
seymchan-meteorite,"Meteorite**Seymchan, Pallasite**5.850 Grams, Gorgeous Olivine Crystals!!!",20.5,2025-03-10,5.85,3.5,WorthPoint
seymchan-meteorite,8.56 Gram - SEYMCHAN Pallasite Meteorite - Polished/Etched End Cut - From Russia,71.25,2025-03-10,8.56,8.32,WorthPoint
seymchan-meteorite,1.06 Grams 14x9x3mm Seymchan Russian Meteorite Cut Slice - June 1967 With COA,22.5,2025-03-09,1.06,21.23,WorthPoint
seymchan-meteorite,"Meteorite**Seymchan, Pallasite**26.247 Grams, Gorgeous Olivine/Acid Etch Iron!!!",420.0,2025-03-06,26.247,16.0,WorthPoint
seymchan-meteorite,Pallasite - Seymchan 49.1 Gm - Partial Slice Polished - Olivine/Iron Matrix,115.0,2025-03-06,49.1,2.34,WorthPoint
seymchan-meteorite,7.12 Gram - SEYMCHAN Pallasite Meteorite - Polished Slice - From Russia,75.0,2025-03-05,7.12,10.53,WorthPoint
seymchan-meteorite,179.72 G - Rare Small SEYMCHAN IRON METEORITE INDIVIDUAL - As Found Condition!,245.0,2025-02-28,179.72,1.36,WorthPoint
seymchan-meteorite,NEWEST !!! Meteorite Seymchan Lot Of 6 Etched Inserts For Jewelry. 10.6 Grams,158.99,2025-02-28,10.6,15.0,WorthPoint
seymchan-meteorite,44.0 Gram SEYMCHAN IRON METEORITE - Nicely Etched And Stabilized Specimen,94.5,2025-02-24,44.0,2.15,WorthPoint
seymchan-meteorite,60.9 Gram SEYMCHAN IRON METEORITE - Nicely Etched And Stabilized Specimen,129.5,2025-02-24,60.9,2.13,WorthPoint
seymchan-meteorite,121.16 G - Rare Small SEYMCHAN IRON METEORITE INDIVIDUAL - As Found Condition!,175.0,2025-02-24,121.16,1.44,WorthPoint
seymchan-meteorite,54.60 Gram SEYMCHAN IRON METEORITE - Nicely Etched And Stabilized Specimen,122.5,2025-02-24,54.6,2.24,WorthPoint
seymchan-meteorite,"Meteorite**Seymchan, Pallasite**5.938 Grams, Gorgeous Olivine Crystals!!!",50.6,2025-02-24,5.938,8.52,WorthPoint
seymchan-meteorite,Seymchan Pal 10.78g Part Slice Olivine Encrusted Meteorite Slice,22.5,2025-02-22,10.78,2.09,WorthPoint
seymchan-meteorite,"Meteorite**Seymchan, Pallasite**4.651 Grams, Gorgeous Olivine Crystals!!!",35.0,2025-02-17,4.651,7.53,WorthPoint
seymchan-meteorite,4.53 Grams Seymchan Russian Meteorite Fragments With A COA,5.99,2025-02-15,4.53,1.32,WorthPoint
seymchan-meteorite,Seymchan Pal 17.03g Part Slice Olivine Encrusted Meteorite Slice,66.0,2025-02-08,17.03,3.88,WorthPoint
seymchan-meteorite,4.39 Grams 17x9x5mm Seymchan Russian Meteorite Cut Slice - June 1967 With COA,10.99,2025-02-05,4.39,2.5,WorthPoint
seymchan-meteorite,SEYMCHAN METEORITE Slice 16 Grams,45.0,2025-02-04,16.0,2.81,WorthPoint
seymchan-meteorite,4.39 Grams 24x16x2mm Seymchan Russian Meteorite Cut Slice - June 1967 With COA,14.99,2025-01-31,4.39,3.41,WorthPoint
seymchan-meteorite,8.19 Gram SEYMCHAN IRON METEORITE - ETCHED SLICE - PERFECT FOR JEWELRY!,17.0,2025-01-29,8.19,2.08,WorthPoint
seymchan-meteorite,37.86 Gram SEYMCHAN IRON METEORITE - Nicely Etched And Stabilized Specimen,48.0,2025-01-21,37.86,1.27,WorthPoint
seymchan-meteorite,"Meteorite Seymchan Nice Thin Slice 32.0 Grams, Not Transparent",95.99,2025-01-12,32.0,3.0,WorthPoint
seymchan-meteorite,1.42 Grams 18x13x1mm Seymchan Russian Meteorite Cut Slice - June 1967 With COA,6.5,2025-01-07,1.42,4.58,WorthPoint
seymchan-meteorite,1.62 Grams Seymchan Russian As Found Meteorite With A COA,7.99,2025-01-07,1.62,4.93,WorthPoint
seymchan-meteorite,4.19 Grams Seymchan Russian Meteorite Cut Fragments With A COA,5.99,2025-01-07,4.19,1.43,WorthPoint
seymchan-meteorite,2.51 Grams 20x5x3mm Seymchan Russian Meteorite Cut Slice - June 1967 With COA,10.99,2025-01-05,2.51,4.38,WorthPoint
seymchan-meteorite,Seymchan Meteorite. Iron IIE- Pallasite. 21.5 Grams. Etched Slice.,50.0,2025-01-03,21.5,2.33,WorthPoint
seymchan-meteorite,SEYMCHAN METEORITE Slice 19 Grams,49.0,2024-12-31,19.0,2.58,WorthPoint
seymchan-meteorite,"Seymchan 71.9g All Metal Pallasite Meteorite, Leftover Jewelry Cut IMCA Sellers",85.0,2024-12-29,71.9,1.18,WorthPoint
seymchan-meteorite,41.4 Gram SEYMCHAN IRON METEORITE - ETCHED SLICE-PERFECT FOR JEWELRY!!,80.0,2024-12-29,41.4,1.93,WorthPoint
seymchan-meteorite,"Odessa, Gibeon, Seymchan, Sikhote-alin - Iron Meteorite Box Display Set",24.0,2024-12-19,,,WorthPoint
seymchan-meteorite,"Meteorite Seymchan Etched Cut Cube 700 Grams, 44 Mm, Very Nice Structure",2099.99,2024-12-19,700.0,3.0,WorthPoint
seymchan-meteorite,"Seymchan 25.31g Pallasite, PMG Meteorite, Multi-Stone Lot, IMCA Sellers",80.0,2024-12-18,25.31,3.16,WorthPoint
seymchan-meteorite,"""Seymchan 8.3g All Metal Pallasite Meteorite """"The Arch"""" Leftover Jewelry Cut IMCA""",35.0,2024-12-18,8.3,4.22,WorthPoint
seymchan-meteorite,Seymchan Pallasite-pmg Meteorite - Official - SEM-0086 - 22.43g - TRANSLUSCENT,99.95,2024-12-18,22.43,4.46,WorthPoint
seymchan-meteorite,28.88 Gram SEYMCHAN IRON METEORITE - Nicely Etched And Stabilized Specimen,42.3,2024-12-12,28.88,1.46,WorthPoint
seymchan-meteorite,"Seymchan 97.45g All Metal Pallasite Meteorite, Leftover Jewelry Cut IMCA Sellers",115.0,2024-12-09,97.45,1.18,WorthPoint
seymchan-meteorite,Seymchan Meteorite Pendant & 20 Inch Silver Chain Necklace Laser Cut Gem,29.99,2024-12-09,,,WorthPoint
seymchan-meteorite,17.02 Gram SEYMCHAN IRON METEORITE - Nicely Etched And Stabilized Specimen,30.25,2024-12-07,17.02,1.78,WorthPoint
seymchan-meteorite,2.71 Gram Seymchan Meteorite Piece Rare History Beautiful,5.5,2024-12-01,2.71,2.03,WorthPoint
seymchan-meteorite,33.49 Gram SEYMCHAN IRON METEORITE - Nicely Etched And Stabilized Specimen,52.5,2024-11-28,33.49,1.57,WorthPoint
seymchan-meteorite,"Meteorite Seymchan Pallasite FACETED OLIVINE GEM, FIVE Excellent Pieces 1.1 Mm",24.99,2024-11-25,,,WorthPoint
seymchan-meteorite,"Seymchan 69.58g Pallasite Meteorite, High Polished End Cut, IMCA #s 6236 & 7294",545.0,2024-11-24,69.58,7.83,WorthPoint
seymchan-meteorite,"Meteorite Seymchan Small Olivined Cut Block 99 Grams, Very Nice Structure",494.99,2024-11-21,99.0,5.0,WorthPoint
seymchan-meteorite,"Meteorite Seymchan Etched Slice, 106.1 Grams, Very Nice Structure",317.99,2024-11-20,106.1,3.0,WorthPoint
seymchan-meteorite,5.63 Grams 16x15x3mm Seymchan Russian Meteorite Cut Slice- June 1967 With COA,19.99,2024-11-16,5.63,3.55,WorthPoint
seymchan-meteorite,"Seymchan 58.23g All Metal Pallasite Meteorite, Leftover Jewelry Cut IMCA Sellers",54.0,2024-11-06,58.23,0.93,WorthPoint
seymchan-meteorite,63.28 Gram SEYMCHAN IRON METEORITE - Nicely Etched And Stabilized Specimen,117.0,2024-10-31,63.28,1.85,WorthPoint
seymchan-meteorite,Seymchan IIE Iron/Pallasite PMG Meteorite Pendant Necklace Widmanstatten 22,19.79,2024-10-29,,,WorthPoint
seymchan-meteorite,Meteorite Necklace Large Laser Cut Sliced Seymchan Meteor & 20 Inch Silver Chain,39.99,2024-10-22,,,WorthPoint
seymchan-meteorite,3.34 Grams 27mm Seymchan Russian Meteorite Cut Slice- June 1967 With COA,10.99,2024-10-18,3.34,3.29,WorthPoint
seymchan-meteorite,12.7 Grams 40x33x2mm Seymchan Russian Meteorite Cut Slice - June 1967 With COA,112.5,2024-10-13,12.7,8.86,WorthPoint
seymchan-meteorite,"Meteorite Seymchan Small Olivined Cut Block 112.4 Grams, Very Nice Structure",669.99,2024-10-12,112.4,5.96,WorthPoint
seymchan-meteorite,Meteorite Pendant & 20 Inch Silver Chain Necklace Laser Cut Seymchan Meterorite,34.99,2024-10-09,,,WorthPoint
seymchan-meteorite,Seymchan Meteorite Pyramid,275.0,2024-10-03,,,WorthPoint
seymchan-meteorite,"Meteorite, Seymchan Pallasite, 29g",200.0,2024-09-30,29.0,6.9,WorthPoint
seymchan-meteorite,"Seymchan 92.2g All Metal Pallasite Meteorite, Leftover Jewelry Cut IMCA Sellers",99.0,2024-09-30,92.2,1.07,WorthPoint
seymchan-meteorite,2.53 Gram 15mm Seymchan Russian Meteorite - As Found On June 1967 With A COA,19.99,2024-09-27,2.53,7.9,WorthPoint
seymchan-meteorite,Seymchan Meteorite,169.0,2024-09-26,,,WorthPoint
seymchan-meteorite,Seymchan Iron Meteorite Etched Part Slice 9 Grams 26 Mm X 25 Mm X 2 Mm,20.0,2024-09-24,9.0,2.22,WorthPoint
seymchan-meteorite,7.8 Gram - SEYMCHAN PALLASITE METEORITE Slice - With Beautiful Crystals,81.75,2024-09-21,7.8,10.48,WorthPoint
seymchan-meteorite,"Meteorite Seymchan ""ARTWORK"" Rectangle 335.5 Grams, Excellent Quality",2499.99,2024-09-16,335.5,7.45,WorthPoint
seymchan-meteorite,"Meteorite Seymchan ""ARTWORK"" Rectangle 355.5 Grams, Excellent Quality",2499.99,2024-09-16,355.5,7.03,WorthPoint
seymchan-meteorite,18.58 Gram - SEYMCHAN PALLASITE METEORITE Slice - With Beautiful Crystals,118.4,2024-09-10,18.58,6.37,WorthPoint
seymchan-meteorite,Seymchan IIE Iron/ Pallasite PMG Meteorite Russia Small Fragments In 2 Ml Bottle,24.75,2024-09-10,,,WorthPoint
seymchan-meteorite,"SEYMCHAN 17.0g Polished Pallasite Meteorite Slice, IMCA Sellers #s 7294 & 6236",163.0,2024-09-06,17.0,9.59,WorthPoint
seymchan-meteorite,"Seymchan 29.6g All Metal Pallasite Meteorite, Leftover Jewelry Cut IMCA Sellers",29.0,2024-09-01,29.6,0.98,WorthPoint
seymchan-meteorite,44.43 Gram - SEYMCHAN PALLASITE METEORITE Slice - With Beautiful Crystals,195.2,2024-08-28,44.43,4.39,WorthPoint
seymchan-meteorite,Meteorite Necklace Laser Cut Sliced Genuine Seymchan Meteorite Stainless Pendant,29.99,2024-08-18,,,WorthPoint
seymchan-meteorite,17.9 Gram SEYMCHAN IRON METEORITE - ETCHED SLICE-PERFECT FOR JEWELRY!,36.0,2024-07-26,17.9,2.01,WorthPoint
seymchan-meteorite,Seymchan IIE Iron/ Pallasite PMG Meteorite Lot Russia 26.40 Grams,47.75,2024-07-26,26.4,1.81,WorthPoint
seymchan-meteorite,20.7 Gram SEYMCHAN IRON METEORITE - ETCHED SLICE - PERFECT FOR JEWELRY!,41.5,2024-07-25,20.7,2.0,WorthPoint
seymchan-meteorite,Seymchan Iron Meteorite Etched Part Slice 23 Grams 33 Mm X 30 Mm X 5 Mm,30.0,2024-07-24,23.0,1.3,WorthPoint
seymchan-meteorite,2.10 Grams 18mm Seymchan Russian Meteorite As Found- June 1967 With A COA,10.99,2024-07-24,2.1,5.23,WorthPoint
seymchan-meteorite,"Meteorite Seymchan Etched Slice, 56.4 Grams, Very Nice Structure",168.99,2024-07-13,56.4,3.0,WorthPoint
seymchan-meteorite,"Seymchan Meteorite Slice, Russian Pallasite, Meteorite, Pallasite, 17.08 Grams",140.25,2024-07-13,17.08,8.21,WorthPoint
seymchan-meteorite,Seymchan Meteorite 1oz Uncirculated Coin 1$ Niue 2021,103.5,2024-07-12,28.35,3.65,WorthPoint
seymchan-meteorite,7.09 Grams 25x23x2mm Seymchan Russian Meteorite Cut Slice- June 1967 With COA,61.0,2024-07-08,7.09,8.6,WorthPoint
seymchan-meteorite,14.6 Grams 30x26x2mm Seymchan Russian Meteorite Cut Slice- June 1967 With COA,34.99,2024-07-05,14.6,2.4,WorthPoint
seymchan-meteorite,19.12 Gram - SEYMCHAN PALLASITE METEORITE Slice - With Beautiful Crystals,121.6,2024-06-29,19.12,6.36,WorthPoint
seymchan-meteorite,Seymchan Iron Meteorite Etched Part Slice 17 Grams 31 Mm X 25 Mm X 4.5 Mm,34.0,2024-06-15,17.0,2.0,WorthPoint
seymchan-meteorite,"Meteorite Seymchan Small Olivined Thick Slice 44.9 Grams, Very Nice Structure",314.99,2024-06-13,44.9,7.02,WorthPoint
seymchan-meteorite,"Stunning Seymchan Iron. 283g Slice With New, HD Etch! Stable",286.69,2024-06-10,283.0,1.01,WorthPoint
seymchan-meteorite,36 Gram Seymchan Pallasite Meteorite Slice With Olivine - Legit US Based Seller,200.0,2024-06-09,36.0,5.56,WorthPoint
seymchan-meteorite,Seymchan Iron Meteorite Etched Part Slice 6 Grams 26 Mm X 23 Mm X 1.5 Mm,18.0,2024-06-09,6.0,3.0,WorthPoint
seymchan-meteorite,169.59 Gram - SEYMCHAN PALLASITE METEORITE - Beautiful Thin Translucent Slice,1385.8,2024-06-07,169.59,8.17,WorthPoint
seymchan-meteorite,"Seymchan Pallasite, 21 Gram End Cut, Russia 1967",111.0,2024-06-07,21.0,5.29,WorthPoint
seymchan-meteorite,24.40 Gram SEYMCHAN PALLASITE METEORITE - Fantastic Olivine & Great For Jewelry,205.0,2024-06-07,24.4,8.4,WorthPoint
seymchan-meteorite,13.7 Grams 29x27x2mm Seymchan Russian Meteorite Cut Slice- June 1967 With COA,59.99,2024-06-05,13.7,4.38,WorthPoint
seymchan-meteorite,"26.20 Gram SEYMCHAN IRON METEORITE - Stabilized, Etched & Great For Jewelry!",68.0,2024-06-05,26.2,2.6,WorthPoint
seymchan-meteorite,"Meteorite Seymchan Pallasite LARGE FACETED OLIVINE GEM, 1 Piece 7.53 Mm, 1.57 Ct",249.99,2024-06-04,0.314,796.15,WorthPoint
seymchan-meteorite,45.2 Gram - SEYMCHAN PALLASITE METEORITE Slice - With Beautiful Crystals,233.75,2024-05-27,45.2,5.17,WorthPoint
seymchan-meteorite,Meteorite Seymchan Nice Thin Slice 15.0 Grams,31.0,2024-05-26,15.0,2.07,WorthPoint
seymchan-meteorite,3.54 Grams 16mm Seymchan Russian Meteorite Cut Slice- June 1967 With COA,13.99,2024-05-26,3.54,3.95,WorthPoint
seymchan-meteorite,43.63 Gram - SEYMCHAN PALLASITE METEORITE Slice - With Beautiful Crystals,225.25,2024-05-26,43.63,5.16,WorthPoint
seymchan-meteorite,"Seymchan Pallasite Meteorite, 136 Gram Polished End Cut",585.0,2024-05-23,136.0,4.3,WorthPoint
seymchan-meteorite,18.00 Gram - SEYMCHAN PALLASITE METEORITE Slice - With Beautiful Crystals,119.0,2024-05-22,18.0,6.61,WorthPoint
seymchan-meteorite,Seymchan Pallasite Slice,400.0,2024-05-16,,,WorthPoint
seymchan-meteorite,Two Seymchan Meteorites,425.0,2024-05-14,,,WorthPoint
seymchan-meteorite,1.85 Grams 16mm Seymchan Russian Meteorite Cut Slice- June 1967 With COA,5.99,2024-05-12,1.85,3.24,WorthPoint
seymchan-meteorite,1.38 Grams 13mm Seymchan Russian Meteorite Cut Slice- June 1967 With COA,7.0,2024-05-02,1.38,5.07,WorthPoint
seymchan-meteorite,4.92 Grams 27x12x7mm Seymchan Russian Meteorite Cut Fragment- June 1967 With COA,32.99,2024-04-26,4.92,6.71,WorthPoint
seymchan-meteorite,"Seymchan Meteorite Pendant, Russian Pallasite, Pallasite, COA, 17.55 Grams",108.0,2024-04-25,17.55,6.15,WorthPoint
seymchan-meteorite,Seymchan Meteorite End Cut,8125.0,2024-04-24,,,WorthPoint
seymchan-meteorite,Seymchan Meteorite Sphere,1031.25,2024-04-24,,,WorthPoint
seymchan-meteorite,"SEYMCHAN 16.78g Pallasite Meteorite, Etched Rectangular Cut Slice, IMCA Sellers",99.0,2024-04-12,16.78,5.9,WorthPoint
seymchan-meteorite,15.98 Gram - SEYMCHAN PALLASITE METEORITE Slice - With Beautiful Crystals,112.2,2024-04-12,15.98,7.02,WorthPoint
seymchan-meteorite,"Seymchan Iron (Siderite) Meteorite ~ Pallasite, PMG ~ 0.78 Grams ~ Great Shape",6.0,2024-04-11,0.78,7.69,WorthPoint
seymchan-meteorite,NEW! Meteorite Seymchan Lot Of Metal Skeletons From A Pallasite Piece. 10.3 Gr,39.99,2024-04-11,10.3,3.88,WorthPoint
seymchan-meteorite,"Thin Slice 2.7""X2.6"" SEYMCHAN PALLASITE METEORITE W Olivine, 21.4grams",140.0,2024-04-08,21.4,6.54,WorthPoint
seymchan-meteorite,"Meteorite Seymchan Complete Piece 239.5 Grams, As It Was Found",479.99,2024-04-04,239.5,2.0,WorthPoint
seymchan-meteorite,Seymchan Iron Meteorite Etched Part Slice 26 Grams 32 Mm X 28 Mm X 4mm,52.0,2024-04-03,26.0,2.0,WorthPoint
seymchan-meteorite,Light Rust + A Cut Line 21.7 Grams Seymchan Russian Meteorite Cut Fragments COA,31.0,2024-03-28,21.7,1.43,WorthPoint
seymchan-meteorite,25.29 Gram - SEYMCHAN PALLASITE METEORITE Slice - With Beautiful Crystals,161.5,2024-03-27,25.29,6.39,WorthPoint
seymchan-meteorite,20.74 Gram - SEYMCHAN PALLASITE METEORITE Slice - With Beautiful Crystals,140.25,2024-03-26,20.74,6.76,WorthPoint
seymchan-meteorite,"45.5 Gram SEYMCHAN IRON METEORITE - Stabilized, Etched & Great For Jewelry!",119.0,2024-03-26,45.5,2.62,WorthPoint
seymchan-meteorite,23.81 Gram SEYMCHAN PALLASITE METEORITE - Fantastic Olivine & Great For Jewelry,204.0,2024-03-26,23.81,8.57,WorthPoint
seymchan-meteorite,47.31 Gram SEYMCHAN IRON METEORITE - Nicely Etched And Stabilized Specimen,118.9,2024-03-24,47.31,2.51,WorthPoint
seymchan-meteorite,28.0 Gram SEYMCHAN PALLASITE METEORITE - Fantastic Olivine & Great For Jewelry,184.5,2024-03-24,28.0,6.59,WorthPoint
seymchan-meteorite,32.78 Gram - SEYMCHAN PALLASITE METEORITE Slice - With Beautiful Crystals,205.2,2024-03-14,32.78,6.26,WorthPoint
seymchan-meteorite,GORGEOUS 290g SEYMCHAN PALLASITE METEORITE FULL SLICE FULL OF STUNNING OLIVINE!,1871.25,2024-03-09,290.0,6.45,WorthPoint
seymchan-meteorite,31.0 Gram SEYMCHAN PALLASITE METEORITE - Fantastic Olivine & Great For Jewelry,320.0,2024-03-05,31.0,10.32,WorthPoint
seymchan-meteorite,Seymchan Pallasite-pmg Meteorite - Official - SEM-0386 - 0.61g - Polished Frag,9.5,2024-02-25,0.61,15.57,WorthPoint
seymchan-meteorite,20.15 Gram - SEYMCHAN PALLASITE METEORITE Slice - With Beautiful Crystals,144.0,2024-02-24,20.15,7.15,WorthPoint
seymchan-meteorite,27.45 Gram SEYMCHAN PALLASITE METEORITE - Fantastic Olivine & Great For Jewelry,252.0,2024-02-23,27.45,9.18,WorthPoint
seymchan-meteorite,Seymchan Pallasite-pmg Meteorite - Official - SEM-0063 - 3.66g - Rusted Old Stok,20.5,2024-02-21,3.66,5.6,WorthPoint
seymchan-meteorite,Seymchan Pallasite-pmg Meteorite - Official - SEM-0062 - 5.63g - Rusted Old Stok,26.58,2024-02-21,5.63,4.72,WorthPoint
seymchan-meteorite,Seymchan Pallasite-pmg Meteorite - Official - SEM-0061 - 6.09g - Rusted Old Stok,22.08,2024-02-21,6.09,3.63,WorthPoint
seymchan-meteorite,14.8 Grams 30x25x2mm Seymchan Russian Meteorite Cut Fragment- June 1967 With COA,39.99,2024-02-19,14.8,2.7,WorthPoint
seymchan-meteorite,1.41 Gram 22mm Seymchan Russian Meteorite - As Found On June 1967 With A COA,9.99,2024-02-19,1.41,7.09,WorthPoint
seymchan-meteorite,Seymchan Pallasite-pmg Meteorite - Official - SEM-0382 - 0.55g - Polished Frag,10.5,2024-02-16,0.55,19.09,WorthPoint
seymchan-meteorite,12.3 Gram SEYMCHAN IRON METEORITE - ETCHED SLICE - PERFECT FOR JEWELRY!,30.0,2024-02-15,12.3,2.44,WorthPoint
seymchan-meteorite,32.13 Gram SEYMCHAN PALLASITE METEORITE - Fantastic Olivine & Great For Jewelry,320.0,2024-02-14,32.13,9.96,WorthPoint
seymchan-meteorite,14.0 Gram SEYMCHAN PALLASITE METEORITE - Fantastic Olivine & Great For Jewelry,150.0,2024-02-14,14.0,10.71,WorthPoint
seymchan-meteorite,"48.17 Gram SEYMCHAN IRON METEORITE - Stabilized, Etched & Great For Jewelry!",150.0,2024-02-14,48.17,3.11,WorthPoint
seymchan-meteorite,42.31 Gram SEYMCHAN PALLASITE METEORITE - Fantastic Olivine & Great For Jewelry,420.0,2024-02-14,42.31,9.93,WorthPoint
seymchan-meteorite,"Meteorite Seymchan Small Olivined Cut Block 21.4 Grams, Very Nice Structure",99.99,2024-02-12,21.4,4.67,WorthPoint
seymchan-meteorite,"Meteorite Seymchan Lot Of 3 Small Slices, One Transparent, 2.1 Grams",7.5,2024-02-11,2.1,3.57,WorthPoint
seymchan-meteorite,29.4 Gram Odd Shaped Seymchan Pallasite Meteorite Vibrant Green Crystals,99.99,2024-02-06,29.4,3.4,WorthPoint
seymchan-meteorite,3.54 Gram - SEYMCHAN PALLASITE METEORITE - Thin Slice - Found In Russia 1967,50.0,2024-02-06,3.54,14.12,WorthPoint
seymchan-meteorite,4.46 Gram - SEYMCHAN PALLASITE METEORITE - Thin Slice - Found In Russia 1967,58.0,2024-02-04,4.46,13.0,WorthPoint
seymchan-meteorite,"Seymchan Pallasite, 29.95 Gram End Cut, Russia 1967",199.0,2024-01-27,29.95,6.64,WorthPoint
seymchan-meteorite,4.88 Gram - SEYMCHAN PALLASITE METEORITE - Thin Slice - Found In Russia 1967,63.0,2024-01-25,4.88,12.91,WorthPoint
seymchan-meteorite,2.22 Gram - SEYMCHAN PALLASITE METEORITE - Thin Slice - Found In Russia 1967,33.0,2024-01-25,2.22,14.86,WorthPoint
seymchan-meteorite,3.25 Grams 23x6x4mm Seymchan Russian Meteorite Cut Fragment- June 1967 With COA,5.99,2024-01-23,3.25,1.84,WorthPoint
seymchan-meteorite,5.11 Gram - SEYMCHAN PALLASITE METEORITE - Thin Slice - Found In Russia 1967,66.0,2024-01-23,5.11,12.92,WorthPoint
seymchan-meteorite,1.93 Gram - SEYMCHAN PALLASITE METEORITE - Thin Slice - Found In Russia 1967,20.0,2024-01-19,1.93,10.36,WorthPoint
seymchan-meteorite,6.35 Gram - SEYMCHAN PALLASITE METEORITE - Thin Slice - Found In Russia 1967,82.0,2024-01-18,6.35,12.91,WorthPoint
seymchan-meteorite,4.98 Gram - SEYMCHAN PALLASITE METEORITE - Thin Slice - Found In Russia 1967,48.75,2024-01-17,4.98,9.79,WorthPoint
seymchan-meteorite,26.63 Gram - SEYMCHAN PALLASITE METEORITE - Beautiful Thin Translucent Slice,279.75,2024-01-17,26.63,10.51,WorthPoint
seymchan-meteorite,5.82 Gram - SEYMCHAN PALLASITE METEORITE - Thin Slice - Found In Russia 1967,56.25,2024-01-17,5.82,9.66,WorthPoint
seymchan-meteorite,7.70 Gram - SEYMCHAN PALLASITE METEORITE - Thin Slice - Found In Russia 1967,74.25,2024-01-16,7.7,9.64,WorthPoint
seymchan-meteorite,4.59 Gram - SEYMCHAN PALLASITE METEORITE - Thin Slice - Found In Russia 1967,45.0,2024-01-16,4.59,9.8,WorthPoint
seymchan-meteorite,5.77 Gram - SEYMCHAN PALLASITE METEORITE - Thin Slice - Found In Russia 1967,64.0,2024-01-14,5.77,11.09,WorthPoint
seymchan-meteorite,1.63 Grams 12x10x6mm Seymchan Russian Meteorite Cut Fragment- June 1967 With COA,6.99,2024-01-13,1.63,4.29,WorthPoint
seymchan-meteorite,2.50 Grams 15x8x3mm Seymchan Russian Meteorite Cut Fragment- June 1967 With COA,5.99,2024-01-08,2.5,2.4,WorthPoint
seymchan-meteorite,Meteorite Seymchan Complete Siderite Piece 420 Grams 5 Centimeters,449.95,2023-12-27,420.0,1.07,WorthPoint
seymchan-meteorite,Meteorite Coin 2012 Cook Islands Seymchan $5 Proof,99.0,2023-12-23,,,WorthPoint
seymchan-meteorite,Seymchan Siderite Slice,104.0,2023-12-21,,,WorthPoint
seymchan-meteorite,Seymchan Meteorite Etched End Piece 42.8 Grams,86.0,2023-12-21,42.8,2.01,WorthPoint
seymchan-meteorite,"Genuine Seymchan Meteorite Pendant & 20"" Silver Necklace - Cosmic Jewelry",37.99,2023-12-17,,,WorthPoint
seymchan-meteorite,SEYMCHAN IRON METEORITE PALLASITE Specimen Etched Carving CABOCHON RUSSIA,50.14,2023-12-15,,,WorthPoint
seymchan-meteorite,12.14 Gram SEYMCHAN METEORITE PALLASITE - Great For Jewelry - Very Stable!,75.0,2023-12-14,12.14,6.18,WorthPoint
seymchan-meteorite,Seymchan IIE Iron/ Pallasite PMG Meteorite Lot Russia 25.63 Grams,47.75,2023-12-13,25.63,1.86,WorthPoint
seymchan-meteorite,Gorgeous Seymchan Pallasite Meteorite. 45g. Super Stable,237.5,2023-12-11,45.0,5.28,WorthPoint
seymchan-meteorite,388.0 Gram SEYMCHAN METEORITE PALLASITE - Great For Jewelry - Very Stable!,1194.0,2023-12-08,388.0,3.08,WorthPoint
seymchan-meteorite,SEYMCHAN METEORITE Slice Metal & Olivine 15.8 Grams,85.0,2023-12-07,15.8,5.38,WorthPoint
seymchan-meteorite,"Sericho Seymchan Sphere Pallasite 1,25 Inches , 32 Mm Good Olivines Certified",150.0,2023-12-06,,,WorthPoint
seymchan-meteorite,8.92 G SEYMCHAN METEORITE Pallasite Specimen - NICE OLIVINE- Great For Jewelry!,59.4,2023-12-05,8.92,6.66,WorthPoint
seymchan-meteorite,Seymchan Pallasite-pmg Meteorite - Official - SEM-0355 - 1.19g - Polished Frag,6.01,2023-12-02,1.19,5.05,WorthPoint
seymchan-meteorite,Meteorite Necklace Genuine Sliced Seymchan Space Rock In Stainless Pendant,29.99,2023-11-30,,,WorthPoint
seymchan-meteorite,1.50 Grams 16x9x3mm Seymchan Russian Meteorite Cut Fragment - June 1967 With COA,5.99,2023-11-30,1.5,3.99,WorthPoint
seymchan-meteorite,Seymchan Pallasite Meteorite: 2.3grams,8.5,2023-11-26,2.3,3.7,WorthPoint
seymchan-meteorite,5.71 Grams 25x23x2mm Seymchan Russian Meteorite Cut Fragment -June 1967 With COA,49.99,2023-11-24,5.71,8.75,WorthPoint
seymchan-meteorite,Seymchan Siderite Iron Meteorite From Space 12.4g,21.95,2023-11-24,12.4,1.77,WorthPoint
seymchan-meteorite,"üçÄRR‚õèÔ∏è: Polished Slice Seymchan Pallasite Meteorite, W/case, 10.33 G",119.0,2023-11-23,10.33,11.52,WorthPoint
seymchan-meteorite,Faceted Olivine Gems Of Seymchan Pallasite Meteorite - Two Pieces 2.2 Mm 0.096ct,59.0,2023-11-22,0.019,3105.26,WorthPoint
seymchan-meteorite,"Meteorite Seymchan Etched Thin Slice 85.7 Grams, Very Good Transparent!",849.99,2023-11-16,85.7,9.92,WorthPoint
seymchan-meteorite,Seymchan Meteorite Etched Part Slice 11.4 Grams,30.0,2023-11-15,11.4,2.63,WorthPoint
seymchan-meteorite,Seymchan Pallasite-pmg Meteorite - Official - SEM-0346 - 0.68g - Polished Frag,7.0,2023-11-14,0.68,10.29,WorthPoint
seymchan-meteorite,Seymchan Meteorite Etched End Piece 26.5 Grams,53.0,2023-11-14,26.5,2.0,WorthPoint
seymchan-meteorite,Seymchan Meteorite Block,1625.0,2023-11-10,,,WorthPoint
seymchan-meteorite,Meteorite Necklace Sliced Seymchan Pendant,27.99,2023-11-09,,,WorthPoint
seymchan-meteorite,19.5 Gram SEYMCHAN IRON METEORITE - ETCHED SLICE - PERFECT FOR JEWELRY!,50.0,2023-11-08,19.5,2.56,WorthPoint
seymchan-meteorite,"Seymchan Slice Meteorite Pendant, Pallasite, 10.0g, Etched And Polished, Space",111.0,2023-11-08,10.0,11.1,WorthPoint
seymchan-meteorite,Seymchan Pallasite Meteorite - Beautiful Green Crystals! 30.8 GMS,169.99,2023-11-07,30.8,5.52,WorthPoint
seymchan-meteorite,Seymchan Pallasite Meteorite Fragments ~ 0.669 Grams ~ Colorful,7.25,2023-11-05,0.669,10.84,WorthPoint
seymchan-meteorite,340 Gram SEYMCHAN METEORITE Pallasite End Cut -with Beautiful GLOWING CRYSTALS,1428.0,2023-11-04,340.0,4.2,WorthPoint
seymchan-meteorite,3.90 Grams 13x8x7mm Seymchan Russian Meteorite Cut Fragment - June 1967 With COA,11.99,2023-11-01,3.9,3.07,WorthPoint
seymchan-meteorite,Seymchan Meteorite Etched Part Slice 2.6 Grams,10.0,2023-10-30,2.6,3.85,WorthPoint
seymchan-meteorite,"Elizabeth II Silver Colorized Proof ""Seymchan Meteorite"" 5 Dollars 2012 PR69 Deep Cameo PCGS,",129.0,2023-10-29,,,WorthPoint
seymchan-meteorite,Seymchan Pallasite Meteorite Fragment ~ 0.550 Grams ~ Colorful,8.0,2023-10-26,0.55,14.55,WorthPoint
seymchan-meteorite,"Meteorite Seymchan Thin Slice 61.6 Grams, Very Nice Structure",199.99,2023-10-25,61.6,3.25,WorthPoint
seymchan-meteorite,Seymchan Pallasite Meteorite ~ Two Fragments ~ 0.413 Grams ~ Colorful,5.0,2023-10-25,0.413,12.11,WorthPoint
seymchan-meteorite,"Meteorite, Seymchan Iron Slice",171.5,2023-10-24,,,WorthPoint
seymchan-meteorite,"SEYMCHAN 10.25g Rectangular Meteorite Slice 1 Natural Edge, Translucent Olivines",183.0,2023-10-17,10.25,17.85,WorthPoint
seymchan-meteorite,Cook Islands Silver 2012 $5 Seymchan Meteorite Sterling Silver W/ Meteorite Fragment,85.39,2023-10-15,,,WorthPoint
seymchan-meteorite,GORGEOUS 231g SEYMCHAN PALLASITE METEORITE FULL SLICE FULL OF STUNNING OLIVINE!,1382.54,2023-10-14,231.0,5.99,WorthPoint
seymchan-meteorite,Faceted Olivine Gems Of Seymchan Pallasite Meteorite - Ten Pieces 1.5 Mm,79.99,2023-10-14,,,WorthPoint
seymchan-meteorite,16.7 Grams 30x29x2mm Seymchan Russian Meteorite Cut Fragment- June 1967 With COA,48.0,2023-10-13,16.7,2.87,WorthPoint
seymchan-meteorite,Seymchan Pallasite Meteorite Fragments ~ 0.678 Grams ~ Colorful,12.0,2023-10-12,0.678,17.7,WorthPoint
seymchan-meteorite,Seymchan Pallasite Meteorite Fragment ~ 0.816 Grams ~ Nice Shape & Colorful,11.0,2023-10-12,0.816,13.48,WorthPoint
seymchan-meteorite,"Seymchan Pallasite Meteorite Slice, 27 Grams",200.0,2023-10-12,27.0,7.41,WorthPoint
seymchan-meteorite,"Meteorite Seymchan Small Olivined Cut Block 78 Grams, Very Nice Structure",389.99,2023-10-07,78.0,5.0,WorthPoint
seymchan-meteorite,AWESOME 22.8 Gram SEYMCHAN METEORITE Pallasite Specimen - Great For Jewelry!,94.5,2023-10-02,22.8,4.14,WorthPoint
seymchan-meteorite,11.85 Gram SEYMCHAN METEORITE Pallasite -Beautiful GLOWING CRYSTALS,77.0,2023-09-29,11.85,6.5,WorthPoint
seymchan-meteorite,"Seymchan Pallasite Meteorite, Russian Pallasite, Natural Form, 26.59 Grams",212.0,2023-09-27,26.59,7.97,WorthPoint
seymchan-meteorite,Seymchan Pallasite Meteorite - Beautiful Green Crystals! 12.2 GMS,109.99,2023-09-26,12.2,9.02,WorthPoint
seymchan-meteorite,Seymchan Meteorite Etched End Piece 73.2 Grams,146.0,2023-09-19,73.2,1.99,WorthPoint
seymchan-meteorite,Seymchan Pallasite Meteorite - Beautiful Large Green Crystal! 4.7 GMS,79.99,2023-09-17,4.7,17.02,WorthPoint
seymchan-meteorite,Seymchan Pallasite Meteorite - Beautiful Green Crystals! 9.1 GMS,89.99,2023-09-17,9.1,9.89,WorthPoint
seymchan-meteorite,"Meteorite Seymchan Etched Cut Cube 35.2 Grams, 17 Mm, Very Nice Structure",199.99,2023-09-15,35.2,5.68,WorthPoint
seymchan-meteorite,"Meteorite Seymchan Etched Cut Cube 34.7 Grams, 17 Mm, Very Nice Structure",199.99,2023-09-15,34.7,5.76,WorthPoint
seymchan-meteorite,Museum Quality Seymchan Pallasite Meteorite.,335.0,2023-09-14,,,WorthPoint
seymchan-meteorite,"Seymchan Pallasite From Russia, 5.29 Gram Individual",36.0,2023-09-12,5.29,6.81,WorthPoint
seymchan-meteorite,Gorgeously Sculpted 115gram Seymchan Reverse-Electrolysis Pallasite Meteorite,250.0,2023-09-10,115.0,2.17,WorthPoint
seymchan-meteorite,19.03 Gram SEYMCHAN METEORITE Pallasite - W/ Label And Case - VERY STABLE,199.5,2023-09-10,19.03,10.48,WorthPoint
seymchan-meteorite,"Seymchan Pallasite Meteorite From Russia, 20.3 Gram Slice, Excellent Quality",100.0,2023-09-03,20.3,4.93,WorthPoint
seymchan-meteorite,13.19 Gram SEYMCHAN METEORITE Pallasite - W/ Label And Case - VERY STABLE,200.0,2023-08-30,13.19,15.16,WorthPoint
seymchan-meteorite,Meteorite Seymchan Complete Siderite Piece 420 Grams,629.99,2023-08-30,420.0,1.5,WorthPoint
seymchan-meteorite,Cook Island 2012 5$ Seymchan Meteorite In Original Tin W/COA F3B9,92.0,2023-08-30,,,WorthPoint
seymchan-meteorite,32.1 Gram SEYMCHAN METEORITE PALLASITE - Great For Jewelry - Very Stable!,157.5,2023-08-27,32.1,4.91,WorthPoint
seymchan-meteorite,"Seymchan Pallasite, 30 Gram End Cut, Russia 1967",140.0,2023-08-26,30.0,4.67,WorthPoint
seymchan-meteorite,"Meteorite Seymchan Nice Thin Slice 33.8 Grams, Partly Transparent",199.99,2023-08-25,33.8,5.92,WorthPoint
seymchan-meteorite,TRANSLUCENT 9.44 Gram SEYMCHAN METEORITE Pallasite Specimen - Great For Jewelry,115.5,2023-08-18,9.44,12.24,WorthPoint
seymchan-meteorite,Seymchan Pallasite Meteorite ~ 2.22g ~ Beautiful Amber And Green Olivne Crystal,175.0,2023-08-18,2.22,78.83,WorthPoint
seymchan-meteorite,"Gorgeous Seymchan Pallasite Meteorite 30.25g, Mirror Polish, Amazing Olivine",380.0,2023-08-14,30.25,12.56,WorthPoint
seymchan-meteorite,Meteorite Seymchan Complete Pallasite Sandblasted Piece 651 Grams,1099.99,2023-08-12,651.0,1.69,WorthPoint
seymchan-meteorite,35.3 Gram SEYMCHAN METEORITE PALLASITE - Great For Jewelry - Very Stable!,172.25,2023-08-11,35.3,4.88,WorthPoint
seymchan-meteorite,"Meteorite**Seymchan, Pallasite-PMG**1.935 Gram, Fragment Slice. SPACE CRYSTALS!!",15.5,2023-08-07,1.935,8.01,WorthPoint
seymchan-meteorite,Superb Seymchan Pallasite Jewelry Meteorite Necklace Pendant & 14k Gold! Aaa+++,1350.76,2023-08-05,,,WorthPoint
seymchan-meteorite,72.2 Gram SEYMCHAN METEORITE PALLASITE - Great For Jewelry - Very Stable!,367.25,2023-08-02,72.2,5.09,WorthPoint
seymchan-meteorite,"38.2 Gram SEYMCHAN Pallasite METEORITE - Etched SPECIMEN, PERFECT FOR JEWELRY!",250.9,2023-07-28,38.2,6.57,WorthPoint
seymchan-meteorite,"Meteorite Seymchan Small Olivined Cut Block 101 Grams, Very Nice Structure",504.99,2023-07-24,101.0,5.0,WorthPoint
seymchan-meteorite,11.893 Gram - SEYMCHAN METEORITE PALLASITE - Nice Etched Iron Slice,99.99,2023-07-21,11.893,8.41,WorthPoint
seymchan-meteorite,4.27 Gram 20x19x2mm Seymchan Russian Meteorite Cut Fragment - June 1967 With COA,19.99,2023-07-19,4.27,4.68,WorthPoint
seymchan-meteorite,17.3 Gram SEYMCHAN METEORITE PALLASITE - Great For Jewelry - Very Stable!,78.65,2023-07-18,17.3,4.55,WorthPoint
seymchan-meteorite,2.20 Grams 20x8x3mm Seymchan Russian Meteorite Cut Fragment - June 1967 With COA,6.99,2023-07-14,2.2,3.18,WorthPoint
seymchan-meteorite,10.07 Gram SEYMCHAN METEORITE PALLASITE - Great For Jewelry - Very Stable!,65.0,2023-07-13,10.07,6.45,WorthPoint
seymchan-meteorite,SEYMCHAN METEORITE Slice Metal & Olivine 39.9 Grams,100.0,2023-07-11,39.9,2.51,WorthPoint
seymchan-meteorite,SEYMCHAN METEORITE Slice Metal & Olivine 46 Grams,135.0,2023-07-11,46.0,2.93,WorthPoint
seymchan-meteorite,12.1 Gram SEYMCHAN IRON METEORITE - ETCHED SLICE-PERFECT FOR JEWELRY!!,36.5,2023-07-10,12.1,3.02,WorthPoint
seymchan-meteorite,400 Gram SEYMCHAN METEORITE Pallasite Thick Cut -with Beautiful GLOWING CRYSTALS,1820.0,2023-07-06,400.0,4.55,WorthPoint
seymchan-meteorite,8.73 Gram SEYMCHAN METEORITE Pallasite -Beautiful GLOWING CRYSTALS,51.35,2023-07-05,8.73,5.88,WorthPoint
seymchan-meteorite,30.5 Gram SEYMCHAN IRON METEORITE - ETCHED SLICE - PERFECT FOR JEWELRY!,75.0,2023-07-03,30.5,2.46,WorthPoint
seymchan-meteorite,"Meteorite**Seymchan, Pallasite-PMG**0.502 Gram, Fragment Slice. SPACE CRYSTAL!!!",8.5,2023-07-03,0.502,16.93,WorthPoint
seymchan-meteorite,16.8 Gram SEYMCHAN METEORITE Pallasite -Beautiful GLOWING CRYSTALS,87.75,2023-06-28,16.8,5.22,WorthPoint
seymchan-meteorite,33.3 Gram SEYMCHAN METEORITE PALLASITE - Great For Jewelry - Very Stable!,151.45,2023-06-28,33.3,4.55,WorthPoint
seymchan-meteorite,"Gorgeous Seymchan Pallasite Meteorite 49.65g, Great Etch, Amazing Olivine",355.0,2023-06-26,49.65,7.15,WorthPoint
seymchan-meteorite,SEYMCHAN METEORITE Slice Metal & Olivine 46.9 Grams,110.0,2023-06-24,46.9,2.35,WorthPoint
seymchan-meteorite,16.9 Gram 30x30x3mm Seymchan Russian Meteorite Cut Fragment - June 1967 With COA,48.99,2023-06-23,16.9,2.9,WorthPoint
seymchan-meteorite,2.18 Grams 21x5x4mm Seymchan Russian Meteorite Cut Fragment - June 1967 With COA,6.99,2023-06-23,2.18,3.21,WorthPoint
seymchan-meteorite,12.67 Gram SEYMCHAN METEORITE PALLASITE - Great For Jewelry - Very Stable!,88.9,2023-06-16,12.67,7.02,WorthPoint
seymchan-meteorite,Seymchan Pallasite Meteorite: A Jewel From Outer Space!,66.0,2023-06-10,,,WorthPoint
seymchan-meteorite,"Sliced SEYMCHAN PALLASITE METEORITE, 34g W/Crystals. 1967 Russia",36.0,2023-06-05,34.0,1.06,WorthPoint
seymchan-meteorite,82.4 Gram - SEYMCHAN METEORITE PALLASITE - Translucent Glowing Green Olivine!,533.0,2023-05-27,82.4,6.47,WorthPoint
seymchan-meteorite,153.7 Gram SEYMCHAN METEORITE PALLASITE - Great For Jewelry - Very Stable!,630.0,2023-05-25,153.7,4.1,WorthPoint
seymchan-meteorite,Meteorite Seymchan Complete Pallasite Sandblasted Piece 1559 Grams,2499.99,2023-05-23,1559.0,1.6,WorthPoint
seymchan-meteorite,29.4 Gram SEYMCHAN METEORITE Pallasite -Beautiful GLOWING CRYSTALS,191.1,2023-05-21,29.4,6.5,WorthPoint
seymchan-meteorite,"Meteorite Seymchan Small Etched Cut Block 55.9 Grams, Very Nice Structure",111.99,2023-05-16,55.9,2.0,WorthPoint
seymchan-meteorite,Seymchan Siderite Meteorite Slice: 32.7 Grams,55.75,2023-05-15,32.7,1.7,WorthPoint
seymchan-meteorite,173.5 Gram SEYMCHAN METEORITE PALLASITE - Great For Jewelry - Very Stable!,563.55,2023-05-14,173.5,3.25,WorthPoint
seymchan-meteorite,27gm AAA Seymchan Meteorite Slice Etched Windmanstatten Pallasite,145.0,2023-05-11,27.0,5.37,WorthPoint
seymchan-meteorite,Seymchan Pallasite Meteorite Slice With The Gemstone Peridot: 13.8 Grams,58.98,2023-05-10,13.8,4.27,WorthPoint
seymchan-meteorite,174.9 Gram SEYMCHAN METEORITE PALLASITE - Great For Jewelry - Very Stable!,469.0,2023-05-09,174.9,2.68,WorthPoint
seymchan-meteorite,Seymchan IIE Iron/ Pallasite PMG Meteorite Slice Russia 20.45 Grams,84.75,2023-05-08,20.45,4.14,WorthPoint
seymchan-meteorite,2 Seymchan Meteorite Slices!,176.66,2023-05-07,,,WorthPoint
seymchan-meteorite,"Meteorite Seymchan Etched Small Cut Block Of 52.2 Grams, Very Nice Structure",33.0,2023-05-07,52.2,0.63,WorthPoint
seymchan-meteorite,SEYMCHAN METEORITE Slice Metal & Olivine 39.7 Grams,95.0,2023-05-06,39.7,2.39,WorthPoint
seymchan-meteorite,"Meteorite Seymchan Etched Endcut Of 91 Grams, Very Nice Structure",145.99,2023-05-04,91.0,1.6,WorthPoint
seymchan-meteorite,10.8 Gram - SEYMCHAN METEORITE PALLASITE - Translucent Glowing Green Olivine!,67.0,2023-04-29,10.8,6.2,WorthPoint
seymchan-meteorite,Meteorite Seymchan Complete Pallasite Sandblasted Piece 708 Grams,1199.99,2023-04-28,708.0,1.69,WorthPoint
seymchan-meteorite,4.17 Gram 15mm Seymchan Russian Meteorite Iron Fragment - Found June 1967 + COA,6.99,2023-04-26,4.17,1.68,WorthPoint
seymchan-meteorite,Meteorite Necklace Seymchan Meteorite Pendant,29.99,2023-04-26,,,WorthPoint
seymchan-meteorite,SEYMCHAN METEORITE - 2021 $1 1 Oz Pure .999 Meteorite Coin - Niue,599.95,2023-04-24,28.35,21.16,WorthPoint
seymchan-meteorite,"Meteorite Seymchan Etched Small Cut Block Of 35.3 Grams, Very Nice Structure",20.5,2023-04-23,35.3,0.58,WorthPoint
seymchan-meteorite,2.08 Gram 19x7x5mm Seymchan Russian Meteorite Cut Fragment - June 1967 With COA,8.99,2023-04-21,2.08,4.32,WorthPoint
seymchan-meteorite,"Meteorite Seymchan Etched Small Cut Block Of 32.3 Grams, Very Nice Structure",34.77,2023-04-16,32.3,1.08,WorthPoint
seymchan-meteorite,Seymchan Meteorite 7.03g!,56.0,2023-04-16,7.03,7.97,WorthPoint
seymchan-meteorite,1.68 Gram 16x12x4mm Seymchan Russian Meteorite Cut Fragment - June 1967 With COA,7.99,2023-04-16,1.68,4.76,WorthPoint
seymchan-meteorite,20.7 Gram SEYMCHAN METEORITE PALLASITE - Great For Jewelry - Very Stable!,97.15,2023-04-16,20.7,4.69,WorthPoint
seymchan-meteorite,56.7 Gram SEYMCHAN METEORITE PALLASITE - Great For Jewelry - Very Stable!,234.5,2023-04-15,56.7,4.14,WorthPoint
seymchan-meteorite,"Meteorite Seymchan Etched Small Cut Block Of 30.8 Grams, Very Nice Structure",18.0,2023-04-09,30.8,0.58,WorthPoint
seymchan-meteorite,20.9 Gram SEYMCHAN METEORITE PALLASITE,99.99,2023-04-06,20.9,4.78,WorthPoint
seymchan-meteorite,Seymchan Pallasite Meteorite - Etched SPECIMEN- From Russia 96.2 Grams,92.99,2023-04-04,96.2,0.97,WorthPoint
seymchan-meteorite,"Gorgeous Seymchan Pallasite Meteorite 49.9g, Great Etch, Amazing Olivine",242.5,2023-04-03,49.9,4.86,WorthPoint
seymchan-meteorite,"Meteorite Seymchan Etched Small Cut Block Of 28.8 Grams, Very Nice Structure",17.5,2023-04-02,28.8,0.61,WorthPoint
seymchan-meteorite,Seymchan Meteorite Sphere Approx. 510.8 Gr. Dimension: 47mm,2499.0,2023-03-31,510.8,4.89,WorthPoint
seymchan-meteorite,Seymchan IIE Iron/ Pallasite PMG Meteorite Lot Russia 25.27 Grams,47.75,2023-03-29,25.27,1.89,WorthPoint
seymchan-meteorite,4.89 Gram 24x17x2mm Seymchan Russian Meteorite Cut Fragment - June 1967 With COA,43.0,2023-03-27,4.89,8.79,WorthPoint
seymchan-meteorite,1.52 Gram 18mm Seymchan Russian Meteorite Cut Fragment - June 1967 With A COA,7.5,2023-03-27,1.52,4.93,WorthPoint
seymchan-meteorite,"Meteorite Seymchan Etched Small Cut Block Of 26.4 Grams, Very Nice Structure",15.5,2023-03-26,26.4,0.59,WorthPoint
seymchan-meteorite,3.91 Gram 18mm Seymchan Russian Meteorite Iron Fragment - Found June 1967 + COA,9.5,2023-03-26,3.91,2.43,WorthPoint
seymchan-meteorite,2.26 Gram 24mm Seymchan Russian Meteorite Iron Fragment - Found June 1967 + COA,6.99,2023-03-26,2.26,3.09,WorthPoint
seymchan-meteorite,2.33 Gram 21x10x6mm Seymchan Russian Meteorite Cut Fragment - June 1967 With COA,9.5,2023-03-25,2.33,4.08,WorthPoint
seymchan-meteorite,1.82 Gram 16x7x3mm Seymchan Russian Meteorite Cut Fragments - June 1967 With COA,8.99,2023-03-25,1.82,4.94,WorthPoint
seymchan-meteorite,2.10 Gram 23mm Seymchan Russian Meteorite Cut Iron Fragment - June 1967 + COA,8.03,2023-03-25,2.1,3.82,WorthPoint
seymchan-meteorite,2.07 Gram 10mm Seymchan Russian Meteorite Iron Fragment - Found June 1967 + COA,6.99,2023-03-24,2.07,3.38,WorthPoint
seymchan-meteorite,Seymchan Pallasite-pmg Meteorite - Official - SEM-0313 - COA - Polished Fragment,5.01,2023-03-21,,,WorthPoint
seymchan-meteorite,AWESOME 30.2 Gram SEYMCHAN METEORITE Pallasite Specimen - Great For Jewelry!,105.0,2023-03-18,30.2,3.48,WorthPoint
seymchan-meteorite,19.0 Gram - SEYMCHAN METEORITE PALLASITE - Nice Olivine And Iron Mixture!,71.01,2023-03-15,19.0,3.74,WorthPoint
seymchan-meteorite,17.2 Gram - SEYMCHAN METEORITE PALLASITE - Thin Slice - Mostly Olivine,63.0,2023-03-15,17.2,3.66,WorthPoint
seymchan-meteorite,51.7g Full Slice Of Seymchan Meteorite Pallasite W/translucent Crystals,350.0,2023-03-15,51.7,6.77,WorthPoint
seymchan-meteorite,12.9 Gram - SEYMCHAN METEORITE PALLASITE - Nice Olivine And Iron Mixture!,40.0,2023-03-13,12.9,3.1,WorthPoint
seymchan-meteorite,49.7 Gram - SEYMCHAN METEORITE PALLASITE - Mostly Iron W/olivine And Inclusions,51.0,2023-03-13,49.7,1.03,WorthPoint
seymchan-meteorite,"Meteorite Seymchan Nice Thin Slice 26.3 Grams, Partly Transparent",155.99,2023-03-12,26.3,5.93,WorthPoint
seymchan-meteorite,"Meteorite Seymchan Etched Endcut Of 22.1 Grams, Very Nice Structure",26.0,2023-03-12,22.1,1.18,WorthPoint
seymchan-meteorite,5.34 Gram - SEYMCHAN METEORITE PALLASITE - Nice Etched Iron Slice,10.5,2023-03-11,5.34,1.97,WorthPoint
seymchan-meteorite,33.0 Gram - SEYMCHAN METEORITE PALLASITE - Nice Olivine And Iron Mixture!,57.0,2023-03-11,33.0,1.73,WorthPoint
seymchan-meteorite,22.90 Gram - SEYMCHAN METEORITE PALLASITE - Nice Olivine And Iron Mixture!,65.0,2023-03-11,22.9,2.84,WorthPoint
seymchan-meteorite,32.0 Gram - SEYMCHAN METEORITE PALLASITE - Nice Olivine Metal Mixture!,225.0,2023-03-11,32.0,7.03,WorthPoint
seymchan-meteorite,39.6 Gram SEYMCHAN METEORITE PALLASITE - Great For Jewelry - Very Stable!,198.75,2023-03-09,39.6,5.02,WorthPoint
seymchan-meteorite,3.97 Gram 25mm Seymchan Russian Meteorite Cut Fragment -found June 1967 + COA,36.0,2023-03-06,3.97,9.07,WorthPoint
seymchan-meteorite,Genuine Seymchan Meteorite Pendant,30.0,2023-03-04,,,WorthPoint
seymchan-meteorite,"Genuine Meteorite Necklace! Sliced Seymchan Meteorite Pendant & 20"" Silver Chain",29.99,2023-03-04,,,WorthPoint
seymchan-meteorite,"Meteorite Seymchan Pallasite FACETED OLIVINE GEM, 1 Piece 2.6 Mm, 0.078 Ct",49.99,2023-03-03,0.016,3124.38,WorthPoint
seymchan-meteorite,1.86 Gram 22mm Seymchan Russian Meteorite Cut Fragment -found June 1967 + COA,18.0,2023-03-03,1.86,9.68,WorthPoint
seymchan-meteorite,"Meteorite Seymchan Pallasite FACETED COLORED OLIVINE GEM 3.77 Mm, 0.216 Ct #42",85.99,2023-02-25,0.043,1999.77,WorthPoint
seymchan-meteorite,11.4 Gram SEYMCHAN METEORITE Pallasite -Beautiful GLOWING CRYSTALS,92.0,2023-02-24,11.4,8.07,WorthPoint
seymchan-meteorite,34.2 Gram SEYMCHAN METEORITE - Etched Pallasite Slice - Under $5 Per Gram!,119.0,2023-02-16,34.2,3.48,WorthPoint
seymchan-meteorite,10.25 Gram SEYMCHAN METEORITE Pallasite -Beautiful GLOWING CRYSTALS,66.5,2023-02-13,10.25,6.49,WorthPoint
seymchan-meteorite,"Large Genuine Meteorite Necklace! Sliced Seymchan Meteorite Pendant & 20"" Chain",34.99,2023-02-13,,,WorthPoint
seymchan-meteorite,SEYMCHAN IRON METEORITE PALLASITE Specimen Etched Carving AUTHENTIC RUSSIA,29.95,2023-02-08,,,WorthPoint
seymchan-meteorite,78.8 Gram SEYMCHAN METEORITE PALLASITE - Great For Jewelry - Very Stable!,350.0,2023-02-05,78.8,4.44,WorthPoint
seymchan-meteorite,23.4 Gram SEYMCHAN METEORITE - Etched Pallasite Slice - Under $5 Per Gram!,115.0,2023-02-04,23.4,4.91,WorthPoint
seymchan-meteorite,7.93 Gram SEYMCHAN METEORITE Pallasite -Beautiful GLOWING CRYSTALS,56.0,2023-02-01,7.93,7.06,WorthPoint
seymchan-meteorite,8.86 Gram SEYMCHAN METEORITE Pallasite -Beautiful GLOWING CRYSTALS,85.0,2023-01-31,8.86,9.59,WorthPoint
seymchan-meteorite,"Meteorite Seymchan Small Olivined Cut Block 324.5 Grams, Very Nice Structure",1622.99,2023-01-30,324.5,5.0,WorthPoint
seymchan-meteorite,AWESOME 36.6 Gram SEYMCHAN METEORITE Pallasite Specimen - Great For Jewelry!,130.2,2023-01-27,36.6,3.56,WorthPoint
seymchan-meteorite,34.2 Gram SEYMCHAN METEORITE PALLASITE - Great For Jewelry - Very Stable!,168.0,2023-01-27,34.2,4.91,WorthPoint
seymchan-meteorite,NEW! Meteorite Seymchan Lot Of Small Cuts And Fragments. 30 Gr,10.59,2023-01-22,30.0,0.35,WorthPoint
seymchan-meteorite,Space Rock Nuggets From Seymchan Meteorite Pallasite 24.7 Grams No Reserve,9.99,2023-01-20,24.7,0.4,WorthPoint
seymchan-meteorite,10.1 Gram SEYMCHAN METEORITE Pallasite -Beautiful GLOWING CRYSTALS,70.0,2023-01-18,10.1,6.93,WorthPoint
seymchan-meteorite,3.44 G SEYMCHAN METEORITE Iron/pallasite Specimen - Great For Jewelry!,41.3,2023-01-17,3.44,12.01,WorthPoint
seymchan-meteorite,"Meteorite Seymchan Pallasite FACETED OLIVINE GEM, 1 Piece 3.65 Mm, 0.196 Ct #25",97.99,2023-01-15,0.039,2512.56,WorthPoint
seymchan-meteorite,2.05 Gram 12mm Seymchan Russian Meteorite Iron Fragment - Found June 1967 + COA,5.99,2023-01-12,2.05,2.92,WorthPoint
seymchan-meteorite,10.0 Gram SEYMCHAN METEORITE PALLASITE - Great For Jewelry - Very Stable!,71.4,2023-01-12,10.0,7.14,WorthPoint
seymchan-meteorite,AWESOME 64.7 Gram SEYMCHAN METEORITE Pallasite Specimen - Great For Jewelry!,323.0,2023-01-09,64.7,4.99,WorthPoint
seymchan-meteorite,1.88 Gram 29mm Seymchan Russian Meteorite Iron Fragment - Found June 1967 + COA,5.99,2023-01-09,1.88,3.19,WorthPoint
seymchan-meteorite,.760 Gram 10mm Seymchan Russian Meteorite Cut Fragment -found June 1967 + COA,10.5,2023-01-09,760.0,0.01,WorthPoint
seymchan-meteorite,Rare Seymchan Meteorite Pallasite 5.0 Grams No Reserve,9.99,2023-01-08,5.0,2.0,WorthPoint
seymchan-meteorite,32.73 Gram SEYMCHAN IRON METEORITE - ETCHED SLICE - PERFECT FOR JEWELRY!,81.0,2023-01-08,32.73,2.47,WorthPoint
seymchan-meteorite,13.0 Gram SEYMCHAN METEORITE Pallasite -Beautiful GLOWING CRYSTALS,91.0,2023-01-07,13.0,7.0,WorthPoint
seymchan-meteorite,7.67 Gram SEYMCHAN METEORITE PALLASITE - Great For Jewelry - Very Stable!,53.9,2023-01-02,7.67,7.03,WorthPoint
seymchan-meteorite,20.9 Gram SEYMCHAN METEORITE PALLASITE - Great For Jewelry - Very Stable!,100.1,2023-01-02,20.9,4.79,WorthPoint
seymchan-meteorite,6.44 Gram SEYMCHAN METEORITE Pallasite -Beautiful GLOWING CRYSTALS,45.5,2022-12-31,6.44,7.07,WorthPoint
seymchan-meteorite,Authentic Ancient Seymchan Meteorite Pallasite Nuggets 7.2 Grams,13.55,2022-12-25,7.2,1.88,WorthPoint
seymchan-meteorite,Rare Seymchan Meteorite Pallasite 9.7 Grams No Reserve,13.5,2022-12-25,9.7,1.39,WorthPoint
seymchan-meteorite,Seymchan Meteorite Pallasite Nuggets 5.1 Grams No Reserve,9.99,2022-12-25,5.1,1.96,WorthPoint
seymchan-meteorite,6.65 Gram SEYMCHAN METEORITE Pallasite -Beautiful GLOWING CRYSTALS,45.5,2022-12-25,6.65,6.84,WorthPoint
seymchan-meteorite,8.56 Gram SEYMCHAN METEORITE Pallasite -Beautiful GLOWING CRYSTALS,52.5,2022-12-24,8.56,6.13,WorthPoint
seymchan-meteorite,26.17 Gram SEYMCHAN METEORITE Pallasite - Beautiful GLOWING CRYSTALS,175.0,2022-12-18,26.17,6.69,WorthPoint
seymchan-meteorite,29.8 Gram SEYMCHAN METEORITE PALLASITE - Great For Jewelry - Very Stable!,146.3,2022-12-18,29.8,4.91,WorthPoint
seymchan-meteorite,2.35 Gram 18mm Seymchan Russian Meteorite Iron Fragment - Found June 1967 + COA,8.99,2022-12-17,2.35,3.83,WorthPoint
seymchan-meteorite,"2012 Cook Islands Silver Proof Coin, Genuine Seymchan Meteorite Fragment, CoA",143.0,2022-12-17,,,WorthPoint
seymchan-meteorite,111.1 Gram SEYMCHAN METEORITE PALLASITE - Great For Jewelry - Very Stable!,388.5,2022-12-10,111.1,3.5,WorthPoint
seymchan-meteorite,111.5 Gram SEYMCHAN METEORITE PALLASITE - Great For Jewelry - Very Stable!,444.0,2022-12-09,111.5,3.98,WorthPoint
seymchan-meteorite,"Pallasite/Iron IIE Seymchan 7.1g Meteorite Fragment - Magadan, Russia",99.99,2022-12-05,7.1,14.08,WorthPoint
seymchan-meteorite,"Meteorite Seymchan Small Etched Cut Block 26.3 Grams, Very Nice Structure",52.99,2022-12-05,26.3,2.01,WorthPoint
seymchan-meteorite,9.12 Gram SEYMCHAN METEORITE Pallasite -Beautiful GLOWING CRYSTALS,72.8,2022-12-02,9.12,7.98,WorthPoint
seymchan-meteorite,15.7 Gram SEYMCHAN IRON METEORITE - ETCHED SLICE-PERFECT FOR JEWELRY!!,35.5,2022-12-02,15.7,2.26,WorthPoint
seymchan-meteorite,2.87 Gram 30mm Seymchan Russian Meteorite Iron Fragment - Found June 1967 + COA,5.74,2022-11-29,2.87,2.0,WorthPoint
seymchan-meteorite,"Seymchan 184.5g, Iron Meteorite, Full Slice. Stable! Great Etch!",182.5,2022-11-28,184.5,0.99,WorthPoint
seymchan-meteorite,11.6 Gram 25x20mm Seymchan Russian Meteorite Iron Fragment - Found 1967 + COA,24.99,2022-11-26,11.6,2.15,WorthPoint
seymchan-meteorite,"Meteorite Seymchan Small Olivined Cut Block 96.3 Grams, Very Nice Structure",481.99,2022-11-26,96.3,5.01,WorthPoint
seymchan-meteorite,12.17 Gram SEYMCHAN METEORITE PALLASITE - Great For Jewelry - Very Stable!,96.8,2022-11-14,12.17,7.95,WorthPoint
seymchan-meteorite,30 Gram SEYMCHAN METEORITE - Etched Pallasite Slice - Under $5 Per Gram!,116.0,2022-11-13,30.0,3.87,WorthPoint
seymchan-meteorite,15.27 Gram SEYMCHAN METEORITE Pallasite - Beautiful CRYSTALS,120.0,2022-11-13,15.27,7.86,WorthPoint
seymchan-meteorite,AWESOME 19.3 Gram SEYMCHAN METEORITE Pallasite Specimen - Great For Jewelry!,96.0,2022-11-11,19.3,4.97,WorthPoint
seymchan-meteorite,"Seymchan Meteorite ""Cube""",3250.0,2022-11-04,,,WorthPoint
seymchan-meteorite,Guinea - 2021 Seymchan Iron Meteorite - Stamp Souvenir Sheet - GU210202b,11.8,2022-11-04,,,WorthPoint
seymchan-meteorite,13.8 Gram 30x25x2mm Seymchan Russian Meteorite - Found June 1967 + COA,37.99,2022-11-03,13.8,2.75,WorthPoint
seymchan-meteorite,48.6 Gram SEYMCHAN METEORITE PALLASITE - Great For Jewelry - Very Stable!,292.0,2022-11-02,48.6,6.01,WorthPoint
seymchan-meteorite,3.42 Gram 13mm Seymchan Russian Meteorite Iron Fragment - Found June 1967 + COA,9.99,2022-10-31,3.42,2.92,WorthPoint
seymchan-meteorite,"Seymchan 40.65g, Etched Pallasite Meteorite. Stable! Great Etch!",455.0,2022-10-31,40.65,11.19,WorthPoint
seymchan-meteorite,905.6 Gram SEYMCHAN METEORITE PALLASITE - Great For Jewelry - Very Stable!,3600.0,2022-10-30,905.6,3.98,WorthPoint
seymchan-meteorite,NEW! Meteorite Seymchan Lot Of Small Not Prepared Cuts. 100 Gr #5,119.99,2022-10-28,100.0,1.2,WorthPoint
seymchan-meteorite,"Seymchan 16.97g End Cut Meteorite, Highly Polished Pallasite,IMCA #s 6236 & 7294",141.0,2022-10-27,16.97,8.31,WorthPoint
seymchan-meteorite,Genuine Meteorite Necklace! Sliced Seymchan Meteor In A Stainless Pendant!,27.99,2022-10-25,,,WorthPoint
seymchan-meteorite,Seymchan Meteorite!! Nice 16.8g SEYMCHAN Iron Slice!,18.0,2022-10-24,16.8,1.07,WorthPoint
seymchan-meteorite,Seymchan Meteorite!! Nice 111.4g SEYMCHAN Iron Slice!,113.51,2022-10-24,111.4,1.02,WorthPoint
seymchan-meteorite,"Meteorite Seymchan Complete Etched Thin Slice 82.1 Grams, Banded Structure",205.99,2022-10-23,82.1,2.51,WorthPoint
seymchan-meteorite,Meteorite Seymchan Pallasite 37gm,61.0,2022-10-22,37.0,1.65,WorthPoint
seymchan-meteorite,12.2 Gram SEYMCHAN IRON METEORITE - ETCHED SLICE-PERFECT FOR JEWELRY!,36.5,2022-10-20,12.2,2.99,WorthPoint
seymchan-meteorite,8.56 Grams Seymchan Russian Meteorite Cut Iron Fragment - Found On June 1967 COA,22.99,2022-10-20,8.56,2.69,WorthPoint
seymchan-meteorite,116g Translucent SEYMCHAN PALLASITE METEORITE Slice -Beautiful GLOWING CRYSTALS,799.2,2022-10-12,116.0,6.89,WorthPoint
seymchan-meteorite,34.17g G Part Slice Of Seymchan Meteorite. Siderite Portion Of The Pallasite...,190.0,2022-10-10,34.17,5.56,WorthPoint
seymchan-meteorite,Cheap Price! Great Deal! Sensational Seymchan Pallasite Meteorite 158 Gms,419.3,2022-10-09,158.0,2.65,WorthPoint
seymchan-meteorite,6.12 Gram SEYMCHAN METEORITE PALLASITE - Great For Jewelry - Very Stable!,48.75,2022-10-05,6.12,7.97,WorthPoint
seymchan-meteorite,28.3 Gram SEYMCHAN IRON METEORITE - ETCHED SLICE - PERFECT FOR JEWELRY!,76.0,2022-10-01,28.3,2.69,WorthPoint
seymchan-meteorite,Seymchan Pallasite Meteorite 3.6 GMS,39.9,2022-09-30,3.6,11.08,WorthPoint
seymchan-meteorite,Seymchan Meteorite Skeleton And Olive Pieces 56g Lot,6.47,2022-09-29,56.0,0.12,WorthPoint
seymchan-meteorite,14.7 Gram SEYMCHAN METEORITE Pallasite -Beautiful GLOWING CRYSTALS,120.0,2022-09-29,14.7,8.16,WorthPoint
seymchan-meteorite,24.8 Gram SEYMCHAN METEORITE Pallasite - Iron And Olivine - Transition Slice,119.2,2022-09-29,24.8,4.81,WorthPoint
seymchan-meteorite,PALLASITE Meteorite!! 13.8g SEYMCHAN Pallasite Iron Part Slice!,73.0,2022-09-26,13.8,5.29,WorthPoint
seymchan-meteorite,22.4 G SEYMCHAN METEORITE Pallasite Specimen - NICE OLIVINE- Great For Jewelry!,250.0,2022-09-18,22.4,11.16,WorthPoint
seymchan-meteorite,Genuine Meteorite Necklace! Sliced Seymchan Meteorite In Stainless Pendant!,27.99,2022-09-17,,,WorthPoint
seymchan-meteorite,24.4 Gram SEYMCHAN METEORITE Pallasite - Iron And Olivine - Transition Slice,95.2,2022-09-12,24.4,3.9,WorthPoint
seymchan-meteorite,8.3 Gram SEYMCHAN IRON METEORITE - ETCHED SLICE - PERFECT FOR JEWELRY! PALLASITE,32.0,2022-09-06,8.3,3.86,WorthPoint
seymchan-meteorite,38.5 Gram SEYMCHAN METEORITE PALLASITE - Great For Jewelry - Very Stable!,216.0,2022-08-30,38.5,5.61,WorthPoint
seymchan-meteorite,Seymchan Pallasite-pmg Meteorite - Official - SEM-0268 - COA - Polished Fragment,51.0,2022-08-29,,,WorthPoint
seymchan-meteorite,12.5 Grams Seymchan Russian Meteorite Cut Iron Fragment - Found On June 1967 COA,29.99,2022-08-26,12.5,2.4,WorthPoint
seymchan-meteorite,Seymchan Pallasite-pmg Meteorite - Official - SEM-0264 - 0.77g W/COA - Polished,8.5,2022-08-25,0.77,11.04,WorthPoint
seymchan-meteorite,20.2 Gram SEYMCHAN METEORITE PALLASITE - Great For Jewelry - Very Stable!,113.6,2022-08-22,20.2,5.62,WorthPoint
seymchan-meteorite,Seymchan Pallasite Meteorite Full Etched And Polished Slice 86 Grams,86.0,2022-08-20,86.0,1.0,WorthPoint
seymchan-meteorite,9.68 Gram SEYMCHAN METEORITE Pallasite -Beautiful GLOWING CRYSTALS,74.1,2022-08-17,9.68,7.65,WorthPoint
seymchan-meteorite,21.94 Gram SEYMCHAN IRON METEORITE - ETCHED SLICE - PERFECT FOR JEWELRY!,50.7,2022-08-14,21.94,2.31,WorthPoint
seymchan-meteorite,8.45 Gram SEYMCHAN METEORITE PALLASITE - Great For Jewelry - Very Stable!,85.0,2022-08-13,8.45,10.06,WorthPoint
seymchan-meteorite,8.13 G SEYMCHAN METEORITE Etched Iron Specimen - Super Thin- Great For Jewelry!,36.0,2022-08-09,8.13,4.43,WorthPoint
seymchan-meteorite,"Meteorite Seymchan Small Etched Cut Block 97.2 Grams, Very Nice Structure",174.99,2022-08-07,97.2,1.8,WorthPoint
seymchan-meteorite,27.2 Gram SEYMCHAN METEORITE Etched Iron Specimen - Great For Jewelry!,46.4,2022-08-07,27.2,1.71,WorthPoint
seymchan-meteorite,57.1 Gram SEYMCHAN METEORITE Etched Iron Specimen - Great For Jewelry!,88.0,2022-08-07,57.1,1.54,WorthPoint
seymchan-meteorite,39.2 Gram SEYMCHAN IRON METEORITE - ETCHED SLICE - PERFECT FOR JEWELRY!,64.0,2022-08-07,39.2,1.63,WorthPoint
seymchan-meteorite,8.91 Gram SEYMCHAN METEORITE Pallasite -Beautiful GLOWING CRYSTALS,72.0,2022-08-03,8.91,8.08,WorthPoint
seymchan-meteorite,4.71 Gram SEYMCHAN METEORITE Pallasite -Beautiful GLOWING CRYSTALS,37.6,2022-08-02,4.71,7.98,WorthPoint
seymchan-meteorite,18.1 Gram SEYMCHAN IRON METEORITE - ETCHED SLICE - PERFECT FOR JEWELRY!,42.0,2022-08-01,18.1,2.32,WorthPoint
seymchan-meteorite,"Seymchan 184.5g, Etched, Iron Meteorite. Stable! Thick Cut, Great Etch!",157.5,2022-08-01,184.5,0.85,WorthPoint
seymchan-meteorite,109.8 Gram SEYMCHAN METEORITE PALLASITE - Great For Jewelry - Very Stable!,520.0,2022-07-30,109.8,4.74,WorthPoint
seymchan-meteorite,35.7 Gram SEYMCHAN METEORITE - Etched Pallasite Slice - Under $5 Per Gram!,140.0,2022-07-27,35.7,3.92,WorthPoint
seymchan-meteorite,84.8 Gram SEYMCHAN METEORITE PALLASITE - Great For Jewelry - Very Stable!,360.0,2022-07-25,84.8,4.25,WorthPoint
seymchan-meteorite,3.54 Grams Seymchan Russian Meteorite Cut Iron Fragment - Found On June 1967 COA,10.49,2022-07-24,3.54,2.96,WorthPoint
seymchan-meteorite,13.5 Gram SEYMCHAN METEORITE PALLASITE - Great For Jewelry - Very Stable!,76.0,2022-07-23,13.5,5.63,WorthPoint
seymchan-meteorite,"Meteorite**Seymchan, Pallasite-PMG Russia**16.185 Grams Slice, HIGH QUALITY!!",349.99,2022-07-21,16.185,21.62,WorthPoint
seymchan-meteorite,10.60 Gram SEYMCHAN METEORITE PALLASITE - Great For Jewelry - Very Stable!,84.8,2022-07-20,10.6,8.0,WorthPoint
seymchan-meteorite,10.4 Gram SEYMCHAN METEORITE Pallasite -Beautiful GLOWING CRYSTALS,84.0,2022-07-20,10.4,8.08,WorthPoint
seymchan-meteorite,9.88 Gram SEYMCHAN METEORITE Pallasite -Beautiful GLOWING CRYSTALS,99.0,2022-07-16,9.88,10.02,WorthPoint
seymchan-meteorite,23.7 Gram SEYMCHAN METEORITE PALLASITE - Great For Jewelry - Very Stable!,166.0,2022-07-15,23.7,7.0,WorthPoint
seymchan-meteorite,11.3 Gram SEYMCHAN METEORITE PALLASITE - Great For Jewelry - Very Stable!,64.0,2022-07-14,11.3,5.66,WorthPoint
seymchan-meteorite,Seymchan Meteorite 7.12 Grams Foumd 1967 In Russia Pallasite TKW 323.3 Kg,41.0,2022-07-13,7.12,5.76,WorthPoint
seymchan-meteorite,"Rare Seymchan Pallasite Meteorite Slice W/ Green Olivine Xl's Magadan, Russia!",59.99,2022-07-13,,,WorthPoint
seymchan-meteorite,PALLASITE Meteorite!! 9.5g SEYMCHAN Pallasite Iron Part Slice!,19.0,2022-07-11,9.5,2.0,WorthPoint
seymchan-meteorite,3.65 Grams Seymchan Russian Meteorite Cut Iron Fragment Slice Found On June 1967,9.99,2022-06-29,3.65,2.74,WorthPoint
seymchan-meteorite,Seymchan IIE Iron/ Pallasite PMG Meteorite Lot Russia 25.85 Grams,47.75,2022-06-27,25.85,1.85,WorthPoint
seymchan-meteorite,"Seymchan Meteorite Slice ""Green Seymchan""",12500.0,2022-06-22,,,WorthPoint
seymchan-meteorite,33.9 Gram SEYMCHAN METEORITE Pallasite - Iron And Olivine - Transition Slice,149.0,2022-06-21,33.9,4.4,WorthPoint
seymchan-meteorite,24.2 Gram SEYMCHAN METEORITE Pallasite -Beautiful GLOWING CRYSTALS,159.2,2022-06-21,24.2,6.58,WorthPoint
seymchan-meteorite,SEYMCHAN METEORITE Slice 13.8 Grams,45.0,2022-06-17,13.8,3.26,WorthPoint
seymchan-meteorite,"Meteorite Seymchan Pallasite FACETED COLORED OLIVINE GEM 3.25 Mm, 0.139 Ct #46",62.99,2022-06-17,0.028,2249.64,WorthPoint
seymchan-meteorite,"Rare Seymchan Meteorite Slice 11.2 Grams Magadan Oblast, Russia",28.95,2022-06-11,11.2,2.58,WorthPoint
seymchan-meteorite,22.7 Gram SEYMCHAN IRON METEORITE - ETCHED SLICE - PERFECT FOR JEWELRY!,55.2,2022-06-07,22.7,2.43,WorthPoint
seymchan-meteorite,"Meteorite Seymchan Etched Cut Block 315 Grams, Very Nice Structure",503.99,2022-06-05,315.0,1.6,WorthPoint
seymchan-meteorite,37.5 Gram SEYMCHAN METEORITE PALLASITE - Great For Jewelry - Very Stable!,209.6,2022-06-04,37.5,5.59,WorthPoint
seymchan-meteorite,23.5 Gram SEYMCHAN METEORITE Pallasite - Iron And Olivine - Transition Slice,95.2,2022-06-03,23.5,4.05,WorthPoint
seymchan-meteorite,12.2 Gram SEYMCHAN METEORITE PALLASITE - Great For Jewelry - Very Stable!,68.8,2022-06-02,12.2,5.64,WorthPoint
seymchan-meteorite,SEYMCHAN IRON METEORITE Specimen PALLASITE Etched Carving AUTHENTIC RUSSIA,175.96,2022-06-02,,,WorthPoint
seymchan-meteorite,AWESOME 21.0 Gram SEYMCHAN METEORITE Pallasite Specimen - Great For Jewelry!,79.2,2022-05-29,21.0,3.77,WorthPoint
seymchan-meteorite,"63 Grams, Seymchan Pallasite Meteorite Slice, 1967 Russia",365.0,2022-05-25,63.0,5.79,WorthPoint
seymchan-meteorite,12.3 Gram SEYMCHAN METEORITE Pallasite -Beautiful GLOWING CRYSTALS,100.0,2022-05-24,12.3,8.13,WorthPoint
seymchan-meteorite,2.30 Grams Seymchan Russian Meteorite Cut Iron Fragment Slice Found On June 1967,7.99,2022-05-23,2.3,3.47,WorthPoint
seymchan-meteorite,5.73 Gram SEYMCHAN METEORITE Pallasite -Beautiful GLOWING CRYSTALS,48.0,2022-05-23,5.73,8.38,WorthPoint
seymchan-meteorite,7.9 G SEYMCHAN METEORITE Pallasite Specimen - NICE OLIVINE- Great For Jewelry!,99.0,2022-05-22,7.9,12.53,WorthPoint
seymchan-meteorite,10.6 Gram SEYMCHAN METEORITE PALLASITE - Great For Jewelry - Very Stable!,68.8,2022-05-19,10.6,6.49,WorthPoint
seymchan-meteorite,"Seymchan Siderite Meteorite, 21.9g Slice",39.0,2022-05-17,21.9,1.78,WorthPoint
seymchan-meteorite,8.0 Gram SEYMCHAN METEORITE Pallasite -Beautiful GLOWING CRYSTALS,56.0,2022-05-13,8.0,7.0,WorthPoint
seymchan-meteorite,69.5 Gram SEYMCHAN METEORITE PALLASITE - Great For Jewelry - Very Stable!,340.2,2022-05-12,69.5,4.89,WorthPoint
seymchan-meteorite,"Seymchan 292.3g, Etched, Iron Meteorite. Stable! Thick Cut, Great Etch!",276.0,2022-05-09,292.3,0.94,WorthPoint
seymchan-meteorite,Seymchan Pallasite Meteorite Very Rare Pattern 263grams,850.0,2022-05-08,263.0,3.23,WorthPoint
seymchan-meteorite,103.2 Gram SEYMCHAN Pallasite METEORITE - Etched SPECIMEN - PERFECT FOR JEWELRY!,850.0,2022-05-08,103.2,8.24,WorthPoint
seymchan-meteorite,SEYMCHAN METEORITE Slice 43.8 Grams,100.0,2022-05-07,43.8,2.28,WorthPoint
seymchan-meteorite,"Meteorite Seymchan Pallasite FACETED COLORED OLIVINE GEM 4.45 Mm, 0.360 Ct #47",161.99,2022-05-06,0.072,2249.86,WorthPoint
seymchan-meteorite,"Meteorite Seymchan Pallasite FACETED COLORED OLIVINE GEM 3.90 Mm, 0.232 Ct #45",92.99,2022-05-06,0.046,2021.52,WorthPoint
seymchan-meteorite,Video - Cook Island 2012 $5 Seymchan Meteorite Proof Silver Coin + Large Slice!,224.95,2022-05-06,,,WorthPoint
seymchan-meteorite,"Meteorite Seymchan Pallasite FACETED COLORED OLIVINE GEM 3.89 Mm, 0.236 Ct #41",59.99,2022-05-05,0.047,1276.38,WorthPoint
seymchan-meteorite,5.59 Grams Seymchan Russian Meteorite Cut Iron Fragment Slice Found On June 1967,14.99,2022-05-03,5.59,2.68,WorthPoint
seymchan-meteorite,"27 Grams, Seymchan Pallasite Meteorite Slice, 1967 Russia",280.0,2022-05-03,27.0,10.37,WorthPoint
seymchan-meteorite,"Seymchan 35.57g Pallasite Meteorite, High Polished End Cut Dark Chromite Pattern",285.0,2022-05-02,35.57,8.01,WorthPoint
seymchan-meteorite,11.5 Gram SEYMCHAN METEORITE Pallasite -Beautiful GLOWING CRYSTALS,80.5,2022-05-01,11.5,7.0,WorthPoint
seymchan-meteorite,35.2 Gram SEYMCHAN METEORITE Etched Iron Specimen - Great For Jewelry!,52.5,2022-04-29,35.2,1.49,WorthPoint
seymchan-meteorite,7.92 Gram SEYMCHAN METEORITE PALLASITE - Great For Jewelry - Very Stable!,62.3,2022-04-28,7.92,7.87,WorthPoint
seymchan-meteorite,7.90 Gram SEYMCHAN METEORITE PALLASITE - Great For Jewelry - Very Stable!,56.0,2022-04-28,7.9,7.09,WorthPoint
seymchan-meteorite,4.98 Gram SEYMCHAN METEORITE Pallasite -Beautiful GLOWING CRYSTALS,35.0,2022-04-28,4.98,7.03,WorthPoint
seymchan-meteorite,7.37 Gram SEYMCHAN METEORITE Pallasite -Beautiful GLOWING CRYSTALS,51.1,2022-04-28,7.37,6.93,WorthPoint
seymchan-meteorite,.458 Grams Seymchan Russian Meteorite Cut Iron Fragment Slice Found On June 1967,8.0,2022-04-26,458.0,0.02,WorthPoint
seymchan-meteorite,1.85 Grams Seymchan Russian Meteorite 23x19x1mm Fragment Slice Found June 1967,6.99,2022-04-26,1.85,3.78,WorthPoint
seymchan-meteorite,"Meteorite**Seymchan, Pallasite-PMG Russia**14.500 Grams Slice, HIGH QUALITY!!",172.5,2022-04-26,14.5,11.9,WorthPoint
seymchan-meteorite,3.58 Grams Seymchan Russian Meteorite Cut Iron Fragment Slice Found On June 1967,9.99,2022-04-25,3.58,2.79,WorthPoint
seymchan-meteorite,"NEW! Meteorite Seymchan, Lot Of Not Prepared Cuts. 30 Grams",5.5,2022-04-24,30.0,0.18,WorthPoint
seymchan-meteorite,3.62 Grams Seymchan Russian Meteorite 14x11x5mm Fragment Slice - Found June 1967,6.99,2022-04-21,3.62,1.93,WorthPoint
seymchan-meteorite,7.9 Gram SEYMCHAN METEORITE Pallasite -Beautiful GLOWING CRYSTALS,64.0,2022-04-21,7.9,8.1,WorthPoint
seymchan-meteorite,25.6 Gram SEYMCHAN IRON METEORITE - ETCHED SLICE-PERFECT FOR JEWELRY!,55.5,2022-04-18,25.6,2.17,WorthPoint
seymchan-meteorite,11.6 Gram SEYMCHAN METEORITE Etched Iron Specimen - Great For Jewelry!,24.0,2022-04-17,11.6,2.07,WorthPoint
seymchan-meteorite,10.7 Gram SEYMCHAN IRON METEORITE - ETCHED SLICE - PERFECT FOR JEWELRY!,31.2,2022-04-17,10.7,2.92,WorthPoint
seymchan-meteorite,11.5 Gram SEYMCHAN METEORITE PALLASITE - Great For Jewelry - Very Stable!,56.0,2022-04-14,11.5,4.87,WorthPoint
seymchan-meteorite,25.4 Gram SEYMCHAN METEORITE PALLASITE - Great For Jewelry - Very Stable!,124.6,2022-04-12,25.4,4.91,WorthPoint
seymchan-meteorite,2.36 Grams Seymchan Russian Meteorite Cut Iron Fragment Slice Found On June 1967,8.99,2022-04-12,2.36,3.81,WorthPoint
seymchan-meteorite,AWESOME 46.4 Gram SEYMCHAN METEORITE Pallasite Specimen - Great For Jewelry!,174.0,2022-04-10,46.4,3.75,WorthPoint
seymchan-meteorite,9.29 Gram SEYMCHAN METEORITE Pallasite -Beautiful GLOWING CRYSTALS,56.25,2022-04-07,9.29,6.05,WorthPoint
seymchan-meteorite,5.57 Gram SEYMCHAN METEORITE Pallasite -Beautiful GLOWING CRYSTALS,37.5,2022-04-06,5.57,6.73,WorthPoint
seymchan-meteorite,"16,5 Gr, Meteorite Seymchan, Russia, Russia.",179.0,2022-04-04,5.0,35.8,WorthPoint
seymchan-meteorite,"Big, Thin, Seymchan 31.6g, Etched, Pallasite Meteorite. Stable! Won't Rust!",316.0,2022-04-04,31.6,10.0,WorthPoint
seymchan-meteorite,"Seymchan 214.5g, Etched, Iron Meteorite. Stable! Thick End, Great Etch!",225.0,2022-04-04,214.5,1.05,WorthPoint
seymchan-meteorite,12.4 Gram SEYMCHAN METEORITE PALLASITE - Great For Jewelry - Very Stable!,64.5,2022-04-03,12.4,5.2,WorthPoint
seymchan-meteorite,"Meteorite Seymchan Small Etched Cut Block 153.2 Grams, Very Nice Structure",244.99,2022-03-29,153.2,1.6,WorthPoint
seymchan-meteorite,9.88 G SEYMCHAN METEORITE Pallasite Specimen - NICE OLIVINE- Great For Jewelry!,99.0,2022-03-28,9.88,10.02,WorthPoint
seymchan-meteorite,4.52 Gram SEYMCHAN METEORITE Pallasite -Beautiful GLOWING CRYSTALS,45.0,2022-03-28,4.52,9.96,WorthPoint
seymchan-meteorite,"Seymchan 401g, Etched, Iron Meteorite. Stable! Thick Cut, Great Etch!",407.0,2022-03-28,401.0,1.01,WorthPoint
seymchan-meteorite,Give Her The Stars! Heart Shaped Seymchan Meteor In A Stainless Pendant Necklace,27.99,2022-03-26,,,WorthPoint
seymchan-meteorite,"Meteorite Seymchan Small Olivined Cut Block 202.2 Grams, Very Nice Structure",1211.99,2022-03-25,202.2,5.99,WorthPoint
seymchan-meteorite,29.0 Gram SEYMCHAN METEORITE PALLASITE - Great For Jewelry - Very Stable!,167.2,2022-03-25,29.0,5.77,WorthPoint
seymchan-meteorite,44.9 Gram SEYMCHAN METEORITE PALLASITE - Great For Jewelry - Very Stable!,314.0,2022-03-24,44.9,6.99,WorthPoint
seymchan-meteorite,2012 Cook Islands Seymchan Meteorite Coin,80.0,2022-03-23,,,WorthPoint
seymchan-meteorite,SEYMCHAN IRON METEORITE PALLASITE Etched Carving Specimen AUTHENTIC RUSSIA,69.95,2022-03-21,,,WorthPoint
seymchan-meteorite,"Seymchan 48.5g, Etched, Pallasite Meteorite. Stable! Won't Rust!",155.0,2022-03-21,48.5,3.2,WorthPoint
seymchan-meteorite,34.74 Gram SEYMCHAN IRON METEORITE - ETCHED SLICE - PERFECT FOR JEWELRY!,84.0,2022-03-19,34.74,2.42,WorthPoint
seymchan-meteorite,"Meteorite Seymchan Pallasite FACETED COLORED OLIVINE GEM 4.66 Mm, 0.411 Ct #44",164.99,2022-03-19,0.082,2012.07,WorthPoint
seymchan-meteorite,AWESOME 60.6 Gram SEYMCHAN METEORITE Pallasite - Slice - Great For Jewelry!,319.2,2022-03-18,60.6,5.27,WorthPoint
seymchan-meteorite,"51.6 Grams, Seymchan Pallasite Meteorite Slice, 1967 Russia",300.0,2022-03-13,51.6,5.81,WorthPoint
seymchan-meteorite,"9.62 Gram SEYMCHAN Pallasite METEORITE - Etched SPECIMEN, PERFECT FOR JEWELRY!",125.0,2022-03-13,9.62,12.99,WorthPoint
seymchan-meteorite,1.72 Grams Seymchan Russian Meteorite Cut Iron Fragment Slice Found On June 1967,6.99,2022-03-11,1.72,4.06,WorthPoint
seymchan-meteorite,Seymchan Pallasite 578 Grams Thick Slice!,1000.0,2022-03-06,578.0,1.73,WorthPoint
seymchan-meteorite,Meteorite Seymchan Complete Siderite Piece 613 Grams,919.99,2022-03-06,613.0,1.5,WorthPoint
seymchan-meteorite,Seymchan Iron 138.30g Rare Complete Small Individual,415.0,2022-03-05,138.3,3.0,WorthPoint
seymchan-meteorite,7.75 G SEYMCHAN METEORITE Pallasite Specimen - NICE OLIVINE- Great For Jewelry!,79.2,2022-03-03,7.75,10.22,WorthPoint
seymchan-meteorite,Finely Carved Seymchan Meteorite Sphere With Large And Well-distributed Pockets,3500.0,2022-03-03,,,WorthPoint
seymchan-meteorite,"Meteorite**Seymchan, Pallasite-PMG Russia**14.935 Grams Slice, HIGH QUALITY!!",151.5,2022-02-28,14.935,10.14,WorthPoint
seymchan-meteorite,"38.6 Gram SEYMCHAN Pallasite METEORITE - Etched SPECIMEN, PERFECT FOR JEWELRY!",308.8,2022-02-27,38.6,8.0,WorthPoint
seymchan-meteorite,9.8 Gram SEYMCHAN METEORITE Pallasite -Beautiful GLOWING CRYSTALS,79.2,2022-02-23,9.8,8.08,WorthPoint
seymchan-meteorite,"Meteorite**Seymchan, Pallasite-PMG Russia**5.037 Grams Slice,W/ Widmanst√§tten!!",15.5,2022-02-22,5.037,3.08,WorthPoint
seymchan-meteorite,AWESOME 12.2 Gram SEYMCHAN METEORITE Pallasite Specimen - Great For Jewelry!,60.0,2022-02-17,12.2,4.92,WorthPoint
seymchan-meteorite,6.0 Gram SEYMCHAN METEORITE Pallasite -Beautiful GLOWING CRYSTALS,59.0,2022-02-10,6.0,9.83,WorthPoint
seymchan-meteorite,SEYMCHAN METEORITE Pallasite - Small Meteorite Sample,22.5,2022-02-09,,,WorthPoint
seymchan-meteorite,"Meteorite Seymchan Small Etched Cut Block 16.2 Grams, Very Nice Structure",39.99,2022-02-08,16.2,2.47,WorthPoint
seymchan-meteorite,15.7 Gram SEYMCHAN IRON METEORITE - ETCHED SLICE - PERFECT FOR JEWELRY!,50.0,2022-01-31,15.7,3.18,WorthPoint
seymchan-meteorite,2.14 Grams Seymchan Russian Meteorite Cut Iron Fragment Slice Found On June 1967,8.99,2022-01-23,2.14,4.2,WorthPoint
seymchan-meteorite,"Meteorite Seymchan Pallasite FACETED COLORED OLIVINE GEM 3.51 Mm, 0.174 Ct #47",21.99,2022-01-22,0.035,628.29,WorthPoint
seymchan-meteorite,"Meteorite Seymchan Pallasite FACETED OLIVINE GEM, 2 Pieces 3.0 Mm Each, 0.236 Ct",119.99,2022-01-22,0.047,2552.98,WorthPoint
seymchan-meteorite,"Meteorite Seymchan Pallasite FACETED COLORED OLIVINE GEM 3.66 Mm, 0.197 Ct #46",24.99,2022-01-22,0.039,640.77,WorthPoint
seymchan-meteorite,1.98 Grams Seymchan Russian Meteorite Cut Iron Fragment Slice Found On June 1967,8.99,2022-01-21,1.98,4.54,WorthPoint
seymchan-meteorite,TRANSITION SLICE 474 G SEYMCHAN METEORITE Pallasite -Beautiful CRYSTALS/METAL,799.2,2022-01-20,474.0,1.69,WorthPoint
seymchan-meteorite,Seymchan Etched Meteorite 11.8 Grams Part Slice!,26.4,2022-01-18,11.8,2.24,WorthPoint
seymchan-meteorite,33.8 Gram SEYMCHAN IRON METEORITE - ETCHED SLICE - PERFECT FOR JEWELRY!,39.2,2022-01-17,33.8,1.16,WorthPoint
seymchan-meteorite,Seymchan Etched Meteorite 15.4 Grams Part Slice!,33.0,2022-01-16,15.4,2.14,WorthPoint
seymchan-meteorite,RARE 20 EXSIST Seymchan Meteorite 2012 Cook Islands 20g Silver Coin NGC PF69,179.5,2022-01-16,20.0,8.97,WorthPoint
seymchan-meteorite,3.55 Gram Seymchan Meteorite Slice - Pallasite - Found 1967 In Russia,54.99,2022-01-11,3.55,15.49,WorthPoint
seymchan-meteorite,Seymchan Meteorite Part Slice 33.3 Grams,66.0,2022-01-10,33.3,1.98,WorthPoint
seymchan-meteorite,77.3 G SEYMCHAN PALLASITE METEORITE - POLISHED SPECIMEN - PERFECT FOR JEWELRY!,750.0,2022-01-10,77.3,9.7,WorthPoint
seymchan-meteorite,Seymchan Meteorite Part Slice 28.9 Grams,57.2,2022-01-09,28.9,1.98,WorthPoint
seymchan-meteorite,"Meteorite Seymchan Pallasite FACETED COLORED OLIVINE GEM 4.30 Mm, 0.318 Ct #45",23.99,2022-01-07,0.064,374.84,WorthPoint
seymchan-meteorite,Seymchan Meteorite Part Slice 13.6 Grams!,29.7,2022-01-04,13.6,2.18,WorthPoint
seymchan-meteorite,RARE Authentic Large Russian Seymchan Olivine Crystal Meteorite Slice Specimen,1403.0,2022-01-04,,,WorthPoint
seymchan-meteorite,34.7 Gram SEYMCHAN METEORITE Etched Iron Specimen - Great For Jewelry!,75.0,2022-01-01,34.7,2.16,WorthPoint
seymchan-meteorite,Seymchan Meteorite Part Slice 8.9 Grams,25.3,2022-01-01,8.9,2.84,WorthPoint
seymchan-meteorite,Seymchan Meteorite Part Slice 5.4 Grams!,18.7,2022-01-01,5.4,3.46,WorthPoint
seymchan-meteorite,"Meteorite Seymchan Small Etched Cut Block 32.7 Grams, Very Nice Structure",65.99,2021-12-31,32.7,2.02,WorthPoint
seymchan-meteorite,Seymchan Pallasite Meteorite 6 Grams,20.0,2021-12-31,6.0,3.33,WorthPoint
seymchan-meteorite,AWESOME 37.8 Gram SEYMCHAN METEORITE Pallasite Specimen - Great For Jewelry!,189.0,2021-12-29,37.8,5.0,WorthPoint
seymchan-meteorite,Seymchan Meteorite Part Slice 29.5 Grams!,58.3,2021-12-29,29.5,1.98,WorthPoint
seymchan-meteorite,45.28 Gram SEYMCHAN METEORITE Pallasite - Beautiful CRYSTALS,354.0,2021-12-29,45.28,7.82,WorthPoint
seymchan-meteorite,AWESOME 48.5 Gram SEYMCHAN METEORITE Pallasite Specimen - Great For Jewelry!,242.0,2021-12-27,48.5,4.99,WorthPoint
seymchan-meteorite,"Meteorite Seymchan Pallasite FACETED COLORED OLIVINE GEM 5.05 Mm, 0.528 Ct #44",52.99,2021-12-27,0.106,499.91,WorthPoint
seymchan-meteorite,"Meteorite Seymchan Pallasite FACETED COLORED OLIVINE GEM 4.10 Mm, 0.278 Ct #55",55.99,2021-12-27,0.056,999.82,WorthPoint
seymchan-meteorite,"Meteorite Seymchan Pallasite FACETED COLORED OLIVINE GEM 4.55 Mm, 0.389 Ct #49",38.99,2021-12-27,0.078,499.87,WorthPoint
seymchan-meteorite,"Meteorite Seymchan Pallasite FACETED COLORED OLIVINE GEM 4.02 Mm, 0.258 Ct #48",38.99,2021-12-27,0.052,749.81,WorthPoint
seymchan-meteorite,"Meteorite Seymchan Small Etched Cut Block 96.7 Grams, Very Nice Structure",173.99,2021-12-27,96.7,1.8,WorthPoint
seymchan-meteorite,This Is An Awesome Museum Grade Seymchan Meteorite Pyramid Carving,1575.0,2021-12-26,,,WorthPoint
seymchan-meteorite,13.3 G SEYMCHAN METEORITE Pallasite Specimen - NICE OLIVINE- Great For Jewelry!,179.0,2021-12-25,13.3,13.46,WorthPoint
seymchan-meteorite,21.9 Gram SEYMCHAN IRON METEORITE - ETCHED SLICE - PERFECT FOR JEWELRY!,52.0,2021-12-24,21.9,2.37,WorthPoint
seymchan-meteorite,17.8 G SEYMCHAN METEORITE Pallasite Specimen - NICE OLIVINE- Great For Jewelry!,180.0,2021-12-23,17.8,10.11,WorthPoint
seymchan-meteorite,14.6 G SEYMCHAN METEORITE Pallasite Specimen - NICE OLIVINE- Great For Jewelry!,159.2,2021-12-21,14.6,10.9,WorthPoint
seymchan-meteorite,"Meteorite Seymchan Small Etched Cut Block 26.8 Grams, Very Nice Structure",53.99,2021-12-18,26.8,2.01,WorthPoint
seymchan-meteorite,"Meteorite Seymchan Small Etched Cut Block 17.3 Grams, Very Nice Structure",39.99,2021-12-18,17.3,2.31,WorthPoint
seymchan-meteorite,"Meteorite Seymchan Small Etched Cut Block 28.3 Grams, Very Nice Structure",56.99,2021-12-18,28.3,2.01,WorthPoint
seymchan-meteorite,"Meteorite Seymchan Small Etched Cut Block 17.2 Grams, Very Nice Structure",39.99,2021-12-18,17.2,2.33,WorthPoint
seymchan-meteorite,Seymchan Etched Meteorite 19.3 Grams Part Slice!,40.7,2021-12-18,19.3,2.11,WorthPoint
seymchan-meteorite,Seymchan Meteorite Part Slice 45 Grams,86.9,2021-12-17,45.0,1.93,WorthPoint
seymchan-meteorite,Seymchan Meteorite Part Slice 44.6 Grams,86.9,2021-12-17,44.6,1.95,WorthPoint
seymchan-meteorite,Seymchan Meteorite Piece From Russia,54.99,2021-12-17,,,WorthPoint
seymchan-meteorite,Seymchan Etched Meteorite 24.8 Grams Part Slice!,50.6,2021-12-15,24.8,2.04,WorthPoint
seymchan-meteorite,2012 Cook Islands Silver $5 Seymchan Meteorite Ngc Pf 69 Uc Only 6 Graded Higher,74.0,2021-12-15,6.0,12.33,WorthPoint
seymchan-meteorite,Seymchan Etched Meteorite 18.1 Grams Part Slice!,38.5,2021-12-13,18.1,2.13,WorthPoint
seymchan-meteorite,11.7 G SEYMCHAN METEORITE Pallasite Specimen - NICE OLIVINE- Great For Jewelry!,112.0,2021-12-12,11.7,9.57,WorthPoint
seymchan-meteorite,1.29 Grams Seymchan Russian Meteorite Cut Fragment Slice Found On June 1967,5.99,2021-12-11,1.29,4.64,WorthPoint
seymchan-meteorite,Seymchan 111.1g Meteorite STUNNING UNIQUE TRANSITIONAL SLICE Gorgeous Olivines!,675.0,2021-12-09,111.1,6.08,WorthPoint
seymchan-meteorite,14.0 Gram SEYMCHAN METEORITE Etched Iron Specimen - Great For Jewelry!,28.0,2021-12-06,14.0,2.0,WorthPoint
seymchan-meteorite,Seymchan Meteorite Part Slice 13.2 Grams,28.6,2021-12-03,13.2,2.17,WorthPoint
seymchan-meteorite,"4.56 Gram SEYMCHAN Pallasite METEORITE - Etched SPECIMEN, PERFECT FOR JEWELRY!",40.0,2021-12-03,4.56,8.77,WorthPoint
seymchan-meteorite,1.81 Grams Seymchan Russian Meteorite Cut Iron Fragment Slice Found On June 1967,6.99,2021-12-01,1.81,3.86,WorthPoint
seymchan-meteorite,"NEW! Meteorite Seymchan, Lot Of 2 Cut Pieces. 51.7 Grams",6.5,2021-11-28,51.7,0.13,WorthPoint
seymchan-meteorite,5.0 Gram SEYMCHAN IRON METEORITE - ETCHED SLICE-PERFECT FOR JEWELRY! PALLASITE!!,20.5,2021-11-26,5.0,4.1,WorthPoint
seymchan-meteorite,"NEW! Meteorite Seymchan, Lot Of Cuts. 28 Gr",11.61,2021-11-21,28.0,0.41,WorthPoint
seymchan-meteorite,"70.9 Gram SEYMCHAN PALLASITE METEORITE - Polished SPECIMEN, PERFECT FOR JEWELRY!",637.5,2021-11-20,70.9,8.99,WorthPoint
seymchan-meteorite,21.1 Gram SEYMCHAN METEORITE Etched Iron Specimen - Great For Jewelry!,35.7,2021-11-19,21.1,1.69,WorthPoint
seymchan-meteorite,26.72 Gram SEYMCHAN IRON METEORITE - ETCHED SLICE - PERFECT FOR JEWELRY!,68.0,2021-11-15,26.72,2.54,WorthPoint
seymchan-meteorite,6.54 G SEYMCHAN METEORITE Pallasite Specimen - NICE OLIVINE- Great For Jewelry!,84.15,2021-11-15,6.54,12.87,WorthPoint
seymchan-meteorite,2.15 Grams Seymchan Russian Meteorite Cut Iron Fragment Slice Found On June 1967,14.5,2021-11-15,2.15,6.74,WorthPoint
seymchan-meteorite,"NEW! Meteorite Seymchan, Lot Of Cuts. 25 Gr",10.83,2021-11-14,25.0,0.43,WorthPoint
seymchan-meteorite,"Seymchan Pallasite Meteorite, 78.3g Slice. Translucent Crystals, Stable!",700.0,2021-11-14,78.3,8.94,WorthPoint
seymchan-meteorite,25.6 Gram SEYMCHAN METEORITE - Etched Pallasite Slice - Under $5 Per Gram!,97.75,2021-11-12,25.6,3.82,WorthPoint
seymchan-meteorite,Seymchan Meteorite End Cut 7.5 Grams!,23.1,2021-11-12,7.5,3.08,WorthPoint
seymchan-meteorite,.152 Grams Seymchan Russian Meteorite Cut Fragment Slice Found On June 1967,5.5,2021-11-12,152.0,0.04,WorthPoint
seymchan-meteorite,"NEW! Meteorite Seymchan, Lot Of 2 Cut Pieces. 33 Grams",12.25,2021-11-07,33.0,0.37,WorthPoint
seymchan-meteorite,Seymchan Meteorite Part Slice 11.7 Grams,26.4,2021-11-07,11.7,2.26,WorthPoint
seymchan-meteorite,Seymchan Meteorite Part Slice 16.2 Grams,34.1,2021-11-07,16.2,2.1,WorthPoint
seymchan-meteorite,6.7 Gram SEYMCHAN IRON METEORITE - ETCHED SLICE-PERFECT FOR JEWELRY!! Pallasite!,20.5,2021-11-01,6.7,3.06,WorthPoint
seymchan-meteorite,7.80 G SEYMCHAN METEORITE Pallasite Specimen - NICE OLIVINE- Great For Jewelry!,84.15,2021-10-31,7.8,10.79,WorthPoint
seymchan-meteorite,AWESOME 221gram SEYMCHAN Metorite Iron/pallesite INDIVIDUAL,355.0,2021-10-30,221.0,1.61,WorthPoint
seymchan-meteorite,14.5 Gram SEYMCHAN METEORITE Etched Iron Specimen - Great For Jewelry!,29.75,2021-10-28,14.5,2.05,WorthPoint
seymchan-meteorite,"3.77 Gram SEYMCHAN Pallasite METEORITE - Etched SPECIMEN, PERFECT FOR JEWELRY!",42.5,2021-10-28,3.77,11.27,WorthPoint
seymchan-meteorite,"Seymchan Pallasite Meteorite, 86.2g Slice. Translucent Crystals, Stable!",860.0,2021-10-25,86.2,9.98,WorthPoint
seymchan-meteorite,"NEW! Meteorite Seymchan, Lot Of 2 Cut Pieces. 42.2 Grams",26.0,2021-10-24,42.2,0.62,WorthPoint
seymchan-meteorite,4.1 Gram SEYMCHAN METEORITE Pallasite -Beautiful GLOWING CRYSTALS,41.65,2021-10-24,4.1,10.16,WorthPoint
seymchan-meteorite,Seymchan Meteorite Part Slice 10 Grams,23.1,2021-10-22,10.0,2.31,WorthPoint
seymchan-meteorite,14.9 G SEYMCHAN METEORITE Pallasite Specimen - NICE OLIVINE- Great For Jewelry!,170.0,2021-10-17,14.9,11.41,WorthPoint
seymchan-meteorite,"31.4 Grams, Seymchan Stony-iron Pallasite Meteorite Slice, 1967 Russian Fall",48.6,2021-10-15,31.4,1.55,WorthPoint
seymchan-meteorite,"16.4 Gram SEYMCHAN PALLASITE METEORITE - Polished SPECIMEN, PERFECT FOR JEWELRY!",140.25,2021-10-13,16.4,8.55,WorthPoint
seymchan-meteorite,12.69 Gram SEYMCHAN METEORITE Pallasite -Beautiful GLOWING CRYSTALS,92.65,2021-10-12,12.69,7.3,WorthPoint
seymchan-meteorite,"24.2 Gram SEYMCHAN Pallasite METEORITE - Polished SPECIMEN, PERFECT FOR JEWELRY!",212.5,2021-10-12,24.2,8.78,WorthPoint
seymchan-meteorite,"Seymchan Pallasite 5.8g Iron Meteorite, Beautiful Etched Part Slice, Gorgeous!!",41.0,2021-10-10,5.8,7.07,WorthPoint
seymchan-meteorite,"Seymchan Pallasite 22.1g Iron Meteorite, Beautiful Polished Part Slice",80.0,2021-10-06,22.1,3.62,WorthPoint
seymchan-meteorite,Seymchan IIE Iron/ Pallasite PMG Meteorite Slice Russia 7.29 Grams,39.75,2021-10-05,7.29,5.45,WorthPoint
seymchan-meteorite,"88.2 Gram SEYMCHAN PALLASITE METEORITE - Polished SPECIMEN, PERFECT FOR JEWELRY!",890.0,2021-10-05,88.2,10.09,WorthPoint
seymchan-meteorite,Museum Quality! Super Sphere! Sensational Seymchan Pallasite Meteorite 316 Gms,2361.75,2021-10-03,316.0,7.47,WorthPoint
seymchan-meteorite,SEYMCHAN METEORITE Slice Metal & Olivine 21.3 Grams,65.0,2021-10-03,21.3,3.05,WorthPoint
seymchan-meteorite,Seymchan Etched Meteorite 8.5 Grams Part Slice!,25.3,2021-10-02,8.5,2.98,WorthPoint
seymchan-meteorite,27.02 Gram SEYMCHAN IRON METEORITE - ETCHED SLICE - PERFECT FOR JEWELRY!,82.0,2021-09-28,27.02,3.03,WorthPoint
seymchan-meteorite,"10.1 Gram SEYMCHAN Pallasite METEORITE - Polished SPECIMEN, PERFECT FOR JEWELRY!",125.0,2021-09-27,10.1,12.38,WorthPoint
seymchan-meteorite,Seymchan Pallasite Meteorite Part Slice 19.1 Grams,132.0,2021-09-26,19.1,6.91,WorthPoint
seymchan-meteorite,Seymchan Pallasite Meteorite End Cut 21.3 Grams,137.5,2021-09-26,21.3,6.46,WorthPoint
seymchan-meteorite,"12.6 Gram SEYMCHAN Pallasite METEORITE - Polished SPECIMEN, PERFECT FOR JEWELRY!",155.0,2021-09-24,12.6,12.3,WorthPoint
seymchan-meteorite,Seymchan Meteorite Pallasite Part Slice 19.9 Grams!,70.4,2021-09-24,19.9,3.54,WorthPoint
seymchan-meteorite,"4.55 Gram SEYMCHAN Pallasite METEORITE - Polished SPECIMEN, PERFECT FOR JEWELRY!",55.0,2021-09-24,4.55,12.09,WorthPoint
seymchan-meteorite,SEYMCHAN METEORITE Slice Metal & Olivine 29 Grams,87.0,2021-09-19,29.0,3.0,WorthPoint
seymchan-meteorite,Seymchan Meteorite Part Slice 29.1 Grams,58.3,2021-09-11,29.1,2.0,WorthPoint
seymchan-meteorite,Seymchan Meteorite Part Slice 30 Grams,59.4,2021-09-10,30.0,1.98,WorthPoint
seymchan-meteorite,11.3 Gram SEYMCHAN IRON METEORITE - ETCHED SLICE-PERFECT FOR JEWELRY! PALLLASITE,26.0,2021-09-10,11.3,2.3,WorthPoint
seymchan-meteorite,Seymchan Etched Meteorite 35.1 Grams Part Slice!,69.3,2021-09-06,35.1,1.97,WorthPoint
seymchan-meteorite,Seymchan Etched Meteorite 31.1 Grams Part Slice!,61.6,2021-09-06,31.1,1.98,WorthPoint
seymchan-meteorite,Seymchan Meteorite Part Slice 36.5 Grams,71.5,2021-09-06,36.5,1.96,WorthPoint
seymchan-meteorite,Seymchan Meteorite Russia Thick Slice Featuring Olivine Pocket 108 Grams,110.5,2021-09-05,108.0,1.02,WorthPoint
seymchan-meteorite,Seymchan Meteorite Part Slice 51.6 Grams,99.0,2021-09-01,51.6,1.92,WorthPoint
seymchan-meteorite,2.81 Grams Seymchan Russian Meteorite Cut Iron Fragment Slice Found On June 1967,6.8,2021-08-28,2.81,2.42,WorthPoint
seymchan-meteorite,1.91 Grams Seymchan Russian Meteorite Cut Iron Fragment Slice Found On June 1967,6.8,2021-08-28,1.91,3.56,WorthPoint
seymchan-meteorite,Seymchan Meteorite 2.46 Grams Found 1967 In Russia Pallasite TKW 323.3 Kg,34.0,2021-08-28,2.46,13.82,WorthPoint
seymchan-meteorite,2.6 Gram SEYMCHAN METEORITE Pallasite -Beautiful GLOWING CRYSTALS,39.0,2021-08-25,2.6,15.0,WorthPoint
seymchan-meteorite,Seymchan IIE Iron/ Pallasite PMG Meteorite Lot Russia 28.52 Grams,49.75,2021-08-25,28.52,1.74,WorthPoint
seymchan-meteorite,7.4 Gram SEYMCHAN METEORITE Pallasite -Beautiful GLOWING CRYSTALS,67.5,2021-08-24,7.4,9.12,WorthPoint
seymchan-meteorite,3.2 Gram SEYMCHAN METEORITE Pallasite -Beautiful GLOWING CRYSTALS,17.1,2021-08-23,3.2,5.34,WorthPoint
seymchan-meteorite,2.04 Grams Seymchan Russian Meteorite Cut Iron Fragment Slice Found On June 1967,6.8,2021-08-22,2.04,3.33,WorthPoint
seymchan-meteorite,Seymchan Meteorite Part Slice 14.2 Grams,30.8,2021-08-21,14.2,2.17,WorthPoint
seymchan-meteorite,Seymchan Etched Meteorite 17.5 Grams Part Slice!,37.4,2021-08-21,17.5,2.14,WorthPoint
seymchan-meteorite,8.7 Gram SEYMCHAN METEORITE Pallasite -Beautiful GLOWING CRYSTALS,80.1,2021-08-20,8.7,9.21,WorthPoint
seymchan-meteorite,10.7 G SEYMCHAN METEORITE Pallasite Specimen - NICE OLIVINE- Great For Jewelry!,135.0,2021-08-20,10.7,12.62,WorthPoint
seymchan-meteorite,AWESOME 4.85 Gram SEYMCHAN METEORITE Pallasite Specimen - Great For Jewelry!,80.1,2021-08-20,4.85,16.52,WorthPoint
seymchan-meteorite,5.8 Gram SEYMCHAN METEORITE Pallasite -Beautiful GLOWING CRYSTALS,53.1,2021-08-20,5.8,9.16,WorthPoint
seymchan-meteorite,18.14 Gram SEYMCHAN IRON METEORITE - ETCHED SLICE - PERFECT FOR JEWELRY!,49.5,2021-08-17,18.14,2.73,WorthPoint
seymchan-meteorite,SEYMCHAN METEORITE Slice Metal & Olivine 13 Grams,45.0,2021-08-17,13.0,3.46,WorthPoint
seymchan-meteorite,"Seymchan Pallasite 11.2g Iron Meteorite, Beautiful Etched Part Slice, Gorgeous!!",22.0,2021-08-14,11.2,1.96,WorthPoint
seymchan-meteorite,"2012 Cook Islands Seymchan Meteorite, Silver Proof $5, Genuine Embedded Fragment",128.0,2021-08-14,,,WorthPoint
seymchan-meteorite,Meteorite Seymchan Pallasitic Cut Block 219 Grams,547.49,2021-08-12,219.0,2.5,WorthPoint
seymchan-meteorite,Seymchan Etched Meteorite 10.5 Grams Part Slice!,24.2,2021-08-11,10.5,2.3,WorthPoint
seymchan-meteorite,Seymchan Meteorite End Cut 20 Grams!,33.44,2021-08-09,20.0,1.67,WorthPoint
seymchan-meteorite,4.6 Gram SEYMCHAN METEORITE Pallasite -Beautiful GLOWING CRYSTALS,49.0,2021-08-07,4.6,10.65,WorthPoint
seymchan-meteorite,"Seymchan 105.6g Iron Meteorite, Beautiful End Cut With 2 Sides Etched Gorgeous!!",155.0,2021-08-05,105.6,1.47,WorthPoint
seymchan-meteorite,Rare Pallasite Meteorite Seymchan 56.1 Grams With Stand And Coa,209.0,2021-08-04,56.1,3.73,WorthPoint
seymchan-meteorite,"Meteorite Seymchan Pallasite FACETED OLIVINE GEM, 1 Piece 4.15 Mm, 0.269 Ct #19",134.99,2021-07-30,0.054,2499.81,WorthPoint
seymchan-meteorite,Seymchan Pallasite Meteorite Part Slice 37.9 Grams,165.0,2021-07-30,37.9,4.35,WorthPoint
seymchan-meteorite,SEYMCHAN IRON METEORITE SPHERE Rhodium Plated Etched WIDMANSTATTEN Pattern,449.95,2021-07-28,,,WorthPoint
seymchan-meteorite,Seymchan Meteorite Part Slice 13.8 Grams,25.24,2021-07-26,13.8,1.83,WorthPoint
seymchan-meteorite,Seymchan Meteorite Part Slice 12.2 Grams,27.5,2021-07-21,12.2,2.25,WorthPoint
seymchan-meteorite,"Seymchan Meteorite 91.9 Grams Found1967 Russia Pallasite, PMG TKW 323.3 Kg SLICE",210.0,2021-07-21,91.9,2.29,WorthPoint
seymchan-meteorite,3.0 Gram SEYMCHAN METEORITE Pallasite -Beautiful GLOWING CRYSTALS,39.0,2021-07-21,3.0,13.0,WorthPoint
seymchan-meteorite,"Seymchan 57.1g Iron Meteorite, Etched Part Slice.",85.0,2021-07-19,57.1,1.49,WorthPoint
seymchan-meteorite,"Meteorite Seymchan Completed Piece 1051 Grams, Very Nice Structure",999.99,2021-07-12,1051.0,0.95,WorthPoint
seymchan-meteorite,Seymchan IIE Iron/Pallasite PMG Meteorite Pendant Necklace 18-20 Inches,12.75,2021-07-11,,,WorthPoint
seymchan-meteorite,18.9 Gram SEYMCHAN METEORITE Etched Iron Specimen - Great For Jewelry!,40.0,2021-07-05,18.9,2.12,WorthPoint
seymchan-meteorite,Seymchan Pallasite Meteorite Part Slice 34.1 Grams,229.9,2021-07-03,34.1,6.74,WorthPoint
seymchan-meteorite,11.9 Grams Seymchan Russian Meteorite Cut Iron 30x21x2mm Slice Found Russia 1967,40.0,2021-07-01,11.9,3.36,WorthPoint
seymchan-meteorite,NEW! Meteorite Seymchan Lot Of Small Cuts From A Pallasite Piece. 28 Grams,6.05,2021-06-28,28.0,0.22,WorthPoint
seymchan-meteorite,Seymchan Meteorite Part Slice 20.9 Grams,39.0,2021-06-23,20.9,1.87,WorthPoint
seymchan-meteorite,Seymchan Meteorite Part Slice 16.1 Grams,31.0,2021-06-23,16.1,1.93,WorthPoint
seymchan-meteorite,27.9 Gram SEYMCHAN METEORITE - Etched Pallasite Slice - Under $5 Per Gram!,139.0,2021-06-23,27.9,4.98,WorthPoint
seymchan-meteorite,Seymchan Meteorite Part Slice 11.3 Grams,23.0,2021-06-22,11.3,2.04,WorthPoint
seymchan-meteorite,AWESOME 18.8 Gram SEYMCHAN METEORITE Pallasite Specimen - Great For Jewelry!,120.0,2021-06-20,18.8,6.38,WorthPoint
seymchan-meteorite,Seymchan Etched Meteorite 8.3 Grams Part Slice!,22.0,2021-06-19,8.3,2.65,WorthPoint
seymchan-meteorite,Cool Shape 28.59 Gram SEYMCHAN METEORITE Pallasite -Beautiful GLOWING CRYSTALS,290.0,2021-06-19,28.59,10.14,WorthPoint
seymchan-meteorite,AWESOME 11.0 Gram SEYMCHAN METEORITE Pallasite Specimen - Great For Jewelry!,135.0,2021-06-19,11.0,12.27,WorthPoint
seymchan-meteorite,Seymchan Meteorite Part Slice 47.4 Grams,83.0,2021-06-19,47.4,1.75,WorthPoint
seymchan-meteorite,4.7 Gram SEYMCHAN METEORITE Pallasite -Beautiful GLOWING CRYSTALS,49.0,2021-06-18,4.7,10.43,WorthPoint
seymchan-meteorite,Seymchan Etched Meteorite 11.5 Grams Part Slice!,24.0,2021-06-18,11.5,2.09,WorthPoint
seymchan-meteorite,Seymchan Meteorite Slab,1500.0,2021-06-17,,,WorthPoint
seymchan-meteorite,Seymchan Etched Meteorite 20 Grams Part Slice!,38.0,2021-06-17,20.0,1.9,WorthPoint
seymchan-meteorite,Seymchan Meteorite End Cut 5.8 Grams,14.0,2021-06-16,5.8,2.41,WorthPoint
seymchan-meteorite,Highly Aesthetic Seymchan Meteorite (Pallasite) Slice ~ 45.55 Grams,460.0,2021-06-15,45.55,10.1,WorthPoint
seymchan-meteorite,48.5 Gram SEYMCHAN IRON METEORITE - ETCHED SLICE - PERFECT FOR JEWELRY!,99.0,2021-06-13,48.5,2.04,WorthPoint
seymchan-meteorite,23.4 Gram SEYMCHAN METEORITE Pallasite - Iron And Olivine - Transition Slice,119.0,2021-06-12,23.4,5.09,WorthPoint
seymchan-meteorite,Seymchan Meteorite Pallasite Part Slice 54.4 Grams!,286.0,2021-06-11,54.4,5.26,WorthPoint
seymchan-meteorite,"Meteorite Lot Of 10 W/COAs - Golden Pallasite, Brahin, Seymchan, Gibeon + More!",84.95,2021-05-29,,,WorthPoint
seymchan-meteorite,Seymchan Pallasite Meteorite Part Slice 54.1 Grams,340.0,2021-05-26,54.1,6.28,WorthPoint
seymchan-meteorite,SUPERB 775g ETCHED SEYMCHAN PALLASITE METEORITE END CUT FULL OF STUNNING OLIVINE,6995.0,2021-05-25,775.0,9.03,WorthPoint
seymchan-meteorite,128.8g SEYMCHAN Meteorite Partial Slice I Spectacular Etch - TOP METEORITE,320.0,2021-05-25,128.8,2.48,WorthPoint
seymchan-meteorite,126g SEYMCHAN Meteorite Partial Slice I Spectacular Etch - TOP METEORITE,315.0,2021-05-25,126.0,2.5,WorthPoint
seymchan-meteorite,8.3 Gram SEYMCHAN METEORITE Pallasite -Beautiful GLOWING CRYSTALS,89.0,2021-05-25,8.3,10.72,WorthPoint
seymchan-meteorite,1.9 Gram SEYMCHAN METEORITE Pallasite -Beautiful GLOWING CRYSTALS,29.0,2021-05-24,1.9,15.26,WorthPoint
seymchan-meteorite,1.838 Grams Seymchan Russian Meteorite Cut Iron Fragment Widmanstatten Pattern,6.99,2021-05-22,1.838,3.8,WorthPoint
seymchan-meteorite,2.680 Grams Seymchan Russian Meteorite Cut Iron Fragment Widmanstatten Pattern,9.99,2021-05-22,2.68,3.73,WorthPoint
seymchan-meteorite,Give Her The Stars! Heart Shaped Seymchan Meteorite In A Stainless Pendant!,24.99,2021-05-21,,,WorthPoint
seymchan-meteorite,3.5 Gram SEYMCHAN METEORITE Pallasite -Beautiful GLOWING CRYSTALS,39.0,2021-05-21,3.5,11.14,WorthPoint
seymchan-meteorite,7.74 Gram SEYMCHAN IRON METEORITE - ETCHED SLICE - PERFECT FOR JEWELRY!,22.0,2021-05-20,7.74,2.84,WorthPoint
seymchan-meteorite,7.07 Gram SEYMCHAN IRON METEORITE - ETCHED SLICE - PERFECT FOR JEWELRY!,25.0,2021-05-17,7.07,3.54,WorthPoint
seymchan-meteorite,3.6 Gram SEYMCHAN METEORITE Pallasite -Beautiful GLOWING CRYSTALS,39.0,2021-05-17,3.6,10.83,WorthPoint
seymchan-meteorite,4.10 Grams Seymchan Russian Meteorite Cut Iron Fragment Slice Found On June 1967,13.0,2021-05-16,4.1,3.17,WorthPoint
seymchan-meteorite,2.70 Grams Seymchan Russian Meteorite Cut Iron Fragment Slice Found On June 1967,8.9,2021-05-16,2.7,3.3,WorthPoint
seymchan-meteorite,Seymchan Meteorite Pallasite Part Slice 46.1 Grams!,254.15,2021-05-15,46.1,5.51,WorthPoint
seymchan-meteorite,4.0 Gram SEYMCHAN METEORITE Pallasite -Beautiful GLOWING CRYSTALS,39.0,2021-05-12,4.0,9.75,WorthPoint
seymchan-meteorite,AWESOME 2.84 Gram SEYMCHAN METEORITE Pallasite Specimen - Great For Jewelry!,69.0,2021-05-11,2.84,24.3,WorthPoint
seymchan-meteorite,12.1 Gram SEYMCHAN METEORITE Etched Iron Specimen - Great For Jewelry!,25.0,2021-05-09,12.1,2.07,WorthPoint
seymchan-meteorite,1.93 Grams Seymchan Russian Meteorite Cut Iron Fragment Slice Found On June 1967,7.0,2021-05-09,1.93,3.63,WorthPoint
seymchan-meteorite,Meteorite: 303.7 Gram Seymchan Pallasite End Cut.,1005.0,2021-05-09,303.7,3.31,WorthPoint
seymchan-meteorite,6.3 Gram SEYMCHAN METEORITE Pallasite -Beautiful GLOWING CRYSTALS,65.0,2021-05-09,6.3,10.32,WorthPoint
seymchan-meteorite,Seymchan Meteorite Pallasite Part Slice 44.5 Grams!,237.0,2021-05-05,44.5,5.33,WorthPoint
seymchan-meteorite,7.2 Gram SEYMCHAN METEORITE Pallasite -Beautiful GLOWING CRYSTALS,75.0,2021-05-05,7.2,10.42,WorthPoint
seymchan-meteorite,Seymchan Pallasite Meteorite 29.9 Grams. Translucency With An Etched Pattern!!!,245.0,2021-05-02,29.9,8.19,WorthPoint
seymchan-meteorite,1.5 Gram SEYMCHAN METEORITE Pallasite -Beautiful GLOWING CRYSTALS,19.0,2021-05-01,1.5,12.67,WorthPoint
seymchan-meteorite,8.8 Gram SEYMCHAN METEORITE Pallasite -Beautiful GLOWING CRYSTALS,90.0,2021-05-01,8.8,10.23,WorthPoint
seymchan-meteorite,3.8 Gram SEYMCHAN METEORITE Pallasite -Beautiful GLOWING CRYSTALS,49.0,2021-05-01,3.8,12.89,WorthPoint
seymchan-meteorite,AWESOME 6.49 Gram SEYMCHAN METEORITE Pallasite Specimen - Great For Jewelry!,99.0,2021-04-29,6.49,15.25,WorthPoint
seymchan-meteorite,Seymchan Meteorite Pallasite Full Slice 87.4 Grams!,236.3,2021-04-28,87.4,2.7,WorthPoint
seymchan-meteorite,Great Deal! Low Price!l! Sensational Seymchan Iron Meteorite Slice! 24.1 Gms,44.25,2021-04-25,24.1,1.84,WorthPoint
seymchan-meteorite,AWESOME 2.85 Gram SEYMCHAN METEORITE Pallasite Specimen - Great For Jewelry!,69.0,2021-04-25,2.85,24.21,WorthPoint
seymchan-meteorite,"139 Grams Total Weight Seymchan Meteorite Pallasite Slice 3"" X 3""",97.87,2021-04-25,139.0,0.7,WorthPoint
seymchan-meteorite,Seymchan Pallasite Meteorite Full Slice 155.7 Grams,295.0,2021-04-21,155.7,1.89,WorthPoint
seymchan-meteorite,AWESOME 11.9 Gram SEYMCHAN METEORITE Pallasite Specimen - Great For Jewelry!,70.0,2021-04-17,11.9,5.88,WorthPoint
seymchan-meteorite,Seymchan Meteorite Pallasite Part Slice 8 Grams!,51.0,2021-04-17,8.0,6.38,WorthPoint
seymchan-meteorite,"RARE Pallasite Meteorite From Russia, SEYMCHAN",2500.0,2021-04-17,,,WorthPoint
seymchan-meteorite,19.4 Gram SEYMCHAN METEORITE Etched Iron Specimen - Great For Jewelry!,40.0,2021-04-15,19.4,2.06,WorthPoint
seymchan-meteorite,AWESOME 22.6 Gram SEYMCHAN METEORITE Pallasite Specimen - Great For Jewelry!,99.0,2021-04-15,22.6,4.38,WorthPoint
seymchan-meteorite,Seymchan Pallasite Meteorite Part Slice Rare Space Artifact 291 Grams!!!,565.0,2021-04-13,291.0,1.94,WorthPoint
seymchan-meteorite,AWESOME 5.62 Gram SEYMCHAN METEORITE Pallasite Specimen - Great For Jewelry!,115.0,2021-04-12,5.62,20.46,WorthPoint
seymchan-meteorite,Seymchan Pallasite Meteorite Part Slice Rare Space Artifact!!!,300.0,2021-04-11,,,WorthPoint
seymchan-meteorite,Seymchan Meteorite Pallasite Part Slice 12.8 Grams!,74.0,2021-04-09,12.8,5.78,WorthPoint
seymchan-meteorite,Seymchan Pallasite Meteorite Part Slice 40.3 Grams!,152.0,2021-04-04,40.3,3.77,WorthPoint
seymchan-meteorite,Seymchan Meteorite Guitar Pick Pendant (5.65 Grams),225.0,2021-04-03,5.65,39.82,WorthPoint
seymchan-meteorite,2.16 Grams Seymchan Russian Meteorite Cut Iron Fragment Slice Found On June 1967,6.49,2021-04-03,2.16,3.0,WorthPoint
seymchan-meteorite,AWESOME 6.25 Gram SEYMCHAN METEORITE Pallasite Specimen - Great For Jewelry!,125.0,2021-04-01,6.25,20.0,WorthPoint
seymchan-meteorite,2.07 Grams Seymchan Russian Meteorite Cut Iron Fragment Slice Found On June 1967,8.99,2021-04-01,2.07,4.34,WorthPoint
seymchan-meteorite,RARE SEYMCHAN IRON METEORITE SPHERE Rhodium Plated Carving Etched WIDMANSTATTEN,449.95,2021-03-31,,,WorthPoint
seymchan-meteorite,1.19 Grams Seymchan Russian Meteorite Cut Iron Fragment Slice Found On June 1967,5.99,2021-03-31,1.19,5.03,WorthPoint
seymchan-meteorite,3.06 Grams Seymchan Russian Meteorite Cut Iron Fragment Slice Found On June 1967,10.0,2021-03-29,3.06,3.27,WorthPoint
seymchan-meteorite,METEORITE; Full Etched Slice Of Seymchan Pallasite,569.0,2021-03-27,,,WorthPoint
seymchan-meteorite,Meteorite Seymchan Pallasitic Endcut Block 140 Grams,349.99,2021-03-26,140.0,2.5,WorthPoint
seymchan-meteorite,Seymchan Meteorite Pallasite Part Slice 58.8 Grams!,347.0,2021-03-22,58.8,5.9,WorthPoint
seymchan-meteorite,AWESOME 5.59 Gram SEYMCHAN METEORITE Pallasite Specimen - Great For Jewelry!,110.0,2021-03-22,5.59,19.68,WorthPoint
seymchan-meteorite,Seymchan Meteorite Pallasite Part Slice 19.8 Grams!,64.0,2021-03-21,19.8,3.23,WorthPoint
seymchan-meteorite,"Meteorite Seymchan Etched Cut Block 230 Grams, Very Nice Structure",459.99,2021-03-21,230.0,2.0,WorthPoint
seymchan-meteorite,38.9 Gram SEYMCHAN METEORITE - Etched Pallasite Slice - Under $5 Per Gram!,190.0,2021-03-20,38.9,4.88,WorthPoint
seymchan-meteorite,32.8 Gram SEYMCHAN IRON METEORITE - ETCHED SLICE - PERFECT FOR JEWELRY!,99.0,2021-03-20,32.8,3.02,WorthPoint
seymchan-meteorite,AWESOME 127.7 Gram SEYMCHAN METEORITE Pallasite Specimen - Great For Jewelry!,750.0,2021-03-20,127.7,5.87,WorthPoint
seymchan-meteorite,38.72 Gram SEYMCHAN IRON METEORITE - ETCHED SLICE - PERFECT FOR JEWELRY!,120.0,2021-03-20,38.72,3.1,WorthPoint
seymchan-meteorite,1.389 Grams Seymchan Russian Meteorite Cut Iron Fragment Widmanstatten Pattern,5.24,2021-03-20,1.389,3.77,WorthPoint
seymchan-meteorite,Cook Islands $5 Dollars Silver Proof Crown 2012 Seymchan Meteorite Embedded Coin,82.0,2021-03-17,,,WorthPoint
seymchan-meteorite,2.75 Grams Seymchan Russian Meteorite Cut Iron Fragment Slice Found On June 1967,7.99,2021-03-17,2.75,2.91,WorthPoint
seymchan-meteorite,Seymchan IIE Iron/Pallasite PMG Meteorite Slice Widmanstatten Russia 16.92 Grams,38.75,2021-03-15,16.92,2.29,WorthPoint
seymchan-meteorite,AWESOME 43.6 Gram SEYMCHAN METEORITE Pallasite Specimen - Great For Jewelry!,218.0,2021-03-13,43.6,5.0,WorthPoint
seymchan-meteorite,Meteorite Seymchan Pallasitic Endcut Block 139 Grams,347.49,2021-03-13,139.0,2.5,WorthPoint
seymchan-meteorite,2.040 Grams Seymchan Russian Meteorite Cut Iron Fragment Widmanstatten Pattern,7.99,2021-03-11,2.04,3.92,WorthPoint
seymchan-meteorite,1.981 Grams Seymchan Russian Meteorite Cut Iron Fragment Widmanstatten Pattern,6.99,2021-03-11,1.981,3.53,WorthPoint
seymchan-meteorite,SEYMCHAN PALLASITE IRON METEORITE Etched Carving Specimen AUTHENTIC RUSSIA,44.95,2021-03-09,,,WorthPoint
seymchan-meteorite,Seymchan Meteorite Pallasite Part Slice 41.4 Grams!,281.35,2021-03-07,41.4,6.8,WorthPoint
seymchan-meteorite,2.08 Grams Seymchan Russian Meteorite Cut Iron Fragment Slice Found On June 1967,6.49,2021-03-07,2.08,3.12,WorthPoint
seymchan-meteorite,Seymchan Meteorite Pallasite Full Slice 110.6 Grams!,296.65,2021-03-06,110.6,2.68,WorthPoint
seymchan-meteorite,AWESOME 7.82 Gram SEYMCHAN METEORITE Pallasite Specimen - Great For Jewelry!,120.0,2021-03-05,7.82,15.35,WorthPoint
seymchan-meteorite,AWESOME 9.26 Gram SEYMCHAN METEORITE Pallasite Specimen - Great For Jewelry!,99.0,2021-03-03,9.26,10.69,WorthPoint
seymchan-meteorite,25.33 Gram SEYMCHAN METEORITE Pallasite - Iron And Olivine - Transition Slice,119.0,2021-02-28,25.33,4.7,WorthPoint
seymchan-meteorite,Seymchan IIE Iron/ Pallasite PMG Meteorite Slice Russia 5.32 Grams,30.75,2021-02-28,5.32,5.78,WorthPoint
seymchan-meteorite,Great Deal! Amazing Crystals! Transitional Seymchan Pallasite Meteorite 48.6 Gms,307.3,2021-02-25,48.6,6.32,WorthPoint
seymchan-meteorite,25 Gram Seymchan Meteorite Cross Section BEAUTIFUL!,49.99,2021-02-25,25.0,2.0,WorthPoint
seymchan-meteorite,1.25 Grams Seymchan Russian Meteorite OXIDE Iron Fragment Found On June 1967,5.5,2021-02-23,1.25,4.4,WorthPoint
seymchan-meteorite,AWESOME 12.5 Gram SEYMCHAN METEORITE Pallasite Specimen - Great For Jewelry!,75.0,2021-02-23,12.5,6.0,WorthPoint
seymchan-meteorite,AWESOME 73.1 Gram SEYMCHAN METEORITE Pallasite Specimen - Great For Jewelry!,365.0,2021-02-22,73.1,4.99,WorthPoint
seymchan-meteorite,1.61 Grams Seymchan Russian Meteorite Cut Iron Fragment Slice Found On June 1967,12.5,2021-02-20,1.61,7.76,WorthPoint
seymchan-meteorite,Seymchan Pallasite Meteorite Part Slice 58 Grams,326.4,2021-02-20,58.0,5.63,WorthPoint
seymchan-meteorite,2.96 Grams Seymchan Russian Meteorite Cut Iron Fragment Slice Found On June 1967,9.5,2021-02-18,2.96,3.21,WorthPoint
seymchan-meteorite,1.54 Grams Seymchan Russian Meteorite Cut Iron Fragment Slice Found On June 1967,5.5,2021-02-18,1.54,3.57,WorthPoint
seymchan-meteorite,Seymchan Pallasite Meteorite End Cut 27.3 Grams!,139.4,2021-02-18,27.3,5.11,WorthPoint
seymchan-meteorite,2012 Seymchan Meteorite Coin,75.0,2021-02-12,,,WorthPoint
seymchan-meteorite,Cool Shape 24.42 Gram SEYMCHAN METEORITE Pallasite -Beautiful GLOWING CRYSTALS,225.0,2021-02-11,24.42,9.21,WorthPoint
seymchan-meteorite,Seymchan Meteorite Pallasite Part Slice 17.3 Grams!,80.0,2021-02-11,17.3,4.62,WorthPoint
seymchan-meteorite,Cool Shape 29.4 Gram SEYMCHAN METEORITE Pallasite -Beautiful GLOWING CRYSTALS,295.0,2021-02-10,29.4,10.03,WorthPoint
seymchan-meteorite,3.20 Grams Seymchan Russian Meteorite Cut Iron Fragment Slice Found On June 1967,9.99,2021-02-09,3.2,3.12,WorthPoint
seymchan-meteorite,Seymchan IIE Iron/ Pallasite PMG Meteorite Slice Russia 3.34 Grams,9.38,2021-02-08,3.34,2.81,WorthPoint
seymchan-meteorite,Low Price! Sensation Seymchan Iron Meteorite W/olivine Crystals! 11.1 Gms,29.25,2021-02-08,11.1,2.64,WorthPoint
seymchan-meteorite,Seymchan Meteorite Pallasite Part Slice 34.8 Grams!,74.0,2021-02-07,34.8,2.13,WorthPoint
seymchan-meteorite,Great Deal! Translucent Crystal! Super Seymchan Iron Meteorite Slice! 22.7 Gms,89.0,2021-02-06,22.7,3.92,WorthPoint
seymchan-meteorite,Seymchan Pallasite Meteorite Part Slice 20.4 Grams,99.45,2021-02-06,20.4,4.88,WorthPoint
seymchan-meteorite,Cool Shape 13.6 Gram SEYMCHAN METEORITE Pallasite -Beautiful GLOWING CRYSTALS,190.0,2021-02-03,13.6,13.97,WorthPoint
seymchan-meteorite,Seymchan Pallasite Meteorite Part Slice 32.5 Grams,206.0,2021-01-31,32.5,6.34,WorthPoint
seymchan-meteorite,Meteorite: 85.27 Gram Seymchan Slice.,144.48,2021-01-30,85.27,1.69,WorthPoint
seymchan-meteorite,23.9 Gram SEYMCHAN METEORITE Pallasite - Iron And Olivine - Transition Slice,103.2,2021-01-30,23.9,4.32,WorthPoint
seymchan-meteorite,Meteorite Bracelet I Beautiful Etched SEYMCHAN Meteorite Jewelry - TOP METEORITE,150.0,2021-01-26,,,WorthPoint
seymchan-meteorite,AWESOME 5.17 Gram SEYMCHAN METEORITE Pallasite Specimen - Great For Jewelry!,32.0,2021-01-25,5.17,6.19,WorthPoint
seymchan-meteorite,266g Seymchan Pallasite Meteorite From Russia Stable Great Rare Looking Specimen,1600.0,2021-01-25,266.0,6.02,WorthPoint
seymchan-meteorite,Seymchan Meteorite Pallasite-pmg - Official - SEM-0180 - 5.34g COA - Part Slice,52.95,2021-01-22,5.34,9.92,WorthPoint
seymchan-meteorite,"Meteorite Seymchan Pallasite FACETED OLIVINE GEM, TWO Excellent Pieces 1.2 Mm",13.99,2021-01-20,,,WorthPoint
seymchan-meteorite,Seymchan Meteorite Pallasite FULL Slice 269.1 Grams!,500.0,2021-01-18,269.1,1.86,WorthPoint
seymchan-meteorite,1.772 Grams Seymchan Russian Meteorite Cut Iron Fragment Widmanstatten Pattern,5.99,2021-01-17,1.772,3.38,WorthPoint
seymchan-meteorite,1.255 Grams Seymchan Russian Meteorite Cut Iron Fragment Widmanstatten Pattern,8.02,2021-01-17,1.255,6.39,WorthPoint
seymchan-meteorite,3.35 Grams Seymchan Russian Meteorite Cut Iron Fragment Slice Found On June 1967,27.0,2021-01-15,3.35,8.06,WorthPoint
seymchan-meteorite,1.87 Grams Seymchan Russian Meteorite Cut Iron Fragment Slice Found On June 1967,9.5,2021-01-14,1.87,5.08,WorthPoint
seymchan-meteorite,1.822 Grams Seymchan Russian Meteorite Cut Iron Fragment Widmanstatten Pattern,6.99,2021-01-10,1.822,3.84,WorthPoint
seymchan-meteorite,AWESOME 27.8 Gram SEYMCHAN METEORITE Pallasite Specimen - Great For Jewelry!,170.0,2021-01-07,27.8,6.12,WorthPoint
seymchan-meteorite,1.85 Grams Seymchan Russian Meteorite Cut Iron Fragment Slice Found On June 1967,5.99,2021-01-07,1.85,3.24,WorthPoint
seymchan-meteorite,Seymchan Pallasite Meteorite Part Slice 127.1 Grams,775.0,2021-01-07,127.1,6.1,WorthPoint
seymchan-meteorite,2.240 Grams Seymchan Russian Meteorite Cut Iron Fragment Widmanstatten Pattern,13.5,2021-01-04,2.24,6.03,WorthPoint
seymchan-meteorite,3.238 Grams Seymchan Russian Meteorite Cut Iron Fragment Widmanstatten Pattern,7.5,2021-01-02,3.238,2.32,WorthPoint
seymchan-meteorite,2.213 Grams Seymchan Russian Meteorite Cut Iron Fragment Widmanstatten Pattern,8.5,2020-12-30,2.213,3.84,WorthPoint
seymchan-meteorite,2.226 Grams Seymchan Russian Meteorite Cut Iron Fragment Widmanstatten Pattern,6.99,2020-12-30,2.226,3.14,WorthPoint
seymchan-meteorite,4.62 Grams Seymchan Russian Meteorite Cut Iron Fragment Slice Found On June 1967,20.5,2020-12-28,4.62,4.44,WorthPoint
seymchan-meteorite,2.28 Grams Seymchan Russian Meteorite Cut Iron Fragment Slice Found On June 1967,6.99,2020-12-28,2.28,3.07,WorthPoint
seymchan-meteorite,2.692 Grams Seymchan Russian Meteorite Cut Iron Fragment Widmanstatten Pattern,13.83,2020-12-27,2.692,5.14,WorthPoint
seymchan-meteorite,1.491 Grams Seymchan Russian Meteorite Cut Iron Fragment Widmanstatten Pattern,5.5,2020-12-27,1.491,3.69,WorthPoint
seymchan-meteorite,2.719 Grams Seymchan Russian Meteorite Cut Iron Fragment Widmanstatten Pattern,9.5,2020-12-27,2.719,3.49,WorthPoint
seymchan-meteorite,3.37 Grams Seymchan Russian Meteorite Cut Iron Fragment Slice Found On June 1967,9.99,2020-12-26,3.37,2.96,WorthPoint
seymchan-meteorite,Seymchan Meteorite Pallasite Part Slice 43.1 Grams!,230.0,2020-12-25,43.1,5.34,WorthPoint
seymchan-meteorite,19.3 Gram SEYMCHAN METEORITE - Etched Pallasite Slice - Under $5 Per Gram!,66.5,2020-12-23,19.3,3.45,WorthPoint
seymchan-meteorite,AWESOME 20.0 Gram SEYMCHAN METEORITE Pallasite Specimen - Great For Jewelry!,69.3,2020-12-23,20.0,3.46,WorthPoint
seymchan-meteorite,AWESOME 25.6 Gram SEYMCHAN METEORITE Pallasite Specimen - Great For Jewelry!,91.0,2020-12-23,25.6,3.55,WorthPoint
seymchan-meteorite,Give Her The Stars! Heart Shaped Sliced Seymchan Meteor In A Stainless Pendant!,22.99,2020-12-21,,,WorthPoint
seymchan-meteorite,Seymchan Meteorite Pallasite-pmg - Official - SEM-0249 - 0.04g - W/COA - Crystal,5.5,2020-12-21,0.04,137.5,WorthPoint
seymchan-meteorite,Seymchan Meteorite Pallasite Part Slice 11.6 Grams!,77.0,2020-12-20,11.6,6.64,WorthPoint
seymchan-meteorite,AWESOME 50.2 Gram SEYMCHAN METEORITE Pallasite Specimen - Great For Jewelry!,175.0,2020-12-20,50.2,3.49,WorthPoint
seymchan-meteorite,2012 Cook Islands Seymchan Meteorite Silver Coin -- Case And COA,99.99,2020-12-18,,,WorthPoint
seymchan-meteorite,"Rare 2012 Cook Is.Large Color Silver $5 Seymchan Meteorite ,gift Box",119.95,2020-12-18,,,WorthPoint
seymchan-meteorite,2.463 Grams Seymchan Russian Meteorite Cut Iron Fragment Widmanstatten Pattern,5.99,2020-12-16,2.463,2.43,WorthPoint
seymchan-meteorite,12.4 Gram SEYMCHAN METEORITE Pallasite -Beautiful GLOWING CRYSTALS,69.3,2020-12-16,12.4,5.59,WorthPoint
seymchan-meteorite,Seymchan Meteorite Pallasite Part Slice 14.3 Grams!,47.0,2020-12-15,14.3,3.29,WorthPoint
seymchan-meteorite,3.876 Grams Seymchan Russian Meteorite Cut Iron Fragment Widmanstatten Pattern,6.99,2020-12-12,3.876,1.8,WorthPoint
seymchan-meteorite,Seymchan Pallasite Meteorite Part Slice 22.8 Grams!,139.0,2020-12-09,22.8,6.1,WorthPoint
seymchan-meteorite,AWESOME 13.9 Gram SEYMCHAN METEORITE Pallasite Specimen - Great For Jewelry!,69.0,2020-12-07,13.9,4.96,WorthPoint
seymchan-meteorite,"Seymchan Meteorite 160 Gram Part End Cut, Pallasite",61.0,2020-12-05,160.0,0.38,WorthPoint
seymchan-meteorite,27.1 Gram SEYMCHAN METEORITE - Etched Pallasite Slice - Under $5 Per Gram!,101.25,2020-12-05,27.1,3.74,WorthPoint
seymchan-meteorite,AWESOME 95.3 Gram SEYMCHAN METEORITE Iron/pallasite Specimen,337.5,2020-11-28,95.3,3.54,WorthPoint
seymchan-meteorite,20.90 Gram SEYMCHAN METEORITE Pallasite - Beautiful CRYSTALS,165.0,2020-11-27,20.9,7.89,WorthPoint
seymchan-meteorite,AWESOME 51.3 Gram SEYMCHAN METEORITE Pallasite Specimen - Great For Jewelry!,192.0,2020-11-25,51.3,3.74,WorthPoint
seymchan-meteorite,"Seymchan 50.70g Meteorite Pallasite Slice, Olivine Crystals, Etched Iron, Russia",93.9,2020-11-23,50.7,1.85,WorthPoint
seymchan-meteorite,Seymchan Meteorite Pallasite Part Slice 10 Grams!,84.0,2020-11-19,10.0,8.4,WorthPoint
seymchan-meteorite,AWESOME 16.4 Gram SEYMCHAN METEORITE Pallasite Specimen - Great For Jewelry!,63.75,2020-11-19,16.4,3.89,WorthPoint
seymchan-meteorite,Seymchan Meteorite Pallasite Part Slice 16.8 Grams!,98.0,2020-11-16,16.8,5.83,WorthPoint
seymchan-meteorite,42.71 Gram SEYMCHAN METEORITE Pallasite - Iron And Olivine - Transition Slice,126.75,2020-11-15,42.71,2.97,WorthPoint
seymchan-meteorite,Seymchan IIE Iron/ Pallasite PMG Meteorite Lot Russia 26.92 Grams,42.75,2020-11-14,26.92,1.59,WorthPoint
seymchan-meteorite,Seymchan Meteorite: 49.5 Gram Lot,31.0,2020-11-10,49.5,0.63,WorthPoint
seymchan-meteorite,"Seymchan 48.61g Meteorite Pallasite Slice, Olivine Crystals, Etched Iron, Russia",55.95,2020-11-07,48.61,1.15,WorthPoint
seymchan-meteorite,Seymchan Meteorite Pallasite Part Slice 20.1 Grams!,145.0,2020-11-02,20.1,7.21,WorthPoint
seymchan-meteorite,Seymchan IIE Iron/ Pallasite PMG Meteorite Lot Russia 27.26 Grams,42.75,2020-11-01,27.26,1.57,WorthPoint
seymchan-meteorite,.311 Grams Seymchan Russian Meteorite Cut Fragment With Pallasite,30.0,2020-10-31,311.0,0.1,WorthPoint
seymchan-meteorite,"Seymchan 220g Meteorite Pallasite Slice, Olivine Crystals, Etched Iron, Russia",285.0,2020-10-31,220.0,1.3,WorthPoint
seymchan-meteorite,Seymchan Meteorite Pallasite Part Slice 8.9 Grams!,53.0,2020-10-26,8.9,5.96,WorthPoint
seymchan-meteorite,"Seymchan 44.30g Meteorite Pallasite Slice, Olivine Crystals, Etched Iron, Russia",88.99,2020-10-26,44.3,2.01,WorthPoint
seymchan-meteorite,Seymchan IIE Iron/ Pallasite PMG Meteorite Lot Russia 25.12 Grams,42.75,2020-10-23,25.12,1.7,WorthPoint
seymchan-meteorite,AUTHENTIC SEYMCHAN METEORITE IN 6x8'' DISPLAY FRAME WITH INFORMATION CARD,17.0,2020-10-19,,,WorthPoint
seymchan-meteorite,$5 2012 Cook Islands Seymchan Meteorite Genuine Embedded Fragment Mint Tin *119,98.0,2020-10-16,,,WorthPoint
seymchan-meteorite,Meteorite Seymchan Olivined Etched Slice 243.5 Grams,499.99,2020-10-15,243.5,2.05,WorthPoint
seymchan-meteorite,"Seymchan 58.38g Meteorite Pallasite Slice, Olivine Crystals, Etched Iron, Russia",64.95,2020-10-11,58.38,1.11,WorthPoint
seymchan-meteorite,Meteorite Seymchan Olivined Sphere 239 Grams,2999.99,2020-10-10,239.0,12.55,WorthPoint
seymchan-meteorite,"Seymchan 86.18g Meteorite Pallasite Slice, Olivine Crystals, Etched Iron, Russia",98.99,2020-10-04,86.18,1.15,WorthPoint
seymchan-meteorite,"Meteorite Seymchan Bit Olivined Excellent Etched Sphere 112 Grams, 30.5 Mm",899.99,2020-09-27,112.0,8.04,WorthPoint
seymchan-meteorite,Seymchan Pallasite Meteorite Part Slice 31.2 Grams,188.0,2020-09-26,31.2,6.03,WorthPoint
seymchan-meteorite,Seymchan Meteorite Pallasite Part Slice 16.2 Grams!,105.0,2020-09-25,16.2,6.48,WorthPoint
seymchan-meteorite,110.10 Gram SEYMCHAN METEORITE Pallasite - NICE CRYSTALS - Under $7 Per Gram,385.0,2020-09-22,110.1,3.5,WorthPoint
seymchan-meteorite,"Seymchan 37.31g Meteorite Pallasite Slice, Olivine Crystals, Etched Iron, Russia",43.99,2020-09-21,37.31,1.18,WorthPoint
seymchan-meteorite,Seymchan IIE Iron/ Pallasite PMG Meteorite Slice Russia 4.42 Grams,26.75,2020-09-20,4.42,6.05,WorthPoint
seymchan-meteorite,AWESOME 263 Gram SEYMCHAN METEORITE Pallasite Specimen - Great For Jewelry!,657.5,2020-09-20,263.0,2.5,WorthPoint
seymchan-meteorite,Seymchan Pallasite Meteorite 39.7 Gm Rare Meteorite Type,94.99,2020-09-15,39.7,2.39,WorthPoint
seymchan-meteorite,Nice Seymchan Meteorite Pendant -great Widmanstatten Patterns!,17.99,2020-09-12,,,WorthPoint
seymchan-meteorite,Seymchan Pallasite Meteorite Part Slice 23.1 Grams,151.2,2020-09-10,23.1,6.55,WorthPoint
seymchan-meteorite,Seymchan Pallasite Meteorite Part Slice 25.8 Grams,106.4,2020-09-10,25.8,4.12,WorthPoint
seymchan-meteorite,Seymchan Pallasite Meteorite Part Slice 22.5 Grams,102.4,2020-09-10,22.5,4.55,WorthPoint
seymchan-meteorite,33.3 Gram SEYMCHAN METEORITE - Etched Pallasite Slice - Under $5 Per Gram!,112.5,2020-09-08,33.3,3.38,WorthPoint
seymchan-meteorite,"Seymchan 39g Meteorite Pallasite Slice, Olivine Crystals, Etched Iron, Russia",65.95,2020-09-06,39.0,1.69,WorthPoint
seymchan-meteorite,Rare Chromite Inclusions! Sensational Seymchan Iron Meteorite Slice! 32 Gms,99.0,2020-09-06,32.0,3.09,WorthPoint
seymchan-meteorite,Seymchan Pallasite Meteorite Part Slice 23 Grams,165.0,2020-08-30,23.0,7.17,WorthPoint
seymchan-meteorite,AWESOME 1615 Gram SEYMCHAN METEORITE Iron/pallasite Specimen,1211.25,2020-08-29,1615.0,0.75,WorthPoint
seymchan-meteorite,"Seymchan Meteorite Slab 51g, Etched Pattern, Pallasite Iron Slice",97.0,2020-08-29,51.0,1.9,WorthPoint
seymchan-meteorite,AWESOME 30.5 Gram SEYMCHAN METEORITE Pallasite Specimen - Great For Jewelry!,116.25,2020-08-27,30.5,3.81,WorthPoint
seymchan-meteorite,19.4 Gram SEYMCHAN METEORITE - Etched Pallasite Slice - Under $5 Per Gram!,76.0,2020-08-27,19.4,3.92,WorthPoint
seymchan-meteorite,22.8 Gram SEYMCHAN METEORITE Pallasite - Iron And Olivine - Transition Slice,96.75,2020-08-27,22.8,4.24,WorthPoint
seymchan-meteorite,Seymchan Pallasite Meteorite Part Slice 22.9 Grams,142.0,2020-08-26,22.9,6.2,WorthPoint
seymchan-meteorite,Seymchan Pallasite Meteorite Part Slice 17.4 Grams,126.0,2020-08-26,17.4,7.24,WorthPoint
seymchan-meteorite,32.1 Gram SEYMCHAN METEORITE Pallasite With Olivine- Etched Slice,149.25,2020-08-23,32.1,4.65,WorthPoint
seymchan-meteorite,"SEYMCHAN METEORITE, Etched Slice From Russia",649.0,2020-08-12,,,WorthPoint
seymchan-meteorite,28.7 Gram SEYMCHAN METEORITE Pallasite - Iron And Olivine - Transition Slice,129.0,2020-08-10,28.7,4.49,WorthPoint
seymchan-meteorite,"Seymchan Meteorite ""Monolith""",5000.0,2020-08-07,,,WorthPoint
seymchan-meteorite,Genuine Meteorite Necklace! Sliced Seymchan Meteor In Stainless Pendant!!,22.99,2020-08-06,,,WorthPoint
seymchan-meteorite,Meteorite Seymchan Slice Specimen Iron-nickel Fashion 63.4g Shipped From US,26.86,2020-08-05,63.4,0.42,WorthPoint
seymchan-meteorite,18.4 Gram SEYMCHAN METEORITE Pallasite - Iron And Olivine - Transition Slice,74.25,2020-07-29,18.4,4.04,WorthPoint
seymchan-meteorite,3.26 Grams 6x7x10mm Seymchan Russian Meteorite Cut Iron Fragment With Pallasite,11.51,2020-07-28,3.26,3.53,WorthPoint
seymchan-meteorite,Seymchan IIE Iron/ Pallasite PMG Meteorite Slice Russia 5.46 Grams,31.75,2020-07-27,5.46,5.82,WorthPoint
seymchan-meteorite,AWESOME 43.8 Gram SEYMCHAN METEORITE Pallasite Specimen - Great For Jewelry!,165.0,2020-07-22,43.8,3.77,WorthPoint
seymchan-meteorite,35.08 Gram SEYMCHAN IRON METEORITE - ETCHED SLICE - PERFECT FOR JEWELRY!,78.75,2020-07-18,35.08,2.24,WorthPoint
seymchan-meteorite,Seymchan Pallasite Meteorite,656.25,2020-07-16,,,WorthPoint
seymchan-meteorite,16.00 Gram SEYMCHAN METEORITE- Etched Pallasite Specimen,110.0,2020-07-14,16.0,6.88,WorthPoint
seymchan-meteorite,Cook Islands Seymchan Meteorite 2012 $5 Silver Coin Proof COA,135.0,2020-07-13,,,WorthPoint
seymchan-meteorite,Seymchan Pallasite Meteorite Full Slice 56.4 Grams,154.7,2020-07-12,56.4,2.74,WorthPoint
seymchan-meteorite,"Seymchan 124g Pallasite Meteorite Slice, Etched Widmanstatten Pattern, Iron Slab",249.0,2020-07-12,124.0,2.01,WorthPoint
seymchan-meteorite,Cook Islands Seymchan Meteorite $5 Silver Proof,60.0,2020-07-12,,,WorthPoint
seymchan-meteorite,31.3 Gram SEYMCHAN METEORITE Pallasite - Iron And Olivine - Transition Slice,96.75,2020-07-08,31.3,3.09,WorthPoint
seymchan-meteorite,49.1 Gram SEYMCHAN METEORITE Pallasite - Iron And Olivine - Transition Slice,134.25,2020-07-08,49.1,2.73,WorthPoint
seymchan-meteorite,45.3 Gram SEYMCHAN METEORITE Pallasite - Iron And Olivine Mixed Slice,156.75,2020-07-08,45.3,3.46,WorthPoint
seymchan-meteorite,AWESOME 178.8 Gram SEYMCHAN METEORITE Pallasite - Slice - Great For Jewelry!,770.0,2020-07-06,178.8,4.31,WorthPoint
seymchan-meteorite,62.67 Gram SEYMCHAN METEORITE Pallasite - Iron And Olivine - Transition Slice,209.3,2020-07-06,62.67,3.34,WorthPoint
seymchan-meteorite,35.55 Gram SEYMCHAN IRON METEORITE - ETCHED SLICE - PERFECT FOR JEWELRY!,74.2,2020-07-06,35.55,2.09,WorthPoint
seymchan-meteorite,Seymchan Meteorite Pallasite Part Slice 32.7 Grams!,201.0,2020-06-29,32.7,6.15,WorthPoint
seymchan-meteorite,24.23 Gram SEYMCHAN METEORITE Pallasite - Iron And Olivine - Transition Slice,89.25,2020-06-23,24.23,3.68,WorthPoint
seymchan-meteorite,31.9 Gram SEYMCHAN METEORITE Pallasite - Iron And Olivine - Transition Slice,111.75,2020-06-23,31.9,3.5,WorthPoint
seymchan-meteorite,Seymchan Etched Meteorite Part Slice 91.5 Grams,176.0,2020-06-23,91.5,1.92,WorthPoint
seymchan-meteorite,25.35 Gram SEYMCHAN IRON METEORITE - ETCHED SLICE - PERFECT FOR JEWELRY!,65.0,2020-06-13,25.35,2.56,WorthPoint
seymchan-meteorite,47.9 Gram SEYMCHAN METEORITE Pallasite - Iron And Olivine - Transition Slice,134.25,2020-06-06,47.9,2.8,WorthPoint
seymchan-meteorite,Seymchan IIE Iron/ Pallasite PMG Meteorite Slice Russia 6.57 Grams,36.75,2020-06-04,6.57,5.59,WorthPoint
seymchan-meteorite,Seymchan Meteorite 533g * Pallasite * Green Olivine * Museum Quality * End Cut,1800.0,2020-06-04,533.0,3.38,WorthPoint
seymchan-meteorite,46.6 Gram SEYMCHAN METEORITE Pallasite - Iron And Olivine - Transition Slice,141.75,2020-05-25,46.6,3.04,WorthPoint
seymchan-meteorite,43.9 Gram SEYMCHAN METEORITE Pallasite - Iron And Olivine - Transition Slice,219.0,2020-05-23,43.9,4.99,WorthPoint
seymchan-meteorite,Loose 17mm X 15mm Seymchan Meteorite 4.5g,29.0,2020-05-17,4.5,6.44,WorthPoint
seymchan-meteorite,51.3 Gram SEYMCHAN METEORITE - Etched Pallasite Slice - Under $5 Per Gram!,142.5,2020-05-12,51.3,2.78,WorthPoint
seymchan-meteorite,Seymchan Meteorite Pallasite-pmg - Official - SEM-0159 - 0.21g COA - Crystal,11.5,2020-05-07,0.21,54.76,WorthPoint
seymchan-meteorite,5.5 Gram SEYMCHAN METEORITE IRON - Etched Slice,14.25,2020-05-02,5.5,2.59,WorthPoint
seymchan-meteorite,.277 Grams 7mm Seymchan Russian Meteorite Cut Iron Fragment With Pallasite,17.51,2020-04-24,277.0,0.06,WorthPoint
seymchan-meteorite,.210 Grams 6mm Seymchan Russian Meteorite Cut Iron Fragment With Pallasite,16.01,2020-04-24,210.0,0.08,WorthPoint
seymchan-meteorite,Seymchan Meteorite Pallasite Part Slice 9.9 Grams!,57.0,2020-04-22,9.9,5.76,WorthPoint
seymchan-meteorite,AWESOME 221 Gram SEYMCHAN METEORITE Iron/pallasite Specimen,337.5,2020-04-21,221.0,1.53,WorthPoint
seymchan-meteorite,Seymchan Pallasite Meteorite Part Slice 24 Grams,137.0,2020-04-19,24.0,5.71,WorthPoint
seymchan-meteorite,87.1 Gram SEYMCHAN METEORITE - Etched Pallasite Endcut - Most Beautiful Olivine,523.0,2020-04-19,87.1,6.0,WorthPoint
seymchan-meteorite,"Meteorite Seymchan Complete Etched Thin Slice 69.4 Grams, Banded Structure",172.99,2020-04-18,69.4,2.49,WorthPoint
seymchan-meteorite,20 Gram SEYMCHAN METEORITE- Etched Pallasite Specimen,74.25,2020-04-18,20.0,3.71,WorthPoint
seymchan-meteorite,33.8 Gram SEYMCHAN METEORITE Pallasite - Iron And Olivine - Transition Slice,126.75,2020-04-16,33.8,3.75,WorthPoint
seymchan-meteorite,"Meteorite Seymchan Bit Olivined Excellent Etched Sphere 190.5 Grams, 37.5 Mm",999.99,2020-04-13,190.5,5.25,WorthPoint
seymchan-meteorite,Seymchan Meteorite Full Slice 87.9 Grams,158.0,2020-04-13,87.9,1.8,WorthPoint
seymchan-meteorite,35.2 Gram SEYMCHAN METEORITE Pallasite - Iron And Olivine - Transition Slice,134.25,2020-04-09,35.2,3.81,WorthPoint
seymchan-meteorite,41.7 Gram SEYMCHAN METEORITE - Etched Pallasite Slice - Nice Olivine,206.25,2020-04-08,41.7,4.95,WorthPoint
seymchan-meteorite,Meteorite Seymchan Pallasite Beauty Slice 75.7g Olivine Crystals Rust Resistant,100.0,2020-04-07,75.7,1.32,WorthPoint
seymchan-meteorite,25.00 Gram SEYMCHAN IRON METEORITE - ETCHED SLICE - PERFECT FOR JEWELRY!,57.0,2020-04-07,25.0,2.28,WorthPoint
seymchan-meteorite,281 Gram Seymchan (iron) Meteorite Slice,177.5,2020-04-05,281.0,0.63,WorthPoint
seymchan-meteorite,102 Gram Seymchan (iron) Meteorite Slice,168.5,2020-04-05,102.0,1.65,WorthPoint
seymchan-meteorite,112.8 Gram SEYMCHAN METEORITE - Etched Pallasite Slice - NICE Olivine,412.5,2020-04-04,112.8,3.66,WorthPoint
seymchan-meteorite,99.8 Gram SEYMCHAN METEORITE - Etched Pallasite Slice - Nice Olivine,367.5,2020-04-04,99.8,3.68,WorthPoint
seymchan-meteorite,22.6 Gram SEYMCHAN METEORITE - Etched Pallasite Slice - Under $5 Per Gram!,110.0,2020-04-03,22.6,4.87,WorthPoint
seymchan-meteorite,36.0 Gram SEYMCHAN METEORITE Pallasite - Iron And Olivine - Transition Slice,134.25,2020-04-02,36.0,3.73,WorthPoint
seymchan-meteorite,17.1 Gram SEYMCHAN METEORITE Pallasite - Iron And Olivine Mixed Slice,74.25,2020-04-02,17.1,4.34,WorthPoint
seymchan-meteorite,Seymchan Etched Meteorite 5.5 Grams Part Slice!,18.0,2020-04-02,5.5,3.27,WorthPoint
seymchan-meteorite,Cheap Price! Amazing Crystals! Transitional Seymchan Pallasite Meteorite 10.9 Gm,59.25,2020-04-01,10.9,5.44,WorthPoint
seymchan-meteorite,Meteorite Seymchan Pallasite Slice,150.0,2020-03-31,,,WorthPoint
seymchan-meteorite,"Meteorite**Seymchan, Pallasite PMG**3.402 Gram Slice!!!",42.0,2020-03-30,3.402,12.35,WorthPoint
seymchan-meteorite,31.08 Gram SEYMCHAN IRON METEORITE - ETCHED SLICE - PERFECT FOR JEWELRY!,95.0,2020-03-28,31.08,3.06,WorthPoint
seymchan-meteorite,"Meteorite SEYMCHAN Pallasite 17 Grams 1st Find 1967 Russia, NO RESERVE AUCTION",12.05,2020-03-28,17.0,0.71,WorthPoint
seymchan-meteorite,RUSSIA SEYMCHAN Pallasite Meteorite 120.66 Slice,375.0,2020-03-27,,,WorthPoint
seymchan-meteorite,Genuine Seymchan Meteorite In Glass Display Box,55.2,2020-03-24,,,WorthPoint
seymchan-meteorite,.270 Grams 8mm Seymchan Russian Meteorite Cut Fragment With Pallasite,16.5,2020-03-22,270.0,0.06,WorthPoint
seymchan-meteorite,Seymchan Pallasite Meteorite Part Slice 14.8 Grams!,76.0,2020-03-18,14.8,5.14,WorthPoint
seymchan-meteorite,1.92 Carats 9x6x3mm Seymchan Russian Meteorite Fragment Pallasite,11.54,2020-03-18,0.384,30.05,WorthPoint
seymchan-meteorite,44.54 Gram SEYMCHAN METEORITE Pallasite - Iron And Olivine - Transition Slice,219.0,2020-03-05,44.54,4.92,WorthPoint
seymchan-meteorite,53.1 Gram SEYMCHAN METEORITE - Etched Pallasite Slice - Most Beautiful Olivine,320.0,2020-03-03,53.1,6.03,WorthPoint
seymchan-meteorite,24.0 Gram SEYMCHAN METEORITE - Etched Pallasite Slice - Translucent Olivine,190.0,2020-03-03,24.0,7.92,WorthPoint
seymchan-meteorite,17.5 Gram SEYMCHAN METEORITE - Etched Pallasite Slice - Most Beautiful Olivine,112.0,2020-03-03,17.5,6.4,WorthPoint
seymchan-meteorite,"Meteorite**Seymchan, Pallasite PMG**3.246 Gram Slice!!!",15.5,2020-03-02,3.246,4.78,WorthPoint
seymchan-meteorite,Seymchan Meteorite Part Slice 2.9 Grams!,13.0,2020-02-24,2.9,4.48,WorthPoint
seymchan-meteorite,30.16 Gram SEYMCHAN IRON METEORITE - ETCHED SLICE - PERFECT FOR JEWELRY!,71.2,2020-02-24,30.16,2.36,WorthPoint
seymchan-meteorite,37.29 Gram SEYMCHAN IRON METEORITE - ETCHED SLICE - PERFECT FOR JEWELRY!,89.6,2020-02-24,37.29,2.4,WorthPoint
seymchan-meteorite,95.1 Gram SEYMCHAN METEORITE - Etched Pallasite Slice - Most Beautiful Olivine,523.0,2020-02-23,95.1,5.5,WorthPoint
seymchan-meteorite,100 Gram SEYMCHAN METEORITE - Etched Pallasite Slice - Most Beautiful Olivine,550.0,2020-02-22,100.0,5.5,WorthPoint
seymchan-meteorite,"Meteorite Seymchan Pallasite FACETED OLIVINE GEM, 2.75 Mm, 0.09 Ct",64.99,2020-02-20,0.018,3610.56,WorthPoint
seymchan-meteorite,Seymchan Meteorite Pallasite FULL Slice 294.1 Grams!,650.0,2020-02-18,294.1,2.21,WorthPoint
seymchan-meteorite,Seymchan Meteorite Part Slice 2.6 Grams!,13.0,2020-02-18,2.6,5.0,WorthPoint
seymchan-meteorite,Seymchan Meteorite Pallasite-pmg - Official - SEM-0179 - 2.43g COA - Part Slice,23.95,2020-02-13,2.43,9.86,WorthPoint
seymchan-meteorite,Seymchan Meteorite Magadan District Russia Found 1967 23g,19.95,2020-02-09,23.0,0.87,WorthPoint
seymchan-meteorite,813 Gram Seymchan (iron) Meteorite Thick Slice,475.0,2020-02-08,813.0,0.58,WorthPoint
seymchan-meteorite,"Meteorite Seymchan Pallasite FACETED OLIVINE GEM, ONE Excellent Piece 3.5 Mm",149.99,2020-02-08,,,WorthPoint
seymchan-meteorite,Seymchan Meteorite Pallasite Part Slice 16.1 Grams!,79.0,2020-02-08,16.1,4.91,WorthPoint
seymchan-meteorite,GEOMETRIC SHAPE FLAG AXE 20gm SEYMCHAN METEORITE SLICE COMPLETELY ETCHED PENDANT,25.0,2020-02-04,20.0,1.25,WorthPoint
seymchan-meteorite,Seymchan Meteorite Pallasite Full Slice 73 Grams!,450.0,2020-02-04,73.0,6.16,WorthPoint
seymchan-meteorite,46.9 Gram SEYMCHAN METEORITE Pallasite - Iron And Olivine - Transition Slice,169.0,2020-02-02,46.9,3.6,WorthPoint
seymchan-meteorite,680 Gram Huge Seymchan Pallasite Meteorite Slice,1225.0,2020-02-01,680.0,1.8,WorthPoint
seymchan-meteorite,15.8 Gram Seymchan Pallasite Partly Translucent Meteorite Slice. Top Quality!,125.0,2020-02-01,15.8,7.91,WorthPoint
seymchan-meteorite,Seymchan Pallasite Meteorite Part Slice 14.1 Grams!,33.0,2020-01-29,14.1,2.34,WorthPoint
seymchan-meteorite,23.00 Gram SEYMCHAN METEORITE Pallasite - Iron And Olivine - Transition Slice,119.0,2020-01-25,23.0,5.17,WorthPoint
seymchan-meteorite,145 Gram Seymchan Etched Meteorite Slice.,147.5,2020-01-25,145.0,1.02,WorthPoint
seymchan-meteorite,230 Gram Seymchan Etched Meteorite Slice.,232.5,2020-01-25,230.0,1.01,WorthPoint
seymchan-meteorite,Russian Pallasite Meteorite (Seymchan) Pendant In Sterling Silver Wire,170.0,2020-01-19,,,WorthPoint
seymchan-meteorite,142.45 Gram Seymchan Pallasite Meteorite Slice,330.0,2020-01-18,142.45,2.32,WorthPoint
seymchan-meteorite,Seymchan Pallasite Meteorite Slice - Very Translucent 65.6 Grams,350.0,2020-01-17,65.6,5.34,WorthPoint
seymchan-meteorite,Seymchan Meteorite Pallasite Part Slice 32.3 Grams!,101.6,2020-01-15,32.3,3.15,WorthPoint
seymchan-meteorite,13.5 Gram SEYMCHAN METEORITE - Etched Pallasite Slice - Under $5 Per Gram!,53.6,2020-01-13,13.5,3.97,WorthPoint
seymchan-meteorite,3850 Gram Seymchan Etched Iron Meteorite End Cut.,1961.77,2020-01-12,3850.0,0.51,WorthPoint
seymchan-meteorite,104 Gram Seymchan Etched Pallasite Meteorite Slice,172.19,2020-01-12,104.0,1.66,WorthPoint
seymchan-meteorite,128 Gram Seymchan Etched Pallasite Meteorite Slice,291.0,2020-01-12,128.0,2.27,WorthPoint
seymchan-meteorite,1.51 Grams 23x11x2mm Seymchan Russian Meteorite Cut Iron Fragment With Pallasite,20.5,2020-01-11,1.51,13.58,WorthPoint
seymchan-meteorite,38.5 Gram SEYMCHAN METEORITE Pallasite - Iron And Olivine - Transition Slice,151.2,2020-01-10,38.5,3.93,WorthPoint
seymchan-meteorite,2.1g Seymchan Meteorite Necklace - Very Nice Widmanstatten Pattern,29.99,2020-01-08,2.1,14.28,WorthPoint
sikhote-alin-meteorite,"Meteorite Sikhote-Alin, Russia-91 Gram-Chicken Leg Shape",400.0,2026-01-22,91.0,4.4,WorthPoint
sikhote-alin-meteorite,Sikhote-Alin Iron Meteorite Highly Oriented Heart-Shaped Thin Slice Flow Lines,150.0,2026-01-22,,,WorthPoint
sikhote-alin-meteorite,"Meteorite**Sikhote-Alin, Russia**3.383 Grams, Oriented Space Bullet!!! ‚òÑÔ∏èüíÆ",38.0,2026-01-18,3.383,11.23,WorthPoint
sikhote-alin-meteorite,SIKHOTE ALIN Iron Meteorite Specimen WITNESSED FALL RUSSIA IMCA Seller,59.99,2026-01-16,,,WorthPoint
sikhote-alin-meteorite,Sikhote-Alin Meteorite,154.0,2026-01-15,,,WorthPoint
sikhote-alin-meteorite,"Russia USSR 1957 Sikhote Alin Meteorite Framed Block Of 15, Block Of 4, 8 MNH",400.0,2026-01-14,,,WorthPoint
sikhote-alin-meteorite,37.77 Carat Sikhote-Alin Meteorite From Russia *VIDEO*,121.9,2026-01-05,7.554,16.14,WorthPoint
sikhote-alin-meteorite,Meteorite Sikhote-Alin Strike Iron Nickel Russian 2.2 Mm 10.4 Grams JL43,15.99,2025-12-30,10.4,1.54,WorthPoint
sikhote-alin-meteorite,Sikhote-Alin Iron Meteorite Shrapnel Fragment: 10.6g,19.0,2025-12-30,10.6,1.79,WorthPoint
sikhote-alin-meteorite,8 Grams 23mm SIKHOTE ALIN Russian Meteorite With A COA And Info Card,29.99,2025-12-28,8.0,3.75,WorthPoint
sikhote-alin-meteorite,Meteorite Sikhote-Alin Strike Iron Nickel Russian 2.1 Grams K54,9.99,2025-12-28,2.1,4.76,WorthPoint
sikhote-alin-meteorite,Meteorite Sikhote-Alin Strike Iron Nickel Russian 1.9 Grams K93,9.99,2025-12-28,1.9,5.26,WorthPoint
sikhote-alin-meteorite,Sikhote Alin Russian Genuine Meteorite 2 To 3 Grams Size W/ Color Label #738,12.99,2025-12-27,3.0,4.33,WorthPoint
sikhote-alin-meteorite,5.44 Grams 18mm SIKHOTE ALIN Russian Meteorite With A COA And Info Card,19.99,2025-12-26,5.44,3.67,WorthPoint
sikhote-alin-meteorite,10 Grams 31mm SIKHOTE ALIN Russian Meteorite With A COA And Info Card,40.0,2025-12-25,10.0,4.0,WorthPoint
sikhote-alin-meteorite,16.2 Grams 33mm SIKHOTE ALIN Russian Meteorite With A COA And Info Card,54.99,2025-12-25,16.2,3.39,WorthPoint
sikhote-alin-meteorite,The Sikhote Alin Iron Nickel Meteorite Found In Siberia Feb 12 1947 Rare Find,120.0,2025-12-22,,,WorthPoint
sikhote-alin-meteorite,"Meteorite Sikhote-Alin, Fell Siberia February 12, 1947 - Individual",14.26,2025-12-21,,,WorthPoint
sikhote-alin-meteorite,"ORIENTED SIKHOTE ALIN Iron Meteorite Specimen WITNESSED FALL RUSSIA, 128 Grams!",325.0,2025-12-19,128.0,2.54,WorthPoint
sikhote-alin-meteorite,83.41 Gram - Sikhote Alin Sharpnel Meteorite Individual - 1947 Fall In Russia,200.0,2025-12-19,83.41,2.4,WorthPoint
sikhote-alin-meteorite,SIKHOTE-ALIN IRON METEORITE PENDANT $59 Sterling Silver Jewelry STARBORN SA59-P5,59.0,2025-12-19,,,WorthPoint
sikhote-alin-meteorite,SIKHOTE-ALIN METEORITE PENDANT $59 Sterling Silver Jewelry STARBORN SA59-P11,59.0,2025-12-19,,,WorthPoint
sikhote-alin-meteorite,"Awesome Sikhote Alin Shrapnel Meteorite, 25.39 Grams--Top Quality",69.99,2025-12-17,25.39,2.76,WorthPoint
sikhote-alin-meteorite,"Meteorite**Sikhote-Alin, Russia**2.986 Grams, Insane Shrapnel Individual ! ‚ú®Ô∏è‚ú®Ô∏è",10.5,2025-12-15,2.986,3.52,WorthPoint
sikhote-alin-meteorite,Sikhote-Alin Iron Meteorite ‚Äî Authentic Fragment From The Famous 1947 Fall 5.9g,25.0,2025-12-14,5.9,4.24,WorthPoint
sikhote-alin-meteorite,2.69 Grams 21mm SIKHOTE ALIN Russian Meteorite With A COA And Info Card,8.99,2025-12-14,2.69,3.34,WorthPoint
sikhote-alin-meteorite,"Sikhote-Alin Iron IIAB Fell Feb. 12, 1947 Russia 0.83 G Whole Stone Has A Hole",30.0,2025-12-13,0.83,36.14,WorthPoint
sikhote-alin-meteorite,"Awesome Meteorite -Sikhote-Alin, Russia 14.97 Grams, Insane Shape!",45.99,2025-12-11,14.97,3.07,WorthPoint
sikhote-alin-meteorite,Best! Oriented! Dome Top & Flat Bottom! Sculpted Sikhote-alin Meteorite 9.3 Gms,59.25,2025-12-09,9.3,6.37,WorthPoint
sikhote-alin-meteorite,Meteorite Sikhote-Alin Strike Iron Nickel Russian 2.5 Mm 5.3 Grams JL04,11.99,2025-12-08,5.3,2.26,WorthPoint
sikhote-alin-meteorite,Meteorite Sikhote-Alin Strike Iron Nickel Russian 2.5 Mm 4.8 Grams JW86,11.99,2025-12-08,4.8,2.5,WorthPoint
sikhote-alin-meteorite,14.2 Grams 23mm SIKHOTE ALIN Russian Meteorite With A COA And Info Card,49.99,2025-12-08,14.2,3.52,WorthPoint
sikhote-alin-meteorite,12.2 Grams 24mm SIKHOTE ALIN Russian Meteorite With A COA And Info Card,41.99,2025-12-07,12.2,3.44,WorthPoint
sikhote-alin-meteorite,8.47 Grams 20mm SIKHOTE ALIN Russian Meteorite With A COA And Info Card,31.99,2025-12-06,8.47,3.78,WorthPoint
sikhote-alin-meteorite,"Meteorite Sikhote-Alin Pendant 38.27 Grams, Russian Meteorite, Meteorite Pendant",180.0,2025-12-05,38.27,4.7,WorthPoint
sikhote-alin-meteorite,53 Gram SIKHOTE ALIN Meteorite With COA Card,99.99,2025-12-04,53.0,1.89,WorthPoint
sikhote-alin-meteorite,Sikhote-Alin Meteorite - 315.2 Grams,2000.0,2025-12-02,315.2,6.35,WorthPoint
sikhote-alin-meteorite,NON SHRAPNEL - 500 Gram Sikhote Alin Meteorite Lot - Small Individuals (C),585.0,2025-12-02,500.0,1.17,WorthPoint
sikhote-alin-meteorite,MINT SIKHOTE ALIN IRON METEORITE WORLD CLASS 30 Gm Deep Thumbprints Burn Channel,399.0,2025-12-02,30.0,13.3,WorthPoint
sikhote-alin-meteorite,83.13 Gram - Sikhote Alin Sharpnel Meteorite Individual - 1947 Fall In Russia,212.5,2025-11-25,83.13,2.56,WorthPoint
sikhote-alin-meteorite,ORIENTED 4.06 Gram - Sikhote Alin Meteorite Individual - 1947 Fall In Russia,46.75,2025-11-23,4.06,11.51,WorthPoint
sikhote-alin-meteorite,"Whole Sikhote Alin Iron Meteorite, 817 Grams, Shrapnel Form Ships Fast Today",1200.0,2025-11-22,817.0,1.47,WorthPoint
sikhote-alin-meteorite,Sikhote Alin Meteorite,25.0,2025-11-22,,,WorthPoint
sikhote-alin-meteorite,8.61 Grams 29mm SIKHOTE ALIN Russian Meteorite With A COA And Info Card,32.99,2025-11-22,8.61,3.83,WorthPoint
sikhote-alin-meteorite,5.93 Grams 23mm SIKHOTE ALIN Russian Shrapnel Meteorite With A COA And Info Card,15.99,2025-11-21,5.93,2.7,WorthPoint
sikhote-alin-meteorite,1.99 Grams~SIKHOTE ALIN Iron METEORITE Shrapnel~HISTORIC Fall Of 1947 Russia!,5.99,2025-11-21,1.99,3.01,WorthPoint
sikhote-alin-meteorite,2.78 Grams 22mm SIKHOTE ALIN Russian Meteorite With A COA And Info Card,15.5,2025-11-20,2.78,5.58,WorthPoint
sikhote-alin-meteorite,6 Grams 18mm SIKHOTE ALIN Russian Meteorite With A COA And Info Card,22.99,2025-11-20,6.0,3.83,WorthPoint
sikhote-alin-meteorite,9.86 Grams 20mm SIKHOTE ALIN Russian Meteorite With A COA And Info Card,37.99,2025-11-20,9.86,3.85,WorthPoint
sikhote-alin-meteorite,Sikhote-Alin Meteorite. 173 Grams. Excellent Shrapnel Piece.,175.0,2025-11-18,173.0,1.01,WorthPoint
sikhote-alin-meteorite,Sikhote-Alin Iron Meteorite Shrapnel Fragment: 21.4g,37.5,2025-11-18,21.4,1.75,WorthPoint
sikhote-alin-meteorite,"""70.6 Grams~SIKHOTE ALIN~Iron METEORITE~Whole~""""Special No Reserve Auction""""""",91.0,2025-11-18,70.6,1.29,WorthPoint
sikhote-alin-meteorite,2.60 Grams 14mm SIKHOTE ALIN Russian Shrapnel Meteorite With A COA And Info Card,7.69,2025-11-17,2.6,2.96,WorthPoint
sikhote-alin-meteorite,Meteorite Sikhote-Alin Strike Iron Nickle Russian 1.8 Mm 10.9 Grams JF17,15.99,2025-11-16,10.9,1.47,WorthPoint
sikhote-alin-meteorite,3.84 Grams~SIKHOTE ALIN~Iron METEORITE Shrapnel~HISTORIC Fall Of 1947 Russia!,11.99,2025-11-16,3.84,3.12,WorthPoint
sikhote-alin-meteorite,SIKHOTE-ALIN METEORITE PENDANT $79 Sterling Silver Jewelry STARBORN SA79-P21,79.0,2025-11-16,,,WorthPoint
sikhote-alin-meteorite,SIKHOTE-ALIN METEORITE PENDANT $45 Sterling Silver Jewelry STARBORN SA45-P15,45.0,2025-11-16,,,WorthPoint
sikhote-alin-meteorite,10.5 Grams 33mm SIKHOTE ALIN Russian Shrapnel Meteorite With A COA And Info Card,25.99,2025-11-15,10.5,2.48,WorthPoint
sikhote-alin-meteorite,7.09 Grams 22mm SIKHOTE ALIN Russian Meteorite With A COA And Info Card,28.0,2025-11-15,7.09,3.95,WorthPoint
sikhote-alin-meteorite,9.35 Grams 24mm SIKHOTE ALIN Russian Meteorite With A COA And Info Card,36.99,2025-11-15,9.35,3.96,WorthPoint
sikhote-alin-meteorite,14 Grams 23mm SIKHOTE ALIN Russian Shrapnel Meteorite With A COA And Info Card,37.0,2025-11-15,14.0,2.64,WorthPoint
sikhote-alin-meteorite,8.56 Grams 17mm SIKHOTE ALIN Russian Meteorite With A COA And Info Card,29.99,2025-11-15,8.56,3.5,WorthPoint
sikhote-alin-meteorite,6.59 Grams 23mm SIKHOTE ALIN Russian Meteorite With A COA And Info Card,22.99,2025-11-15,6.59,3.49,WorthPoint
sikhote-alin-meteorite,14.6 Grams 23mm SIKHOTE ALIN Russian Shrapnel Meteorite With A COA And Info Card,38.0,2025-11-15,14.6,2.6,WorthPoint
sikhote-alin-meteorite,6.31 Grams SIKHOTE ALIN Russian Meteorite With A COA And Info Card,24.99,2025-11-15,6.31,3.96,WorthPoint
sikhote-alin-meteorite,6.40 Grams 25mm SIKHOTE ALIN Russian Meteorite With A COA And Info Card,26.0,2025-11-15,6.4,4.06,WorthPoint
sikhote-alin-meteorite,"Sikhote-Alin Meteorite ""Shrapnel"" ‚Äì 88.6 Grams",600.0,2025-11-14,88.6,6.77,WorthPoint
sikhote-alin-meteorite,"Sikhote-Alin Meteorite ""Shrapnel"" ‚Äì 45.7 Grams",387.5,2025-11-14,45.7,8.48,WorthPoint
sikhote-alin-meteorite,"*B2) Sikhote-Alin, Russia Meteorite Fragment 20 Grams With Display Sign Stand",99.99,2025-11-14,20.0,5.0,WorthPoint
sikhote-alin-meteorite,12.9 Grams 23mm SIKHOTE ALIN Russian Shrapnel Meteorite With A COA And Info Card,33.0,2025-11-13,12.9,2.56,WorthPoint
sikhote-alin-meteorite,6.60 Grams 18mm SIKHOTE ALIN Russian Meteorite With A COA And Info Card,27.0,2025-11-13,6.6,4.09,WorthPoint
sikhote-alin-meteorite,7.48 Grams 25mm SIKHOTE ALIN Russian Shrapnel Meteorite With A COA And Info Card,22.99,2025-11-13,7.48,3.07,WorthPoint
sikhote-alin-meteorite,4.37 Grams 15mm SIKHOTE ALIN Russian Meteorite With A COA And Info Card,16.99,2025-11-13,4.37,3.89,WorthPoint
sikhote-alin-meteorite,6.33 Grams 24mm SIKHOTE ALIN Russian Meteorite With A COA And Info Card,24.99,2025-11-13,6.33,3.95,WorthPoint
sikhote-alin-meteorite,7.03 Grams 18mm SIKHOTE ALIN Russian Meteorite With A COA And Info Card,25.99,2025-11-13,7.03,3.7,WorthPoint
sikhote-alin-meteorite,AMAZING 68g SCULPTURAL THUMBPRINTED SIKHOTE IRON METEORITE W/ FLOW LINES! SALE!,646.0,2025-11-13,68.0,9.5,WorthPoint
sikhote-alin-meteorite,"Sikhote'-Alin 64.34g Meteorite, Iron Shrapnel, Witnessed Fall, IMCA Sellers",485.0,2025-11-10,64.34,7.54,WorthPoint
sikhote-alin-meteorite,10.64 Grams 24mm SIKHOTE ALIN Russian Meteorite With A COA And Info Card,38.99,2025-11-10,10.64,3.66,WorthPoint
sikhote-alin-meteorite,Russia USSR 1957 Mi. 2024 Sikhote Alin Meteorite ! Block Of 4 MNH,39.99,2025-11-09,,,WorthPoint
sikhote-alin-meteorite,4.66 Grams 17mm SIKHOTE ALIN Russian Meteorite With A COA And Info Card,16.99,2025-11-08,4.66,3.65,WorthPoint
sikhote-alin-meteorite,Shapely Sikhote Alin Meteorite Individual (iron) - 3.1 G,14.0,2025-11-07,3.1,4.52,WorthPoint
sikhote-alin-meteorite,644 Sikhote Alin Iron Meteorite World Class Museum Collectors Gde 1.5 Lbs. Jal,5849.1,2025-11-06,,,WorthPoint
sikhote-alin-meteorite,4.55 Grams 28mm SIKHOTE ALIN Russian Meteorite With A COA And Info Card,16.99,2025-11-05,4.55,3.73,WorthPoint
sikhote-alin-meteorite,Magnet FALLING OF SIKHOTE ALIN METEORITE With A Piece Of Meteorite,14.99,2025-11-02,,,WorthPoint
sikhote-alin-meteorite,"Sikhote-Alin Meteorite ""Shrapnel"" Pendant",134.0,2025-10-30,,,WorthPoint
sikhote-alin-meteorite,2.50 Grams 15mm SIKHOTE ALIN Russian Meteorite With A COA And Info Card,9.99,2025-10-30,2.5,4.0,WorthPoint
sikhote-alin-meteorite,10.6 Grams 24mm SIKHOTE ALIN Russian Meteorite With A COA And Info Card,39.0,2025-10-29,10.6,3.68,WorthPoint
sikhote-alin-meteorite,NON SHRAPNEL - 200 Gram Sikhote Alin Meteorite Lot - Small Individuals,260.0,2025-10-28,200.0,1.3,WorthPoint
sikhote-alin-meteorite,NON SHRAPNEL - 700 Gram Sikhote Alin Meteorite Lot - Small Individuals (H),875.0,2025-10-28,700.0,1.25,WorthPoint
sikhote-alin-meteorite,"Sikhote Alin Shrapnel Meteorite, 1,224.5 Grams",995.0,2025-10-26,224.5,4.43,WorthPoint
sikhote-alin-meteorite,6.99 Grams 27mm SIKHOTE ALIN Russian Meteorite With A COA And Info Card,28.0,2025-10-25,6.99,4.01,WorthPoint
sikhote-alin-meteorite,41.5 G Oriented Sikhote Alin Meteorite-Flowlines-Rollover Lipping-Fusion Crust.,128.5,2025-10-25,41.5,3.1,WorthPoint
sikhote-alin-meteorite,"Sikhote-Alin Meteorite 57.8 Grams Iron, IIAB FALL 1947 Russia TKW 23 Tons NICE",410.0,2025-10-23,57.8,7.09,WorthPoint
sikhote-alin-meteorite,"Sikhote-Alin Meteorite ""Shrapnel""",59.0,2025-10-23,,,WorthPoint
sikhote-alin-meteorite,Sikhote Alin Irom Meteorite Collection 3 Specimens!,9.99,2025-10-22,,,WorthPoint
sikhote-alin-meteorite,3.16 Grams 22mm SIKHOTE ALIN Russian Shrapnel Meteorite With A COA And Info Card,8.99,2025-10-21,3.16,2.84,WorthPoint
sikhote-alin-meteorite,4.24 Grams 18mm SIKHOTE ALIN Russian Shrapnel Meteorite With A COA And Info Card,11.99,2025-10-21,4.24,2.83,WorthPoint
sikhote-alin-meteorite,4.88 Grams 24mm SIKHOTE ALIN Russian Shrapnel Meteorite With A COA And Info Card,14.99,2025-10-21,4.88,3.07,WorthPoint
sikhote-alin-meteorite,4.23 Grams 26mm SIKHOTE ALIN Russian Shrapnel Meteorite With A COA And Info Card,11.99,2025-10-21,4.23,2.83,WorthPoint
sikhote-alin-meteorite,3.82 Grams 15mm SIKHOTE ALIN Russian Shrapnel Meteorite With A COA And Info Card,11.49,2025-10-21,3.82,3.01,WorthPoint
sikhote-alin-meteorite,METEORITE Pendant Glass Vial~SIKHOTE ALIN Iron~Cosmic Keepsake NECKLACE!,20.0,2025-10-21,,,WorthPoint
sikhote-alin-meteorite,11.3 Grams 23mm SIKHOTE ALIN Russian Shrapnel Meteorite With A COA And Info Card,25.99,2025-10-21,11.3,2.3,WorthPoint
sikhote-alin-meteorite,"""54.0 Grams~SIKHOTE ALIN~Iron METEORITE~Whole~""""Special No Reserve Auction""""""",96.59,2025-10-19,54.0,1.79,WorthPoint
sikhote-alin-meteorite,ORIENTED 1.50 Gram - Sikhote Alin Meteorite Individual - 1947 Fall In Russia,19.0,2025-10-17,1.5,12.67,WorthPoint
sikhote-alin-meteorite,5.28 Grams 19mm SIKHOTE ALIN Russian Meteorite With A COA And Info Card,17.99,2025-10-17,5.28,3.41,WorthPoint
sikhote-alin-meteorite,8.85 Grams 30mm SIKHOTE ALIN Russian Meteorite With A COA And Info Card,33.0,2025-10-17,8.85,3.73,WorthPoint
sikhote-alin-meteorite,3.00 Grams~SIKHOTE ALIN~Iron METEORITE~Whole Individual~HISTORIC Fall Of 1947!,10.99,2025-10-17,3.0,3.66,WorthPoint
sikhote-alin-meteorite,ORIENTED 1.60 Gram - Sikhote Alin Meteorite Individual - 1947 Fall In Russia,29.0,2025-10-16,1.6,18.12,WorthPoint
sikhote-alin-meteorite,Sikhote Alin METEORITE 2.9 Grams Movable Parts! LOL,8.99,2025-10-15,2.9,3.1,WorthPoint
sikhote-alin-meteorite,24.3 Grams 33mm SIKHOTE ALIN Russian Meteorite With A COA And Info Card,84.99,2025-10-15,24.3,3.5,WorthPoint
sikhote-alin-meteorite,Sikhote Alin Iron Nickel Meteorite Piece Russian Meteor Asteroid Space Rock Nice,17.95,2025-10-14,,,WorthPoint
sikhote-alin-meteorite,Meteorite Sikhote-Alin Strike Iron Nickel Russian 24mm 5.7 Grams Jr3,9.99,2025-10-14,5.7,1.75,WorthPoint
sikhote-alin-meteorite,4.69 Grams 24mm SIKHOTE ALIN Russian Meteorite With A COA And Info Card,15.99,2025-10-13,4.69,3.41,WorthPoint
sikhote-alin-meteorite,Sikhote-Alin Iron Meteorite Shrapnel Fragment: 12.0g,25.0,2025-10-13,12.0,2.08,WorthPoint
sikhote-alin-meteorite,3.51 Grams 16mm SIKHOTE ALIN Russian Meteorite With A COA And Info Card,16.26,2025-10-13,3.51,4.63,WorthPoint
sikhote-alin-meteorite,8.19 Grams 28mm SIKHOTE ALIN Russian Meteorite With A COA And Info Card,31.99,2025-10-12,8.19,3.91,WorthPoint
sikhote-alin-meteorite,4.03 Grams~SIKHOTE ALIN~Iron METEORITE~Whole Individual~HISTORIC Fall Of 1947!,14.99,2025-10-12,4.03,3.72,WorthPoint
sikhote-alin-meteorite,12.4 Grams 23mm SIKHOTE ALIN Russian Meteorite With A COA And Info Card,41.99,2025-10-10,12.4,3.39,WorthPoint
sikhote-alin-meteorite,2.605 Grams 16mm SIKHOTE ALIN Russian Meteorite With A COA And Info Card,11.78,2025-10-10,2.605,4.52,WorthPoint
sikhote-alin-meteorite,"Meteorite**Sikhote-Alin, Russia**45.415 Grams, Gorgeous Regmaglypted Individual!",899.99,2025-10-09,45.415,19.82,WorthPoint
sikhote-alin-meteorite,Rare Large 124.7g Sikhote-Alin Iron Meteorite,348.5,2025-10-09,124.7,2.79,WorthPoint
sikhote-alin-meteorite,1.85 Grams~SIKHOTE ALIN~Iron METEORITE~Whole Individual~HISTORIC Fall Of 1947!,7.5,2025-10-09,1.85,4.05,WorthPoint
sikhote-alin-meteorite,3.43 Grams 18mm SIKHOTE ALIN Russian Meteorite With A COA And Info Card,12.99,2025-10-08,3.43,3.79,WorthPoint
sikhote-alin-meteorite,ORIENTED 2.74 Gram - Sikhote Alin Meteorite Individual - 1947 Fall In Russia,35.0,2025-10-05,2.74,12.77,WorthPoint
sikhote-alin-meteorite,Genuine Sikhote-Alin Meteorite In Glass Dome B,164.0,2025-10-05,,,WorthPoint
sikhote-alin-meteorite,24.4 Grams 32mm SIKHOTE ALIN Russian Meteorite With A COA And Info Card,71.0,2025-10-05,24.4,2.91,WorthPoint
sikhote-alin-meteorite,14.1 Grams 24mm SIKHOTE ALIN Russian Meteorite With A COA And Info Card,49.99,2025-10-05,14.1,3.55,WorthPoint
sikhote-alin-meteorite,Meteorite Sikhote-Alin Strike Iron Nickel Russian 14mm 2.7 Grams Jr15,7.99,2025-10-04,2.7,2.96,WorthPoint
sikhote-alin-meteorite,ORIENTED 2.18 Gram - Sikhote Alin Meteorite Individual - 1947 Fall In Russia,35.0,2025-10-04,2.18,16.06,WorthPoint
sikhote-alin-meteorite,ORIENTED 1.70 Gram - Sikhote Alin Meteorite Individual - 1947 Fall In Russia,35.0,2025-10-03,1.7,20.59,WorthPoint
sikhote-alin-meteorite,ORIENTED 2.30 Gram - Sikhote Alin Meteorite Individual - 1947 Fall In Russia,25.0,2025-10-02,2.3,10.87,WorthPoint
sikhote-alin-meteorite,SIKHOTE ALIN IRON METEORITE WORLD CLASS 31.2 Gram Burn Channel- Deep Thumbprints,299.0,2025-09-24,31.2,9.58,WorthPoint
sikhote-alin-meteorite,Sikhote-Alin Iron Meteorite 52g,75.0,2025-09-21,52.0,1.44,WorthPoint
sikhote-alin-meteorite,1.86 Grams SIKHOTE ALIN Iron METEORITE Shrapnel HISTORIC Fall Of 1947 Russia!,5.99,2025-09-21,1.86,3.22,WorthPoint
sikhote-alin-meteorite,Sikhote Alin Meteorite 10.7g From Russia,50.0,2025-09-17,10.7,4.67,WorthPoint
sikhote-alin-meteorite,"Sikhote-Alin, Iron IIAB Meteorite Octahedrite Russia 1947, 28.34 Grams",59.0,2025-09-16,28.34,2.08,WorthPoint
sikhote-alin-meteorite,#1 Natural 13.00ct 100% Rock From Space Russian Sikhote Meteorite 2.60g 14.00mm,14.95,2025-09-13,2.6,5.75,WorthPoint
sikhote-alin-meteorite,Sikhote-Alin Russia 1947 IIAB Iron Nickel Meteorite 92.5 Grams With Regmaglypts,229.0,2025-09-13,92.5,2.48,WorthPoint
sikhote-alin-meteorite,ORIENTED 6.78 Gram - Sikhote Alin Meteorite Individual - 1947 Fall In Russia,49.0,2025-09-10,6.78,7.23,WorthPoint
sikhote-alin-meteorite,Meteorite Sikhote-Alin Strike Iron Nickel Russian 18mm 3.3 Grams Jr18,7.99,2025-09-10,3.3,2.42,WorthPoint
sikhote-alin-meteorite,Russia Space Astronomy Sikhote Alin Iron Meteorite Explosion Stamp 1957 A-11,29.99,2025-09-08,,,WorthPoint
sikhote-alin-meteorite,Meteorite Sikhote-Alin Strike Iron Nickel Russian 33x15mm 5.4 Grams T88,9.55,2025-09-07,5.4,1.77,WorthPoint
sikhote-alin-meteorite,"Keychain Made With A Fragment Of Sikhote Alin Iron Meteorite, 28.2 Grams",26.0,2025-09-07,28.2,0.92,WorthPoint
sikhote-alin-meteorite,BEAUTIFUL 32g ORIENTED SIKHOTE ALIN METEORITE WITH FLOW LINES & ROLL OVER LIPS!,332.39,2025-09-07,32.0,10.39,WorthPoint
sikhote-alin-meteorite,SIKHOTE ALIN Iron Meteorite Specimen FLOWLINES WITNESSED FALL RUSSIA IMCA Seller,119.99,2025-09-06,,,WorthPoint
sikhote-alin-meteorite,3.23 Grams 20mm SIKHOTE ALIN Russian Shrapnel Meteorite With A COA And Info Card,8.99,2025-09-04,3.23,2.78,WorthPoint
sikhote-alin-meteorite,21.4 Gram - Sikhote Alin Iron Meteorite - Thumbprinted Specimen - 1947 Fall,49.99,2025-09-04,21.4,2.34,WorthPoint
sikhote-alin-meteorite,"Sikhote Alin Iron Meteorite, Small Awesome Well Oriented Individual! 4.3 G",49.99,2025-09-03,4.3,11.63,WorthPoint
sikhote-alin-meteorite,Meteorite Sikhote-Alin Strike Iron Nickel Russian 17mm 8.1 Grams Jr10,11.99,2025-09-02,8.1,1.48,WorthPoint
sikhote-alin-meteorite,Meteorite Sikhote-Alin Strike Iron Nickel Russian 23mm 7 Grams Jr17,11.99,2025-09-02,7.0,1.71,WorthPoint
sikhote-alin-meteorite,3.77 Grams 15mm SIKHOTE ALIN Russian Shrapnel Meteorite With A COA And Info Card,8.99,2025-09-01,3.77,2.38,WorthPoint
sikhote-alin-meteorite,2.43 Grams 17mm SIKHOTE ALIN Russian Shrapnel Meteorite With A COA And Info Card,7.49,2025-09-01,2.43,3.08,WorthPoint
sikhote-alin-meteorite,"SIKHOTE ALIN Meteorite Display Label, Aluminum",6.5,2025-08-31,,,WorthPoint
sikhote-alin-meteorite,4.23 Grams 21mm SIKHOTE ALIN Russian Shrapnel Meteorite With A COA And Info Card,12.5,2025-08-30,4.23,2.96,WorthPoint
sikhote-alin-meteorite,"Sikhote-Alin Iron IIAB Maritime Terr., Russia Fell Feb. 1947 76.7 G Whole Stone",115.0,2025-08-30,76.7,1.5,WorthPoint
sikhote-alin-meteorite,Meteorite Sikhote-Alin Strike Iron Nickel Russian 15mm 3.8 Grams Jr20,7.99,2025-08-30,3.8,2.1,WorthPoint
sikhote-alin-meteorite,54.19 Gram - Sikhote Alin Sharpnel Meteorite Individual - 1947 Fall In Russia,220.0,2025-08-29,54.19,4.06,WorthPoint
sikhote-alin-meteorite,10.92g Sikhote-Alin Witnessed Fall 1947 I Sculptured Iron Meteorite I TOP,203.0,2025-08-28,10.92,18.59,WorthPoint
sikhote-alin-meteorite,Meteorite Sikhote-Alin Strike Iron Nickel Russian 20mm 3.3 Grams Jr4,7.99,2025-08-27,3.3,2.42,WorthPoint
sikhote-alin-meteorite,#8 Natural 20.70ct 100% Rock From Space Russian Sikhote Meteorite 4.10g 16.00mm,17.95,2025-08-24,4.1,4.38,WorthPoint
sikhote-alin-meteorite,3.36 Grams~SIKHOTE ALIN Iron METEORITE In Glass Gift Jar~Cosmic Keepsake!,14.99,2025-08-23,3.36,4.46,WorthPoint
sikhote-alin-meteorite,4.17 Grams SIKHOTE ALIN Iron METEORITE Shrapnel HISTORIC Fall Of 1947 Russia!,12.99,2025-08-21,4.17,3.12,WorthPoint
sikhote-alin-meteorite,"Sikhote-Alin,Primorye,Russia Iron Nickel Meteorite Shrapnel 4.86 Grams",29.75,2025-08-20,4.86,6.12,WorthPoint
sikhote-alin-meteorite,"Sikhote Alin Iron IIAB Fell Feb. 12, 1947 Whole Stone 5.7 Grams",17.0,2025-08-17,5.7,2.98,WorthPoint
sikhote-alin-meteorite,Genuine Sikhote-Alin Meteorite In Glass Dome D,138.0,2025-08-17,,,WorthPoint
sikhote-alin-meteorite,Sikhote Alin METEORITE 54.76 Grams,65.0,2025-08-15,54.76,1.19,WorthPoint
sikhote-alin-meteorite,ORIENTED 3.54 Gram - Sikhote Alin Meteorite Individual - 1947 Fall In Russia,35.0,2025-08-13,3.54,9.89,WorthPoint
sikhote-alin-meteorite,Sikhote Alin Irom Meteorite Collection 38 Pieces!,17.99,2025-08-11,,,WorthPoint
sikhote-alin-meteorite,"Sikhote-Alin, Iron, IIAB Meteorite Found In Russia 1947, 37.2 Grams",130.0,2025-08-10,37.2,3.49,WorthPoint
sikhote-alin-meteorite,"SIKHOTE ALIN Iron Meteorite, WORLD CLASS 21.2 Gm. Deep Thumbprints Burn Channel",299.0,2025-08-01,21.2,14.1,WorthPoint
sikhote-alin-meteorite,Sikhote Alin METEORITE 99.3 Grams,110.0,2025-07-31,99.3,1.11,WorthPoint
sikhote-alin-meteorite,3.66 Grams 16mm Long SIKHOTE ALIN Russia Meteorite Observed Fall In 1947,11.0,2025-07-31,3.66,3.01,WorthPoint
sikhote-alin-meteorite,Sikhote Alin METEORITE 63.65 Grams,72.0,2025-07-31,63.65,1.13,WorthPoint
sikhote-alin-meteorite,Esthetic Oriented 367.8 Gram Sikhote-Alin Iron-Nickel Meteorite With Regmaglypts,1250.0,2025-07-31,367.8,3.4,WorthPoint
sikhote-alin-meteorite,Sikhote Alin METEORITE 22.39 Grams,44.99,2025-07-29,22.39,2.01,WorthPoint
sikhote-alin-meteorite,Meteorite Sikhote-Alin Strike Iron Nickel Russian 28x14mm 5.9 Grams T87,9.89,2025-07-25,5.9,1.68,WorthPoint
sikhote-alin-meteorite,Meteorite Sikhote-Alin Strike Iron Nickel Russian 23x18mm 6.8 Grams T58,9.23,2025-07-25,6.8,1.36,WorthPoint
sikhote-alin-meteorite,"Sikhote-Alin Iron IIAB Fell Feb. 12, 1947 Russia 5.13 G Whole Stone",25.0,2025-07-24,5.13,4.87,WorthPoint
sikhote-alin-meteorite,Meteorite Sikhote-Alin Strike Iron Nickel Russian 7.1 Grams K77,11.87,2025-07-22,7.1,1.67,WorthPoint
sikhote-alin-meteorite,Sikhote Alin Meteorite 42 Gram Fragment Specimen Iron 1947 Fall,99.0,2025-07-21,42.0,2.36,WorthPoint
sikhote-alin-meteorite,SIKHOTE ALIN Iron Meteorite POLISHED SLICE Specimen Witnessed Fall RUSSIA,79.99,2025-07-20,,,WorthPoint
sikhote-alin-meteorite,6.94 Grams 22mm SIKHOTE ALIN Russian Shrapnel Meteorite With A COA And Info Card,21.0,2025-07-19,6.94,3.03,WorthPoint
sikhote-alin-meteorite,6.26 Grams SIKHOTE ALIN Russian Meteorite With A COA And Info Card,21.5,2025-07-19,6.26,3.43,WorthPoint
sikhote-alin-meteorite,Meteorite Sikhote-Alin Strike Iron Nickel Russian 3.2 Grams L18,8.99,2025-07-18,3.2,2.81,WorthPoint
sikhote-alin-meteorite,SIKHOTE-ALIN METEORITE PENDANT $69 Sterling Silver Jewelry STARBORN SA69-P10,69.0,2025-07-15,,,WorthPoint
sikhote-alin-meteorite,SIKHOTE-ALIN METEORITE PENDANT $89 Sterling Silver Jewelry STARBORN SA89-P10,89.0,2025-07-15,,,WorthPoint
sikhote-alin-meteorite,"Meteorite**Sikhote-Alin, Russia**2.564 Grams, Gorgeous Unique Bullet Shape!!",40.0,2025-07-14,2.564,15.6,WorthPoint
sikhote-alin-meteorite,Meteorite: Sikhote-Alin Weight: 27.953 Grams,450.0,2025-07-14,27.953,16.1,WorthPoint
sikhote-alin-meteorite,SIKHOTE-ALIN METEORITE PENDANT $129 Sterling Silver Jewelry STARBORN SA129-P1,129.0,2025-07-12,,,WorthPoint
sikhote-alin-meteorite,Sikhote-Alin Russia 1947 IIAB Iron Nickel Meteorite 66.5 Grams With Regmaglypts,650.0,2025-07-11,66.5,9.77,WorthPoint
sikhote-alin-meteorite,Meteorite Sikhote-Alin Strike Iron Nickle Russian 1.7 Grams Ed15,8.99,2025-07-09,1.7,5.29,WorthPoint
sikhote-alin-meteorite,Natural Sikhote-Alin Meteorite From Russia: 53.5 Grams,60.0,2025-07-07,53.5,1.12,WorthPoint
sikhote-alin-meteorite,Meteorite**Sikhote-Alin** Iron IIAB Observed Fall 50.34gm,74.99,2025-07-07,50.34,1.49,WorthPoint
sikhote-alin-meteorite,"Sikhote-Alin Iron IIAB Meteorite, Fell In Russia 1947. 61.16 Grams",195.0,2025-07-01,61.16,3.19,WorthPoint
sikhote-alin-meteorite,Sikhote Alin Kamacite Meteorite Shrapnel Paseka Primorsky Krai Russia 8.4g,15.0,2025-06-29,8.4,1.79,WorthPoint
sikhote-alin-meteorite,GORGEOUS 25.7g ORIENTED SIKHOTE ALIN METEORITE WITH ROLL OVER LIPS!,189.99,2025-06-28,25.7,7.39,WorthPoint
sikhote-alin-meteorite,5.47 Grams 18mm SIKHOTE ALIN Russian Shrapnel Meteorite With A COA And Info Card,14.99,2025-06-27,5.47,2.74,WorthPoint
sikhote-alin-meteorite,Sikhote-Alin Iron Meteorite Modestly Oriented Individual: 8.8g,40.0,2025-06-27,8.8,4.55,WorthPoint
sikhote-alin-meteorite,Sikhote-Alin Oriented Iron Meteorite Individual: 9.8g,45.0,2025-06-27,9.8,4.59,WorthPoint
sikhote-alin-meteorite,6.52 Grams SIKHOTE ALIN Russian Meteorite With A COA And Info Card,51.0,2025-06-27,6.52,7.82,WorthPoint
sikhote-alin-meteorite,Natural Sikhote-Alin Meteorite From Russia: 29 Grams,50.0,2025-06-26,29.0,1.72,WorthPoint
sikhote-alin-meteorite,Meteorite Sikhote-Alin Strike Iron Nickel Russian 2.3 Grams K59,8.99,2025-06-24,2.3,3.91,WorthPoint
sikhote-alin-meteorite,Top Quality! Lots Of Thumbprints! Super Sculpted Sikhote-alin Meteorite 33.7 Gm,89.25,2025-06-21,33.7,2.65,WorthPoint
sikhote-alin-meteorite,3.23 Grams~SIKHOTE ALIN~Iron METEORITE~Whole Individual~HISTORIC Fall Of 1947!,11.99,2025-06-20,3.23,3.71,WorthPoint
sikhote-alin-meteorite,SIKHOTE ALIN Iron Nickel Meteorite - 738 Grams! With Amazing Regmaglypts - RARE,3950.0,2025-06-20,738.0,5.35,WorthPoint
sikhote-alin-meteorite,6.29g SIKHOTE ALIN Witnessed Fall 1947 I Sculptured Iron Meteorite I TOP,117.0,2025-06-19,6.29,18.6,WorthPoint
sikhote-alin-meteorite,2.64 Grams 19mm SIKHOTE ALIN Russian Shrapnel Meteorite With A COA And Info Card,7.99,2025-06-10,2.64,3.03,WorthPoint
sikhote-alin-meteorite,1.84 Grams 15mm SIKHOTE ALIN Russian Shrapnel Meteorite With A COA And Info Card,6.5,2025-06-10,1.84,3.53,WorthPoint
sikhote-alin-meteorite,5 Grams 17mm SIKHOTE ALIN Russian Meteorite With A COA And Info Card,16.99,2025-06-10,5.0,3.4,WorthPoint
sikhote-alin-meteorite,Meteorite - Sikhote Alin Russia - 1‚Äù Long - 11.3 Grams,30.0,2025-06-09,11.3,2.65,WorthPoint
sikhote-alin-meteorite,2.38 Grams 14mm SIKHOTE ALIN Russian Shrapnel Meteorite With A COA And Info Card,20.5,2025-06-07,2.38,8.61,WorthPoint
sikhote-alin-meteorite,#11 Natural 14.25ct 100% Rock From Space Russian Sikhote Meteorite 2.85g 23.00mm,14.95,2025-06-06,2.85,5.25,WorthPoint
sikhote-alin-meteorite,55.59 Gram - SIKHOTE ALIN IRON METEORITE - Thumbprinted Specimen - 1947 Fall,273.0,2025-06-06,55.59,4.91,WorthPoint
sikhote-alin-meteorite,3.32 Grams SIKHOTE ALIN Russian Meteorite With A COA And Info Card,13.99,2025-06-05,3.32,4.21,WorthPoint
sikhote-alin-meteorite,Sikhote-Alin Meteorite Shrapnel,219.0,2025-06-05,,,WorthPoint
sikhote-alin-meteorite,9.68g Sikhote-Alin Iron Meteorite Witnessed Fall 1947 Double Rollover Lip TOP,300.0,2025-06-02,9.68,30.99,WorthPoint
sikhote-alin-meteorite,Sikhote-Alin - 73 Gm - With Regmaglypts Iron IIAB Meteorite Fall 1947,120.0,2025-06-02,73.0,1.64,WorthPoint
sikhote-alin-meteorite,Sikhote Alin METEORITE 77.56 Grams,85.0,2025-06-02,77.56,1.1,WorthPoint
sikhote-alin-meteorite,"Museum Grade 45 Gm Sikhote-alin Meteorite From Russia, Collectors Grade",320.0,2025-05-30,45.0,7.11,WorthPoint
sikhote-alin-meteorite,Sikhote-Alin - 307 Gm - With Regmaglypts Iron IIAB Meteorite Fall 1947,220.0,2025-05-29,307.0,0.72,WorthPoint
sikhote-alin-meteorite,Sikhote‚ÄëAlin Meteorite Fragment ‚Äì63.3g Raw Iron Specimen From February 1947 Fall,275.0,2025-05-27,63.3,4.34,WorthPoint
sikhote-alin-meteorite,2.71 Grams SIKHOTE ALIN Iron METEORITE Shrapnel HISTORIC Fall Of 1947 Russia!,7.99,2025-05-27,2.71,2.95,WorthPoint
sikhote-alin-meteorite,Sikhote-Alin Iron Meteorite Individual 28.7 Grams Ex. Piper Hollier,200.0,2025-05-26,28.7,6.97,WorthPoint
sikhote-alin-meteorite,"SIKHOTE ALIN IRON METEORITE Fusion Crust - Deep Thumbprints, WORLD CLASS 20 Gram",180.0,2025-05-25,20.0,9.0,WorthPoint
sikhote-alin-meteorite,Sikhote-Alin - 341 Gm - Iron IIAB Meteorite Witnessed Fall 1947,120.0,2025-05-22,341.0,0.35,WorthPoint
sikhote-alin-meteorite,50 Gm. SIKHOTE-ALIN SLICED METEORITE,74.25,2025-05-21,50.0,1.49,WorthPoint
sikhote-alin-meteorite,MUSEUM GRADE 289 GRAM SIKHOTE-ALIN METEORITE FROM RUSSIA W/ 100s OF REGMAGLYPTS,825.0,2025-05-20,289.0,2.85,WorthPoint
sikhote-alin-meteorite,Sikhote Alin Meteorite Flight Oriented,260.0,2025-05-19,,,WorthPoint
sikhote-alin-meteorite,2.04 Grams SIKHOTE ALIN Iron METEORITE Shrapnel HISTORIC Fall Of 1947 Russia!,5.99,2025-05-19,2.04,2.94,WorthPoint
sikhote-alin-meteorite,Sikhote Alin METEORITE 106 Grams,120.0,2025-05-19,106.0,1.13,WorthPoint
sikhote-alin-meteorite,SUPER ORIENTED - 27.42 Gram SIKHOTE ALIN IRON METEORITE - FLOW LINES/THUMBPRINTS,179.0,2025-05-19,27.42,6.53,WorthPoint
sikhote-alin-meteorite,"Meteorite Sikhote-Alin, Russia 51 Grams, Nice Regmaglypts- Unique Piece",200.0,2025-05-19,51.0,3.92,WorthPoint
sikhote-alin-meteorite,Meteorite Fragments From Sikhote-Alin Russia (I),16.2,2025-05-17,,,WorthPoint
sikhote-alin-meteorite,BEAUTIFUL 70g ORIENTED SIKHOTE ALIN METEORITE WITH FLOW LINES & ROLL OVER LIPS!,584.84,2025-05-17,70.0,8.35,WorthPoint
sikhote-alin-meteorite,"Sikhote-Alin, Primorye, Russia Iron Nickel Meteorite Shrapnel 4.56 Grams",18.75,2025-05-16,4.56,4.11,WorthPoint
sikhote-alin-meteorite,"Meteorite**Sikhote-Alin, Russia**4.382 Grams, Gorgeous Unique Bullet Shape!!",189.99,2025-05-14,4.382,43.36,WorthPoint
sikhote-alin-meteorite,#7 Natural 14.10ct 100% Rock From Space Russian Sikhote Meteorite 2.80g 32.00mm,17.95,2025-05-12,2.8,6.41,WorthPoint
sikhote-alin-meteorite,#6 Natural 13.80ct 100% Rock From Space Russian Sikhote Meteorite 2.80g 26.00mm,17.95,2025-05-12,2.8,6.41,WorthPoint
sikhote-alin-meteorite,9.77 Grams SIKHOTE ALIN Russian Meteorite With A COA And Info Card,24.99,2025-05-07,9.77,2.56,WorthPoint
sikhote-alin-meteorite,7.72 Grams Oriented SIKHOTE ALIN Russian Meteorite With COA And Info Card,68.0,2025-05-07,7.72,8.81,WorthPoint
sikhote-alin-meteorite,Meteorite Fragments From Sikhote-Alin Russia (H),16.2,2025-05-07,,,WorthPoint
sikhote-alin-meteorite,8.16 Grams Oriented SIKHOTE ALIN Russian Meteorite With COA And Info Card,17.99,2025-05-07,8.16,2.2,WorthPoint
sikhote-alin-meteorite,"Meteorite**Sikhote-Alin, Russia**9.092 Grams, ‚òÑÔ∏è Perfect Oriented Individual!!!!",420.0,2025-05-04,9.092,46.19,WorthPoint
sikhote-alin-meteorite,3.91 Grams SIKHOTE ALIN Russian Meteorite With A COA And Info Card,9.5,2025-05-02,3.91,2.43,WorthPoint
sikhote-alin-meteorite,GORGEOUS 23.06g ORIENTED SIKHOTE ALIN METEORITE CRAZY SHAPE,179.99,2025-05-02,23.06,7.81,WorthPoint
sikhote-alin-meteorite,"Sikhote-Alin Meteorite ""Shrapnel"" - 1,056.6 Grams",1625.0,2025-04-23,56.6,28.71,WorthPoint
sikhote-alin-meteorite,Sikhote-Alin Meteorite Slice - 515.7 Grams,2500.0,2025-04-23,515.7,4.85,WorthPoint
sikhote-alin-meteorite,2.48 Grams SIKHOTE ALIN Iron METEORITE Shrapnel HISTORIC Fall Of 1947 Russia!,5.99,2025-04-23,2.48,2.42,WorthPoint
sikhote-alin-meteorite,"Meteorite**Sikhote-Alin, Russia**16.414 Grams, Gorgeous Regmaglypted Individual!",87.0,2025-04-21,16.414,5.3,WorthPoint
sikhote-alin-meteorite,"Meteorite**Sikhote-Alin, Russia**17.403 Grams, Gorgeous Regmaglypted Individual!",250.0,2025-04-18,17.403,14.37,WorthPoint
sikhote-alin-meteorite,SIKHOTE - ALIN Meteorite 60 Year Anniversary Medal GEM BU With METEOR Piece,43.59,2025-04-18,,,WorthPoint
sikhote-alin-meteorite,2.87 Grams SIKHOTE ALIN Russian Meteorite With COA And Info Card,9.99,2025-04-17,2.87,3.48,WorthPoint
sikhote-alin-meteorite,9.51 Grams SIKHOTE ALIN Russian Meteorite With COA And Info Card,25.99,2025-04-17,9.51,2.73,WorthPoint
sikhote-alin-meteorite,13.9 Grams Oriented SIKHOTE ALIN Russian Meteorite With COA And Info Card,49.99,2025-04-17,13.9,3.6,WorthPoint
sikhote-alin-meteorite,12.9 Grams SIKHOTE ALIN Russian Shrapnel Meteorite With A COA And Info Card,21.5,2025-04-17,12.9,1.67,WorthPoint
sikhote-alin-meteorite,5.95 Grams SIKHOTE ALIN Russian Shrapnel Meteorite With A COA And Info Card,18.26,2025-04-17,5.95,3.07,WorthPoint
sikhote-alin-meteorite,2.10 Grams SIKHOTE ALIN Russian Shrapnel Meteorite With A COA And Info Card,8.26,2025-04-17,2.1,3.93,WorthPoint
sikhote-alin-meteorite,"Awesome Sikhote Alin Iron Meteorite, 827 Grams, Shrapnel Form",390.56,2025-04-16,827.0,0.47,WorthPoint
sikhote-alin-meteorite,Meteorite Sikhote-Alin Strike Iron Nickel Russian 28x19mm 6.5 Grams T69,9.23,2025-04-16,6.5,1.42,WorthPoint
sikhote-alin-meteorite,Sikhote Alin Iron Meteorite Shrapnel Fragment From Siberia 35 Grams,41.0,2025-04-16,35.0,1.17,WorthPoint
sikhote-alin-meteorite,9.75 Grams SIKHOTE ALIN Russian Shrapnel Meteorite With A COA And Info Card,17.99,2025-04-14,9.75,1.85,WorthPoint
sikhote-alin-meteorite,8.09 Grams SIKHOTE ALIN Russian Shrapnel Meteorite With A COA And Info Card,14.99,2025-04-14,8.09,1.85,WorthPoint
sikhote-alin-meteorite,4.27 Grams SIKHOTE ALIN Russian Shrapnel Meteorite With A COA And Info Card,8.5,2025-04-14,4.27,1.99,WorthPoint
sikhote-alin-meteorite,3.04 Grams SIKHOTE ALIN Russian Meteorite With COA And Info Card,9.99,2025-04-14,3.04,3.29,WorthPoint
sikhote-alin-meteorite,ü™ê Sikhote-Alin Iron Meteorite Fragment 12.13g + Magnetic Display Stand,34.0,2025-04-14,12.13,2.8,WorthPoint
sikhote-alin-meteorite,Meteorite Sikhote-Alin Strike Iron Nickel Russian 10.1 Grams K79,16.49,2025-04-13,10.1,1.63,WorthPoint
sikhote-alin-meteorite,Sikhote Alin METEORITE 54.63 Grams,67.0,2025-04-13,54.63,1.23,WorthPoint
sikhote-alin-meteorite,6.78 Grams SIKHOTE ALIN Russian Shrapnel Meteorite With A COA And Info Card,18.5,2025-04-12,6.78,2.73,WorthPoint
sikhote-alin-meteorite,4.22 Grams SIKHOTE ALIN Russian Shrapnel Meteorite With A COA And Info Card,8.5,2025-04-12,4.22,2.01,WorthPoint
sikhote-alin-meteorite,Sikhote Alin METEORITE 99.6 Grams,110.0,2025-04-12,99.6,1.1,WorthPoint
sikhote-alin-meteorite,13.7 Grams SIKHOTE ALIN Russian Shrapnel Meteorite With A COA And Info Card,24.99,2025-04-11,13.7,1.82,WorthPoint
sikhote-alin-meteorite,"Meteorite Sikhote Alin, Russia 33.3 Grams, Gorgeous Regmaglypted Individual!",169.99,2025-04-11,33.3,5.1,WorthPoint
sikhote-alin-meteorite,9.36 Grams SIKHOTE ALIN Russian Shrapnel Meteorite With A COA And Info Card,20.99,2025-04-10,9.36,2.24,WorthPoint
sikhote-alin-meteorite,Meteorite Fragments From Sikhote-Alin Russia (P),18.0,2025-04-10,,,WorthPoint
sikhote-alin-meteorite,Meteorite Fragments From Sikhote-Alin Russia (D),18.0,2025-04-10,,,WorthPoint
sikhote-alin-meteorite,Sikhote-Alin Meteorite Specimen - 21.48g - Historic 1947 Fall,330.4,2025-04-10,21.48,15.38,WorthPoint
sikhote-alin-meteorite,Sikhote Alin Iron Meteorite Shrapnel Fragment From Siberia 51.5 Grams,60.0,2025-04-08,51.5,1.17,WorthPoint
sikhote-alin-meteorite,Sikhote Alin Iron Meteorite Collection In A Bottle! 25.2g,27.99,2025-04-07,25.2,1.11,WorthPoint
sikhote-alin-meteorite,6.1 Gram 22+/-pcs Sikhote Alin Russia Meteorite Fragment Parcel 93% Fe C.2/12/47,44.99,2025-04-03,6.1,7.38,WorthPoint
sikhote-alin-meteorite,"Sikhote-Alin Iron, IIAB Meteorite, Found In Russia 1947, 119.85 Grams",480.0,2025-03-31,119.85,4.01,WorthPoint
sikhote-alin-meteorite,Meteorite: Sikhote-Alin Weight: 7.169 Grams,45.0,2025-03-31,7.169,6.28,WorthPoint
sikhote-alin-meteorite,24 Grams SIKHOTE ALIN Russian Meteorite With COA And Info Card,77.77,2025-03-30,24.0,3.24,WorthPoint
sikhote-alin-meteorite,Sikhote Alin Iron Meteorite Shrapnel Fragment From Siberia 40 Grams,45.0,2025-03-30,40.0,1.12,WorthPoint
sikhote-alin-meteorite,39.38 Gram - SIKHOTE ALIN IRON METEORITE Shrapnel Specimen - 1947 Witnessed Fall,105.0,2025-03-29,39.38,2.67,WorthPoint
sikhote-alin-meteorite,6.38 Gram - SIKHOTE ALIN IRON METEORITE - Thumb Printed Specimen- 1947 Fall,35.0,2025-03-29,6.38,5.49,WorthPoint
sikhote-alin-meteorite,5.08 Gram - SIKHOTE ALIN IRON METEORITE - Thumb Printed Specimen- 1947 Fall,35.0,2025-03-29,5.08,6.89,WorthPoint
sikhote-alin-meteorite,8.90 Gram - SIKHOTE ALIN IRON METEORITE - Thumb Printed Specimen- 1947 Fall,48.3,2025-03-29,8.9,5.43,WorthPoint
sikhote-alin-meteorite,Sikhote-Alin Iron Meteorite Specimen,28.0,2025-03-29,,,WorthPoint
sikhote-alin-meteorite,Sikhote-Alin Meteorite Ring // Adjustable // Ver. 2,635.95,2025-03-26,,,WorthPoint
sikhote-alin-meteorite,Sikhote-alin Meteorite Medal,45.0,2025-03-26,,,WorthPoint
sikhote-alin-meteorite,17.00 Gram - SIKHOTE ALIN IRON METEORITE - Thumb Printed Specimen- 1947 Fall,47.6,2025-03-25,17.0,2.8,WorthPoint
sikhote-alin-meteorite,(x215) 30 G Sikhote Alin Russia Meteorite Feb 1947 Shrapnel Fragment Specimen,62.99,2025-03-25,30.0,2.1,WorthPoint
sikhote-alin-meteorite,‚òÑÔ∏è Iron Meteorite Sikhote-alin Russia 23.24gr,17.0,2025-03-24,23.24,0.73,WorthPoint
sikhote-alin-meteorite,Sikhote-Alin Shrapnel 12.313g Tear Striations/Melt & Roll Over Lips,64.99,2025-03-24,12.313,5.28,WorthPoint
sikhote-alin-meteorite,Uniquely Shaped Sikhote Alin METEORITE 26.03 Grams,65.0,2025-03-24,26.03,2.5,WorthPoint
sikhote-alin-meteorite,Meteorite Sikhote-Alin Coarse Octahedrite Fell 1947 Siberia.,33.0,2025-03-24,,,WorthPoint
sikhote-alin-meteorite,Sikhote Alin Iron Meteorite 6.1 Gram Shrapnel Individual,38.97,2025-03-21,6.1,6.39,WorthPoint
sikhote-alin-meteorite,Sikhote Alin METEORITE 7.17 Grams IRON Meteor,14.99,2025-03-19,7.17,2.09,WorthPoint
sikhote-alin-meteorite,Meteorite Sikhote-Alin Strike Iron Nickel Russian 7.5 Grams L25,11.87,2025-03-18,7.5,1.58,WorthPoint
sikhote-alin-meteorite,"Meteorite Sikhote-Alin Strike Iron Nickle Russian 3,1 Grams Ec19",8.99,2025-03-18,1.0,8.99,WorthPoint
sikhote-alin-meteorite,Meteorite Sikhote-Alin Strike Iron Nickel Russian 21x19mm 7.4 Grams T76,9.89,2025-03-18,7.4,1.34,WorthPoint
sikhote-alin-meteorite,Sikhote Alin Meteorite Fragment - 69 Grams With Info Card,99.0,2025-03-16,69.0,1.43,WorthPoint
sikhote-alin-meteorite,Sikhote-Alin Meteorite 18.13g Fragment,50.0,2025-03-16,18.13,2.76,WorthPoint
sikhote-alin-meteorite,‚òÑÔ∏è Iron Meteorite Sikhote-alin Russia 1947,48.0,2025-03-16,,,WorthPoint
sikhote-alin-meteorite,Meteorite 1947 Nickel-Iron Thumbnail Mineral Specimen - Sikhote Alin Mtns Russia,29.99,2025-03-16,,,WorthPoint
sikhote-alin-meteorite,Sikhote-Alin Iron Meteorite Shrapnel Fragment: 40.1g,70.0,2025-03-16,40.1,1.75,WorthPoint
sikhote-alin-meteorite,Meteorite Sikhote-Alin Strike Iron Nickel Russian 10.2 Grams K25,16.49,2025-03-15,10.2,1.62,WorthPoint
sikhote-alin-meteorite,183.74 Gram - SIKHOTE ALIN IRON METEORITE - Thumb Printed Specimen- 1947 Fall,910.0,2025-03-15,183.74,4.95,WorthPoint
sikhote-alin-meteorite,3.15 Grams SIKHOTE ALIN Russian Meteorite With COA And Info Card,9.99,2025-03-14,3.15,3.17,WorthPoint
sikhote-alin-meteorite,133.21 Gram - SIKHOTE ALIN IRON METEORITE - Thumb Printed Specimen- 1947 Fall,930.0,2025-03-13,133.21,6.98,WorthPoint
sikhote-alin-meteorite,4.10 Grams SIKHOTE ALIN Russian Shrapnel Meteorite With A COA And Info Card,8.5,2025-03-13,4.1,2.07,WorthPoint
sikhote-alin-meteorite,3.53 Grams Oriented SIKHOTE ALIN Russian Meteorite With COA And Info Card,14.99,2025-03-12,3.53,4.25,WorthPoint
sikhote-alin-meteorite,Russia Astronomy Sikhote-Alin Iron Meteorite Stamp 1957,24.99,2025-03-10,,,WorthPoint
sikhote-alin-meteorite,2.67 Grams SIKHOTE ALIN Russian PENDANT Meteorite With A COA And Info Card,9.99,2025-03-10,2.67,3.74,WorthPoint
sikhote-alin-meteorite,2.19 Grams SIKHOTE ALIN Russian Shrapnel Meteorite With A COA And Info Card,5.5,2025-03-08,2.19,2.51,WorthPoint
sikhote-alin-meteorite,"Sikhote-Alin Iron, IIAB Meteorite, Found In Russia 1947, 229.56 Grams",900.0,2025-03-06,229.56,3.92,WorthPoint
sikhote-alin-meteorite,3.03 Grams Oriented SIKHOTE ALIN Russian Meteorite With COA And Info Card,11.99,2025-03-05,3.03,3.96,WorthPoint
sikhote-alin-meteorite,47.33 Gram - SIKHOTE ALIN IRON METEORITE - Thumb Printed Specimen- 1947 Fall,330.0,2025-03-04,47.33,6.97,WorthPoint
sikhote-alin-meteorite,Sikhote-Alin Meteorite 6.85 Grams,9.99,2025-03-02,6.85,1.46,WorthPoint
sikhote-alin-meteorite,Sikhote-Alin 34.7g Meteorite - Nicely Shaped Individual With Regmaglypts,179.95,2025-03-01,34.7,5.19,WorthPoint
sikhote-alin-meteorite,16 Grams SIKHOTE ALIN Russian Meteorite With COA And Info Card,38.99,2025-02-27,16.0,2.44,WorthPoint
sikhote-alin-meteorite,Sikhote Alin Iron Meteorite 11.8 Gram Shrapnel Individual,67.87,2025-02-27,11.8,5.75,WorthPoint
sikhote-alin-meteorite,"Meteorite**Sikhote-Alin, Russia**7.687 Grams, Gorgeous Regmaglypted Individual!",36.0,2025-02-24,7.687,4.68,WorthPoint
sikhote-alin-meteorite,Sikhote Alin 14.14g Flight Marked Iron Meteorite,59.0,2025-02-22,14.14,4.17,WorthPoint
sikhote-alin-meteorite,5.54 Gram - SIKHOTE ALIN IRON METEORITE - Thumb Printed Specimen- 1947 Fall,35.0,2025-02-20,5.54,6.32,WorthPoint
sikhote-alin-meteorite,"Sikhote-Alin Iron, IIAB Meteorite Found In Russia 1947, 41.2 Grams",110.0,2025-02-16,41.2,2.67,WorthPoint
sikhote-alin-meteorite,SIKHOTE-ALIN Meteorite Pendant - Sterling Silver - TOP METEORITE Jewelry,120.0,2025-02-16,,,WorthPoint
sikhote-alin-meteorite,Sikhote-Alin Iron Meteorite 89.3 Grams,57.0,2025-02-14,89.3,0.64,WorthPoint
sikhote-alin-meteorite,16.4 Grams SIKHOTE ALIN Russian Meteorite With COA And Info Card,54.99,2025-02-09,16.4,3.35,WorthPoint
sikhote-alin-meteorite,6.24 Grams SIKHOTE ALIN Russian Shrapnel Meteorite With A COA And Info Card,12.99,2025-02-09,6.24,2.08,WorthPoint
sikhote-alin-meteorite,8.44 Grams SIKHOTE ALIN Russian Shrapnel Meteorite With A COA And Info Card,18.99,2025-02-09,8.44,2.25,WorthPoint
sikhote-alin-meteorite,ORIENTED SIKHOTE ALIN Iron Meteorite Specimen FLOW LINES ROLLOVER LIPS RUSSIA,75.99,2025-02-03,,,WorthPoint
sikhote-alin-meteorite,Sikhote Alin 12.57g Flight Marked Iron Meteorite,64.0,2025-02-01,12.57,5.09,WorthPoint
sikhote-alin-meteorite,"Sikhote-Alin, Iron IIAB Found In Russia 1947, 14.8 Gram Individual",89.0,2025-01-30,14.8,6.01,WorthPoint
sikhote-alin-meteorite,"Museum Grade 48 Gm Sikhote-alin Meteorite From Russia, Collectors Grade",404.1,2025-01-29,48.0,8.42,WorthPoint
sikhote-alin-meteorite,"Sikhote-Alin, IIAB Iron Meteorite Found In Russia 1947, 26.2 Gram Individual",130.0,2025-01-28,26.2,4.96,WorthPoint
sikhote-alin-meteorite,Sikhote Alin 21.8 GR Regmaglypted Russian 1947 Fall Meteorite Individual NOTW,34.85,2025-01-26,21.8,1.6,WorthPoint
sikhote-alin-meteorite,1947 Russia Iron Meteorite Sikhote-Alin 10.429 Grams Unique Meteorite,50.0,2025-01-25,10.429,4.79,WorthPoint
sikhote-alin-meteorite,"SIKHOTE-ALIN, 199 Gram Meteorite, Iron Shrapnel, Russia",248.0,2025-01-24,199.0,1.25,WorthPoint
sikhote-alin-meteorite,"Sikhote'-Alin 5.654g Meteorite, Iron Shrapnel, Witnessed Fall, IMCA Sellers",33.0,2025-01-22,5.654,5.84,WorthPoint
sikhote-alin-meteorite,10.2 Grams SIKHOTE ALIN Russian Shrapnel Meteorite With A COA And Info Card,22.99,2025-01-18,10.2,2.25,WorthPoint
sikhote-alin-meteorite,4.67 Grams SIKHOTE ALIN Russian Shrapnel Meteorite With A COA And Info Card,8.99,2025-01-17,4.67,1.93,WorthPoint
sikhote-alin-meteorite,Sikhote Alin 15.30g Flight Marked Iron Meteorite,77.0,2025-01-17,15.3,5.03,WorthPoint
sikhote-alin-meteorite,"Meteorite Sikhote-Alin Pendant, Polished, Shrapnel, Meteorite Pendant, 37.31g",135.0,2025-01-17,37.31,3.62,WorthPoint
sikhote-alin-meteorite,Sikhote Alin Iron Meteorite 13.3 Gram Shrapnel Individual,15.5,2025-01-17,13.3,1.17,WorthPoint
sikhote-alin-meteorite,Sikhote-Alin Meteorite 58.1g 0923,87.0,2025-01-16,58.1,1.5,WorthPoint
sikhote-alin-meteorite,3.81 Grams SIKHOTE ALIN Russian Shrapnel Meteorite With A COA And Info Card,7.99,2025-01-13,3.81,2.1,WorthPoint
sikhote-alin-meteorite,Genuine Sikhote-Alin Meteorite On Acrylic Stand (87.7 Grams),870.0,2025-01-06,87.7,9.92,WorthPoint
sikhote-alin-meteorite,FANTASTIC 24.56 Gram - SIKHOTE ALIN IRON METEORITE - 1947 RUSSIAN Fall,99.5,2025-01-05,24.56,4.05,WorthPoint
sikhote-alin-meteorite,"Sikhote'-Alin 8.5g Meteorite, Iron Shrapnel, Witnessed Fall, IMCA Sellers",32.0,2025-01-02,8.5,3.76,WorthPoint
sikhote-alin-meteorite,"Museum Grade 75 Gm Sikhote-alin Meteorite From Russia, Collectors Grade",674.1,2024-12-26,75.0,8.99,WorthPoint
sikhote-alin-meteorite,FANTASTIC 30.45 Gram - SIKHOTE ALIN IRON METEORITE - W/Fusion Crust- 1947 Fall,120.0,2024-12-24,30.45,3.94,WorthPoint
sikhote-alin-meteorite,5.17 Grams SIKHOTE ALIN Russian Shrapnel Meteorite With A COA And Info Card,11.99,2024-12-22,5.17,2.32,WorthPoint
sikhote-alin-meteorite,Sikhote Alin METEORITE 67.2 Grams,78.0,2024-12-19,67.2,1.16,WorthPoint
sikhote-alin-meteorite,"43.9 Gram Sikhote-Alin Individual Meteorite - Iron, IIAB - Fell 1947 In Russia",274.99,2024-12-16,43.9,6.26,WorthPoint
sikhote-alin-meteorite,184 GRAM SIKHOTE ALIN IRON IIAB METERORITE (reviewed And Authenticated WITH COA),385.0,2024-12-16,184.0,2.09,WorthPoint
sikhote-alin-meteorite,Sikhote-alin Iron Meteorite From Russia 3.3 Grams,6.99,2024-12-16,3.3,2.12,WorthPoint
sikhote-alin-meteorite,"Sikhote'-Alin 12.0g Meteorite, Iron Shrapnel, Witnessed Fall, IMCA Sellers",42.0,2024-12-16,12.0,3.5,WorthPoint
sikhote-alin-meteorite,11.9 Grams SIKHOTE ALIN Russian Meteorite With COA And Info Card,37.99,2024-12-12,11.9,3.19,WorthPoint
sikhote-alin-meteorite,4.08 Grams SIKHOTE ALIN Russian Shrapnel Meteorite With A COA And Info Card,8.99,2024-12-12,4.08,2.2,WorthPoint
sikhote-alin-meteorite,2.79 Grams SIKHOTE ALIN Russian Shrapnel Meteorite With A COA And Info Card,6.99,2024-12-11,2.79,2.51,WorthPoint
sikhote-alin-meteorite,4.19 Grams SIKHOTE ALIN Russian Shrapnel Meteorite With A COA And Info Card,8.49,2024-12-09,4.19,2.03,WorthPoint
sikhote-alin-meteorite,Meteorite Sikhote-Alin Strike Iron Nickel Russian 1.7 Grams K68,8.99,2024-12-06,1.7,5.29,WorthPoint
sikhote-alin-meteorite,SIKHOTE ALIN SHRAPNEL Iron Meteorite Specimen WITNESSED FALL RUSSIA IMCA Seller,59.99,2024-12-03,,,WorthPoint
sikhote-alin-meteorite,"Sikhote'-Alin 26.5g Meteorite, Iron Shrapnel, Witnessed Fall, IMCA Sellers",84.0,2024-12-03,26.5,3.17,WorthPoint
sikhote-alin-meteorite,Meteorite: Sikhote-Alin Weight: 10.250 Grams- Beautiful Pyramid Shape üõï,105.0,2024-12-03,10.25,10.24,WorthPoint
sikhote-alin-meteorite,Sikhote-Alin Meteorite 15.1g 2079,15.5,2024-12-02,15.1,1.03,WorthPoint
sikhote-alin-meteorite,Low Price! Good Quality! Nice Sculpted Sikhote-alin Meteorite 41.3 Gms,123.75,2024-12-01,41.3,3.0,WorthPoint
sikhote-alin-meteorite,3.44 Gram - SIKHOTE ALIN IRON METEORITE - Cool Shaped Specimen- 1947 Fall Russia,17.5,2024-11-30,3.44,5.09,WorthPoint
sikhote-alin-meteorite,7.47 Gram - SIKHOTE ALIN IRON METEORITE - Thumb Printed Specimen- 1947 Fall,20.0,2024-11-30,7.47,2.68,WorthPoint
sikhote-alin-meteorite,17.60 Gram - SIKHOTE ALIN IRON METEORITE - Thumb Printed Specimen- 1947 Fall,87.5,2024-11-30,17.6,4.97,WorthPoint
sikhote-alin-meteorite,55.5 Gram - SIKHOTE ALIN IRON METEORITE - Thumb-Printed Specimen- 1947 Fall,149.5,2024-11-29,55.5,2.69,WorthPoint
sikhote-alin-meteorite,"Sikhote'-Alin 27.5g Meteorite, Iron Shrapnel, Witnessed Fall, IMCA Sellers",87.0,2024-11-28,27.5,3.16,WorthPoint
sikhote-alin-meteorite,39.46 Gram - SIKHOTE ALIN IRON METEORITE Shrapnel Specimen - 1947 Witnessed Fall,60.0,2024-11-28,39.46,1.52,WorthPoint
sikhote-alin-meteorite,40.0 Gram - SIKHOTE ALIN IRON METEORITE Shrapnel Specimen - 1947 Witnessed Fall,60.0,2024-11-28,40.0,1.5,WorthPoint
sikhote-alin-meteorite,ORIENTED - 16.58 Gram SIKHOTE ALIN IRON METEORITE - FLOW LINES/THUMBPRINTS,62.5,2024-11-28,16.58,3.77,WorthPoint
sikhote-alin-meteorite,Meteorite Sikhote-Alin Strike Iron Nickel Russian 4.3 Grams K22,8.99,2024-11-27,4.3,2.09,WorthPoint
sikhote-alin-meteorite,"Beautiful Sikhote-Alin Meteorite Specimen, 15.07g, Astronomy Gift, Sikhote Alin",120.0,2024-11-26,15.07,7.96,WorthPoint
sikhote-alin-meteorite,11.29 Gram - SIKHOTE ALIN IRON METEORITE - Thumb-Printed Specimen- 1947 Fall,32.5,2024-11-24,11.29,2.88,WorthPoint
sikhote-alin-meteorite,Sikhote Alin 11.76g Russian Fireball Iron Meteorite,23.5,2024-11-23,11.76,2.0,WorthPoint
sikhote-alin-meteorite,Meteorite Sikhote-Alin Strike Iron Nickel Russian 2.7 Grams L37,8.99,2024-11-21,2.7,3.33,WorthPoint
sikhote-alin-meteorite,"Sikhote-Alin Meteorite ""The Pagoda""",6250.0,2024-11-20,,,WorthPoint
sikhote-alin-meteorite,"""Reprint Of Painting """"FALLING OF SIKHOTE ALIN METEORITE""""""",29.99,2024-11-19,,,WorthPoint
sikhote-alin-meteorite,Sikhote-alin Meteorite 535 Gr.,3499.0,2024-11-19,535.0,6.54,WorthPoint
sikhote-alin-meteorite,Sikhote-Alin Meteorite 44.8g 0919,67.0,2024-11-18,44.8,1.5,WorthPoint
sikhote-alin-meteorite,"49.1 Gram SIKHOTE ALIN IRON METEORITE - Start 1.00, Bonus Tektite No Reserve",21.5,2024-11-13,49.1,0.44,WorthPoint
sikhote-alin-meteorite,3.30 Grams SIKHOTE ALIN Russian Shrapnel Meteorite With A COA And Info Card,7.99,2024-11-12,3.3,2.42,WorthPoint
sikhote-alin-meteorite,FANTASTIC 34.97 Gram - SIKHOTE ALIN IRON METEORITE - W/Fusion Crust- 1947 Fall,154.0,2024-11-08,34.97,4.4,WorthPoint
sikhote-alin-meteorite,4.56 Grams SIKHOTE ALIN Russian Meteorite With COA And Info Card,13.99,2024-11-07,4.56,3.07,WorthPoint
sikhote-alin-meteorite,4.72 Grams SIKHOTE ALIN Russian Meteorite With COA And Info Card,12.99,2024-11-07,4.72,2.75,WorthPoint
sikhote-alin-meteorite,2.98 Grams SIKHOTE ALIN Russian Shrapnel Meteorite With A COA And Info Card,6.99,2024-11-07,2.98,2.35,WorthPoint
sikhote-alin-meteorite,5.36 Grams SIKHOTE ALIN Russian Shrapnel Meteorite With A COA And Info Card,11.99,2024-11-07,5.36,2.24,WorthPoint
sikhote-alin-meteorite,13.00 Gram - SIKHOTE ALIN IRON METEORITE - Thumb Printed Specimen- 1947 Fall,54.45,2024-11-07,13.0,4.19,WorthPoint
sikhote-alin-meteorite,Meteorite Fragments From Sikhote-Alin Russia (M),13.5,2024-11-05,,,WorthPoint
sikhote-alin-meteorite,Meteorite Fragments From Sikhote-Alin Russia (E),13.5,2024-11-05,,,WorthPoint
sikhote-alin-meteorite,Meteorite Fragments From Sikhote-Alin Russia (B),18.0,2024-11-05,,,WorthPoint
sikhote-alin-meteorite,34.0 Gram - SIKHOTE ALIN IRON METEORITE Shrapnel Specimen - 1947 Witnessed Fall,61.2,2024-10-31,34.0,1.8,WorthPoint
sikhote-alin-meteorite,Sikhote Alin Meteorite Shrapnel Specimen 142 Grams,370.0,2024-10-30,142.0,2.61,WorthPoint
sikhote-alin-meteorite,"Sikhote-Alin, Iron, IIAB Meteorite, Russia 1947, 59.44 Grams",235.0,2024-10-30,59.44,3.95,WorthPoint
sikhote-alin-meteorite,FANTASTIC 24.1 Gram - SIKHOTE ALIN IRON METEORITE - W/Fusion Crust- 1947 Fall,115.2,2024-10-29,24.1,4.78,WorthPoint
sikhote-alin-meteorite,5.45 Grams SIKHOTE ALIN Russian Meteorite With COA And Info Card,15.99,2024-10-28,5.45,2.93,WorthPoint
sikhote-alin-meteorite,3.11 Grams SIKHOTE ALIN Russian Meteorite With COA And Info Card,8.99,2024-10-27,3.11,2.89,WorthPoint
sikhote-alin-meteorite,4.96 Grams SIKHOTE ALIN Russian Meteorite With COA And Info Card,16.99,2024-10-26,4.96,3.43,WorthPoint
sikhote-alin-meteorite,2.54 Grams SIKHOTE ALIN Russian Meteorite With COA And Info Card,8.99,2024-10-25,2.54,3.54,WorthPoint
sikhote-alin-meteorite,6.61 Grams SIKHOTE ALIN Russian Shrapnel Meteorite With A COA And Info Card,11.99,2024-10-25,6.61,1.81,WorthPoint
sikhote-alin-meteorite,SIKHOTE ALIN Iron Meteorite Specimen FLOW LINES ROLLOVER LIPS RUSSIA,229.99,2024-10-22,,,WorthPoint
sikhote-alin-meteorite,SIKHOTE-ALIN IRON METEORITE PENDANT $89 Sterling Silver Jewelry STARBORN SA89-P4,89.0,2024-10-22,,,WorthPoint
sikhote-alin-meteorite,Sikhote-Alin Iron Meteorite Fragment (Siberia) W/ Wooden Desktop Plaque & Stamp,89.99,2024-10-21,,,WorthPoint
sikhote-alin-meteorite,"Sikhote-Alin Iron Meteorite Fragment (Siberia) W/ Wooden Plaque, Stamp & Holder",89.99,2024-10-21,,,WorthPoint
sikhote-alin-meteorite,"""9.72 Grams """"Thumbprints"""" SIKHOTE ALIN Russian Meteorite With COA And Info Card""",39.99,2024-10-21,9.72,4.11,WorthPoint
sikhote-alin-meteorite,10.9 Grams SIKHOTE ALIN Russian Meteorite With COA And Info Card,28.99,2024-10-21,10.9,2.66,WorthPoint
sikhote-alin-meteorite,Meteorite Sikhote-Alin Strike Iron Nickel Russian 1.6 Grams K3,8.99,2024-10-20,1.6,5.62,WorthPoint
sikhote-alin-meteorite,9.03 Grams SIKHOTE ALIN Russian Shrapnel Meteorite With A COA And Info Card,19.99,2024-10-18,9.03,2.21,WorthPoint
sikhote-alin-meteorite,4.47 Grams SIKHOTE ALIN Russian Shrapnel Meteorite With A COA And Info Card,7.99,2024-10-18,4.47,1.79,WorthPoint
sikhote-alin-meteorite,5.44 Grams SIKHOTE ALIN Russian Shrapnel Meteorite With A COA And Info Card,7.99,2024-10-18,5.44,1.47,WorthPoint
sikhote-alin-meteorite,3.98 Grams SIKHOTE ALIN Russian Shrapnel Meteorite With A COA And Info Card,5.99,2024-10-16,3.98,1.51,WorthPoint
sikhote-alin-meteorite,Meteorite Sikhote-Alin Strike Iron Nickel Russian 6.6 Grams K89,11.87,2024-10-15,6.6,1.8,WorthPoint
sikhote-alin-meteorite,Meteorite Sikhote-Alin Strike Iron Nickel Russian 8.5 Grams K9,14.51,2024-10-15,8.5,1.71,WorthPoint
sikhote-alin-meteorite,100 Gram Sikhote Alin Iron/Nickel Meteorite 11AB Octahedrite Feb. 12th 1947,260.0,2024-10-13,100.0,2.6,WorthPoint
sikhote-alin-meteorite,Meteorite Fragments From Sikhote-Alin Russia (L),18.0,2024-10-13,,,WorthPoint
sikhote-alin-meteorite,"Meteorite**Sikhote-Alin, Russia**156.50 Gram, Gorgeous Museum Quality Individual",3500.0,2024-10-10,156.5,22.36,WorthPoint
sikhote-alin-meteorite,Sikhote-Alin Meteorite 37.2g 2081,56.0,2024-10-08,37.2,1.51,WorthPoint
sikhote-alin-meteorite,SIKHOTE-ALIN IRON METEORITE PENDANT $45 Sterling Silver Jewelry STARBORN SA45-P8,45.0,2024-10-02,,,WorthPoint
sikhote-alin-meteorite,Sikhote Alin 300g Oriented Christmas Tree Iron Meteorite,2250.0,2024-10-01,300.0,7.5,WorthPoint
sikhote-alin-meteorite,2015 Saint George Sikhote Alin Meteorite Ounce Of Space 1 Oz Silver Coin,139.99,2024-09-30,28.35,4.94,WorthPoint
sikhote-alin-meteorite,"Sikhote-Alin 21.51g Iron Meteorite, Covered In Regmaglypts, Has Weird Inclusion",130.0,2024-09-30,21.51,6.04,WorthPoint
sikhote-alin-meteorite,Sikhote Alin Meteorite; 5.57 Grams; Nickel-iron Meteorite,28.0,2024-09-30,5.57,5.03,WorthPoint
sikhote-alin-meteorite,Sikhote Alin METEORITE 12.77 Grams,29.0,2024-09-30,12.77,2.27,WorthPoint
sikhote-alin-meteorite,7.36 Grams SIKHOTE ALIN Russian Meteorite With COA And Info Card,19.99,2024-09-30,7.36,2.72,WorthPoint
sikhote-alin-meteorite,8.24 Grams SIKHOTE ALIN Russian Meteorite With COA And Info Card,24.99,2024-09-30,8.24,3.03,WorthPoint
sikhote-alin-meteorite,11.4 Grams SIKHOTE ALIN Russian Shrapnel Meteorite With A COA And Info Card,22.99,2024-09-30,11.4,2.02,WorthPoint
sikhote-alin-meteorite,9.19 Gram - SIKHOTE ALIN IRON METEORITE - Thumb Printed Specimen- 1947 Fall,42.0,2024-09-29,9.19,4.57,WorthPoint
sikhote-alin-meteorite,Sikhote-Alin Iron Meteorite Oriented Individual: 10.9g,42.5,2024-09-29,10.9,3.9,WorthPoint
sikhote-alin-meteorite,9.58 Gram - SIKHOTE ALIN IRON METEORITE - Thumb Printed Specimen- 1947 Fall,49.0,2024-09-28,9.58,5.11,WorthPoint
sikhote-alin-meteorite,8.0 Gram - SIKHOTE ALIN IRON METEORITE - Thumb Printed Specimen- 1947 Fall,42.0,2024-09-28,8.0,5.25,WorthPoint
sikhote-alin-meteorite,12.3 Gram - SIKHOTE ALIN IRON METEORITE - Thumb Printed Specimen- 1947 Fall,52.5,2024-09-28,12.3,4.27,WorthPoint
sikhote-alin-meteorite,5.50 Gram - SIKHOTE ALIN IRON METEORITE - Thumb Printed Specimen- 1947 Fall,28.0,2024-09-28,5.5,5.09,WorthPoint
sikhote-alin-meteorite,22.94 Gram - SIKHOTE ALIN IRON METEORITE - Thumb-Printed Specimen- 1947 Fall,130.0,2024-09-28,22.94,5.67,WorthPoint
sikhote-alin-meteorite,NICKEL- IRON METEORITE FROM SIKHOTE-ALIN RUSSIAN IMPACT EVENT 1947 - 20g,50.0,2024-09-18,20.0,2.5,WorthPoint
sikhote-alin-meteorite,"Sikhote-Alin Meteorite Iron Shrapnel 1.4"" 14 Grams 1947 Siberia Russia COA 5959",99.95,2024-09-18,14.0,7.14,WorthPoint
sikhote-alin-meteorite,Sikhote Alin METEORITE 36.1 Grams RUNNING BOAR,85.0,2024-09-18,36.1,2.35,WorthPoint
sikhote-alin-meteorite,Sikhote'-Alin Howling Wolf Meteorite & Magnet Combo: 25.88g Iron Shrapnel,185.0,2024-09-13,25.88,7.15,WorthPoint
sikhote-alin-meteorite,Sikhote-Alin 98.3g Meteorite - Outstanding Shrapnel Individual With Fine Shape,389.95,2024-09-13,98.3,3.97,WorthPoint
sikhote-alin-meteorite,12.1 Grams SIKHOTE ALIN Russian Shrapnel Meteorite With A COA And Info Card,24.99,2024-09-12,12.1,2.07,WorthPoint
sikhote-alin-meteorite,Sikhote-Alin Meteorite 310g 0377,625.0,2024-09-10,310.0,2.02,WorthPoint
sikhote-alin-meteorite,60.6 Gram - SIKHOTE ALIN IRON METEORITE - Oriented W/Flowlines- 1947 Fall,388.0,2024-09-05,60.6,6.4,WorthPoint
sikhote-alin-meteorite,46.29 Gram - SIKHOTE ALIN IRON METEORITE - Thumb-Printed Specimen- 1947 Fall,159.2,2024-09-01,46.29,3.44,WorthPoint
sikhote-alin-meteorite,3.96 Grams SIKHOTE ALIN Russian Shrapnel Meteorite With A COA And Info Card,7.99,2024-09-01,3.96,2.02,WorthPoint
sikhote-alin-meteorite,Meteorite Sikhote-Alin Strike Iron Nickel Russian 4.8 Grams K90,8.99,2024-08-27,4.8,1.87,WorthPoint
sikhote-alin-meteorite,"Beautiful Sikhote-Alin Meteorite Specimen, 30.49g, Sikhote Alin, COA, Space Gift",114.0,2024-08-22,30.49,3.74,WorthPoint
sikhote-alin-meteorite,Meteorite Sikhote-Alin Strike Iron Nickel Russian 2 Grams L23,8.99,2024-08-16,2.0,4.5,WorthPoint
sikhote-alin-meteorite,"Sikhote'-Alin 16.3g Meteorite, Iron Shrapnel, Witnessed Fall, IMCA Sellers",55.0,2024-08-16,16.3,3.37,WorthPoint
sikhote-alin-meteorite,3.19 Grams SIKHOTE ALIN Russian Meteorite With COA And Info Card,12.99,2024-08-14,3.19,4.07,WorthPoint
sikhote-alin-meteorite,"Guinea-Bissau - 2023 Meteorites, Sikhote-Alin, Hoba - 3 Stamp Sheet - GB230221a",13.0,2024-08-13,,,WorthPoint
sikhote-alin-meteorite,Guinea-Bissau - 2023 Sikhote-Alin Meteorite - Stamp Souvenir Sheet - GB230221b2,11.9,2024-08-13,,,WorthPoint
sikhote-alin-meteorite,Sikhote Alin METEORITE 1225 Gram.,500.0,2024-08-13,1225.0,0.41,WorthPoint
sikhote-alin-meteorite,5.13 Grams SIKHOTE ALIN Russian Meteorite With COA And Info Card,13.99,2024-08-11,5.13,2.73,WorthPoint
sikhote-alin-meteorite,2.90 Grams SIKHOTE ALIN Russian Meteorite With COA And Info Card,12.99,2024-08-09,2.9,4.48,WorthPoint
sikhote-alin-meteorite,"Museum Grade 94 Gm Sikhote-alin Meteorite From Russia, Collection Piece!!",799.1,2024-08-09,94.0,8.5,WorthPoint
sikhote-alin-meteorite,SUPER ORIENTED BULLET - 22.23 Grams - SIKHOTE ALIN IRON METEORITE Individual,199.43,2024-08-08,22.23,8.97,WorthPoint
sikhote-alin-meteorite,4.63 Grams Oriented SIKHOTE ALIN Russian Meteorite With COA And Info Card,17.99,2024-08-06,4.63,3.89,WorthPoint
sikhote-alin-meteorite,"Sikhote'-Alin 15.3g Meteorite, Iron Shrapnel, Witnessed Fall, IMCA Sellers",52.0,2024-07-30,15.3,3.4,WorthPoint
sikhote-alin-meteorite,Unique Sikhote-Alin 299g Meteorite - Iron Shrapnel Individual,316.0,2024-07-28,299.0,1.06,WorthPoint
sikhote-alin-meteorite,"14 Grams "" Thumbprints "" SIKHOTE ALIN Russian Meteorite With COA And Info Card",54.99,2024-07-25,14.0,3.93,WorthPoint
sikhote-alin-meteorite,3.24 Grams SIKHOTE ALIN Russian Shrapnel Meteorite With A COA And Info Card,7.49,2024-07-24,3.24,2.31,WorthPoint
sikhote-alin-meteorite,Sikhote Alin Meteorite Large 1168 Grams,9999.0,2024-07-23,1168.0,8.56,WorthPoint
sikhote-alin-meteorite,MUSEUM QUALITY 62g SCULPTURAL THUMBPRINTED SIKHOTE ALIN IRON METEORITE W/ HOLE!,639.0,2024-07-21,62.0,10.31,WorthPoint
sikhote-alin-meteorite,Sikhote-Alin Iron Meteorite Shrapnel Fragment Cleaned 25 Grams,24.0,2024-07-20,25.0,0.96,WorthPoint
sikhote-alin-meteorite,3.60 Grams - SIKHOTE ALIN IRON METEORITE Individual - Nice Small Specimen,28.0,2024-07-20,3.6,7.78,WorthPoint
sikhote-alin-meteorite,Meteorite Sikhote-Alin Strike Iron Nickel Russian 23x20mm 7.4 Grams Ed36,9.23,2024-07-16,7.4,1.25,WorthPoint
sikhote-alin-meteorite,(x206) 19 G Sikhote Alin Russia Meteorite Feb 1947 Shrapnel Fragment Specimen,53.99,2024-07-14,19.0,2.84,WorthPoint
sikhote-alin-meteorite,SUPER ORIENTED BULLET - 19.76 Grams - SIKHOTE ALIN IRON METEORITE Individual,190.0,2024-07-11,19.76,9.62,WorthPoint
sikhote-alin-meteorite,"Sikhote-Alin Meteorite, Iron, Ogg IIAB, 2/12/1947 68.7 Grams - Priced To Move",250.0,2024-07-08,68.7,3.64,WorthPoint
sikhote-alin-meteorite,9.73 Gram - SIKHOTE ALIN IRON METEORITE - Shrapnel Specimen- 1947 Fall,24.0,2024-07-07,9.73,2.47,WorthPoint
sikhote-alin-meteorite,6.55 Grams Oriented SIKHOTE ALIN Russian Meteorite With COA And Info Card,19.99,2024-07-06,6.55,3.05,WorthPoint
sikhote-alin-meteorite,"Reprint Of Painting ""FALLING OF SIKHOTE ALIN METEORITE""",29.99,2024-07-05,,,WorthPoint
sikhote-alin-meteorite,Meteorite Sikhote-Alin Strike Iron Nickel Russian 22x15mm 3.8 Grams Jn33,8.99,2024-07-04,3.8,2.37,WorthPoint
sikhote-alin-meteorite,4.16 Grams SIKHOTE ALIN Russian Shrapnel Meteorite With A COA And Info Card,8.29,2024-06-29,4.16,1.99,WorthPoint
sikhote-alin-meteorite,3.39 Grams SIKHOTE ALIN Russian Meteorite With COA And Info Card,12.99,2024-06-29,3.39,3.83,WorthPoint
sikhote-alin-meteorite,SIKHOTE-ALIN IRON METEORITE PENDANT $79 Sterling Silver Jewelry STARBORN SA79-P6,79.0,2024-06-28,,,WorthPoint
sikhote-alin-meteorite,Sikhote-Alin 207.6g Meteorite - Nicely Sculpted Individual With Regmaglypts,795.0,2024-06-28,207.6,3.83,WorthPoint
sikhote-alin-meteorite,Sikhote Alin METEORITE 50.6 Grams,64.0,2024-06-18,50.6,1.26,WorthPoint
sikhote-alin-meteorite,Sikhote Alin METEORITE 898 Gram.,550.0,2024-06-17,898.0,0.61,WorthPoint
sikhote-alin-meteorite,Meteorite Sikhote-Alin Strike Iron Nickel Russian 7.6 Grams K91,11.87,2024-06-15,7.6,1.56,WorthPoint
sikhote-alin-meteorite,"Meteorite**Sikhote-Alin, Russia**20.855 Grams, Gorgeous Individual W/Rollovers!!",299.99,2024-06-14,20.855,14.38,WorthPoint
sikhote-alin-meteorite,19.48 Gram - SIKHOTE ALIN IRON METEORITE - Thumb-Printed Specimen- 1947 Fall,88.0,2024-06-13,19.48,4.52,WorthPoint
sikhote-alin-meteorite,"Museum Grade 159 Gm Sikhote-alin Meteorite From Russia, Collection Piece!!",1349.1,2024-06-12,159.0,8.48,WorthPoint
sikhote-alin-meteorite,"28.6 Gram Sikhote-Alin Individual Meteorite - Iron, IIAB - Fell 1947 In Russia",174.99,2024-06-10,28.6,6.12,WorthPoint
sikhote-alin-meteorite,"GNARLY !! 3 Assorted Shrapnel Meteorites: Sikhote - Alin, USSR 1947- 23.5 Grams",39.0,2024-06-10,23.5,1.66,WorthPoint
sikhote-alin-meteorite,Meteorite Sikhote-Alin Strike Iron Nickel Russian 1.5 Grams K61,8.99,2024-06-08,1.5,5.99,WorthPoint
sikhote-alin-meteorite,Meteorite Sikhote-Alin Strike Iron Nickle Russian 1.1 Grams Ec65,8.99,2024-06-08,1.1,8.17,WorthPoint
sikhote-alin-meteorite,30.40 Gram - SIKHOTE ALIN IRON METEORITE Shrapnel Specimen - 1947 Witnessed Fall,65.0,2024-06-04,30.4,2.14,WorthPoint
sikhote-alin-meteorite,"Museum Grade 120 Gm Sikhote-alin Meteorite From Russia, Collection Piece!!",1169.1,2024-06-03,120.0,9.74,WorthPoint
sikhote-alin-meteorite,Meteorite Sikhote-Alin Strike Iron Nickel Russian 19x12mm 3.8 Grams Ed45,8.99,2024-05-31,3.8,2.37,WorthPoint
sikhote-alin-meteorite,Meteorite Sikhote-Alin Strike Iron Nickel Russian 2.4 Grams K2,8.99,2024-05-31,2.4,3.75,WorthPoint
sikhote-alin-meteorite,57.55 Grams SIKHOTE ALIN Meteorite Fragment Shrapnel Custom Framed Display,119.95,2024-05-30,57.55,2.08,WorthPoint
sikhote-alin-meteorite,Sikhote Alin METEORITE 57.2 Grams,65.0,2024-05-29,57.2,1.14,WorthPoint
sikhote-alin-meteorite,Sikhote Alin METEORITE 67.5 Grams,75.0,2024-05-29,67.5,1.11,WorthPoint
sikhote-alin-meteorite,SUPER ORIENTED BULLET - 9.93 Grams - SIKHOTE ALIN IRON METEORITE Individual,159.0,2024-05-29,9.93,16.01,WorthPoint
sikhote-alin-meteorite,Sikhote Alin METEORITE PENDANT 3.76 Grams,20.58,2024-05-28,3.76,5.47,WorthPoint
sikhote-alin-meteorite,Sikhote Alin METEORITE 59.2 Grams,67.0,2024-05-26,59.2,1.13,WorthPoint
sikhote-alin-meteorite,Sikhote Alin METEORITE 66.4 Grams,75.0,2024-05-26,66.4,1.13,WorthPoint
sikhote-alin-meteorite,FANTASTIC 8.64 Gram - SIKHOTE ALIN IRON METEORITE - 1947 RUSSIAN Fall,72.25,2024-05-26,8.64,8.36,WorthPoint
sikhote-alin-meteorite,"Beautiful Sikhote-Alin Meteorite, 28.3 Grams. Thumbprints, Naturally Stands",120.0,2024-05-25,28.3,4.24,WorthPoint
sikhote-alin-meteorite,"Museum Grade 150 Gm Sikhote-alin Meteorite From Russia, Collection Piece!!",1169.1,2024-05-25,150.0,7.79,WorthPoint
sikhote-alin-meteorite,Meteorite Sikhote-Alin Strike Iron Nickel Russian 2.5 Grams K64,8.99,2024-05-25,2.5,3.6,WorthPoint
sikhote-alin-meteorite,ORIENTED 107.39 Gram - Fresh SIKHOTE ALIN IRON METEORITE Individual - Flowlines!,1100.0,2024-05-23,107.39,10.24,WorthPoint
sikhote-alin-meteorite,ORIENTED - 64.6 Grams - SIKHOTE ALIN IRON METEORITE Individual - Flowlines!,700.0,2024-05-23,64.6,10.84,WorthPoint
sikhote-alin-meteorite,SUPER ORIENTED BULLET - 25.33 Grams - SIKHOTE ALIN IRON METEORITE Individual,299.0,2024-05-23,25.33,11.8,WorthPoint
sikhote-alin-meteorite,Meteorite Collection Lot 2 Medium Sikhote Alin Iron Specimens Rik Marston,281.0,2024-05-15,,,WorthPoint
sikhote-alin-meteorite,"5.7 Gram Sikhote-Alin Meteorite - Iron, IIAB - Observed Fall 1947 In Russi",39.99,2024-05-15,5.7,7.02,WorthPoint
sikhote-alin-meteorite,Sikhote-Alin Iron Nickel Meteorite With Regmaglypts,531.25,2024-05-14,,,WorthPoint
sikhote-alin-meteorite,Two Sikhote-Alin Meteorites,200.0,2024-05-14,,,WorthPoint
sikhote-alin-meteorite,Sculpture-like Sikhote-Alin Iron Nickel Meteorite,120.0,2024-05-14,,,WorthPoint
sikhote-alin-meteorite,Pristine 295 Gram Sikhote-Alin Shrapnel Type Iron Nickel Meteorite,625.0,2024-05-14,295.0,2.12,WorthPoint
sikhote-alin-meteorite,All 4.75 Grams SIKHOTE ALIN Russian Shrapnel Meteorites With COA And Info Card,11.99,2024-05-14,4.75,2.52,WorthPoint
sikhote-alin-meteorite,Meteorite Sikhote-Alin Strike Iron Nickel Russian 2 Grams K41,8.99,2024-05-14,2.0,4.5,WorthPoint
sikhote-alin-meteorite,ORIENTED SIKHOTE ALIN Iron Meteorite Specimen FLOWLINES ROLLOVER LIPS RUSSIA,82.99,2024-05-12,,,WorthPoint
sikhote-alin-meteorite,The Best Oriented - 64.13 G SIKHOTE ALIN IRON METEORITE - FLOW LINES/THUMBPRINTS,639.2,2024-05-12,64.13,9.97,WorthPoint
sikhote-alin-meteorite,24.0 Gram - SIKHOTE ALIN IRON METEORITE - Thumb-Printed Specimen- 1947 Fall,105.6,2024-05-12,24.0,4.4,WorthPoint
sikhote-alin-meteorite,FANTASTIC 65.0 Gram - SIKHOTE ALIN IRON METEORITE - W/Fusion Crust- 1947 Fall,416.0,2024-05-12,65.0,6.4,WorthPoint
sikhote-alin-meteorite,121.0 Gram - SIKHOTE ALIN IRON METEORITE - Oriented W/Flowlines - 1947 Fall,508.0,2024-05-12,121.0,4.2,WorthPoint
sikhote-alin-meteorite,FANTASTIC 10.87 Gram - SIKHOTE ALIN IRON METEORITE - 1947 RUSSIAN Fall,80.0,2024-05-11,10.87,7.36,WorthPoint
sikhote-alin-meteorite,"METEORITES AROUND THE WORLD Display Nantan, Campo, Sikhote-Alin #10174 4o",39.99,2024-05-03,,,WorthPoint
sikhote-alin-meteorite,Meteorite Sikhote-Alin Strike Iron Nickel Russian 1.8 Grams K70,11.48,2024-04-29,1.8,6.38,WorthPoint
sikhote-alin-meteorite,The Best Oriented -346.97 G SIKHOTE ALIN IRON METEORITE - FLOW LINES/THUMBPRINTS,1991.17,2024-04-27,346.97,5.74,WorthPoint
sikhote-alin-meteorite,The Best Oriented - 12.8 G SIKHOTE ALIN IRON METEORITE - Fresh Crust -Flow Lines,144.5,2024-04-24,12.8,11.29,WorthPoint
sikhote-alin-meteorite,"Meteorite Sikhote-Alin Pendant 14.10 Grams, Russian Meteorite, Meteorite Pendant",84.0,2024-04-20,14.1,5.96,WorthPoint
sikhote-alin-meteorite,"Beautiful Sikhote-Alin Meteorite Specimen, 39.49g, Sikhote Alin Shrapnel, COA",128.0,2024-04-11,39.49,3.24,WorthPoint
sikhote-alin-meteorite,Sikhote-alin Iron Meteorite From Russia 1947 ~ 139 Grams,300.0,2024-04-10,139.0,2.16,WorthPoint
sikhote-alin-meteorite,31.48 Gram - SIKHOTE ALIN IRON METEORITE Shrapnel Specimen - 1947 Witnessed Fall,60.3,2024-04-07,31.48,1.92,WorthPoint
sikhote-alin-meteorite,Sikhote Alin METEORITE 82.7 Grams,95.0,2024-04-05,82.7,1.15,WorthPoint
sikhote-alin-meteorite,3 Sikhote-Alin Meteorites! Space Rock Hit Russia In The 1940's Thumbnail Display,19.99,2024-04-04,,,WorthPoint
sikhote-alin-meteorite,"Beautiful Sikhote-Alin Meteorite Specimen, 39.05g, Sikhote Alin, COA, Space Gift",156.0,2024-04-03,39.05,3.99,WorthPoint
sikhote-alin-meteorite,Sikhote Alin 10.98g Beautiful Iron Meteorite Hammerhead,29.0,2024-03-30,10.98,2.64,WorthPoint
sikhote-alin-meteorite,PERFECT VALENTINE'S DAY GIFT Sikhote Alin Meteorite Pieces Spell Out I LOVE YOU,248.0,2024-03-27,,,WorthPoint
sikhote-alin-meteorite,"SIKHOTE -ALIN Classified Iron Meteorite. Fell To Earth On February 12, 1947",400.0,2024-03-24,,,WorthPoint
sikhote-alin-meteorite,3.73 Grams 16mm SIKHOTE ALIN Russian Meteorite Individual With COA,10.99,2024-03-24,3.73,2.95,WorthPoint
sikhote-alin-meteorite,38.0 Gram - SIKHOTE ALIN IRON METEORITE Shrapnel Specimen - 1947 Witnessed Fall,96.9,2024-03-21,38.0,2.55,WorthPoint
sikhote-alin-meteorite,Real Meteorite With Gem Case 1.2 Gram Sikhote-Alin Russian Meteorite,21.99,2024-03-21,1.2,18.32,WorthPoint
sikhote-alin-meteorite,SUPER ORIENTED - 23.84 Gram SIKHOTE ALIN IRON METEORITE - FLOW LINES/THUMBPRINTS,195.5,2024-03-19,23.84,8.2,WorthPoint
sikhote-alin-meteorite,"Sikhote-Alin Meteorite ""Sharpnel""",325.0,2024-03-14,,,WorthPoint
sikhote-alin-meteorite,Meteorite Fragments From Sikhote-Alin Russia (G),18.0,2024-03-14,,,WorthPoint
sikhote-alin-meteorite,SUPER ORIENTED - 9.79 Gram SIKHOTE ALIN IRON METEORITE - FLOW LINES/THUMBPRINTS,99.0,2024-03-14,9.79,10.11,WorthPoint
sikhote-alin-meteorite,FANTASTIC 20.14 Gram - SIKHOTE ALIN IRON METEORITE - W/Fusion Crust- 1947 Fall,179.1,2024-03-14,20.14,8.89,WorthPoint
sikhote-alin-meteorite,SUPER ORIENTED - 86.30 Gram SIKHOTE ALIN IRON METEORITE - FLOW LINES/THUMBPRINTS,1050.0,2024-03-13,86.3,12.17,WorthPoint
sikhote-alin-meteorite,Sikhote-Alin Iron Meteorite Shrapnel Fragment: 43.9g,75.0,2024-03-11,43.9,1.71,WorthPoint
sikhote-alin-meteorite,SIKHOTE ALIN IRON METEORITE Shrapnel + Free Bonus - 1947 Fall! #206-sikhiote-3,16.95,2024-03-09,,,WorthPoint
sikhote-alin-meteorite,FANTASTIC 24.87 Gram - SIKHOTE ALIN IRON METEORITE - W/Fusion Crust- 1947 Fall,250.0,2024-03-08,24.87,10.05,WorthPoint
sikhote-alin-meteorite,FANTASTIC 21.20 Gram - SIKHOTE ALIN IRON METEORITE - W/Fusion Crust- 1947 Fall,212.0,2024-03-08,21.2,10.0,WorthPoint
sikhote-alin-meteorite,Sikhote Alin METEORITE 65.3 Grams,77.0,2024-03-05,65.3,1.18,WorthPoint
sikhote-alin-meteorite,6.72 Gram - SIKHOTE ALIN IRON METEORITE - Thumb Printed Specimen- 1947 Fall,50.0,2024-03-04,6.72,7.44,WorthPoint
sikhote-alin-meteorite,34.21 Gram - SIKHOTE ALIN IRON METEORITE Shrapnel Specimen - 1947 Witnessed Fall,91.8,2024-03-03,34.21,2.68,WorthPoint
sikhote-alin-meteorite,Sikhote-Alin Iron Meteorite Shrapnel Fragment: 12.9g,22.0,2024-03-03,12.9,1.71,WorthPoint
sikhote-alin-meteorite,Meteorite Fragments From Sikhote-Alin Russia (N),18.0,2024-03-01,,,WorthPoint
sikhote-alin-meteorite,5.9 Gram Sikhote Alin Meteorite Excellent Oriented Shield W/Flowlines-Iron IIAB,266.66,2024-03-01,5.9,45.2,WorthPoint
sikhote-alin-meteorite,NICE Sikhote-Alin Shrapnel Sculpted Iron Meteorite Specimen RUSSIA,34.99,2024-02-29,,,WorthPoint
sikhote-alin-meteorite,Sikhote-alin Meteorite 161 Gr,1200.0,2024-02-29,161.0,7.45,WorthPoint
sikhote-alin-meteorite,16.35 Gram - SIKHOTE ALIN IRON METEORITE - Thumb Printed Specimen- 1947 Fall,89.1,2024-02-24,16.35,5.45,WorthPoint
sikhote-alin-meteorite,‚òÑÔ∏èiron Meteorite Sikhote-alin Russia 88 Grams (k),175.0,2024-02-24,88.0,1.99,WorthPoint
sikhote-alin-meteorite,Sikhote Alin Iron Meteorite 1820 Grams,7950.0,2024-02-23,1820.0,4.37,WorthPoint
sikhote-alin-meteorite,21.37 Gram - SIKHOTE ALIN IRON METEORITE - Thumb-Printed Specimen- 1947 Fall,108.0,2024-02-23,21.37,5.05,WorthPoint
sikhote-alin-meteorite,Sikhote-Alin Meteorite Pendant,154.0,2024-02-22,,,WorthPoint
sikhote-alin-meteorite,19.78 Gram - SIKHOTE ALIN IRON METEORITE - Nice Specimen- 1947 Fall Siberia,19.99,2024-02-22,19.78,1.01,WorthPoint
sikhote-alin-meteorite,Sikhote-Alin Iron Meteorite Oriented Individual: 6.0g,35.0,2024-02-15,6.0,5.83,WorthPoint
sikhote-alin-meteorite,Sikhote-Alin Iron Meteorite Individual: 4.1g,20.0,2024-02-15,4.1,4.88,WorthPoint
sikhote-alin-meteorite,3.69 Grams 16mm Long SIKHOTE ALIN Russia Meteorite Observed Fall In 1947,11.0,2024-02-15,3.69,2.98,WorthPoint
sikhote-alin-meteorite,Sikhote-Alin Iron Meteorite Modestly Oriented Individual: 7.5g,37.0,2024-02-14,7.5,4.93,WorthPoint
sikhote-alin-meteorite,"Beautiful Sikhote-Alin Meteorite Specimen, 31.89g, Astronomy Gift, Sikhote Alin",156.1,2024-02-13,31.89,4.89,WorthPoint
sikhote-alin-meteorite,2.77 Grams 16mm Long SIKHOTE ALIN Russia Meteorite Observed Fall In 1947,8.35,2024-02-13,2.77,3.01,WorthPoint
sikhote-alin-meteorite,Authentic Sikhote Alin Meteorite Shrapnel On Magnetic Display Stand 1947 Russia,150.0,2024-02-12,,,WorthPoint
sikhote-alin-meteorite,PERFECT VALENTINE'S DAY GIFT Sikhote Alin Meteorite Piece Shaped Like A HEART !!,38.0,2024-02-11,,,WorthPoint
sikhote-alin-meteorite,Sikhote-Alin Meteorite 26.5g 0915,40.0,2024-02-09,26.5,1.51,WorthPoint
sikhote-alin-meteorite,Sikhote-Alin Meteorite 115.7g 0922,234.0,2024-02-09,115.7,2.02,WorthPoint
sikhote-alin-meteorite,FANTASTIC - 25.20 Gram - SIKHOTE ALIN IRON METEORITE - W/Crust - 1947 Fall,205.0,2024-02-08,25.2,8.13,WorthPoint
sikhote-alin-meteorite,Meteorite Sikhote-Alin Strike Iron Nickel Russian 3.1 Grams K98,11.48,2024-02-07,3.1,3.7,WorthPoint
sikhote-alin-meteorite,5.52 Gram - SIKHOTE ALIN IRON METEORITE - Oriented W/Flowlines- 1947 Fall,99.0,2024-02-07,5.52,17.93,WorthPoint
sikhote-alin-meteorite,75.38 Gram - SIKHOTE ALIN IRON METEORITE - Oriented W/Flowlines- 1947 Fall,599.0,2024-02-07,75.38,7.95,WorthPoint
sikhote-alin-meteorite,Sikhote-Alin Iron Meteorite Shrapnel Fragment: 5.2g,8.0,2024-02-07,5.2,1.54,WorthPoint
sikhote-alin-meteorite,Sikhote-alin Iron Meteorite From Russia 2.7 Grams,5.99,2024-02-06,2.7,2.22,WorthPoint
sikhote-alin-meteorite,"Sikhote-Alin Iron IIAB Meteorite, Fall Russia 1947, Free Bonus #1017-sikhote-pd",22.95,2024-02-05,,,WorthPoint
sikhote-alin-meteorite,87.90 Gram - SIKHOTE ALIN IRON METEORITE - Crust W/Flowlines - 1947 Fall,351.0,2024-02-02,87.9,3.99,WorthPoint
sikhote-alin-meteorite,Meteorite Sikhote-Alin Absolute Stunning Appeal!,500.0,2024-01-30,,,WorthPoint
sikhote-alin-meteorite,Sikhote Alin Meteorites 2 Pieces + BONUS! #1120-sikh-1,12.95,2024-01-30,,,WorthPoint
sikhote-alin-meteorite,3.79 Grams 23mm SIKHOTE ALIN Russian Meteorite Individual With COA,12.99,2024-01-28,3.79,3.43,WorthPoint
sikhote-alin-meteorite,Russia Astronomy Sikhote Alin Iron Meteorite Explosion Stamp 1957 MNH A-11,26.99,2024-01-28,,,WorthPoint
sikhote-alin-meteorite,Fantastic 50 Gram SIKHOTE ALIN IRON METEORITE - FALL IN RUSSIA IN 1947,23.0,2024-01-27,50.0,0.46,WorthPoint
sikhote-alin-meteorite,Best! Oriented With Rollover Lipping! Sculpted Sikhote-alin Meteorite 17.7 Gms,71.25,2024-01-27,17.7,4.03,WorthPoint
sikhote-alin-meteorite,6.74 Grams 23mm SIKHOTE ALIN Russian Meteorite Individual With COA,14.99,2024-01-27,6.74,2.22,WorthPoint
sikhote-alin-meteorite,‚òÑÔ∏èIRON METEORITE SIKHOTE-ALIN RUSSIA 65.8 GRAMS Nice Speciman,100.0,2024-01-24,65.8,1.52,WorthPoint
sikhote-alin-meteorite,21.80 Gram - SIKHOTE ALIN IRON METEORITE - Thumb Printed Specimen- 1947 Fall,130.0,2024-01-23,21.8,5.96,WorthPoint
sikhote-alin-meteorite,2.37 Grams 14mm SIKHOTE ALIN Russian Meteorite Individual With COA,7.99,2024-01-23,2.37,3.37,WorthPoint
sikhote-alin-meteorite,"Sikhote-Alin Iron Meteorite Individual ""The Sorting Hat"": 11.9g",50.0,2024-01-19,11.9,4.2,WorthPoint
sikhote-alin-meteorite,Sikhote-Alin Iron Meteorite Shrapnel Fragment: 7.3g,8.0,2024-01-18,7.3,1.1,WorthPoint
sikhote-alin-meteorite,4.48 Grams 16mm SIKHOTE ALIN Russian Meteorite Individual With COA,11.99,2024-01-17,4.48,2.68,WorthPoint
sikhote-alin-meteorite,SIKHOTE-ALIN IRON METEORITE PENDANT $69 Sterling Silver Jewelry STARBORN SA69-P8,69.0,2024-01-16,,,WorthPoint
sikhote-alin-meteorite,29.62 Gram - SIKHOTE ALIN IRON METEORITE - ORIENTED W/Flowlines - 1947 Fall,132.75,2024-01-15,29.62,4.48,WorthPoint
sikhote-alin-meteorite,8.13 Gram - SIKHOTE ALIN IRON METEORITE - Thumb-Printed Specimen- 1947 Fall,37.5,2024-01-15,8.13,4.61,WorthPoint
sikhote-alin-meteorite,2.73 Grams 13mm SIKHOTE ALIN Russian Meteorite Individual With COA,7.99,2024-01-14,2.73,2.93,WorthPoint
sikhote-alin-meteorite,Fantastic Gram 32.7 SIKHOTE ALIN IRON METEORITE - FALL IN RUSSIA IN 1947,126.8,2024-01-10,,,WorthPoint
sikhote-alin-meteorite,"Sikhote-Alin Meteorite 10.31 Gram ""cratered"" Individual, Witnessed Fall 1947",233.0,2024-01-10,10.31,22.6,WorthPoint
sikhote-alin-meteorite,"Sikhote-Alin Meteorite 7.05 Gram Oriented Individual, Witnessed Fall 1947",94.0,2024-01-10,7.05,13.33,WorthPoint
sikhote-alin-meteorite,Sikhote-Alin Iron Meteorite Shrapnel Fragment: 4.0g,7.0,2024-01-04,4.0,1.75,WorthPoint
sikhote-alin-meteorite,Sikhote Alin METEORITE 83.1 Grams,95.0,2023-12-30,83.1,1.14,WorthPoint
sikhote-alin-meteorite,"Meteorite Sikhote-Alin Pendant 22.80 Grams, Russian Meteorite, Meteorite Pendant",62.0,2023-12-30,22.8,2.72,WorthPoint
sikhote-alin-meteorite,"Sikhote-Alin Iron, IIAB Meteorite, Fell In Russia 1947, 17.89 Grams",60.0,2023-12-27,17.89,3.35,WorthPoint
sikhote-alin-meteorite,"* 1,279 Grams Famous Sikhote-Alin Meteorite From Russia | Museum Quality Piece",2700.0,2023-12-27,279.0,9.68,WorthPoint
sikhote-alin-meteorite,Sikhote-Alin Iron Meteorite Shrapnel Fragment: 32.2g,33.0,2023-12-24,32.2,1.02,WorthPoint
sikhote-alin-meteorite,"Meteorite Sikhote-Alin Pendant 14.19 Grams, Russian Meteorite, Meteorite Pendant",59.0,2023-12-23,14.19,4.16,WorthPoint
sikhote-alin-meteorite,‚òÑÔ∏èsikhote-alin Meteorite Russia 16 Grams,42.0,2023-12-14,16.0,2.62,WorthPoint
sikhote-alin-meteorite,‚òÑÔ∏èsikhote-alin Meteorite 21.2 Grams (a) Russia,53.0,2023-12-14,21.2,2.5,WorthPoint
sikhote-alin-meteorite,"Meteorite Sikhote-Alin Pendant 13.16 Grams, Russian Meteorite, Meteorite Pendant",62.0,2023-12-14,13.16,4.71,WorthPoint
sikhote-alin-meteorite,"6.6 Grams Meteorite Sikhote-Alin, Fell Siberia February 12, 1947 Meteor",8.99,2023-12-13,6.6,1.36,WorthPoint
sikhote-alin-meteorite,#12 Natural 23.20ct 100% Rock From Space Russian Sikhote Meteorite 4.60g 18.00mm,18.95,2023-12-13,4.6,4.12,WorthPoint
sikhote-alin-meteorite,Sikhote-Alin 433.2 Gram Shrapnel Type Iron Nickel Meteorite.,682.5,2023-12-13,433.2,1.58,WorthPoint
sikhote-alin-meteorite,Sikhote-Alin Meteorite. Iron IIAB 180 Grams. Shrapnel Piece. Nice! Discount!,200.0,2023-12-12,180.0,1.11,WorthPoint
sikhote-alin-meteorite,"SIKHOTE-ALIN Meteorite 22 Gm Sculpted THUMBPRINTS, REAL Individual Shooting Star",179.0,2023-12-10,22.0,8.14,WorthPoint
sikhote-alin-meteorite,Sikhote-Alin Meteorite 22.1g 2077,39.0,2023-12-10,22.1,1.76,WorthPoint
sikhote-alin-meteorite,Fantastic 68.0 Gram SIKHOTE ALIN IRON METEORITE - FALL IN RUSSIA IN 1947,119.4,2023-12-10,68.0,1.76,WorthPoint
sikhote-alin-meteorite,Fantastic 20.34 Gram SIKHOTE ALIN IRON METEORITE - WITNESSED FALL / RUSSIA 1947,60.0,2023-12-10,20.34,2.95,WorthPoint
sikhote-alin-meteorite,Real Meteorite In Gem Case Genuine 1.2 Gram Sikhote-Alin Russian Space Rock,21.99,2023-12-10,1.2,18.32,WorthPoint
sikhote-alin-meteorite,Fantastic 16.13 Gram SIKHOTE ALIN IRON METEORITE - WITNESSED FALL / RUSSIA 1947,48.0,2023-12-07,16.13,2.98,WorthPoint
sikhote-alin-meteorite,Sikhote-Alin Meteorite With Gem Case 1.2 Gram Genuine Russian Space Rock!,24.99,2023-12-07,1.2,20.82,WorthPoint
sikhote-alin-meteorite,‚òÑÔ∏èsikhote-alin Meteorite 22 Grams (c) Russia,55.0,2023-12-05,22.0,2.5,WorthPoint
sikhote-alin-meteorite,"SIKHOTE ALIN - WITNESSED FALL - HISTORIC METEORITE - Iron, IIAB - Russia 1947",16.0,2023-12-03,,,WorthPoint
sikhote-alin-meteorite,‚òÑÔ∏èsikhote-alin Meteorite Russia 18.6 Grams (d),46.5,2023-12-03,18.6,2.5,WorthPoint
sikhote-alin-meteorite,‚òÑÔ∏èsikhote-alin Meteorite Russia 33.2 Grams (b),82.5,2023-12-03,33.2,2.48,WorthPoint
sikhote-alin-meteorite,‚òÑÔ∏èsikhote-alin Meteorite Russia 46.5 Grams (e),116.0,2023-12-02,46.5,2.49,WorthPoint
sikhote-alin-meteorite,‚òÑÔ∏èsikhote-alin Meteorite Russia 29 Grams,72.0,2023-12-01,29.0,2.48,WorthPoint
sikhote-alin-meteorite,"Museum Grade 103 Gm Sikhote-alin Meteorite From Russia, Collection Piece!!",1169.1,2023-11-30,103.0,11.35,WorthPoint
sikhote-alin-meteorite,"Sikhote-Alin Iron, IIAB Meteorite, Fell In Russia 1947, 5.8 Grams",10.5,2023-11-27,5.8,1.81,WorthPoint
sikhote-alin-meteorite,"Sikhote-Alin Iron, IIAB Meteorite, Russia 1947, 8.76 Grams",35.0,2023-11-26,8.76,4.0,WorthPoint
sikhote-alin-meteorite,4.03 Grams 16mm Long SIKHOTE ALIN Russia Meteorite Observed Fall In 1947,12.15,2023-11-25,4.03,3.01,WorthPoint
sikhote-alin-meteorite,‚òÑÔ∏è30 Grams Sikhote Alin Russian Meteorite W/ Id Card,90.0,2023-11-24,30.0,3.0,WorthPoint
sikhote-alin-meteorite,"Sikhote-Alin Iron, IIAB Meteorite, Fell In Russia 1947, 33.34 Gram Individual",110.0,2023-11-21,33.34,3.3,WorthPoint
sikhote-alin-meteorite,Fantastic 25.93 Gram SIKHOTE ALIN IRON METEORITE - WITNESSED FALL / RUSSIA 1947,66.0,2023-11-20,25.93,2.55,WorthPoint
sikhote-alin-meteorite,Fantastic 21.24 Gram SIKHOTE ALIN IRON METEORITE - WITNESSED FALL / RUSSIA 1947,60.0,2023-11-19,21.24,2.82,WorthPoint
sikhote-alin-meteorite,"Sikhote-Alin Iron, IIAB Meteorite, Russia 1947, 15.86 Grams, Ex. Aerolite",65.0,2023-11-19,15.86,4.1,WorthPoint
sikhote-alin-meteorite,"Sikhote-Alin Iron, IIAB Meteorite, Fell In Russia 1947, 1012 Gram Individual",500.0,2023-11-19,1012.0,0.49,WorthPoint
sikhote-alin-meteorite,Sikhote Alin METEORITE PENDANT 6.2 Grams,22.0,2023-11-18,6.2,3.55,WorthPoint
sikhote-alin-meteorite,"Sikhote-Alin Iron, IIAB Meteorite, Fell In Russia 1947, 29.98 Gram Individual",100.0,2023-11-17,29.98,3.34,WorthPoint
sikhote-alin-meteorite,"Meteorite Sikhote-Alin Pendant 9.44 Grams, Russian Meteorite, Meteorite Pendant",57.0,2023-11-17,9.44,6.04,WorthPoint
sikhote-alin-meteorite,Sikhote Alin METEORITE PENDANT 8.5 Grams,23.0,2023-11-17,8.5,2.71,WorthPoint
sikhote-alin-meteorite,2.13 Grams 20mm SIKHOTE ALIN Russian Meteorite Individual With COA,7.99,2023-11-14,2.13,3.75,WorthPoint
sikhote-alin-meteorite,"Meteorite**Sikhote-Alin, Russia**21.284 Gram, Beautiful Regmaglypts & Rollover!!",33.5,2023-11-13,21.284,1.57,WorthPoint
sikhote-alin-meteorite,Sikhote-Alin Meteorite With Commemorative Stamp Set,2500.0,2023-11-10,,,WorthPoint
sikhote-alin-meteorite,Sikhote-Alin Meteorite With Commemorative Stamp,2250.0,2023-11-10,,,WorthPoint
sikhote-alin-meteorite,Sikhote-Alin Meteorite. Iron IIAB 41 Grams. Flow Lined Individual.,125.0,2023-11-10,41.0,3.05,WorthPoint
sikhote-alin-meteorite,Sikhote Alin Iron Meteorite 20 Gram Individual With Shrapnel Characteristics,26.6,2023-11-10,20.0,1.33,WorthPoint
sikhote-alin-meteorite,"Meteorite:Sikhote-Alin:Weight 11.595g.Iron Meteorite, Beautiful Shrapnel Pieces.",60.0,2023-11-09,11.595,5.17,WorthPoint
sikhote-alin-meteorite,Sikhote Alin Iron Meteorite - Oddly Shaped - 962 Grams,510.0,2023-11-08,962.0,0.53,WorthPoint
sikhote-alin-meteorite,Sikhote Alin Meteorite Fragment 145g. Russia 1947,799.0,2023-11-08,145.0,5.51,WorthPoint
sikhote-alin-meteorite,Sikhote Alin METEORITE 71.4 Grams,85.0,2023-11-07,71.4,1.19,WorthPoint
sikhote-alin-meteorite,"Sikhote-Alin Iron, IIAB Meteorite, Fell In Russia 1947, 30.57 Grams",100.0,2023-11-06,30.57,3.27,WorthPoint
sikhote-alin-meteorite,"Sikhote-Alin Iron, IIAB Meteorite, Fell In Russia 1974, 35.06 Grams",115.0,2023-11-04,35.06,3.28,WorthPoint
sikhote-alin-meteorite,4.16 Grams 19mm SIKHOTE ALIN Russian Meteorite Individual With COA,20.5,2023-11-01,4.16,4.93,WorthPoint
sikhote-alin-meteorite,19.1 Grams 33x30x9mm SIKHOTE ALIN Russian Meteorite Individual With COA,79.99,2023-11-01,19.1,4.19,WorthPoint
sikhote-alin-meteorite,"Sikhote-Alin Iron, IIAB Meteorite, Fell In Russia 1947, 61.16 Gram Individual",195.0,2023-11-01,61.16,3.19,WorthPoint
sikhote-alin-meteorite,"Meteorite Sikhote-Alin Pendant 4.87 Grams, Russian Meteorite, Meteorite Pendant",52.0,2023-10-31,4.87,10.68,WorthPoint
sikhote-alin-meteorite,"Sikhote-Alin Iron, IIAB Meteorite, Fell In Russia 1947, 41.10 Gram Individual",133.0,2023-10-31,41.1,3.24,WorthPoint
sikhote-alin-meteorite,"Sikhote-Alin, Iron, IIAB Meteorite From Russia, Fell 1947, 52.2 Gram Individual",160.0,2023-10-30,52.2,3.07,WorthPoint
sikhote-alin-meteorite,"Sikhote-Alin, Iron, IIAB Meteorite, Fell In Russia 1947, 36.65 Gram Individual",120.0,2023-10-30,36.65,3.27,WorthPoint
sikhote-alin-meteorite,"Meteorite**Sikhote-Alin, Russia**36.444 Gram, Beautiful Flight Shaped Individual",399.99,2023-10-30,36.444,10.98,WorthPoint
sikhote-alin-meteorite,"Sikhote-Alin Iron, IIAB Meteorite, Fell In Russia 1947, 22.13 Grams",70.0,2023-10-28,22.13,3.16,WorthPoint
sikhote-alin-meteorite,"Sikhote-alin, Iron, IIAB Meteorite, Found In Russia 1947, Weighs 14.84 Grams",45.0,2023-10-26,14.84,3.03,WorthPoint
sikhote-alin-meteorite,SIKHOTE-ALIN METEORITE PENDANT $139 Sterling Silver Jewelry STARBORN SA139-P2,139.0,2023-10-26,,,WorthPoint
sikhote-alin-meteorite,"Sikhote-Alin Iron, IIAB Meteorite, Fell In Russia 1947, 39.85 Grams",130.0,2023-10-25,39.85,3.26,WorthPoint
sikhote-alin-meteorite,54 Grams 33x30x16mm SIKHOTE ALIN Russian Meteorite Individual W/ Greg Hupe Card,326.2,2023-10-25,54.0,6.04,WorthPoint
sikhote-alin-meteorite,Sikhote-Alin Meteorite 154.5g,672.0,2023-10-25,154.5,4.35,WorthPoint
sikhote-alin-meteorite,3.46 Grams 22mm SIKHOTE ALIN Russian Shrapnel Meteorite With COA And Info Card,6.49,2023-10-24,3.46,1.88,WorthPoint
sikhote-alin-meteorite,"Meteorite Sikhote-Alin Pendant 14.78 Grams, Russian Meteorite, Meteorite Pendant",108.0,2023-10-22,14.78,7.31,WorthPoint
sikhote-alin-meteorite,ORIENTED 16.2 Gram SIKHOTE ALIN METEORITE - WITNESSED FALL / RUSSIA 1947,117.0,2023-10-20,16.2,7.22,WorthPoint
sikhote-alin-meteorite,"Beautiful Sikhote-Alin Meteorite Specimen, 2.69g, Astronomy Gift, Sikhote Alin",33.0,2023-10-20,2.69,12.27,WorthPoint
sikhote-alin-meteorite,Sikhote-Alin Meteorite 4g 2082,14.0,2023-10-20,4.0,3.5,WorthPoint
sikhote-alin-meteorite,"A Large, Oriented Sikhote-Alin Meteorite 722 Grams",6790.0,2023-10-20,722.0,9.4,WorthPoint
sikhote-alin-meteorite,Sikhote Alin METEORITE PENDANT 8.1 Grams,22.0,2023-10-20,8.1,2.72,WorthPoint
sikhote-alin-meteorite,9.9 Gram Oriented Sikhote Alin Meteorite-Heat Shield Full Rollover Lip-Flowlines,112.5,2023-10-16,9.9,11.36,WorthPoint
sikhote-alin-meteorite,Sikhote Alin Iron Meteorite Lot 48 Grams 24 Pieces,50.0,2023-10-13,48.0,1.04,WorthPoint
sikhote-alin-meteorite,3.69 Grams 17mm SIKHOTE ALIN Russian Meteorite Individual With COA,12.99,2023-10-13,3.69,3.52,WorthPoint
sikhote-alin-meteorite,Nice Sikhote Alin METEORITES And Free Bonus Gift !! #201sikhote-4,29.95,2023-10-11,,,WorthPoint
sikhote-alin-meteorite,Sikhote Alin METEORITE 6.2 Grams Pendant,20.0,2023-10-11,6.2,3.23,WorthPoint
sikhote-alin-meteorite,21.5 Gram Sikhote-Alin Meteorite-Rollover Lip- Flowlines-Regmaglypted-Individual,112.5,2023-10-11,21.5,5.23,WorthPoint
sikhote-alin-meteorite,Sikhote Alin 21.8GR Regmaglypted Russian 1947 IRON OCTAHEDRITE Chunky METEORITE,48.75,2023-10-10,21.8,2.24,WorthPoint
sikhote-alin-meteorite,Sikhote-Alin 34.6g Meteorite With Excellent Shape And Regmaglypts,129.95,2023-10-10,34.6,3.76,WorthPoint
sikhote-alin-meteorite,"Beautiful Sikhote-Alin Meteorite Specimen, 4.46g, Astronomy Gift, Sikhote Alin",49.0,2023-10-09,4.46,10.99,WorthPoint
sikhote-alin-meteorite,Meteorite Sikhote-Alin- SKA-138 - 9.01g - GORGEOUS!!!,13.49,2023-10-09,9.01,1.5,WorthPoint
sikhote-alin-meteorite,33 Grams 36mm SIKHOTE ALIN Russian Meteorite Individual With COA,112.5,2023-10-09,33.0,3.41,WorthPoint
sikhote-alin-meteorite,"Sikhote-Alin Iron, IIAB Meteorite, Found In Russia 1947, 11.05 Grams",36.0,2023-10-07,11.05,3.26,WorthPoint
sikhote-alin-meteorite,"Sikhote-Alin, Iron IIAB Meteorite, Found In Russia 1947, 12.4 Grams",40.0,2023-10-07,12.4,3.23,WorthPoint
sikhote-alin-meteorite,6.5 Gram Oriented Sikhote Alin Meteorite-Rollover Lip Regmaglypts-Flowlines,31.0,2023-10-04,6.5,4.77,WorthPoint
sikhote-alin-meteorite,4.66 Grams 23mm SIKHOTE ALIN Russian Shrapnel Meteorite With COA And Info Card,6.99,2023-10-04,4.66,1.5,WorthPoint
sikhote-alin-meteorite,7.57 Grams 23mm SIKHOTE ALIN Russian Shrapnel Meteorite With COA And Info Card,9.99,2023-10-04,7.57,1.32,WorthPoint
sikhote-alin-meteorite,6.41 Grams 22mm SIKHOTE ALIN Russian Shrapnel Meteorite With COA And Info Card,9.99,2023-10-04,6.41,1.56,WorthPoint
sikhote-alin-meteorite,"Meteorite**Sikhote-Alin, Russia**15.676 Gram, Beautiful Fireball Shape!!!",52.53,2023-10-02,15.676,3.35,WorthPoint
sikhote-alin-meteorite,"MAGNET With Sikhote Alin Iron Meteorite, Real Picture From The Place Of Fall #2",8.5,2023-10-01,,,WorthPoint
sikhote-alin-meteorite,"2 Sikhote Alin Meteorites 1947 Fall, Plus FREE Bonus !! #422/525sikhote-3",32.95,2023-10-01,,,WorthPoint
sikhote-alin-meteorite,Thumbprinted Super Fresh - 33.24 Gram SIKHOTE ALIN METEORITE - RUSSIA 1947 Fall,214.5,2023-09-30,33.24,6.45,WorthPoint
sikhote-alin-meteorite,"Sikhote-Alin Meteorite, Iron IIAB, Russia 1947, 77.3 Grams",147.0,2023-09-29,77.3,1.9,WorthPoint
sikhote-alin-meteorite,2.94 Gr. Oriented Sikhote Alin Meteorite-Full Rollover Lip Regmaglypts-Flowlines,32.0,2023-09-29,2.94,10.88,WorthPoint
sikhote-alin-meteorite,5.2 Gram Oriented Sikhote Alin Meteorite-Full Rollover Lip Regmaglypts-Flowlines,36.0,2023-09-25,5.2,6.92,WorthPoint
sikhote-alin-meteorite,31.8 Gram Oriented Sikhote Alin Meteorite-Rollover Lip-Flowlines-Regmaglypts,102.51,2023-09-24,31.8,3.22,WorthPoint
sikhote-alin-meteorite,15.5 Gram Oriented Sikhote Alin Meteorite Full Rollover Lip-Flowlines-Bullet!!,310.0,2023-09-23,15.5,20.0,WorthPoint
sikhote-alin-meteorite,8.5 Gram Oriented Sikhote Alin Meteorite-Heat Shield Full Rollover Lip-Flowlines,155.5,2023-09-22,8.5,18.29,WorthPoint
sikhote-alin-meteorite,7.7 Gram Oriented Sikhote Alin Meteorite-Full Rollover Lip Regmaglypts-Flowlines,51.2,2023-09-21,7.7,6.65,WorthPoint
sikhote-alin-meteorite,Awesome 22.2 Gram Oriented Sikhote Alin Meteorite Lipping Regmaglypts-Flowlines,87.0,2023-09-20,22.2,3.92,WorthPoint
sikhote-alin-meteorite,5.04 Grams 20mm SIKHOTE ALIN Russian Shrapnel Meteorite With COA And Info Card,8.99,2023-09-20,5.04,1.78,WorthPoint
sikhote-alin-meteorite,Awesome 145.3 Gram Oriented Sikhote Alin Meteorite-Large Regmaglypts & Flowlines,400.0,2023-09-19,145.3,2.75,WorthPoint
sikhote-alin-meteorite,"Meteorite Sikhote-Alin Pendant 25.82 Grams, Russian Meteorite, Meteorite Pendant",128.0,2023-09-16,25.82,4.96,WorthPoint
sikhote-alin-meteorite,2.11 Grams 16mm SIKHOTE ALIN Russian Meteorite Individual With COA,7.99,2023-09-14,2.11,3.79,WorthPoint
sikhote-alin-meteorite,Esthetic Large 235 Gram Sikhote-Alin Meteorite With Regmaglypts.,656.25,2023-09-14,235.0,2.79,WorthPoint
sikhote-alin-meteorite,Sculpture-like Sikhote-Alin Iron Nickel Meteorite.,175.0,2023-09-14,,,WorthPoint
sikhote-alin-meteorite,Thumbprinted Super Fresh - 43.1 Gram SIKHOTE ALIN METEORITE - RUSSIA 1947 Fall,150.5,2023-09-12,43.1,3.49,WorthPoint
sikhote-alin-meteorite,ORIENTED Super Fresh - 40.00 Gram SIKHOTE ALIN METEORITE - With FLOWLINES,224.0,2023-09-12,40.0,5.6,WorthPoint
sikhote-alin-meteorite,Fantastic 27.62 Gram SIKHOTE ALIN IRON METEORITE - WITNESSED FALL / RUSSIA 1947,98.0,2023-09-12,27.62,3.55,WorthPoint
sikhote-alin-meteorite,Fantastic 21.20 Gram SIKHOTE ALIN IRON METEORITE - WITNESSED FALL / RUSSIA 1947,70.0,2023-09-12,21.2,3.3,WorthPoint
sikhote-alin-meteorite,"Meteorite**Sikhote-Alin, Russia**11.070 Grams Gorgeous Shrapnel Lot!",20.0,2023-09-11,11.07,1.81,WorthPoint
sikhote-alin-meteorite,"Sikhote-Alin Meteorite, Iron IIAB, Russia 1947, 3.8 Grams",15.5,2023-09-08,3.8,4.08,WorthPoint
sikhote-alin-meteorite,Sikhote-Alin Meteorite! Space Rock Hit Russia In The 1940's! Thumbnail Display!,5.99,2023-09-07,,,WorthPoint
sikhote-alin-meteorite,Top Quality! Oriented W/ Rollover Lipping! Super Sikhote-alin Meteorite 11.6 Gms,111.75,2023-09-06,11.6,9.63,WorthPoint
sikhote-alin-meteorite,Fantastic 24.2 Gram SIKHOTE ALIN IRON METEORITE - WITNESSED FALL / RUSSIA 1947,85.4,2023-09-05,24.2,3.53,WorthPoint
sikhote-alin-meteorite,Fantastic 28.96 Gram SIKHOTE ALIN IRON METEORITE - WITNESSED FALL / RUSSIA 1947,84.0,2023-09-03,28.96,2.9,WorthPoint
sikhote-alin-meteorite,THUMBPRINTED Super Fresh - 18.94 Gram SIKHOTE ALIN METEORITE - RUSSIA 1947 FALL,132.3,2023-08-31,18.94,6.99,WorthPoint
sikhote-alin-meteorite,Fantastic 25.40 Gram SIKHOTE ALIN IRON METEORITE - WITNESSED FALL / RUSSIA 1947,77.0,2023-08-29,25.4,3.03,WorthPoint
sikhote-alin-meteorite,Top Quality! Very Unique Shape! Super Sculpted Sikhote-alin Meteorite 2.4 Gms,29.25,2023-08-28,2.4,12.19,WorthPoint
sikhote-alin-meteorite,"Campo Del Cielo, Sikhote-Alin & NWA Meteorites! 3 Space Rocks That Hit Earth",7.5,2023-08-28,,,WorthPoint
sikhote-alin-meteorite,3 Grams Meteorite Genuine Sikhote-Alin 7 Pieces In Glass Vial With Cork,14.99,2023-08-28,3.0,5.0,WorthPoint
sikhote-alin-meteorite,SUPER ORIENTED 17.0 Gram SIKHOTE ALIN METEORITE - WITNESSED FALL / RUSSIA 1947,162.5,2023-08-17,17.0,9.56,WorthPoint
sikhote-alin-meteorite,Sikhote Alin METEORITE 45.5 Grams,57.0,2023-08-16,45.5,1.25,WorthPoint
sikhote-alin-meteorite,Sikhote Alin METEORITE 7 Grams Pendant,19.0,2023-08-16,7.0,2.71,WorthPoint
sikhote-alin-meteorite,ORIENTED Super Fresh - 36.84 Gram SIKHOTE ALIN METEORITE - RUSSIA 1947 Fall,205.8,2023-08-15,36.84,5.59,WorthPoint
sikhote-alin-meteorite,Sikhote Alin METEORITE 9.1 Grams Pendant,19.0,2023-08-15,9.1,2.09,WorthPoint
sikhote-alin-meteorite,"Sikhote-Alin Iron IIAB Meteorite 5 Individuals Witnessed Fall, February 12, 1947",48.0,2023-08-15,,,WorthPoint
sikhote-alin-meteorite,Sikhote Alin Meteorite Specimen Riker Display Russia Meteorites 9.5 Grams,32.99,2023-08-13,9.5,3.47,WorthPoint
sikhote-alin-meteorite,Super Fresh Crust And Flowlines - 403.5 Gram SIKHOTE ALIN METEORITE - 1947 Fall,1365.0,2023-08-13,403.5,3.38,WorthPoint
sikhote-alin-meteorite,ORIENTED Super Fresh - 77.19 Gram SIKHOTE ALIN METEORITE - RUSSIA 1947 Fall,279.3,2023-08-13,77.19,3.62,WorthPoint
sikhote-alin-meteorite,Sikhote Alin METEORITE 9.8 Grams Pendant,19.0,2023-08-12,9.8,1.94,WorthPoint
sikhote-alin-meteorite,Fantastic 17.75 Gram SIKHOTE ALIN IRON METEORITE - WITNESSED FALL / RUSSIA 1947,71.5,2023-08-11,17.75,4.03,WorthPoint
sikhote-alin-meteorite,3 Sikhote-Alin Russian Meteorites! Nice Shrapnel Display! Authentic Space Rocks,14.99,2023-08-10,,,WorthPoint
sikhote-alin-meteorite,Best Quality! Lots Of Thumbprints! Super Sculpted Sikhote-alin Meteorite 29.9 Gm,224.25,2023-08-10,29.9,7.5,WorthPoint
sikhote-alin-meteorite,Fantastic 25.75 Gram SIKHOTE ALIN IRON METEORITE - WITNESSED FALL / RUSSIA 1947,120.0,2023-08-08,25.75,4.66,WorthPoint
sikhote-alin-meteorite,Sikhote-Alin Meteorite 10.1 Grams,10.0,2023-08-06,10.1,0.99,WorthPoint
sikhote-alin-meteorite,Sikhote-Alin Russian Iron Meteorite: 4.9 Grams,5.5,2023-08-05,4.9,1.12,WorthPoint
sikhote-alin-meteorite,"Sikhote-alin Iron Meteorite, Found In Russia 1947, 8 Grams *nice*",12.5,2023-08-03,8.0,1.56,WorthPoint
sikhote-alin-meteorite,"Sikhote-Alin Iron IIAB Meteorite 6 Individuals Witnessed Fall, February 12, 1947",25.0,2023-07-31,,,WorthPoint
sikhote-alin-meteorite,Nice Sikhote Alin Meteorite In Display And Free Bonus !! #221sikhote,22.95,2023-07-29,,,WorthPoint
sikhote-alin-meteorite,"Sikhote Alin 14.81g Beautifully Thumbprint W/ Flowlines, Rollover Meteorite",37.0,2023-07-29,14.81,2.5,WorthPoint
sikhote-alin-meteorite,7.08 Grams 16mm SIKHOTE ALIN Russian Shrapnel Meteorite With COA And Info Card,11.99,2023-07-24,7.08,1.69,WorthPoint
sikhote-alin-meteorite,"Sikhote-Alin Meteorite ""The Pensive Man""",3000.0,2023-07-22,,,WorthPoint
sikhote-alin-meteorite,"Sikhote-Alin Meteorite ""The Shark""",1875.0,2023-07-22,,,WorthPoint
sikhote-alin-meteorite,"Sikhote-Alin Meteorite ""The Lion""",5000.0,2023-07-22,,,WorthPoint
sikhote-alin-meteorite,"Sikhote-Alin Meteorite ""The Terrier""",1875.0,2023-07-22,,,WorthPoint
sikhote-alin-meteorite,"Sikhote-Alin Meteorite ""Shrapnel"" ""The Monster""",1000.0,2023-07-22,,,WorthPoint
sikhote-alin-meteorite,Sikhote-Alin Meteorite & E.L. Krinov Coin,1500.0,2023-07-22,,,WorthPoint
sikhote-alin-meteorite,"Sikhote-Alin Meteorite ""Sleeping Dragon""",4750.0,2023-07-22,,,WorthPoint
sikhote-alin-meteorite,"Sikhote-Alin Meteorite ""The Owl""",2625.0,2023-07-22,,,WorthPoint
sikhote-alin-meteorite,Sikhote-Alin Meteorite In Lucite Pyramid,550.0,2023-07-22,,,WorthPoint
sikhote-alin-meteorite,Sikhote-Alin Meteorite End Cut,4375.0,2023-07-22,,,WorthPoint
sikhote-alin-meteorite,"Sikhote-Alin Meteorite ""The Rabbit""",1312.5,2023-07-22,,,WorthPoint
sikhote-alin-meteorite,"Sikhote-Alin Meteorite ""The Hitchhiker""",1312.5,2023-07-22,,,WorthPoint
sikhote-alin-meteorite,"Sikhote-Alin Meteorite ""The Dragon""",2500.0,2023-07-22,,,WorthPoint
sikhote-alin-meteorite,Sikhote-Alin Meteorite Shrapnel 17.5g,26.0,2023-07-22,17.5,1.49,WorthPoint
sikhote-alin-meteorite,2.53 Grams 12mm SIKHOTE ALIN Russian Meteorite Some Lipping Individual With COA,9.99,2023-07-22,2.53,3.95,WorthPoint
sikhote-alin-meteorite,Stunning - Meteorite Sikhote-Alin Russian 49.8 Grams! - Nice Formation -,127.5,2023-07-18,49.8,2.56,WorthPoint
sikhote-alin-meteorite,Fantastic 46.5 Gram SIKHOTE ALIN IRON METEORITE - FALL IN RUSSIA IN 1947,81.25,2023-07-17,46.5,1.75,WorthPoint
sikhote-alin-meteorite,"SIKHOTE-ALIN METEORITE 32.0 Gm W/ Wood Display Stand, Label, And COA #13679 14o",69.99,2023-07-16,32.0,2.19,WorthPoint
sikhote-alin-meteorite,"2 Sikhote-Alin Iron Meteorites And Free Bonus, Witnessed 1947 Fall #201sikhote2",45.95,2023-07-14,,,WorthPoint
sikhote-alin-meteorite,2.20 Grams 14mm SIKHOTE ALIN Russian Meteorite Individual With COA,5.99,2023-07-11,2.2,2.72,WorthPoint
sikhote-alin-meteorite,Sikhote-Alin Meteorite 582 Grams,2200.0,2023-07-10,582.0,3.78,WorthPoint
sikhote-alin-meteorite,Sikhote Alin METEORITE 65 Grams,75.0,2023-07-09,65.0,1.15,WorthPoint
sikhote-alin-meteorite,Sikhote Alin 51.83g Beautiful Iron Meteorite Shrapnel W/ Natural Patina,75.0,2023-07-08,51.83,1.45,WorthPoint
sikhote-alin-meteorite,Sikhote-Alin Russian Meteorite Cut Iron Fragment - June 1947,8.5,2023-07-07,,,WorthPoint
sikhote-alin-meteorite,"Meteorite**Sikhote-Alin, Russia**3.860 Grams, Beautiful ""Nice Bullet Shape!!",18.2,2023-07-03,3.86,4.72,WorthPoint
sikhote-alin-meteorite,"Sikhote-Alin Meteorite, Approx. 21.6 Gr. Approx. Dimension: 20mm X 23mm X 13mm",84.0,2023-07-02,21.6,3.89,WorthPoint
sikhote-alin-meteorite,"Sikhote-Alin Iron Meteorite, Oriented, 78.5 Grams, With CoA By R. Drew Of Avatar",200.0,2023-07-01,78.5,2.55,WorthPoint
sikhote-alin-meteorite,"Sikhote Alin 20.70g Beautifully Thumbprint W/ Flowlines, Rollover Meteorite",33.0,2023-07-01,20.7,1.59,WorthPoint
sikhote-alin-meteorite,Genuine Sikhote Alin Meteorite Nugget Pendant With Sterling Silver Chain,79.0,2023-06-28,,,WorthPoint
sikhote-alin-meteorite,4.85 Grams 17mm SIKHOTE ALIN Russian Shrapnel Meteorite With COA And Info Card,6.99,2023-06-28,4.85,1.44,WorthPoint
sikhote-alin-meteorite,SIKHOTE-ALIN METEORITE PENDANT $45 Sterling Silver 925 Jewelry STARBORN SA45-P22,45.0,2023-06-28,,,WorthPoint
sikhote-alin-meteorite,"Large Sikhote Alin Iron Meteorite. Oriented, 91.9g Witnessed 1947 Fall",312.02,2023-06-26,91.9,3.4,WorthPoint
sikhote-alin-meteorite,"Meteorite, Sikhote-Alin, Beautiful Sculpted 210.1g Individual",411.0,2023-06-25,210.1,1.96,WorthPoint
sikhote-alin-meteorite,"Sikhote Alin 19.44g Beautifully Thumbprint W/ Flowlines, Rollover Meteorite",32.0,2023-06-24,19.44,1.65,WorthPoint
sikhote-alin-meteorite,7.84 Grams 20mm SIKHOTE ALIN Russian Shrapnel Meteorite With COA And Info Card,10.99,2023-06-23,7.84,1.4,WorthPoint
sikhote-alin-meteorite,5.56 Grams 19mm SIKHOTE ALIN Russian Shrapnel Meteorite With COA And Info Card,7.99,2023-06-23,5.56,1.44,WorthPoint
sikhote-alin-meteorite,Authentic Sikhote-alin Meteorite - Fall 1947 - Russia,175.0,2023-06-23,,,WorthPoint
sikhote-alin-meteorite,Sikhote-Alin Meteorite Shrapnel 52.3g 0374,59.0,2023-06-23,52.3,1.13,WorthPoint
sikhote-alin-meteorite,Fantastic Gram 39.3 SIKHOTE ALIN IRON METEORITE - FALL IN RUSSIA IN 1947,125.8,2023-06-20,,,WorthPoint
sikhote-alin-meteorite,Oriented 13.5 Gram SIKHOTE ALIN IRON METEORITE - FALL IN RUSSIA IN 1947,51.35,2023-06-19,13.5,3.8,WorthPoint
sikhote-alin-meteorite,Sikhote-Alin Meteorite! 25g!,56.0,2023-06-18,25.0,2.24,WorthPoint
sikhote-alin-meteorite,"Sikhote Alin 10.01g Beautifully Thumbprint W/ Flowlines, Rollover Meteorite",21.0,2023-06-17,10.01,2.1,WorthPoint
sikhote-alin-meteorite,"SIKHOTE-ALIN METEORITE 43.4 Gm W/ Wood Display Stand, Label, And COA #13680 14o",79.99,2023-06-16,43.4,1.84,WorthPoint
sikhote-alin-meteorite,"Sikhote-Alin Iron IIAB Meteorite, Found Russia 1947, 9.1 Gram Individual",27.0,2023-06-16,9.1,2.97,WorthPoint
sikhote-alin-meteorite,"Sikhote-Alin Iron IIAB Meteorite, Russia 1947, 16.4 Gram Individual",49.0,2023-06-16,16.4,2.99,WorthPoint
sikhote-alin-meteorite,Sikhote-Alin Meteorite 21.4g 2078,33.0,2023-06-12,21.4,1.54,WorthPoint
sikhote-alin-meteorite,Sikhote-Alin Meteorite 19.8g 0916,30.0,2023-06-12,19.8,1.52,WorthPoint
sikhote-alin-meteorite,Sikhote-Alin Meteorite 16.5g 2075,25.0,2023-06-12,16.5,1.52,WorthPoint
sikhote-alin-meteorite,2.37 Grams 16mm Long SIKHOTE ALIN Russia Meteorite Observed Fall In 1947,7.25,2023-06-12,2.37,3.06,WorthPoint
sikhote-alin-meteorite,Sikhote Alin Iron Nickel Meteorite Piece Meteor Asteroid Space Rock Shard Nice,19.95,2023-06-12,,,WorthPoint
sikhote-alin-meteorite,"Meteorite**Sikhote-Alin, Russia**34.774 Gram, Beautiful Flight Shaped Individual",78.0,2023-06-12,34.774,2.24,WorthPoint
sikhote-alin-meteorite,SIKHOTE ALIN SHRAPNEL Iron Meteorite Space Specimen Witnessed Fall RUSSIA,42.95,2023-06-10,,,WorthPoint
sikhote-alin-meteorite,Cheap Price! Lots Of Thumbprints! Super Sculpted Sikhote-alin Meteorite 62.2 Gms,134.25,2023-06-10,62.2,2.16,WorthPoint
sikhote-alin-meteorite,Sikhote-Alin Highly Oriented Shield Iron Meteorite,172.5,2023-06-10,,,WorthPoint
sikhote-alin-meteorite,BEAUTIFULLY SCULPTED 114.2 Gram SIKHOTE ALIN IRON METEORITE - RUSSIA 1947 FALL,371.15,2023-06-10,114.2,3.25,WorthPoint
sikhote-alin-meteorite,SCULPTED SHRAPNEL 482.2 Gram SIKHOTE ALIN IRON METEORITE - RUSSIA 1947 FALL,626.6,2023-06-10,482.2,1.3,WorthPoint
sikhote-alin-meteorite,BEAUTIFULLY SCULPTED 416.4 Gram SIKHOTE ALIN IRON METEORITE - RUSSIA 1947 FALL,1082.25,2023-06-09,416.4,2.6,WorthPoint
sikhote-alin-meteorite,#14 Russia Natrual Rock From Space Russian Sikhote Meteorite 14.60ct Or 2.90g,14.95,2023-06-08,2.9,5.16,WorthPoint
sikhote-alin-meteorite,1.4 Grams SIKHOTE ALIN Russia Meteorite Observed Fall In 1947,8.0,2023-06-07,1.4,5.71,WorthPoint
sikhote-alin-meteorite,Amazing Sikhote Alin Iron Meteorite - RUSSIA 1947 FALL 34.9 Gm,80.0,2023-06-06,34.9,2.29,WorthPoint
sikhote-alin-meteorite,7 Pieces (3.6 Grams) Of Genuine Sikhote-Alin Meteorite In Glass Vial W/Cork!,14.99,2023-06-03,3.6,4.16,WorthPoint
sikhote-alin-meteorite,#9 30.90ct Natural Rock From Space Russian Sikhote Meteorite Rough 6.15g 18mm,17.95,2023-05-29,6.15,2.92,WorthPoint
sikhote-alin-meteorite,"Sikhote-Alin, Primorye, Russia Iron Nickel Genuine Meteorite Lot 30.15 Grams",87.07,2023-05-29,30.15,2.89,WorthPoint
sikhote-alin-meteorite,Sikhote-Alin Meteorite! Shrapnel Display! Authentic Space Rock Shaped Like Flame,6.99,2023-05-28,,,WorthPoint
sikhote-alin-meteorite,Sikhote-Alin Iron Meteorite Shrapnel Fragment 105.5 Grams,49.99,2023-05-28,105.5,0.47,WorthPoint
sikhote-alin-meteorite,"Beautiful Fusion Crust 10.444 Gr Sikhote-alin Iron Meteorite,complete Individual",75.0,2023-05-28,10.444,7.18,WorthPoint
sikhote-alin-meteorite,Fantastic 76.8 Gram SIKHOTE ALIN IRON METEORITE - FALL IN RUSSIA IN 1947,146.25,2023-05-27,76.8,1.9,WorthPoint
sikhote-alin-meteorite,SIKHOTE-ALIN Meteorite 24gm Sculpted Loaded THUMBPRINTS + Magnetic Display Stand,199.0,2023-05-21,24.0,8.29,WorthPoint
sikhote-alin-meteorite,Sikhote-Alin Iron Meteorite From Russia: 8.1 Grams,31.0,2023-05-20,8.1,3.83,WorthPoint
sikhote-alin-meteorite,Awesome Sikhote-Alin Meteorite 3.1 Grams! Iron Space Rock Great Character!!,5.5,2023-05-17,3.1,1.77,WorthPoint
sikhote-alin-meteorite,Sikhote-Alin Meteorite 22.6g 2076,39.0,2023-05-16,22.6,1.73,WorthPoint
sikhote-alin-meteorite,Sikhote-Alin-Iron Meteorite! 85g!,103.6,2023-05-14,85.0,1.22,WorthPoint
sikhote-alin-meteorite,Sikhote-Alin Iron Meteorite From Russia: 5.1 Grams,11.5,2023-05-10,5.1,2.25,WorthPoint
sikhote-alin-meteorite,Ghana 2020 5 Cedis Sikhote-Alin Meteorite Fine Silver W/ Antique Finish & Meteorite Piece (Tax Exemp,107.58,2023-05-07,,,WorthPoint
sikhote-alin-meteorite,4.20 Grams 16mm Long SIKHOTE ALIN Russia Meteorite Observed Fall In 1947,12.65,2023-05-01,4.2,3.01,WorthPoint
sikhote-alin-meteorite,"Sikhote Alin 50.00g Beautifully Thumbprint W/ Flowlines, Rollover Meteorite",102.5,2023-04-29,50.0,2.05,WorthPoint
sikhote-alin-meteorite,"Meteorite**Sikhote-Alin, Russia**4.547 Grams, Beautiful ""Mop Top"" Bullet Shape!!",499.99,2023-04-26,4.547,109.96,WorthPoint
sikhote-alin-meteorite,Stunning - Meteorite Sikhote-Alin Russian 168.1 Grams! - Nice Formation -,870.0,2023-04-24,168.1,5.18,WorthPoint
sikhote-alin-meteorite,"Sikhote Alin 26.07g Beautifully Thumbprint W/ Flowlines, Rollover Meteorite",51.01,2023-04-22,26.07,1.96,WorthPoint
sikhote-alin-meteorite,Sikhote Alin METEORITE 76.8 Grams,85.0,2023-04-21,76.8,1.11,WorthPoint
sikhote-alin-meteorite,5 Splinters & Pieces Of Sikhote-Alin Meteorite!,60.0,2023-04-16,,,WorthPoint
sikhote-alin-meteorite,Sikhote Alin 10.06g Beautifully Flight Marked Iron Meteorite,32.0,2023-04-15,10.06,3.18,WorthPoint
sikhote-alin-meteorite,"Meteorite**Sikhote-Alin, Russia**319.50 Gram, Beautiful Individual W/Regs & Flow",2999.0,2023-04-15,319.5,9.39,WorthPoint
sikhote-alin-meteorite,Meteorite Sikhote-Alin Strike Iron Nickel Russian 19x17mm 8.1 Grams Ec69,15.49,2023-04-13,8.1,1.91,WorthPoint
sikhote-alin-meteorite,4.07 Grams 27mm Long SIKHOTE ALIN Russia Meteorite As Found Individual With COA,18.5,2023-04-10,4.07,4.55,WorthPoint
sikhote-alin-meteorite,"Large Sikhote Alin Iron Meteorite. Highly Oriented, 201.8g Witnessed 1947 Fall",431.0,2023-04-10,201.8,2.14,WorthPoint
sikhote-alin-meteorite,"Sikhote Alin Iron Meteorite, Small Awesome Slightly Oriented Individual, 13.1 G",52.49,2023-04-08,13.1,4.01,WorthPoint
sikhote-alin-meteorite,Sikhote Alin 7.58g Beautifully Flight Marked Iron Meteorite,21.5,2023-04-08,7.58,2.84,WorthPoint
sikhote-alin-meteorite,4.52 Grams 20mm Long SIKHOTE ALIN Russia Meteorite As Found Individual With COA,12.99,2023-04-07,4.52,2.87,WorthPoint
sikhote-alin-meteorite,Sikhote Alin Meteorite Solid Sterling Silver Handmade Pendant,75.0,2023-04-06,,,WorthPoint
sikhote-alin-meteorite,Sikhote-Alin Meteorite Shrapnel - 2 Individual Pieces - 113 Grams Total Weight,185.0,2023-04-05,113.0,1.64,WorthPoint
sikhote-alin-meteorite,Sikhote Alin 11.67g Flathead MopTop Oriented Iron Drop Meteorite,59.0,2023-04-01,11.67,5.06,WorthPoint
sikhote-alin-meteorite,2.24 Grams 18mm Long SIKHOTE ALIN Russia Meteorite As Found Individual With COA,7.99,2023-03-29,2.24,3.57,WorthPoint
sikhote-alin-meteorite,Sikhote-alin Iron Meteorite From Russia 2.6 Grams,5.99,2023-03-27,2.6,2.3,WorthPoint
sikhote-alin-meteorite,4.13 Grams 18mm Long SIKHOTE ALIN Russia Meteorite As Found Individual With COA,18.5,2023-03-26,4.13,4.48,WorthPoint
sikhote-alin-meteorite,Sikhote Alin 32.14g Beautifully Flight Marked Iron Meteorite,108.5,2023-03-25,32.14,3.38,WorthPoint
sikhote-alin-meteorite,9.9 Grams 20mm Long SIKHOTE ALIN Russia Meteorite Observed Fall In 1947,19.99,2023-03-23,9.9,2.02,WorthPoint
sikhote-alin-meteorite,"Sikhote Alin Iron Meteorite, 5 Awesome Individuals Not Cleaned, 37.5 Gr, Russia",149.99,2023-03-21,37.5,4.0,WorthPoint
sikhote-alin-meteorite,"Meteorite**Sikhote-Alin, Russia**7.9 Gram, Beautiful Bullet Shaped Individual",159.99,2023-03-21,7.9,20.25,WorthPoint
sikhote-alin-meteorite,Sikhote-alin Iron Meteorite From Russia 1.9 Grams,5.99,2023-03-16,1.9,3.15,WorthPoint
sikhote-alin-meteorite,Sikhote-alin Iron Meteorite From Russia 2.1 Grams,5.99,2023-03-16,2.1,2.85,WorthPoint
sikhote-alin-meteorite,SCULPTED SHRAPNEL 451.2 Gram SIKHOTE ALIN IRON METEORITE - RUSSIA 1947 FALL,675.0,2023-03-15,451.2,1.5,WorthPoint
sikhote-alin-meteorite,Large Sikhote Alin Shrapnel Iron Meteorite. 800g Witnessed 1947 Fall,682.0,2023-03-13,800.0,0.85,WorthPoint
sikhote-alin-meteorite,Russian Meteorite With Gem Case! 1.5 Gram Genuine Sikhote-Alin Meteorite!,12.99,2023-03-12,1.5,8.66,WorthPoint
sikhote-alin-meteorite,"90.3grams Sikhote-Alin Iron Meteorite, Lots Of Character 55x35x25mm",89.95,2023-03-12,90.3,1.0,WorthPoint
sikhote-alin-meteorite,BEAUTIFULLY SCULPTED 434.2 Gram SIKHOTE ALIN IRON METEORITE - RUSSIA 1947 FALL,2180.0,2023-03-11,434.2,5.02,WorthPoint
sikhote-alin-meteorite,Fantastic 56.6 Gram SIKHOTE ALIN IRON METEORITE - FALL IN RUSSIA IN 1947,126.75,2023-03-09,56.6,2.24,WorthPoint
sikhote-alin-meteorite,(x214) 26 G Sikhote Alin Russia Meteorite Feb 1947 Shrapnel Fragment Specimen,76.99,2023-03-09,26.0,2.96,WorthPoint
sikhote-alin-meteorite,"Sikhote Alin Iron Meteorite, Small Awesome Individual, 15.7 Grams",31.0,2023-03-05,15.7,1.97,WorthPoint
sikhote-alin-meteorite,Sikhote-alin Iron Meteorite From Russia 2.0 Grams,5.99,2023-03-05,2.0,3.0,WorthPoint
sikhote-alin-meteorite,Sikhote-Alin Meteorite 15.6g 0921,23.0,2023-03-04,15.6,1.47,WorthPoint
sikhote-alin-meteorite,BEAUTIFULLY SCULPTED 305.7 Gram SIKHOTE ALIN IRON METEORITE - RUSSIA 1947 FALL,640.5,2023-03-04,305.7,2.1,WorthPoint
sikhote-alin-meteorite,Sikhote Alin 8.62g Beautifully Regmaglypted Iron Meteorite,20.5,2023-03-04,8.62,2.38,WorthPoint
sikhote-alin-meteorite,"Sikhote-Alin Iron (IIAB) Meteorite Magnet, Real Embedded Fragment",7.95,2023-03-04,,,WorthPoint
sikhote-alin-meteorite,BEAUTIFULLY SCULPTED 23.4 Gram SIKHOTE ALIN IRON METEORITE - RUSSIA 1947 FALL,117.6,2023-03-03,23.4,5.03,WorthPoint
sikhote-alin-meteorite,BEAUTIFULLY SCULPTED 15.6 Gram SIKHOTE ALIN IRON METEORITE - RUSSIA 1947 FALL,83.3,2023-03-03,15.6,5.34,WorthPoint
sikhote-alin-meteorite,Sikhote Alin METEORITE 57.9 Grams,67.0,2023-03-03,57.9,1.16,WorthPoint
sikhote-alin-meteorite,Meteorite Sikhote-Alin Strike Iron Nickel Russian 6.7 Grams K99,17.48,2023-03-02,6.7,2.61,WorthPoint
sikhote-alin-meteorite,Meteorite Choice Best Specimen Sikhote Alin Iron Nickel - Russia 62.3 Grams,450.0,2023-02-27,62.3,7.22,WorthPoint
sikhote-alin-meteorite,"Meteorite**Sikhote-Alin, Russia**22.5 Gram, Beautiful Bullet Shaped Individual",31.0,2023-02-27,22.5,1.38,WorthPoint
sikhote-alin-meteorite,Sikhote Alin 56.74g Incredibly Torn And Tortured Iron Meteorite,349.0,2023-02-25,56.74,6.15,WorthPoint
sikhote-alin-meteorite,2 Sikhote-Alin Iron Meteorites! Beautiful Shrapnel Display Specimens In Gem Jar!,14.99,2023-02-22,,,WorthPoint
sikhote-alin-meteorite,Sikhote Alin METEORITE 89.7 Grams,95.0,2023-02-20,89.7,1.06,WorthPoint
sikhote-alin-meteorite,Fantastic 32.9 Gram SIKHOTE ALIN IRON METEORITE - FALL IN RUSSIA IN 1947,99.0,2023-02-20,32.9,3.01,WorthPoint
sikhote-alin-meteorite,"Meteorite**Sikhote-Alin, Russia**23.90 Gram, Extremely Unique Individual!!!",130.49,2023-02-20,23.9,5.46,WorthPoint
sikhote-alin-meteorite,"Sikhote Alin Meteorite Specimen 11.27 Grams, Astronomy Gift, Iron Meteorite",89.0,2023-02-19,11.27,7.9,WorthPoint
sikhote-alin-meteorite,Sikhote Alin 14.91g Beautifully Regmaglypted Iron Meteorite,36.0,2023-02-18,14.91,2.41,WorthPoint
sikhote-alin-meteorite,ORIENTED SIKHOTE ALIN Nickel Iron Meteorite Specimen Witnessed Fall RUSSIA,69.95,2023-02-14,,,WorthPoint
sikhote-alin-meteorite,GORGEOUS 45g ORIENTED SIKHOTE ALIN METEORITE WITH FLOW LINES & ROLL OVER LIPS!,372.0,2023-02-13,45.0,8.27,WorthPoint
sikhote-alin-meteorite,AMAZING 57g ORIENTED SIKHOTE ALIN METEORITE WITH FLOW LINES & ROLL OVER LIPS!,556.0,2023-02-13,57.0,9.75,WorthPoint
sikhote-alin-meteorite,AMAZING 61g ORIENTED SIKHOTE ALIN METEORITE WITH FLOW LINES & ROLL OVER LIPS!,796.0,2023-02-13,61.0,13.05,WorthPoint
sikhote-alin-meteorite,41.1 Gram Sikhote Alin Iron Meteorite 1947 Russia Fall Regmaglypts Flow Lines,175.0,2023-02-13,41.1,4.26,WorthPoint
sikhote-alin-meteorite,SIKHOTE ALIN Iron Meteorite Specimen NICE REGMAGLYPTS Witnessed Fall RUSSIA,59.95,2023-02-13,,,WorthPoint
sikhote-alin-meteorite,SIKHOTE ALIN Iron Meteorite Specimen FLOWLINES ROLLOVER LIPS RUSSIA,89.99,2023-02-10,,,WorthPoint
sikhote-alin-meteorite,"Sikhote-Alin Meteorite, Approx. 30.9 Gr. Approx. Dimension: 27mm X 22mm X 20mm",119.0,2023-02-10,30.9,3.85,WorthPoint
sikhote-alin-meteorite,Meteorite Sikhote-Alin Strike Iron Nickel Russian 21x15mm 3.9 Grams Eb98,13.48,2023-02-09,3.9,3.46,WorthPoint
sikhote-alin-meteorite,"Sikhote Alin Iron Meteorite, Lot Of 2 Small Oriented Individuals, 19.4 Grams",86.99,2023-02-08,19.4,4.48,WorthPoint
sikhote-alin-meteorite,"Beautiful Fusion Crust 16.398 Gr Sikhote-alin Iron Meteorite,complete Individual",115.0,2023-02-06,16.398,7.01,WorthPoint
sikhote-alin-meteorite,"Sikhote-Alin Meteorite INCREDIBLE Shape, 256g",799.0,2023-02-06,256.0,3.12,WorthPoint
sikhote-alin-meteorite,2 Sikhote-Alin Russian Meteorites! Nice Shrapnel Display! Authentic Space Rocks,9.99,2023-02-06,,,WorthPoint
sikhote-alin-meteorite,GORGEOUS 41g ORIENTED SIKHOTE ALIN METEORITE WITH FLOW LINES & ROLL OVER LIPS!,396.0,2023-02-06,41.0,9.66,WorthPoint
sikhote-alin-meteorite,Fantastic 28.02 Gram SIKHOTE ALIN IRON METEORITE - FALL IN RUSSIA IN 1947,110.0,2023-02-05,28.02,3.93,WorthPoint
sikhote-alin-meteorite,Sikhote Alin METEORITE 51 Grams,60.0,2023-02-05,51.0,1.18,WorthPoint
sikhote-alin-meteorite,"Museum Grade 15 Gm Sikhote-alin Meteorite From Russia, Collection Piece!!",134.1,2023-02-05,15.0,8.94,WorthPoint
sikhote-alin-meteorite,Meteorite Fragments From Sikhote-Alin Russia (K),20.0,2023-02-02,,,WorthPoint
sikhote-alin-meteorite,Sikhote Alin METEORITE 20.6 Grams,33.0,2023-02-02,20.6,1.6,WorthPoint
sikhote-alin-meteorite,Fantastic 43.5 Gram SIKHOTE ALIN IRON METEORITE - FALL IN RUSSIA IN 1947,104.3,2023-02-02,43.5,2.4,WorthPoint
sikhote-alin-meteorite,"Sikhote-Alin Meteorite INCREDIBLE Shape, 122g",1326.0,2023-01-30,122.0,10.87,WorthPoint
sikhote-alin-meteorite,5.4 Gram 17+/-pcs Sikhote Alin Russia Meteorite Fragment Parcel 93% Fe C.2/12/47,44.99,2023-01-29,5.4,8.33,WorthPoint
sikhote-alin-meteorite,2.58 Grams 17mm Long SIKHOTE ALIN Russia Meteorite As Found Individual +COA,8.99,2023-01-27,2.58,3.48,WorthPoint
sikhote-alin-meteorite,3.21 Grams 15mm SIKHOTE ALIN Russia Meteorite Nice Looking Shrapnel With A COA,6.99,2023-01-27,3.21,2.18,WorthPoint
sikhote-alin-meteorite,Sikhote-Alin 30.1g Meteorite - Oriented End And Covered With Regmaglypts,179.95,2023-01-26,30.1,5.98,WorthPoint
sikhote-alin-meteorite,Fantastic 30.5 Gram SIKHOTE ALIN IRON METEORITE - FALL IN RUSSIA IN 1947,63.0,2023-01-26,30.5,2.07,WorthPoint
sikhote-alin-meteorite,Meteorite Sikhote-Alin Strike Iron Nickel Russian 19X28mm 10Grams FQ05,20.99,2023-01-20,10.0,2.1,WorthPoint
sikhote-alin-meteorite,"Sikhote Alin Iron Meteorite, Lot Of Small Fragments, 100 Grams, Russia, #1",119.99,2023-01-20,100.0,1.2,WorthPoint
sikhote-alin-meteorite,"Sikhote Alin Iron Meteorite, Small Awesome Individual, 7.9 Grams",39.49,2023-01-20,7.9,5.0,WorthPoint
sikhote-alin-meteorite,Sikhote-Alin 25.6g Meteorite - Outstanding Shape And Covered With Regmaglypts,149.95,2023-01-18,25.6,5.86,WorthPoint
sikhote-alin-meteorite,SIKHOTE ALIN Authentic Iron Meteorite Specimen Witnessed Fall RUSSIA,39.95,2023-01-17,,,WorthPoint
sikhote-alin-meteorite,ORIENTED SIKHOTE ALIN Iron Meteorite Specimen FLOWLINES Witnessed Fall RUSSIA,119.95,2023-01-17,,,WorthPoint
sikhote-alin-meteorite,"Meteorite**Sikhote-Alin, Russia**6.348 Gram, Extremely Unique Individual!!!",25.37,2023-01-16,6.348,4.0,WorthPoint
sikhote-alin-meteorite,Sikhote-Alin Iron Meteorite! Natural Display Specimen In Gem Jar! Great Shape,6.0,2023-01-13,,,WorthPoint
sikhote-alin-meteorite,Meteorite Sikhote-Alin Strike Iron Nickel Russian 31x20mm 10 Grams Ec77,21.99,2023-01-11,10.0,2.2,WorthPoint
sikhote-alin-meteorite,Meteorite Sikhote-Alin Strike Iron Nickel Russian 21x13mm 5.2 Grams Ed20,13.99,2023-01-11,5.2,2.69,WorthPoint
sikhote-alin-meteorite,"Meteorite**Sikhote-Alin, Russia**3.519 Grams Gorgeous Shrapnel Individual!!!",12.5,2023-01-09,3.519,3.55,WorthPoint
sikhote-alin-meteorite,++sikhote-alin++ Meteorite Russia,58.0,2023-01-09,,,WorthPoint
sikhote-alin-meteorite,++sikhote-alin Meteorite++ Russia,75.0,2023-01-09,,,WorthPoint
sikhote-alin-meteorite,Sikhote Alin METEORITE 85.6 Grams,95.0,2023-01-07,85.6,1.11,WorthPoint
sikhote-alin-meteorite,Fantastic 24.5 Gram SIKHOTE ALIN IRON METEORITE - FALL IN RUSSIA IN 1947,56.0,2023-01-07,24.5,2.29,WorthPoint
sikhote-alin-meteorite,Sikhote-Alin Meteorite 2.0 Grams! Iron Space Rock Great Character!!,5.5,2023-01-05,2.0,2.75,WorthPoint
sikhote-alin-meteorite,"37.8gram, 1.6in By 1.3in By 0.3in Meteorite Sikhote-Alin, Russia, ThisFound 1947",49.95,2023-01-04,37.8,1.32,WorthPoint
sikhote-alin-meteorite,Fantastic 51.5 Gram SIKHOTE ALIN IRON METEORITE - FALL IN RUSSIA IN 1947,98.0,2023-01-02,51.5,1.9,WorthPoint
sikhote-alin-meteorite,"Meteorite**Sikhote-Alin, Russia**10.497 Grams, Oriented With Rollover Lip!!!",104.5,2023-01-02,10.497,9.96,WorthPoint
sikhote-alin-meteorite,825 Gram Sikhote-alin Shrapnel Meteorite Super Nice Piece,960.0,2023-01-01,825.0,1.16,WorthPoint
sikhote-alin-meteorite,Sikhote Alin Meteorite 4 Grams Museum Grade Oriented Bullet With Flow Lines,202.5,2022-12-28,4.0,50.62,WorthPoint
sikhote-alin-meteorite,Awesome Sikhote-Alin Meteorite 6.25 Grams! Iron Space Rock Great Character!!,7.99,2022-12-26,6.25,1.28,WorthPoint
sikhote-alin-meteorite,Sikhote-Alin Meteorite 1255 Grams,5000.0,2022-12-25,1255.0,3.98,WorthPoint
sikhote-alin-meteorite,Fantastic 130.1 Gram SIKHOTE ALIN IRON METEORITE - FALL IN RUSSIA IN 1947,206.5,2022-12-24,130.1,1.59,WorthPoint
sikhote-alin-meteorite,Best Sikhote-Alin Iron Meteorite! Beautiful Display In Gem Jar! Stocking Stuffer,12.99,2022-12-19,,,WorthPoint
sikhote-alin-meteorite,Fantastic 24.2 Gram SIKHOTE ALIN IRON METEORITE - FALL IN RUSSIA IN 1947,52.5,2022-12-15,24.2,2.17,WorthPoint
sikhote-alin-meteorite,2.21 Grams 16mm Long SIKHOTE ALIN Russia Meteorite Observed Fall In 1947,6.65,2022-12-12,2.21,3.01,WorthPoint
sikhote-alin-meteorite,Sikhote-Alin Iron Meteorite W/ Unique Shape! Perfect Stocking Stuffer In Gem Jar,10.83,2022-12-12,,,WorthPoint
sikhote-alin-meteorite,2.70 Grams 22mm Long SIKHOTE ALIN Russia Meteorite As Found Individual +COA,10.99,2022-12-10,2.7,4.07,WorthPoint
sikhote-alin-meteorite,Sikhote-Alin Meteorite 3.71 Grams! Iron Space Rock Great Character!!,10.5,2022-12-10,3.71,2.83,WorthPoint
sikhote-alin-meteorite,Sikhote-Alin Meteorite 11.5g 0920,17.0,2022-12-09,11.5,1.48,WorthPoint
sikhote-alin-meteorite,Nice Sikhote Alin Meteorite Individual (iron) - 2.7 G,14.0,2022-12-08,2.7,5.19,WorthPoint
sikhote-alin-meteorite,Esthetic 235 Gram Sikhote-Alin Meteorite With Regmaglypts.,542.5,2022-12-02,235.0,2.31,WorthPoint
sikhote-alin-meteorite,Sikhote-Alin Iron Nickel Meteorite With Regmaglypts.,478.75,2022-12-02,,,WorthPoint
sikhote-alin-meteorite,"Sikhote Alin Iron Meteorite, Small Awesome Individual, 13.09 Grams",58.99,2022-11-29,13.09,4.51,WorthPoint
sikhote-alin-meteorite,"Sikhote Alin Meteorite Specimen 77.39 Grams, Astronomy Gift, Iron Meteorite",225.0,2022-11-28,77.39,2.91,WorthPoint
sikhote-alin-meteorite,Sikhote Alin METEORITE 34.5 Grams,42.0,2022-11-28,34.5,1.22,WorthPoint
sikhote-alin-meteorite,"Meteorite**Sikhote-Alin, Russia**21.169 Gram, Regmaglypted Individual!!!",30.0,2022-11-28,21.169,1.42,WorthPoint
sikhote-alin-meteorite,"Sikhote Alin, Iron Meteorite. 54.3g Witnessed 1947 Fall. Monster Rollover Lip!",202.51,2022-11-28,54.3,3.73,WorthPoint
sikhote-alin-meteorite,Sikhote Alin 11.05g AAA Cherry Picked ‚Ä¢ Fab Flight Markings ‚Ä¢ Iron Meteorite,89.0,2022-11-26,11.05,8.05,WorthPoint
sikhote-alin-meteorite,8 Pieces (3 Grams) Of Genuine Sikhote-Alin Meteorite In Glass Vial W/Cork!,14.99,2022-11-24,3.0,5.0,WorthPoint
sikhote-alin-meteorite,Awesome Sikhote-Alin Meteorite 6.60 Grams! Space Rock With Great Character!!,13.99,2022-11-22,6.6,2.12,WorthPoint
sikhote-alin-meteorite,"Meteorite**Sikhote-Alin, Russia**16.582 Grams Gorgeous Shrapnel Individual!!!",29.0,2022-11-21,16.582,1.75,WorthPoint
sikhote-alin-meteorite,Sikhote-Alin Iron Meteorite Shaped Like USA! Natural Display Specimen In Gem Jar,11.49,2022-11-21,,,WorthPoint
sikhote-alin-meteorite,1.75 Grams 13mm Long SIKHOTE ALIN Russia Meteorite As Found Individual +COA,6.99,2022-11-20,1.75,3.99,WorthPoint
sikhote-alin-meteorite,2.77 Grams 15mm SIKHOTE ALIN Russia Meteorite Nice Looking Shrapnel,5.99,2022-11-20,2.77,2.16,WorthPoint
sikhote-alin-meteorite,"Nickel-Iron Octahedrite IIAB 57g Meteorite Fragment - Sikhote-Alin, Russia",99.99,2022-11-19,57.0,1.75,WorthPoint
sikhote-alin-meteorite,"Nickel-Iron Octahedrite IIAB 13.3g Meteorite Fragment - Sikhote-Alin, Russia",49.99,2022-11-19,13.3,3.76,WorthPoint
sikhote-alin-meteorite,Meteorite Sikhote-Alin Strike Iron Nickel Russian 8.6 Grams K85,21.99,2022-11-18,8.6,2.56,WorthPoint
sikhote-alin-meteorite,Meteorite Sikhote-Alin Strike Iron Nickel Russian 10.8 Grams K67,25.99,2022-11-18,10.8,2.41,WorthPoint
sikhote-alin-meteorite,Meteorite Sikhote-Alin Strike Iron Nickel Russian 5.3 Grams K57,15.48,2022-11-18,5.3,2.92,WorthPoint
sikhote-alin-meteorite,Meteorite Sikhote-Alin Strike Iron Nickel Russian 11.7 Grams K36,26.99,2022-11-18,11.7,2.31,WorthPoint
sikhote-alin-meteorite,Meteorite Sikhote-Alin Strike Iron Nickel Russian 4.5 Grams L45,13.47,2022-11-18,4.5,2.99,WorthPoint
sikhote-alin-meteorite,"Nickel-Iron Octahedrite IIAB 162g Meteorite Fragment - Sikhote-Alin, Russia",199.99,2022-11-18,162.0,1.23,WorthPoint
sikhote-alin-meteorite,"Nickel-Iron Octahedrite IIAB 76g Meteorite Fragment - Sikhote-Alin, Russia",99.99,2022-11-18,76.0,1.32,WorthPoint
sikhote-alin-meteorite,"Nickel-Iron Octahedrite IIAB 88g Meteorite Fragment - Sikhote-Alin, Russia",99.99,2022-11-18,88.0,1.14,WorthPoint
sikhote-alin-meteorite,2.20 Grams 13mm SIKHOTE ALIN Russia Meteorite Nice Looking Shrapnel,5.99,2022-11-16,2.2,2.72,WorthPoint
sikhote-alin-meteorite,Oriented 3.97 Gram SIKHOTE ALIN IRON METEORITE - FALL IN RUSSIA IN 1947,39.0,2022-11-15,3.97,9.82,WorthPoint
sikhote-alin-meteorite,Fantastic 26.7 Gram SIKHOTE ALIN IRON METEORITE - FALL IN RUSSIA IN 1947,71.2,2022-11-14,26.7,2.67,WorthPoint
sikhote-alin-meteorite,Sikhote-Alin Meteorite 23.4g 0918,35.0,2022-11-14,23.4,1.5,WorthPoint
sikhote-alin-meteorite,GORGEOUS 125g THUMBPRINTED SIKHOTE ALIN METEORITE WITH LARGE NATURAL HOLE!!!,1635.9,2022-11-13,125.0,13.09,WorthPoint
sikhote-alin-meteorite,1.37 Grams 17mm Long SIKHOTE ALIN Russia Meteorite As Found Individual +COA,7.99,2022-11-11,1.37,5.83,WorthPoint
sikhote-alin-meteorite,Sikhote-Alin Meteorite With Gem Case! 1.5 Gram Genuine Russian Meteorite!!,14.99,2022-11-06,1.5,9.99,WorthPoint
sikhote-alin-meteorite,Sikhote-Alin Iron Meteorite Shaped Like An Elephant! Display Specimen In Gem Jar,10.5,2022-11-04,,,WorthPoint
sikhote-alin-meteorite,Awesome Sikhote-Alin Meteorite 3.59 Grams! Space Rock With Great Character!!,7.99,2022-11-04,3.59,2.23,WorthPoint
sikhote-alin-meteorite,"SIKHOTE ALIN METEORITE Raw Crystal - Astronomy Gifts, Home Decor, Stones, 41226",151.5,2022-11-03,,,WorthPoint
sikhote-alin-meteorite,SIKHOTE ALIN METEORITE SLICE IRON WITH NICKEL 35g 57mm X 38mm POLISHED RUSSIA,199.99,2022-10-31,35.0,5.71,WorthPoint
sikhote-alin-meteorite,"Meteorite**Sikhote-Alin, Russia**2.586 Gram, Extremely Unique Individual!!!",6.0,2022-10-31,2.586,2.32,WorthPoint
sikhote-alin-meteorite,Sikhote Alin 24.15g AA Oriented ‚Ä¢ Fab Flight Markings ‚Ä¢ Iron Meteorite,194.0,2022-10-29,24.15,8.03,WorthPoint
sikhote-alin-meteorite,Nice Sikhote Alin Meteorite Individual (iron) - 1.00 G,11.0,2022-10-28,1.0,11.0,WorthPoint
sikhote-alin-meteorite,Best Sikhote-Alin Iron Meteorite! Beautiful Shrapnel Display Specimen In Gem Jar,15.5,2022-10-28,,,WorthPoint
sikhote-alin-meteorite,"Sikhote-Alin Meteorite, Exceptionally Nice, 124.7grams, 1.7""x1.6""x1.0""",189.95,2022-10-28,124.7,1.52,WorthPoint
sikhote-alin-meteorite,Fantastic 14.5 Gram SIKHOTE ALIN IRON METEORITE - FALL IN RUSSIA IN 1947,58.0,2022-10-26,14.5,4.0,WorthPoint
sikhote-alin-meteorite,"Sikhote Alin Iron Meteorite, Lot Of Small Fragments, 27 Grams, Russia",39.99,2022-10-25,27.0,1.48,WorthPoint
sikhote-alin-meteorite,"Sikhote-Alin Meteorite, Approx. 30.6 Gr. Approx. Dimension: 30mm X 20mm X 16mm",116.0,2022-10-25,30.6,3.79,WorthPoint
sikhote-alin-meteorite,3.06 Grams 18mm SIKHOTE ALIN Russia Meteorite Nice Looking Shrapnel With A COA,6.49,2022-10-25,3.06,2.12,WorthPoint
sikhote-alin-meteorite,Sikhote-Alin Meteorite 23.9g 0917,36.0,2022-10-24,23.9,1.51,WorthPoint
sikhote-alin-meteorite,Meteorite Sikhote-Alin Strike Iron Nickel Russian 13X20mm 4 Grams FQ08,13.48,2022-10-24,4.0,3.37,WorthPoint
sikhote-alin-meteorite,Sikhote-Alin Meteorite Specimen Shrapnel Iron Witnessed Fall RUSSIA W/ ID Card,9.98,2022-10-24,,,WorthPoint
sikhote-alin-meteorite,4.57 Grams 16mm Long SIKHOTE ALIN Russia Meteorite Observed Fall In 1947,13.25,2022-10-21,4.57,2.9,WorthPoint
sikhote-alin-meteorite,Large Sikhote-Alin Iron Meteorite 220 Grams.,440.0,2022-10-21,220.0,2.0,WorthPoint
sikhote-alin-meteorite,2.10 Grams 16mm Long SIKHOTE ALIN Russia Meteorite Observed Fall In 1947,6.3,2022-10-20,2.1,3.0,WorthPoint
sikhote-alin-meteorite,Fantastic 32.4 Gram SIKHOTE ALIN IRON METEORITE - FALL IN RUSSIA IN 1947,95.2,2022-10-19,32.4,2.94,WorthPoint
sikhote-alin-meteorite,Sikhote-Alin Iron Meteorite! Awesome Shrapnel! Display Specimen In Gem Jar!,5.5,2022-10-17,,,WorthPoint
sikhote-alin-meteorite,Autunit E Sikhote-Alin Meteorite Galena Hematite Monazite Fluorite Geode Agate,75.99,2022-10-16,,,WorthPoint
sikhote-alin-meteorite,"Sikhote-Alin Meteorite, Exceptionally Nice, 57.6grams, 1.5""x1.3""x0.8""",59.95,2022-10-16,57.6,1.04,WorthPoint
sikhote-alin-meteorite,Awesome Sikhote-Alin Meteorite 2.77 Grams! Space Rock With Great Character!!,9.99,2022-10-15,2.77,3.61,WorthPoint
sikhote-alin-meteorite,Jorge Adeler Sikhote-Alin Meteorite 14k Gold Ring With Diamonds,1074.44,2022-10-14,,,WorthPoint
sikhote-alin-meteorite,Sikhote-Alin Iron Meteorite! Shaped Like Florida! Display Specimen In Gem Jar!,5.01,2022-10-14,,,WorthPoint
sikhote-alin-meteorite,3.17 Grams 14mm SIKHOTE ALIN Russia Meteorite Nice Looking Shrapnel With A COA,5.99,2022-10-10,3.17,1.89,WorthPoint
sikhote-alin-meteorite,"Meteorite**Sikhote-Alin, Russia**10.429 Gram, Oriented W/Rollover Lip!!!!",139.99,2022-10-10,10.429,13.42,WorthPoint
sikhote-alin-meteorite,6.12 Grams 16mm Long SIKHOTE ALIN Russia Meteorite Observed Fall In 1947,18.99,2022-10-09,6.12,3.1,WorthPoint
sikhote-alin-meteorite,Sikhote Alin Meteorite 223 Gram Individual With Dramatic Flight Patterns,479.0,2022-10-03,223.0,2.15,WorthPoint
sikhote-alin-meteorite,Sikhote-Alin Iron Meteorite! Beautiful Shrapnel Display Specimen In Gem Jar!,36.0,2022-10-03,,,WorthPoint
sikhote-alin-meteorite,296.2 Gram SIKHOTE ALIN IRON METEORITE - Oriented Sheild Specimen - 1947 Russia,280.0,2022-10-02,296.2,0.95,WorthPoint
sikhote-alin-meteorite,Fantastic 40.0 Gram SIKHOTE ALIN IRON METEORITE - FALL IN RUSSIA IN 1947,96.0,2022-09-29,40.0,2.4,WorthPoint
sikhote-alin-meteorite,Lots Of Thumbprints! Best Shape! Super Sculpted Sikhote-alin Meteorite 81.4 Gms,111.3,2022-09-29,81.4,1.37,WorthPoint
sikhote-alin-meteorite,Sikhote-Alin Meteorite Shrapnel 43.4g 0376,49.0,2022-09-27,43.4,1.13,WorthPoint
sikhote-alin-meteorite,"Campo Del Cielo, Sikhote-Alin & NWA Meteorites 3 Sets Space Rocks That Hit Earth",39.99,2022-09-24,,,WorthPoint
sikhote-alin-meteorite,"1947 Feb. 12, Sikhote Alin IIAB Ogg Meteorite, Russia, 10.0 Grams",32.0,2022-09-21,10.0,3.2,WorthPoint
sikhote-alin-meteorite,Awesome Sikhote-Alin Meteorite 4.30 Grams! Space Rock With Great Character!!,13.49,2022-09-19,4.3,3.14,WorthPoint
sikhote-alin-meteorite,Awesome Sikhote-Alin Meteorite 5.63 Grams! Space Rock With Great Character!!,24.95,2022-09-15,5.63,4.43,WorthPoint
sikhote-alin-meteorite,"Best Campo Del Cielo, Sikhote-Alin & NWA Meteorites 3 Space Rocks That Hit Earth",7.76,2022-09-12,,,WorthPoint
sikhote-alin-meteorite,2.43 Grams 16mm Long SIKHOTE ALIN Russia Meteorite Observed Fall In 1947,7.3,2022-09-10,2.43,3.0,WorthPoint
sikhote-alin-meteorite,Meteorite Sikhote-Alin Strike Iron Nickel Russian 28x25mm 17.3 Grams Ec94,29.99,2022-09-04,17.3,1.73,WorthPoint
sikhote-alin-meteorite,Meteorite Sikhote-Alin Strike Iron Nickel Russian 14.6 Grams K5,33.99,2022-09-04,14.6,2.33,WorthPoint
sikhote-alin-meteorite,A101 Rare 42 Gram Beautifully Sculpted Sikhote Alin Meteorite Unworked ****,275.0,2022-09-04,42.0,6.55,WorthPoint
sikhote-alin-meteorite,Sikhote-Alin Meteorite Shrapnel - 6 Individual Pieces - 90 Grams Total Weight,100.0,2022-09-04,90.0,1.11,WorthPoint
sikhote-alin-meteorite,Meteorite Sikhote Alin-109g Lot Of Individuals,220.5,2022-09-04,109.0,2.02,WorthPoint
sikhote-alin-meteorite,Sikhote-Alin Etched Iron Meteorite Slice - 31.55g - LOW START!!!,83.0,2022-09-02,31.55,2.63,WorthPoint
sikhote-alin-meteorite,Best Sikhote-Alin Iron Meteorite! Shrapnel Specimen In Gem Jar! Natural Fold!,14.99,2022-09-02,,,WorthPoint
sikhote-alin-meteorite,Sikhote-Alin Meteorite Shrapnel - 3 Individual Pieces - 153 Grams Total Weight,300.0,2022-08-31,153.0,1.96,WorthPoint
sikhote-alin-meteorite,Sikhote-Alin Meteorite Shrapnel - 205 Gram Individual Piece - Beautiful!,250.0,2022-08-31,205.0,1.22,WorthPoint
sikhote-alin-meteorite,Awesome Sikhote-Alin Meteorite 6.82 Grams! Space Rock With Great Character!!,12.61,2022-08-29,6.82,1.85,WorthPoint
sikhote-alin-meteorite,Meteorite Sikhote -Alin 22.8 Grams Size 23mm X 20mm X 12mm,27.5,2022-08-26,22.8,1.21,WorthPoint
sikhote-alin-meteorite,"Meteorite**Sikhote-Alin, Russia**80.19 Grams, THE DRAGON, W/REGMAGLYPTS!!!",599.99,2022-08-25,80.19,7.48,WorthPoint
sikhote-alin-meteorite,Fantastic 47.8 Gram SIKHOTE ALIN IRON METEORITE - FALL IN RUSSIA IN 1947,146.0,2022-08-24,47.8,3.05,WorthPoint
sikhote-alin-meteorite,LARGE SIKHOTE-ALIN IRON METEORITE - RUSSIA - 40.3gm,119.99,2022-08-22,40.3,2.98,WorthPoint
sikhote-alin-meteorite,METEORITE SIKHOTE-ALIN SHRAPNEL FROM RUSSIA 79 Gram With Plexi Display US Seller,60.0,2022-08-21,79.0,0.76,WorthPoint
sikhote-alin-meteorite,"15.96 Gram Sikhote-Alin Meteorite, In Case",34.99,2022-08-19,15.96,2.19,WorthPoint
sikhote-alin-meteorite,Large SIKHOTE-ALIN Meteorite 25gm Sculpted Loaded THUMBPRINTS + Magnetic Display,229.0,2022-08-17,25.0,9.16,WorthPoint
sikhote-alin-meteorite,Sikhote Alin METEORITE 31.3 Grams,42.0,2022-08-17,31.3,1.34,WorthPoint
sikhote-alin-meteorite,Campo Del Cielo & Sikhote-Alin Meteorites! 2 Space Rocks That Hit Earth! Display,36.0,2022-08-17,,,WorthPoint
sikhote-alin-meteorite,Sikhote Alin METEORITE 30 Grams,40.0,2022-08-16,30.0,1.33,WorthPoint
sikhote-alin-meteorite,Fantastic 39.5 G ORIENTED SIKHOTE ALIN IRON METEORITE - FALL IN RUSSIA IN 1947,109.2,2022-08-16,39.5,2.76,WorthPoint
sikhote-alin-meteorite,3.24 Grams 16mm Long SIKHOTE ALIN Russia Meteorite Observed Fall In 1947,9.7,2022-08-16,3.24,2.99,WorthPoint
sikhote-alin-meteorite,SIKHOTE ALIN Iron Meteorite Authentic Specimen Witnessed Fall RUSSIA,56.0,2022-08-15,,,WorthPoint
sikhote-alin-meteorite,Campo Del Cielo Nickel & Sikhote-Alin Iron Meteorites ~ Space Rocks ~ 4.92 Grams,5.99,2022-08-15,4.92,1.22,WorthPoint
sikhote-alin-meteorite,"Museum Grade 50 Gm Sikhote-alin Meteorite From Russia, Collection Piece!!",269.1,2022-08-12,50.0,5.38,WorthPoint
sikhote-alin-meteorite,3.45 Grams 18mm SIKHOTE ALIN Russia Meteorite Nice Looking Shrapnel With A COA,5.99,2022-08-09,3.45,1.74,WorthPoint
sikhote-alin-meteorite,(x213) 25 G Sikhote Alin Russia Meteorite Feb 1947 Shrapnel Fragment Specimen,70.99,2022-08-07,25.0,2.84,WorthPoint
sikhote-alin-meteorite,"Sikhote Alin Iron Meteorite, Small Awesome Individual, 8.7 Grams",34.99,2022-08-07,8.7,4.02,WorthPoint
sikhote-alin-meteorite,2 Sikhote-Alin Iron Meteorites! Great Shrapnel Display! Authentic Space Rocks,14.99,2022-08-03,,,WorthPoint
sikhote-alin-meteorite,Russian Meteorite With Gem Case! 1.7 Gram Genuine Sikhote-Alin Meteorite!,12.99,2022-08-03,1.7,7.64,WorthPoint
sikhote-alin-meteorite,Sikhote Alin Meteorite 10 Grams,26.75,2022-08-02,10.0,2.67,WorthPoint
sikhote-alin-meteorite,1.78 Grams 16mm Long SIKHOTE ALIN Russia Meteorite As Found Individual +COA,6.99,2022-08-02,1.78,3.93,WorthPoint
sikhote-alin-meteorite,"Campo Del Cielo, Sikhote-Alin & NWA 869 Meteorite Display Group All 3 In Gem Jar",24.99,2022-08-02,,,WorthPoint
sikhote-alin-meteorite,A101 Superb 318gram Sikhote Alin Meteorite Museum Quality Unworked Scrapnel*****,255.0,2022-07-31,318.0,0.8,WorthPoint
sikhote-alin-meteorite,2.58 Grams 19mm Long SIKHOTE ALIN Russia Meteorite With A COA,5.49,2022-07-29,2.58,2.13,WorthPoint
sikhote-alin-meteorite,SIKHOTE-ALIN METEORITE PENDANT $99 Sterling Silver 925 Jewelry STARBORN SA99-P3,99.0,2022-07-29,,,WorthPoint
sikhote-alin-meteorite,"Museum Grade 14 Gm Sikhote-alin Meteorite From Russia, Collection Piece!!",89.1,2022-07-25,14.0,6.36,WorthPoint
sikhote-alin-meteorite,"Meteorite**Sikhote-Alin, Russia**20.870 Grams, Oriented With Rollover Lips!!!",499.99,2022-07-25,20.87,23.96,WorthPoint
sikhote-alin-meteorite,"Meteorite**Sikhote-Alin, Russia**10.204 Gram, Oriented Bullet Lot!!! Best Pieces",299.99,2022-07-25,10.204,29.4,WorthPoint
sikhote-alin-meteorite,Sikhote Alin Meteorite Witnessed Fall Commemorative Stamp,25.0,2022-07-24,,,WorthPoint
sikhote-alin-meteorite,Authentic Sikhote-Alin Meteorite! Awesome Shrapnel! Space Rock That Hit Russia!,16.99,2022-07-24,,,WorthPoint
sikhote-alin-meteorite,3.52 Grams 16mm Long SIKHOTE ALIN Russia Meteorite Observed Fall In 1947,10.6,2022-07-23,3.52,3.01,WorthPoint
sikhote-alin-meteorite,Sikhote-Alin Meteorite 39.4g 0924,59.0,2022-07-23,39.4,1.5,WorthPoint
sikhote-alin-meteorite,Cool 45.76 Gram SIKHOTE ALIN IRON METEORITE - FALL IN RUSSIA IN 1947,116.0,2022-07-22,45.76,2.53,WorthPoint
sikhote-alin-meteorite,Best Sikhote-Alin Meteorite! Bubble Formation I Have Never Seen! Awesome Display,29.99,2022-07-22,,,WorthPoint
sikhote-alin-meteorite,1.64 Grams 16mm Long SIKHOTE ALIN Russia Meteorite As Found Individual +COA,5.99,2022-07-20,1.64,3.65,WorthPoint
sikhote-alin-meteorite,7.64 Grams 23mm Long SIKHOTE ALIN Russia Meteorite As Found Individual +COA,19.99,2022-07-20,7.64,2.62,WorthPoint
sikhote-alin-meteorite,5.66 Grams 24mm Long SIKHOTE ALIN Russia Meteorite As Found Individual +COA,14.99,2022-07-20,5.66,2.65,WorthPoint
sikhote-alin-meteorite,"Sikhote Alin Iron Meteorite, Small Awesome Superb Oriented Individual, 13.6 G",67.99,2022-07-18,13.6,5.0,WorthPoint
sikhote-alin-meteorite,5.65 Grams 18mm Long SIKHOTE ALIN Russia Meteorite As Found Individual +COA,13.99,2022-07-17,5.65,2.48,WorthPoint
sikhote-alin-meteorite,3.59 Grams 22mm Long SIKHOTE ALIN Russia Meteorite As Found Individual +COA,11.99,2022-07-17,3.59,3.34,WorthPoint
sikhote-alin-meteorite,1.55 Grams 14mm Long SIKHOTE ALIN Russia Meteorite As Found Individual +COA,5.99,2022-07-17,1.55,3.86,WorthPoint
sikhote-alin-meteorite,Fantastic 36.7 Gram SIKHOTE ALIN IRON METEORITE - FALL IN RUSSIA IN 1947,96.0,2022-07-17,36.7,2.62,WorthPoint
sikhote-alin-meteorite,5.98 Grams 23mm Long SIKHOTE ALIN Russia Meteorite As Found Individual +COA,22.01,2022-07-17,5.98,3.68,WorthPoint
sikhote-alin-meteorite,5.11 Grams 17mm Long SIKHOTE ALIN Russia Meteorite As Found Individual +COA,27.0,2022-07-17,5.11,5.28,WorthPoint
sikhote-alin-meteorite,2.01 Grams 17mm Long SIKHOTE ALIN Russia Meteorite As Found Individual +COA,6.99,2022-07-17,2.01,3.48,WorthPoint
sikhote-alin-meteorite,Sikhote-Alin Meteorite Shrapnel 80.3g 0375,88.0,2022-07-16,80.3,1.1,WorthPoint
sikhote-alin-meteorite,62.2 Gram SIKHOTE ALIN IRON METEORITE - FALL IN RUSSIA IN 1947,151.2,2022-07-13,62.2,2.43,WorthPoint
sikhote-alin-meteorite,Meteorite Sikhote Alin 27.41 Grams Feb. 12 USSR Boxed Recorded,54.0,2022-07-12,27.41,1.97,WorthPoint
sikhote-alin-meteorite,"Sikhote-Alin Meteorite, Approx. 21.3 Gr. Approx. Dimension: 25mm X 16mm X 15mm",84.0,2022-07-11,21.3,3.94,WorthPoint
sikhote-alin-meteorite,"Beautiful Fusion Crust 7.737 Gr Sikhote-alin Iron Meteorite,complete Individual",49.0,2022-07-11,7.737,6.33,WorthPoint
sikhote-alin-meteorite,"Campo Del Cielo, Sikhote-Alin & NWA Meteorites! Space Rocks From 3 Continent's!",29.99,2022-07-11,,,WorthPoint
sikhote-alin-meteorite,"Campo Del Cielo, Sikhote-Alin & NWA Meteorites In Display 3 Space Rocks That Hit",11.61,2022-07-11,,,WorthPoint
sikhote-alin-meteorite,"Sikhote Alin Meteorite 11.7 Gms Iron Angular, 3 Sided Shooting Star",22.99,2022-07-10,11.7,1.96,WorthPoint
sikhote-alin-meteorite,Fantastic 67.2 Gram SIKHOTE ALIN IRON METEORITE - FALL IN RUSSIA IN 1947,159.2,2022-07-10,67.2,2.37,WorthPoint
sikhote-alin-meteorite,SIKHOTE ALIN METEORITE WITNESSED FALL COMMEMORATIVE STAMP UNHINGED MNH W/STAND,27.0,2022-07-10,,,WorthPoint
sikhote-alin-meteorite,3 Sikhote-Alin Iron Meteorites! Great Shrapnel Display! Authentic Space Rocks,29.99,2022-07-09,,,WorthPoint
sikhote-alin-meteorite,5.74 Grams 18mm SIKHOTE ALIN Russia Meteorite Nice Looking Shrapnel With My COA,13.5,2022-07-06,5.74,2.35,WorthPoint
sikhote-alin-meteorite,2.04 Grams 16mm Long SIKHOTE ALIN Russia Meteorite Observed Fall In 1947,6.2,2022-07-04,2.04,3.04,WorthPoint
sikhote-alin-meteorite,"Beautiful Fusion Crust 5.866 Gr Sikhote-alin Iron Meteorite,complete Individual",38.0,2022-07-04,5.866,6.48,WorthPoint
sikhote-alin-meteorite,2.86 Grams 13mm Long SIKHOTE ALIN Russia Meteorite Pretty Individual With COA,8.99,2022-07-03,2.86,3.14,WorthPoint
sikhote-alin-meteorite,Sikhote-Alin Meteorite Attractive Teardrop Shape 13-grams,30.0,2022-07-03,13.0,2.31,WorthPoint
sikhote-alin-meteorite,"Campo Del Cielo, Sikhote-Alin & NWA 869! Meteorites From 3 Different Continents!",7.5,2022-06-29,,,WorthPoint
sikhote-alin-meteorite,SIKHOTE-ALIN METEORITE PENDANT $119 Sterling Silver Jewelry STARBORN SA119-P2,119.0,2022-06-27,,,WorthPoint
trinitite,"Trinitite, The Atomic Age Mineral, 3rd Edition, William Kolb, Atomic Bomb!",58.5,2025-08-28,,,WorthPoint
trinitite,Trinitite Atomic Bomb Artifact 1945 New Mexico Trinity Site ***RARE SPECIMEN***,54.95,2025-06-15,,,WorthPoint
trinitite,Four Pieces Of Trinitite,60.5,2025-06-04,,,WorthPoint
trinitite,Trinitite From First Atomic Bomb Blast,1000.0,2025-02-27,,,WorthPoint
trinitite,Atomsite Trinitite Jewelry Atomic Bomb 1946 Pictorial Merle Oberman,17.99,2024-12-22,,,WorthPoint
trinitite,"Laboratory Impactite Specimen In Resin, Trinitite",75.0,2024-09-12,,,WorthPoint
trinitite,Trinitite: Atomic Rock From Trinity Nuclear Test,50.0,2024-04-28,,,WorthPoint
trinitite,"TRINITITE 1.561g Fragment, Historic Trinity Atomic Blast Glass From New Mexico",52.0,2024-03-03,1.561,33.31,WorthPoint
trinitite,"TRINITITE 2.224g Fragment, Historic Trinity Atomic Blast Glass From New Mexico",71.0,2024-03-03,2.224,31.92,WorthPoint
trinitite,"TRINITITE 1.895g Fragment, Historic Trinity Atomic Blast Glass From New Mexico",60.0,2024-03-02,1.895,31.66,WorthPoint
trinitite,Coffee Mug With Image Of Trinitite - Perfect Novelty Gift,19.95,2024-02-19,,,WorthPoint
trinitite,"Trinitite, 3 Pieces From Trinity Site, 1991. Rock 1: 5/16"", 2: 3/8"", 3: 9/16""",200.47,2024-02-09,,,WorthPoint
trinitite,"Vintage 1991 Color Trinity Site Photos:Monument,Trinitite,Bunker,McDonald House+",8.46,2024-02-02,,,WorthPoint
trinitite,Trinitite Specimen,35.0,2023-09-19,,,WorthPoint
trinitite,Trinitite Mineral Specimen,35.0,2023-09-19,,,WorthPoint
trinitite,"Trinitite: First Atom Bomb Glass, 1945 Trinity Site, White Sands Proving Grounds",701.25,2023-09-14,,,WorthPoint
trinitite,"Trinitite Specimens - 4 Fragments, 6 Grams - Melt Glass - First Atomic Blast NM",64.99,2023-03-24,6.0,10.83,WorthPoint
trinitite,Trinitite Display Specimen - 5 Gram Fragment -Melt Glass - First Atomic Blast NM,64.99,2023-03-23,5.0,13.0,WorthPoint
trinitite,"Trinitite Specimens - 9 Fragments, 7 Grams - Melt Glass - First Atomic Blast NM",64.99,2023-03-22,7.0,9.28,WorthPoint
trinitite,Trinitite Specimen With Gamma-Ray Spectra Of Sample!,49.95,2023-03-18,,,WorthPoint
trinitite,Rare Trinitite Fragment Alamogordo New Mexico Manhattan Project,40.0,2023-02-17,,,WorthPoint
trinitite,Individual TrinititeRock 1.0-1.49 Grams,25.0,2022-12-21,1.49,16.78,WorthPoint
trinitite,Individual TrinititeRock 1.5-1.99 Grams,30.0,2022-11-27,1.99,15.08,WorthPoint
trinitite,"Trinitite ~ Molten Earth/Green Rock ~ Trinity Test Site, New Mexico",30.0,2022-08-31,,,WorthPoint
trinitite,"Authentic Trinitite / 3cm 3.90grams / From Trinity Site, New Mexico",50.0,2022-06-29,3.9,12.82,WorthPoint
trinitite,Authentic Trinitite / Collected 1940's / Rare Thumbnail Mineral Specimen / NM,16.0,2022-06-21,,,WorthPoint
trinitite,Manhattan Project: Group Of Los Alamos Trinitite Souvenirs And Graphite From The Site Of The First Sustaining Nuclear Reaction.,3750.0,2022-06-12,,,WorthPoint
trinitite,"Trinitite ~ Molten Earth/Green Radioactive Rock ~ Trinity Test Site, New Mexico",17.0,2022-06-11,,,WorthPoint
trinitite,Authentic Trinitite From Ground Zero Sealed In Display Crystal. Gov Commissioned,299.0,2022-06-08,,,WorthPoint
trinitite,[Manhattan Project]. Foreman Gus H. Schultz Archive With Trinitite Souvenir From Los Alamos.,5125.0,2022-06-04,,,WorthPoint
trinitite,Atomic Bombing Trinitite,10.0,2022-05-12,,,WorthPoint
trinitite,Wwii Us Atomic Bomb Piece Of Trinitite 1st Trinity,196.8,2022-03-26,,,WorthPoint
trinitite,Trinitite Nuclear Melted Sand Sample 5+ Grams With COA 3 Samples Available,60.0,2022-01-24,,,WorthPoint
trinitite,"Trinitite Massive Glassy Tektite From 1945 Atomic Test Fine TN Trinity Site, NM",20.0,2022-01-15,,,WorthPoint
trinitite,07-16-1945 Trinitite Atomic Bomb Test 18.8 Grams,28.75,2021-11-04,18.8,1.53,WorthPoint
trinitite,Trinitite Sample 4.9 Gram - First Atom Bomb Test Melt Glass - New Mexico Desert,129.99,2021-10-20,4.9,26.53,WorthPoint
trinitite,Manhattan Project: Souvenir Trinitite Paperweight.,1562.5,2021-09-26,,,WorthPoint
trinitite,Vintage Atomic Trinitite Mineral Specimen Box Only Trinity Bombing Test 1945,63.0,2021-08-17,,,WorthPoint
trinitite,Trinitite Atomic Bomb Specimen,35.0,2021-07-18,,,WorthPoint
trinitite,"Trinitite - Nuclear Test Glass, New Mexico - Mineral Specimen For Sale",22.0,2021-06-30,,,WorthPoint
trinitite,Trinitite - Vintage - RARE Mineral Specimen From New Mexico In It's Original Box,54.0,2021-06-22,,,WorthPoint
trinitite,Souvenir Card Of Alamagordo Trinitite 1st Atomic Bomb Blast Fused Sand Glass,150.0,2021-06-14,,,WorthPoint
trinitite,Glass Trinitite Display Container,29.0,2021-05-18,,,WorthPoint
trinitite,Small Wholesale Glass Trinitite Lot 46 Grams,120.0,2021-04-19,46.0,2.61,WorthPoint
trinitite,Random Glass Trinitite Gem Container 1-2 Gram Pieces,20.0,2021-04-18,2.0,10.0,WorthPoint
trinitite,Wholesale Glass Trinitite Collection Approx. 30 Pounds In Tool Box,2900.0,2021-04-07,,,WorthPoint
trinitite,Metal Sign - Don't Steal The Trinitite - Vintage Look Reproduction,18.95,2021-03-29,,,WorthPoint
trinitite,Trinitite Glass 2.065g,26.0,2021-03-18,2.065,12.59,WorthPoint
trinitite,Trinitite Glass 1.420g,26.0,2021-03-18,1.42,18.31,WorthPoint
trinitite,Trinitite Glass 1.745g,26.0,2021-03-15,1.745,14.9,WorthPoint
trinitite,Manhattan Project: Los Alamos Trinitite Souvenir.,15000.0,2021-02-28,,,WorthPoint
trinitite,Trinitite,45.0,2020-12-24,,,WorthPoint
trinitite,Trinitite 1ish Grams With Display Container,30.0,2020-12-22,,,WorthPoint
trinitite,Trinitite 2.730g With Display Container,58.0,2020-12-20,2.73,21.25,WorthPoint
trinitite,Trinitite Atomic Bomb Glass,115.0,2020-11-26,,,WorthPoint
trinitite,Trinitite (Alamogordo Glass),25.0,2020-10-28,,,WorthPoint
trinitite,Trinitite - 8 Specimens Totaling 10.64G - From The 1945 Trinity Test - With Docs,115.5,2020-07-09,10.64,10.86,WorthPoint
trinitite,TRINITITE 8.3 Gram Specimen,81.69,2020-07-01,8.3,9.84,WorthPoint
trinitite,TRINITITE 4.3 Gram Specimen,25.0,2020-06-30,4.3,5.81,WorthPoint
trinitite,"TRINITITE 2,0 Gram Specimen",19.5,2020-06-28,,,WorthPoint
trinitite,TRINITITE 5.9 Gram Specimen,61.0,2020-06-12,5.9,10.34,WorthPoint
trinitite,"TRINITITE SAMPLE, WHITE PLAINS 1945, 2-3 Gm SAMPLE, 100% GUARANTEE REAL, SEE AD",30.0,2020-06-05,3.0,10.0,WorthPoint
trinitite,TRINITITE 7.5 Gram Specimen,44.0,2020-06-04,7.5,5.87,WorthPoint
trinitite,"TRINITITE Vintage Souvenir Pack, AUTHENTIC WHITE PLAINS, 1945, 9-10 Gm SAMPLE",145.0,2020-06-02,10.0,14.5,WorthPoint
trinitite,9 Small Trinitite Specimens Atomsite Atomic Bomb Glass In Diorama Box. TOTE 2,49.49,2020-06-01,,,WorthPoint
trinitite,TRINITITE 6.1 Gram Specimen With Hole,52.0,2020-05-31,6.1,8.52,WorthPoint
trinitite,TRINITITE 3.2 Gram Specimen,30.0,2020-05-23,3.2,9.38,WorthPoint
trinitite,"TRINITITE SAMPLE, WHITE PLAINS 1945, 3-4 Gm SAMPLE, 100% GUARANTEE REAL, SEE AD",40.0,2020-05-18,4.0,10.0,WorthPoint
trinitite,28.50 Ea. Trinitite With White Sand Missile Range Sand. With CERTIIFICATE,28.5,2020-05-17,,,WorthPoint
trinitite,Straight From The One And Only Wallace T Smith Collection Rare Trinitite,32.0,2020-05-06,,,WorthPoint
trinitite,Rare Trinitite Nice Straight From Wallace T Smith Collection,30.0,2020-05-06,,,WorthPoint
trinitite,"RARE TRINITITE STRAIGHT From The WALLACE T SMITH COLLECTION, Accept No Other...",48.0,2020-04-26,,,WorthPoint
trinitite,"Wallace Smith Collection Trinitite, 6 Flats, 600 Specimens! 293+ Grams",1400.0,2020-04-25,,,WorthPoint
trinitite,"Wallace Smith Collection Trinitite, Flat Of 100 Specimens! 40+ Grams",200.0,2020-04-25,,,WorthPoint
trinitite,28.50 Ea. Trinitite With White Sand Missile Range Sand.With GAMMA RAY SPEC SHEET,28.5,2020-04-24,,,WorthPoint
trinitite,RARE TRINITITE STRAIGHT From The WALLACE T SMITH COLLECTION Here In NEW MEXICO,30.0,2020-04-23,,,WorthPoint
trinitite,28.50 Ea. Trinitite With White Sand Missile Range Sand & With GAMMA RAY SPECTRUM,28.5,2020-04-22,,,WorthPoint
trinitite,"Wallace Smith Collection Trinitite, Flat Of 72 Specimens!",175.0,2020-04-21,,,WorthPoint
trinitite,Desktop Graphite CP-1 First Nuclear Reactor 12/2/1942 Los Alamos Trinitite+MORE,1025.0,2020-04-20,,,WorthPoint
trinitite,*BlueTRINITITE STRAIGHT From The WALLACE T SMITH COLLECTION Here In NEW MEXICO,40.0,2020-04-20,,,WorthPoint
trinitite,"Wallace Smith Collection Trinitite, Flat Of 100 Specimens!",185.0,2020-04-18,,,WorthPoint
trinitite,Trinitite The Atomic Age Mineral First Edition Book Kolb Radioactive Man Made,39.99,2020-04-10,,,WorthPoint
trinitite,Authentic Trinitite,150.0,2020-04-07,,,WorthPoint
trinitite,"TRINITITE SAMPLE, WHITE PLAINS 1945, 4-5 Gm SAMPLE, 100% GUARANTEE REAL, SEE AD",50.0,2020-03-27,5.0,10.0,WorthPoint
trinitite,"ATOMSITE DESERT GLASS TEACHERS EDUCATIONAL Specimen, Trinitite .45g Nukem! BANG!",11.0,2020-03-25,45.0,0.24,WorthPoint
trinitite,*look**rare Trinitite Straight From Wallace T Smith Collection,42.0,2020-03-25,,,WorthPoint
trinitite,Authentic Big Trinitite Specimen New Mexico 4.46 Grams W/ Gamma Spectroscopy,89.99,2020-03-23,4.46,20.18,WorthPoint
trinitite,Blueish Rare Trinitite Straight From Wallace T Smith Collection,50.0,2020-03-23,,,WorthPoint
trinitite,"Three Samples Of Trinitite, Each With Presentation Letters Of Authenticity.",276.0,2020-03-21,,,WorthPoint
trinitite,*look*hole Thru It*rare Trinitite Straight From Wallace T Smith Collection,36.0,2020-03-20,,,WorthPoint
trinitite,Trinitite Atomic Fused Sand - From 1945 First Atomic Bomb Blast In New Mexico.,40.0,2020-03-20,,,WorthPoint
trinitite,Look Rare Trinitite Straight From Wallace T Smith Coll.,43.0,2020-03-19,,,WorthPoint
trinitite,Rare Trinitite Straight From Wallace T Smith Collection,33.0,2020-03-18,,,WorthPoint
trinitite,"Big Trinitite Specimen, Wallace Smith Collection, New Mexico 3.6 Gms.",58.0,2020-03-11,3.6,16.11,WorthPoint
trinitite,"Framed Trinitite From Trinity Site, New Mexico During First Atomic Bomb Test",100.0,2020-03-06,,,WorthPoint
trinitite,Rare Unusual Lot Trinitite Straight From Wallace T Smith Coll.,49.99,2020-03-03,,,WorthPoint
trinitite,"Trinitite, Flat Of 50 Specimens! Spheres, Black, Wallace Smith Collection",325.0,2020-02-29,,,WorthPoint
trinitite,"Trinitite Specimen With Bubble, Wallace Smith Collection, New Mexico 3.3 Gms.",48.0,2020-02-29,3.3,14.55,WorthPoint
trinitite,TRINITITE SAMPLE From 1st Atomic Bomb 100% AUTHENTIC ORIGINAL ATOMIC FUSED SAND,75.75,2020-02-20,,,WorthPoint
trinitite,Look Rare Trinitite Straight From Wallace T Smith Collection,58.0,2020-02-16,,,WorthPoint
trinitite,"Nice Trinitite Specimen, Wallace Smith Collection, New Mexico 2.6 Gms.",45.0,2020-02-07,2.6,17.31,WorthPoint
trinitite,"Trinitite, Flat Of 50 Specimens! Wallace Smith Collection, New Mexico",275.0,2020-01-31,,,WorthPoint
trinitite,1940s Outstanding 5 Gram BROWN TRINITITE Fragment PIECE Sample ATOMIC BOMB GLASS,67.0,2020-01-28,5.0,13.4,WorthPoint
trinitite,Rare Unususal Trinitite Straight From Wallace T Smith Collection,50.0,2020-01-28,,,WorthPoint
trinitite,Genuine Trinitite Specimens (Collected 1947) RARE 1st Atomic Bomb Glass 2.21 Gms,49.99,2020-01-25,2.21,22.62,WorthPoint
trinitite,$30.50 Ea. Trinitite With White Sand Missile Range Sand.With CERTIIFICATE,28.5,2020-01-24,,,WorthPoint
trinitite,*Teacher Pak TRINITITE STRAIGHT FROM WALLACE T SMITH COLLECTION,99.0,2020-01-22,,,WorthPoint
trinitite,Trinitite _ Smaller Pieces For Your Economy Minder Collector. Not Dust Or Dirt J,20.0,2020-01-20,,,WorthPoint
trinitite,30.50 Ea. Trinitite With White Sand Missile Range Sand.With CERTIIFICATE,28.5,2020-01-17,,,WorthPoint
trinitite,"Trinitite Specimen, Wallace Smith Collection, New Mexico 2.4 Gms.",42.0,2020-01-08,2.4,17.5,WorthPoint
trinitite,*rare Trinitite Straight From Wallace T Smith Collection,48.0,2020-01-05,,,WorthPoint
trinitite,"Trinitite Specimen, Wallace Smith Collection, New Mexico 3.3 Gms.",64.0,2020-01-05,3.3,19.39,WorthPoint
trinitite,Trinitite Atomic Fused Desert Sand Sample,35.0,2020-01-01,,,WorthPoint
trinitite,XMAS Sale Rare Trinitite With White Sand Missile Range Sand.With CERTIIFICATE,25.0,2020-01-01,,,WorthPoint
trinitite,"Trinitite From Trinity Site, New Mexico√¢¬Ä¬î-Formed During First Atomic Bomb Test",150.0,2019-12-28,,,WorthPoint
trinitite,**LOOK**Sweet PieceTrinitite Atomic Bomb Glass 1945 New Mexico Trinity Site Rare,40.0,2019-12-26,,,WorthPoint
trinitite,25.00 EaXMAS Sale Trinitite With White Sand Missile Range Sand.With CERTIIFICATE,25.0,2019-12-26,,,WorthPoint
trinitite,Trinitite Atomic Fused Desert Sand Sample 1.5 Grams,60.0,2019-12-23,1.5,40.0,WorthPoint
trinitite,"Trinitite Specimen, Wallace Smith Collection, New Mexico 2.7 Gms.",48.0,2019-12-17,2.7,17.78,WorthPoint
trinitite,Trinitite Atomic Bomb Artifact Glass 1945 New Mexico Trinity Site Rare Mega 18g,125.5,2019-12-09,18.0,6.97,WorthPoint
trinitite,"Trinitite Specimen, Wallace Smith Collection, New Mexico 2.2 Gms.",45.0,2019-12-02,2.2,20.45,WorthPoint
trinitite,"Trinitite Sample, 100% Authentic Original Atomic Fused Sand, 3.00-3.99gm Sample",40.0,2019-11-24,3.99,10.03,WorthPoint
trinitite,Trinitite- Atomic Blast Created Fused Sand. From 1945 First Atomic Blast!,40.0,2019-11-13,,,WorthPoint
trinitite,"*STOCKING STUFF, Rare Gift, Trinitite With White Sand Missile Range Sand. #9",30.5,2019-11-10,,,WorthPoint
trinitite,**LOOK RARE**TRINITITE Atomic Bomb Glass 1945 New Mexico Trinity Site,99.0,2019-11-05,,,WorthPoint
trinitite,RARE**TRINITITE Atomic Bomb Glass 1945 New Mexico Trinity Site,40.0,2019-11-04,,,WorthPoint
trinitite,WOW StunningTrinitite Atomic Bomb Glass Grams 1945 New Mexico Trinity Site Rare,100.0,2019-10-29,,,WorthPoint
trinitite,Trinitite Atomic Bomb Glass Grams 1945 New Mexico Trinity Site Rare,80.0,2019-10-28,,,WorthPoint
trinitite,Genuine Trinitite Specimen #5 (Collected 1947) RARE 1st Atomic Bomb Glass .34gms,15.0,2019-10-23,34.0,0.44,WorthPoint
trinitite,Genuine Trinitite Specimen #9 (Collected 1947) RARE 1st Atomic Bomb Glass .53gms,20.0,2019-10-23,53.0,0.38,WorthPoint
trinitite,**LOOK**Trinitite Atomic Bomb Glass 12.5 Grams 1945 New Mexico Trinity Site Rare,100.0,2019-10-22,12.5,8.0,WorthPoint
trinitite,**LOOK**Trinitite Atomic Bomb Glass 1945 New Mexico Trinity Site Rare,75.0,2019-10-22,,,WorthPoint
trinitite,Trinitite Atomic Fused Sand From 1945 First Atomic Bomb Blast In New Mexico 6gm,20.0,2019-10-20,6.0,3.33,WorthPoint
trinitite,Genuine Trinitite Specimen #10 (Collected 1947) RARE 1st Atomic Bomb Glass .54gm,20.0,2019-10-20,54.0,0.37,WorthPoint
trinitite,Genuine Trinitite Specimen #6 (Collected 1947) RARE 1st Atomic Bomb Glass .40gms,15.0,2019-10-20,40.0,0.38,WorthPoint
trinitite,Genuine Trinitite Specimen #8 (Collected 1947) RARE 1st Atomic Bomb Glass .51gms,20.0,2019-10-19,51.0,0.39,WorthPoint
trinitite,Genuine Trinitite Specimen #11 (Collected 1947) RARE 1st Atomic Bomb Glass .54gm,20.0,2019-10-17,54.0,0.37,WorthPoint
trinitite,Genuine Trinitite Specimen #7 (Collected 1947) RARE 1st Atomic Bomb Glass .40gms,15.0,2019-10-16,40.0,0.38,WorthPoint
trinitite,Genuine Trinitite Specimen #12 (Collected 1947) RARE 1st Atomic Bomb Glass .60gm,25.0,2019-10-14,60.0,0.42,WorthPoint
trinitite,Genuine Trinitite Specimen #13 (Collected 1947) RARE 1st Atomic Bomb Glass .66gm,25.0,2019-10-14,66.0,0.38,WorthPoint
trinitite,Trinitite Atomic Bomb Glass 5.0 Grams 1945 New Mexico Trinity Site Rare,70.0,2019-10-13,5.0,14.0,WorthPoint
trinitite,Trinitite Atomic Bomb Glass 7.2 Grams 1945 New Mexico Trinity Site Rare Sampler,100.0,2019-10-12,7.2,13.89,WorthPoint
trinitite,Trinitite Atomic Bomb Glass 3.8 Grams 1945 New Mexico Trinity Site Rare,60.0,2019-10-12,3.8,15.79,WorthPoint
trinitite,Trinitite - 1945 First Atomic Bomb Blast Atomsite Glass,75.0,2019-09-30,,,WorthPoint
trinitite,Trinitite Fused Sand - From 1945 First Atomic Bomb Blast In New Mexico,20.0,2019-09-21,,,WorthPoint
trinitite,Trinitite Fused Sand,20.0,2019-09-01,,,WorthPoint
trinitite,"First Atomic Bomb Test: Three Scarce Trinitite Fragments In Two Sealed Containers, With One Container In Shadow Box Presentation.",1080.0,2019-07-27,,,WorthPoint
trinitite,Trinitite Atomic Bomb Glass 1945 New Mexico,100.0,2019-06-25,,,WorthPoint
trinitite,Trinitite Man Made Mineral Specimen 0.9 Grams,20.0,2019-06-24,0.9,22.22,WorthPoint
trinitite,TRINITITE Glass World's First ATOMIC EXPLOSION Atom Bomb 1945,78.77,2019-06-12,,,WorthPoint
trinitite,TRINITITE! From The Wallace Smith Collection. History!,37.5,2019-06-07,,,WorthPoint
trinitite,RARE Large 19 Grams Trinitite Atomic Bomb Specimen 1945 New Mexico,225.0,2019-05-29,19.0,11.84,WorthPoint
trinitite,VERY RARE Large 34 Grams Trinitite Atomic Bomb Specimen 1945 New Mexico,599.99,2019-05-28,34.0,17.65,WorthPoint
trinitite,Large Trinitite Specimen 3.4 Grams With Certificate Of Authenticity,109.5,2019-05-14,3.4,32.21,WorthPoint
trinitite,Trinitite Collector Wallace T. Smiths Wife Dorothy's Sterling Silver Adonis,61.0,2019-05-13,,,WorthPoint
trinitite,Trinitite Sample Lot Alamagordo New Mexico Atomic Test Site Man Made Mineral,29.0,2019-04-30,,,WorthPoint
trinitite,Trinitite Samples Alamagordo New Mexico Atomic Test Site - Lot Of 5 Specimens,35.0,2019-04-16,,,WorthPoint
trinitite,Vintage HIROSHIMA AFTER ATOMIC BOMB PRESS PHOTOS + TRINITITE FIELD AT ALAMAGORDO,160.5,2019-03-21,,,WorthPoint
trinitite,Trinitite Fused Sand From First Nuclear Bomb Test Trinity White Sands Alamogordo,117.5,2019-02-05,,,WorthPoint
trinitite,NIP Images SI Wall Display Box Trinitite Specimen Sample,30.99,2019-02-02,,,WorthPoint
trinitite,TRINITITE Fused Desert Sand Glass 1st Atomic Bomb Manhattan Project WW2 1945,69.95,2019-02-01,,,WorthPoint
trinitite,"Trinitite Fused Silica From Trinity, NM Test Site Of First Atomic Bomb Explosion",30.0,2019-01-31,,,WorthPoint
trinitite,"Trinitite Crystal RARE Mineral Specimen From Atomic Test Site, New Mexico",21.57,2019-01-21,,,WorthPoint
trinitite,"7"" X 10"" Metal Sign - Don't Steal The Trinitite - Vintage Look Repro",16.95,2019-01-01,,,WorthPoint
trinitite,Military Encased Fused Silica From Tritity Site Almorgordo Trinitite Atomic Bomb,439.0,2018-12-13,,,WorthPoint
trinitite,"TRINITITE, Fused Glass, Atomsite",41.0,2018-12-10,,,WorthPoint
trinitite,"2 Pc Wwii Us Manhattan Bomb Blast Site Trinitite Fused Glass Alamogordo, Nm",61.0,2018-09-12,,,WorthPoint
trinitite,Trinitite New Mexico A-Bomb Test Site 17.9 Gr,95.0,2018-08-18,17.9,5.31,WorthPoint
trinitite,"3 Pc Wwii Us Manhattan Bomb Blast Site Trinitite Fused Glass Alamogordo, Nm",51.0,2018-08-14,,,WorthPoint
trinitite,3 Pieces Of WWII US Manhattan Project Alamogordo NM A-Bomb Blast Site TRINITITE,71.01,2018-07-16,,,WorthPoint
trinitite,Trinitite Sample / Fused Glass New Mexico Test Site 2,35.0,2018-07-15,,,WorthPoint
trinitite,Trinitite Mineral Samples From Atomic Test Site New Mexico 1947 Alamagordo 1,25.0,2018-07-06,,,WorthPoint
trinitite,Trinitite Sand From Atomic Blast New Mexico 1945,93.95,2018-06-27,,,WorthPoint
trinitite,4 Pieces Of WWII US Manhattan Project Alamogordo NM A-Bomb Blast Site TRINITITE,78.0,2018-06-25,,,WorthPoint
trinitite,"WWII Manhattan Project Trinitite Samples, A Bomb Pin, Pictures, Medal",324.99,2018-05-20,,,WorthPoint
trinitite,"""Trinitite"" Specimen From Ground Zero Trinity Test Site",24.99,2018-05-16,,,WorthPoint
trinitite,*Trinitite Fused Desert Sand 1st Atomic Test Trinity Site 1945,57.95,2018-05-04,,,WorthPoint
trinitite,23 Grams Trinitite Fused Desert Sand Test Trinity 1945,127.95,2018-05-02,23.0,5.56,WorthPoint
trinitite,TRINITITE 1st Atomic Test Trinity Site 1945,60.0,2018-04-08,,,WorthPoint
trinitite,"*TRINITITE Fused Desert Sand 1st Atomic Test, Trinity Site, 1945",15.0,2018-04-07,,,WorthPoint
trinitite,"TRINITITE, Glass Made From Desert Sand Fused Together By The First Atomic Blast.",25.0,2018-04-05,,,WorthPoint
trinitite,GREAT TEACHING PIECES RARE TRINITITE 1st Atomic Test Trinity Site 1945,67.0,2018-04-04,,,WorthPoint
trinitite,LOOK Tower Piece TRINITITE Fused Desert Sand 1st Atomic Test Trinity Site 1945,72.0,2018-04-03,,,WorthPoint
trinitite,LOOK Super Piece TRINITITE Fused Desert Sand 1st Atomic Test Trinity Site 1945,78.0,2018-04-02,,,WorthPoint
trinitite,GREAT Pieces RARE TRINITITE 1st Atomic Test Trinity Site 1945,72.0,2018-04-01,,,WorthPoint
trinitite,*SUPER DEAL CLASSROOM SAMPLES TRINITITE Atomic Test Trinity Site 1945,88.0,2018-03-25,,,WorthPoint
trinitite,*PERFECT CLASSROOM SAMPLES TRINITITE Atomic Test Trinity Site 1945,72.0,2018-03-25,,,WorthPoint
trinitite,NICE LOOK TRINITITE Fused Desert Sand 1st Atomic Test Trinity Site 1945,70.0,2018-03-10,,,WorthPoint
trinitite,26.9 Grams Look Closely **11 Pcs. TRINITITE Fused Desert Sand Test Trinity 1945,88.0,2018-03-08,26.9,3.27,WorthPoint
trinitite,*SWEET*LOOK**RARE TRINITITE Fused Desert Sand 1st Atomic Test Trinity Site 1945,54.0,2018-03-04,,,WorthPoint
trinitite,TAKE A CLOSE LOOK TRINITITE Fused Desert Sand 1st Atomic Test Trinity Site 1945,75.0,2018-03-04,,,WorthPoint
trinitite,23 Grams Look Closely **11 Pcs. TRINITITE Fused Desert Sand Test Trinity 1945,85.0,2018-03-04,23.0,3.7,WorthPoint
trinitite,25.4 Grams **19 Pcs. TRINITITE Fused Desert Sand 1st Atomic Test Trinity 1945,115.0,2018-03-03,25.4,4.53,WorthPoint
trinitite,10 Pieces**LOOK**RARE TRINITITE Fused Desert Sand 1st Atomic Test Trinity 1945,70.0,2018-03-03,,,WorthPoint
trinitite,26 Grams LARGE**11 Pcs. TRINITITE Fused Desert Sand 1st Atomic Test Trinity 1945,125.0,2018-03-03,26.0,4.81,WorthPoint
trinitite,WOW BLUE BALL NEVER SEEN TRINITITE Desert Sand 1st Atomic Test Trinity Site 1945,65.0,2018-03-01,,,WorthPoint
trinitite,*BUBBLE*LOOK**RARE TRINITITE Fused Desert Sand 1st Atomic Test Trinity Site 1945,46.0,2018-02-24,,,WorthPoint
trinitite,20 Pieces Trinitite FUSED SAND FIRST ATOMIC BLAST 1945,140.0,2018-02-23,,,WorthPoint
trinitite,Mutual Defense Agreement Containing Trinitite From Nuclear Blast Coin Medal,51.0,2018-02-21,,,WorthPoint
trinitite,Get It Now RARE TRINITITE 1st Atomic Test Trinity Site 1945,48.0,2018-02-19,,,WorthPoint
trinitite,Slight Blue**RARE TRINITITE Fused Desert Sand 1st Atomic Test Trinity Site 1945,38.0,2018-02-14,,,WorthPoint
trinitite,RARE TRINITITE 1st Atomic Test Trinity Site 1945,38.0,2018-02-14,,,WorthPoint
trinitite,'GREAT TEACHING PIECES RARE TRINITITE 1st Atomic Test Trinity Site 1945,89.0,2018-02-13,,,WorthPoint
trinitite,RARE TRINITITE Fused Desert Sand 1st Atomic Bomb Test Trinity Site 1945,28.0,2018-02-13,,,WorthPoint
trinitite,LOOK**RARE TRINITITE Fused Desert Sand 1st Atomic Test Trinity Site 1945,36.99,2018-02-12,,,WorthPoint
trinitite,2 Oz BLUES TO Super Color TRINITITE 1st Atomic Test Trinity,60.0,2018-02-07,56.7,1.06,WorthPoint
trinitite,WOW Get It Now RARE TRINITITE 1st Atomic Test Trinity Site 1945,70.0,2018-02-06,,,WorthPoint
trinitite,35 Pcs.GREAT TEACHING PIECES RARE TRINITITE 1st Atomic Test Trinity Site 1945,70.0,2018-02-04,,,WorthPoint
trinitite,WITH WHITE SAND/MISSILE RANGE TRINITITE 1st Atomic Test Trinity Site 1945,38.0,2018-02-04,,,WorthPoint
trinitite,COMES WITH WHITE SAND/MISSILE RANGE TRINITITE 1st Atomic Test Trinity Site 1945,38.0,2018-02-04,,,WorthPoint
trinitite,Super COOL NODULE TRINITITE RARE 1st Atomic Test Trinity Site 1945,35.0,2018-02-04,,,WorthPoint
trinitite,*STEAL DEAL TRINITITE Desert Sand 1st Atomic Bomb Test Trinity Site 1945,175.0,2018-02-01,,,WorthPoint
trinitite,*THIS NEW STEAL DEAL*TRINITITE Desert Sand 1st Atomic Test Trinity Site 1945,42.0,2018-02-01,,,WorthPoint
trinitite,1 BLUE 1 GR**RARE TRINITITE Fused Desert Sand 1st Atomic Test Trinity Site 1945,40.0,2018-01-28,1.0,40.0,WorthPoint
trinitite,Nodule**RARE TRINITITE Fused Desert Sand 1st Atomic Test Trinity Site 1945,130.0,2018-01-28,,,WorthPoint
trinitite,METALIC**RARE TRINITITE Fused Desert Sand 1st Atomic Test Trinity Site 1945,90.0,2018-01-28,,,WorthPoint
trinitite,CLASS ROOM SPECIAL TRINITITE Desert Sand 1st Atomic Bomb Test Trinity Site 1945,35.0,2018-01-28,,,WorthPoint
trinitite,Trinitite - Mineral In Display Case - Limited Quantity WWII Historical Artifact,51.19,2017-12-17,,,WorthPoint
trinitite,Trinitite 10 Grams From 1st Atomic Bomb Test 1945 2 25th Anniversary News Clips,152.5,2017-12-16,10.0,15.25,WorthPoint
trinitite,Trinitite 4.4g Trinity Blast Manhattan Project Atomic Glass,53.01,2017-12-14,4.4,12.05,WorthPoint
trinitite,Trinitite 5.5g Trinity Blast Manhattan Project Atomic Glass,82.0,2017-12-14,5.5,14.91,WorthPoint
trinitite,Trinitite Specimen: Sand Melted Into Glass By The First Atomic Explosion,49.99,2017-12-12,,,WorthPoint
trinitite,TRINITITE W/ HOLE! Fused Desert Sand Glass 1st Atomic Bomb Manhattan Project WW2,35.0,2017-12-12,,,WorthPoint
trinitite,"Trinitite Specimen, 15.9 Grams, Collected At Trinity Site In 1945",112.0,2017-12-10,15.9,7.04,WorthPoint
trinitite,"Trinitite Specimen, 37.4 Grams, Museum Quality",380.0,2017-12-10,37.4,10.16,WorthPoint
trinitite,Trinitite - Mineral In Display Case,54.0,2017-12-10,,,WorthPoint
trinitite,"Trinitite: Sand Melted Into Glass From The 1st Atomic Explosion, 7-16-1945 #26",71.0,2017-12-09,,,WorthPoint
trinitite,"Trinitite Sand Melted Glass 1st Atomic Explosion 7-16-1945 46 Grams! 2"" Square",400.0,2017-12-08,46.0,8.7,WorthPoint
trinitite,"Trinitite Specimen, 13.3 Grams, Picked Up At The Trinity Site About 70 Years Ago",67.0,2017-12-04,13.3,5.04,WorthPoint
trinitite,"TRINITITE #3 Melted Glass From The World's First ATOMIC EXPLOSION, New Mexico",36.51,2017-12-03,,,WorthPoint
trinitite,"Trinitite Specimen, 17.2 Grams, Picked Up At The Trinity Site About 70 Years Ago",106.0,2017-12-03,17.2,6.16,WorthPoint
trinitite,Trinitite Mineral #1 In Display Box,22.5,2017-12-02,,,WorthPoint
trinitite,1/12 Scale Fat Man Atomic Bomb + Genuine Trinitite Sample Alamagordo New Mexico,79.99,2017-11-27,,,WorthPoint
trinitite,"Trinitite Specimen, 17.6 Grams. Picked Up At Trinity Site 70 Years Ago.",114.0,2017-11-26,17.6,6.48,WorthPoint
trinitite,"TRINITITE #1 Melted Glass From The World's First ATOMIC EXPLOSION, New Mexico",40.0,2017-11-25,,,WorthPoint
trinitite,"TRINITITE #2 Melted Glass From The World's First ATOMIC EXPLOSION, New Mexico",35.0,2017-11-25,,,WorthPoint
trinitite,Trinitite From First Atomic Bomb In New Mexico Trinity Site 1.08 Grams #5,22.49,2017-11-23,1.08,20.82,WorthPoint
trinitite,"Trinitite Specimen, 10.9 Grams, Collected At Trinity Site In 1945",45.0,2017-11-19,10.9,4.13,WorthPoint
trinitite,"Trinitite Specimen, 12.5 Grams, Collected At The Trinity Site In 1952",62.0,2017-11-19,12.5,4.96,WorthPoint
trinitite,"Trinitite Specimen, 17 Grams, Picked Up At Trinity Site 70 Years Ago",90.0,2017-11-13,17.0,5.29,WorthPoint
trinitite,TRINITITE #1 Melted Glass From 1st Atomic Nuclear Bomb Test July 1945 New Mexico,71.0,2017-11-13,,,WorthPoint
trinitite,TRINITITE #2 Melted Glass From 1st Atomic Nuclear Bomb Test July 1945 New Mexico,61.0,2017-11-13,,,WorthPoint
trinitite,"TRINITITE #4 Melted Glass From The World's First ATOMIC EXPLOSION, New Mexico",61.0,2017-11-06,,,WorthPoint
trinitite,TRINITITE ATOMIC EXPLOSION GLASS!! First Atomic Bomb Test Site White Sands NM,50.0,2017-11-03,,,WorthPoint
trinitite,"Rare TRINITITE Replica ""TRINILIKE"" MINERAL SPECIMEN- NM Tech Univ. Lab Created",90.99,2017-10-23,,,WorthPoint
trinitite,"Trinitite 1945 Trinity Atomic Bomb Glass 1,378 Grams",20.0,2017-10-02,378.0,0.05,WorthPoint
trinitite,Trinitite - Glass From First Atomic Bomb Blast In Display Case,37.66,2017-10-02,,,WorthPoint
trinitite,Trinitite + Nagasaki Earth Atomic Bomb,95.0,2017-09-05,,,WorthPoint
trinitite,TRINITITE Melted Glass From The World's First ATOMIC EXPLOSION Atom Bomb LOT C,158.5,2017-08-31,,,WorthPoint
trinitite,TRINITITE Melted Glass From The World's Frist ATOMIC EXPLOSION Atom Bomb LOT B,67.0,2017-08-31,,,WorthPoint
trinitite,Trinitite Sample - Rock Formed From The Very First Atomic Blast.,87.5,2017-07-07,,,WorthPoint
trinitite,"Original Piece Of Trinitite From First Atomic Bomb Blast July 16,1945 New Mexico",50.0,2017-06-18,,,WorthPoint
trinitite,Trinitite .35 Grams Atomsite Or Alamogordo Glass Teacher's Educational Specimen,19.95,2017-05-29,35.0,0.57,WorthPoint
trinitite,Trinitite .25 Grams Atomsite Or Alamogordo Glass Teacher's Educational Specimen,10.95,2017-05-21,25.0,0.44,WorthPoint
trinitite,Trinity Nuclear Test Souvenir Trinitite Mineral Sample Los Alamos NM 7-16-45 Vtg,130.5,2017-05-12,,,WorthPoint
trinitite,"TRINITITE (ATOMSITE) July 16, 1945 - ALAMOGORDO NEW MEXICO - Lot-0, 1.7 Grams",45.0,2017-05-10,1.7,26.47,WorthPoint
trinitite,Trinitite 2.5 Grams Atomsite Or Alamogordo Glass Teacher's Educational Specimen,43.99,2017-05-07,2.5,17.6,WorthPoint
trinitite,Original Piece Of Trinitite From First Atomic Bomb Blast Alamogordo New Mexico,92.0,2017-04-24,,,WorthPoint
trinitite,TRINITITE Look 5.4 Grams NICE PIECE Of RARE SPECEMAN *LOOK*,45.0,2017-03-14,5.4,8.33,WorthPoint
trinitite,"TRINITITE Look NODULE, SUPER RARE PIECE Of RARE SPECEMAN *LOOK*",60.0,2017-03-13,,,WorthPoint
trinitite,20 Gram TRINITITE Specimen Alamogordo Glass,82.11,2017-02-21,20.0,4.11,WorthPoint
trinitite,Original Piece Of Trinitite From First Atomic Bomb At Alamogordo New Mexico,174.88,2017-02-18,,,WorthPoint
trinitite,"'Trinitite' Silica Glass From Trinity Atomic Test Site, White Sands Missile Base",100.0,2016-10-21,,,WorthPoint
trinitite,Trinitite From The Trinity Test Site - New Mexico - Legally Purchased,52.0,2016-09-27,,,WorthPoint
trinitite,ATOMSITE Desert Glass - 3 Atomic Blast Specimens -Trinitite - 4.52 Gr. TW,12.0,2016-09-22,4.52,2.65,WorthPoint
trinitite,.28 Lb Trinitite Jasper CA. Chunk Display Or Slice,14.0,2016-08-14,12700.8,0.0,WorthPoint
trinitite,TRINITITE 10.8 Grams Awesome NICE COLOR PIECE Of RARE SPECEMAN Huge,115.06,2016-08-11,10.8,10.65,WorthPoint
trinitite,Images SI Trinitite Specimen,48.86,2016-07-24,,,WorthPoint
trinitite,5.0 Gram Trinitite Specimen From The Trinitity Site,19.99,2016-07-22,5.0,4.0,WorthPoint
trinitite,4.0 Gram Trinitite Specimen From The Trinitity Site,19.99,2016-07-22,4.0,5.0,WorthPoint
trinitite,4.2 Gram Trinitite Specimen From The Trinitity Site,19.99,2016-07-22,4.2,4.76,WorthPoint
trinitite,TRINITITE 3.2 Grams Awesome NICE COLOR PIECE Of RARE SPECEMAN,15.0,2016-06-16,3.2,4.69,WorthPoint
trinitite,TRINITITE 4.8 Grams Awesome NICE COLOR PIECE Of RARE SPECEMAN,15.0,2016-06-16,4.8,3.12,WorthPoint
trinitite,TRINITITE 5.3 Grams Awesome NICE COLOR PIECE Of RARE SPECEMAN,18.01,2016-06-16,5.3,3.4,WorthPoint
trinitite,TRINITITE 1.2 Grams Awesome NICE COLOR PIECE Of RARE SPECEMAN,10.0,2016-06-16,1.2,8.33,WorthPoint
trinitite,TRINITITE 1.7 Grams Awesome NICE COLOR PIECE Of RARE SPECEMAN,16.5,2016-06-09,1.7,9.71,WorthPoint
trinitite,TRINITITE 1.9 Grams Awesome NICE COLOR PIECE Of RARE SPECEMAN,15.0,2016-06-09,1.9,7.89,WorthPoint
trinitite,TRINITITE 2.3 Grams Awesome NICE COLOR PIECE Of RARE SPECEMAN,20.0,2016-06-09,2.3,8.7,WorthPoint
trinitite,TRINITITE 5.9 Grams Awesome NICE COLOR PIECE Of RARE SPECEMAN,30.0,2016-06-09,5.9,5.08,WorthPoint
trinitite,TRINITITE 6.7 Grams Awesome NICE COLOR PIECE Of RARE SPECEMAN,35.0,2016-06-09,6.7,5.22,WorthPoint
trinitite,Authentic Trinitite Rare!,34.55,2016-05-28,,,WorthPoint
trinitite,"Trinitite Specimen, 10.9 Grams, Personally Collected In 1952",42.0,2016-05-15,10.9,3.85,WorthPoint
trinitite,Trinitite ****LOOK****Over 2.5 Grams Nice DisplayWITH CERTIFICATE,62.01,2016-04-24,2.5,24.8,WorthPoint
trinitite,Got Trinitite? Now You Can Get The Owner's Manual,28.0,2016-03-23,,,WorthPoint
trinitite,"ATOMSITE GLASS Alamogordo EDUCATIONAL Specimen, Trinitite .22g Nukem! BANG!",10.0,2016-03-16,22.0,0.45,WorthPoint
trinitite,Trinitite 4.4 Gram Large Specimen,29.99,2016-03-02,4.4,6.82,WorthPoint
trinitite,Commemorative Medal 25th Anniversary First Atomic Test - TRINITY - & Trinitite,279.0,2016-02-20,,,WorthPoint
trinitite,Trinitite 9.05g Rocks Trinity Atomic Bomb Test Alamogordo Glass Atomsite Rare,134.99,2016-02-10,9.05,14.92,WorthPoint
trinitite,Trinitite 4.7 Gram Large Specimen,19.99,2016-02-04,4.7,4.25,WorthPoint
trinitite,Trinitite 4.6 Gram Large Specimen,19.99,2016-02-04,4.6,4.35,WorthPoint
trinitite,Trinitite 4.8 Gram Large Specimen,19.99,2016-02-03,4.8,4.16,WorthPoint
trinitite,Trinitite 4.5 Gram Large Specimen,34.13,2016-02-02,4.5,7.58,WorthPoint
trinitite,Trinitite 4.0 Gram Large Specimen,19.99,2016-02-02,4.0,5.0,WorthPoint
trinitite,One Large Piece Of Trinitite From Trinity Site In New Mexico Manhattan Project,150.0,2016-02-01,,,WorthPoint
trinitite,Trinitite 2.4 Gram Sample - Atomic Bomb Testing Glass - Alamogordo Glass,61.0,2016-01-26,2.4,25.42,WorthPoint
trinitite,RARE Los Compadres Card W Sealed LARGE! 1.5 Inch TRINITITE Speciemen,149.99,2016-01-25,,,WorthPoint
trinitite,"First Atomic Bomb Test - ""Trinitite"" Fragments (x2)",282.0,2015-12-06,,,WorthPoint
trinitite,1 X Rare Trinitite Specimen,13.97,2015-08-02,,,WorthPoint
trinitite,Trinitite From The First Atomic Bomb Site 1.5 Desert Sand,28.0,2015-07-26,,,WorthPoint
trinitite,RARE Metamorphic Sand Specimen ATOMIC ATOM BLAST Trinitite 1945 NOT 1945 Bomb,21.0,2015-06-14,,,WorthPoint
trinitite,TRINITITE Fused Sand From TRINITY Atom Bomb Explosion 2 PIECES #3 1945 Atomsite,46.51,2014-11-26,,,WorthPoint
trinitite,Radioactive Ore Collection/Uraninite/Trinitite Etc...Geological Specimens,40.0,2014-05-27,,,WorthPoint
trinitite,Trinitite - Atomic Energy Commission,399.99,2014-04-04,,,WorthPoint
trinitite,"Trinitite Lot, Atomic Bomb Blast",41.24,2014-03-22,,,WorthPoint
trinitite,Trinitite 2.67 Grams Rare Specimen **sweet Piece***,24.7,2014-03-19,2.67,9.25,WorthPoint
trinitite,Trinitite 1.63 Grams Rare Specimen **sweet Piece***,22.49,2014-03-19,1.63,13.8,WorthPoint
trinitite,Trinitite 3.45 Grams Rare Specimen **sweet Piece***,22.0,2014-03-19,3.45,6.38,WorthPoint
trinitite,Trinitite 2.1 Grams Rare Specimen **sweet Piece***,24.0,2014-03-19,2.1,11.43,WorthPoint
trinitite,Trinitite 4.1 Grams Rare Specimen **sweet Piece***,32.99,2014-03-19,4.1,8.05,WorthPoint
trinitite,Trinitite 2.12 Grams Rare Specimen **sweet Piece***,20.5,2014-03-19,2.12,9.67,WorthPoint
trinitite,Trinitite 2.84 Grams Rare Specimen **sweet Piece***,32.99,2014-03-19,2.84,11.62,WorthPoint
trinitite,Trinitite 2.41 Grams Rare Specimen **sweet Piece***,24.5,2014-03-19,2.41,10.17,WorthPoint
trinitite,Trinitite 2.17 Grams Rare Specimen **sweet Piece***,22.49,2014-03-19,2.17,10.36,WorthPoint
trinitite,Trinitite 2.72 Grams Rare Specimen **sweet Piece***,32.99,2014-03-19,2.72,12.13,WorthPoint
trinitite,Trinitite 1.78 Grams Rare Specimen **sweet Piece***,22.0,2014-03-19,1.78,12.36,WorthPoint
trinitite,Trinitite 2.24 Grams Rare Specimen **sweet Piece***,24.49,2014-03-19,2.24,10.93,WorthPoint
trinitite,Trinitite 2.03 Grams Rare Specimen **sweet Piece***,22.5,2014-03-19,2.03,11.08,WorthPoint
trinitite,Various ROCKS MINERALS FOSSILS - Trinitite Etc,41.49,2014-03-16,,,WorthPoint
trinitite,Trinitite 2.71 Grams Nice Rare Specimen **sweet Piece***,32.5,2014-03-12,2.71,11.99,WorthPoint
trinitite,Trinitite 1.57 Grams **nodule Shape** Nice Rare Specimen **sweet Piece***,20.5,2014-03-12,1.57,13.06,WorthPoint
trinitite,Trinitite 3.85 Grams **dark Green** Nice Rare Specimen **sweet Piece***,56.0,2014-03-12,3.85,14.55,WorthPoint
trinitite,Trinitite 2.2 Grams **nice Green** Nice Rare Specimen **sweet Piece***,28.99,2014-03-12,2.2,13.18,WorthPoint
trinitite,Trinitite 2.4 Grams **nodule Green** Nice Rare Specimen **sweet Piece***,22.5,2014-03-12,2.4,9.38,WorthPoint
trinitite,Trinitite 2.62 Grams **sweet Green** Nice Rare Specimen **sweet Piece***,50.0,2014-03-12,2.62,19.08,WorthPoint
trinitite,Trinitite 5.55 Grams **sweet Sweet Nice Rare Specimen *****,23.0,2014-03-05,5.55,4.14,WorthPoint
trinitite,Trinitite 4.1 Grams ** Nice Rare Specimen **sweet Piece***,18.5,2014-03-05,4.1,4.51,WorthPoint
trinitite,Two Pieces Of Trinitite Handsomely Set In Glass-Topped Riker Mount--Classic!,30.0,2014-03-01,,,WorthPoint
trinitite,Trinitite 2.2 Grams Rare Specimen **sweet Piece***,36.0,2014-02-28,2.2,16.36,WorthPoint
trinitite,Trinitite 1.91 Grams Rare Specimen **sweet Piece***,17.5,2014-02-28,1.91,9.16,WorthPoint
trinitite,Trinitite 14.9 Grams Rare Specimens **sweet Piece***,31.01,2014-02-23,14.9,2.08,WorthPoint
trinitite,Trinitite 2.4 Grams Rare Specimen **sweet Piece***,13.63,2014-02-23,2.4,5.68,WorthPoint
trinitite,Trinitite 7.0 Grams Rare Specimen Look **sweet Piece***,41.0,2014-02-23,7.0,5.86,WorthPoint
trinitite,Trinitite 2.73 Grams Rare Specimen **sweet Piece***,15.25,2014-02-23,2.73,5.59,WorthPoint
trinitite,Trinitite 4.4 Grams Rare Specimen **sweet Piece***,14.5,2014-02-23,4.4,3.3,WorthPoint
trinitite,Trinitite 2.22 Grams Rare Specimen **sweet Piece***,20.5,2014-02-23,2.22,9.23,WorthPoint
trinitite,Trinitite 3.31 Grams Rare Specimen **sweet Piece***,10.5,2014-02-23,3.31,3.17,WorthPoint
trinitite,Trinitite 2.3 Grams Rare Specimen **sweet Piece***,21.05,2014-02-23,2.3,9.15,WorthPoint
trinitite,A Trinitite Specimen Of 4.9 Grams From New Mexico,22.09,2014-02-23,4.9,4.51,WorthPoint
trinitite,A Trinitite Specimen Of 4.5 Grams From New Mexico,27.99,2014-02-23,4.5,6.22,WorthPoint
trinitite,Trinitite Specimen New Mexico 13 Grams - Glass Nodules Jewelry Dipped In Gold,102.5,2014-02-09,13.0,7.88,WorthPoint
trinitite,Rare Trinitite # 89,29.0,2014-02-05,,,WorthPoint
trinitite,Trinitite 5.53 Grams Great Dark Greenish Blk Color **sweet Piece***,18.5,2014-02-02,5.53,3.35,WorthPoint
trinitite,Trinitite 2.21 Grams Great Color **sweet Piece***,10.5,2014-02-02,2.21,4.75,WorthPoint
trinitite,Trinitite 2.13 Grams Great Dark Shiny **sweet Piece***,11.5,2014-02-02,2.13,5.4,WorthPoint
trinitite,Trinitite 4.8 Grams **sweet Piece***very Cool,10.5,2014-02-02,4.8,2.19,WorthPoint
trinitite,Trinitite 5.5 Grams **sweet Piece***,22.16,2014-02-02,5.5,4.03,WorthPoint
trinitite,Trinitite 15.0 Grams Super Nice **sweet Piece***,38.88,2014-02-02,15.0,2.59,WorthPoint
trinitite,Trinitite 10.0 Grams Super Nice **sweet Piece***,27.38,2014-02-02,10.0,2.74,WorthPoint
trinitite,24 Gram Piece Trinitite Atomsite Alamogordo Glass,145.0,2014-01-09,24.0,6.04,WorthPoint
trinitite,Trinitite Stone Relic,67.66,2014-01-05,,,WorthPoint
trinitite,Rare Trinitite Lot - 300 Grams,1500.0,2014-01-01,300.0,5.0,WorthPoint
trinitite,"Trinitite, 166 Pieces, Weight Between 3.5 - 3.99 Grams Each. 600+ Grams Total",3000.0,2013-12-23,3.99,751.88,WorthPoint
trinitite,Trinitite Sample **look** 8.1 Grams Of Rare Trinitite,90.0,2013-12-18,8.1,11.11,WorthPoint
trinitite,Trinitite Speciman Over 6.4 Grams Rare Hard To Find,57.0,2013-12-14,6.4,8.91,WorthPoint
trinitite,Trinitite 3.15 Grams *sweet Piece Of A Rare Trinitite,40.0,2013-12-14,3.15,12.7,WorthPoint
trinitite,Trinitite 9.0 Gram Specimen Of Rare Trinitite**look**,70.0,2013-12-14,9.0,7.78,WorthPoint
trinitite,Trinitite Rare Over 6.0 Grams **awesom Piece Look**,250.01,2013-12-14,6.0,41.67,WorthPoint
trinitite,Trinitite **look At All The Glassy Green In This Piece**over 6.2 Grams,95.0,2013-12-09,6.2,15.32,WorthPoint
trinitite,TRINITITE *2.0 Grams*NICE PIECE* SAMPLE OF VERY RARE TRINITITE,20.0,2013-12-08,2.0,10.0,WorthPoint
trinitite,TRINITITE RARE 7.3 Grams,26.0,2013-12-07,7.3,3.56,WorthPoint
trinitite,TRINITITE *over 7.2 Grams*NICE PIECE* SAMPLE OF VERY RARE TRINITITE,20.0,2013-12-07,7.2,2.78,WorthPoint
trinitite,Trinitite **wow* 18.3 Grams Very Rare Specimin Stunning,109.16,2013-12-06,18.3,5.97,WorthPoint
trinitite,TRINITITE RARE Over 2.8 GRAMS,12.5,2013-11-26,2.8,4.46,WorthPoint
trinitite,TRINITITE RARE 5.2 GRAMS Sweet Piece,32.99,2013-11-26,5.2,6.34,WorthPoint
trinitite,Rare Trinitite Specimen 9.4 Gms - New Mexico,76.95,2013-11-26,9.4,8.19,WorthPoint
trinitite,Trinitite Rare Speciman Over 8.4 Grams,33.0,2013-11-24,8.4,3.93,WorthPoint
trinitite,Trinitite Rare Speciman Over 7.0 Grams,19.39,2013-11-24,7.0,2.77,WorthPoint
trinitite,Trinitite Rare Speciman Over 3.1 Grams,14.65,2013-11-24,3.1,4.73,WorthPoint
trinitite,TRINITITE RARE Approx. 3.2 GRAMS,14.27,2013-11-24,3.2,4.46,WorthPoint
trinitite,TRINITITE RARE Well Over 5.7 GRAMS,20.5,2013-11-24,5.7,3.6,WorthPoint
trinitite,Trinitite Rare Approx 4.8 Grams,18.5,2013-11-24,4.8,3.85,WorthPoint
trinitite,Trinitite Rare Over 4.0 Grams,13.19,2013-11-24,4.0,3.3,WorthPoint
trinitite,Trinitite Rare 3.2 Grams,16.16,2013-11-24,3.2,5.05,WorthPoint
trinitite,Trinitite Rare 3.73 Grams,25.5,2013-11-23,3.73,6.84,WorthPoint
trinitite,Trinitite Sample 2.2 Grams,20.5,2013-11-23,2.2,9.32,WorthPoint
trinitite,Trinitite 5.41 Grams * Rare*,18.72,2013-11-22,5.41,3.46,WorthPoint
trinitite,Rare Trinitite Specimen 4.7 Gms - New Mexico,34.95,2013-11-14,4.7,7.44,WorthPoint
trinitite,Rare Trinitite Specimen 3.8 Gms - New Mexico,28.95,2013-11-14,3.8,7.62,WorthPoint
trinitite,Rare Trinitite Sample 3.1 Gms - New Mexico,22.95,2013-11-13,3.1,7.4,WorthPoint
trinitite,Rare Trinitite Specimen 2.6 Gms - New Mexico,19.95,2013-11-13,2.6,7.67,WorthPoint
trinitite,Rare Trinitite Sample 5.5 Gms - New Mexico,38.95,2013-11-12,5.5,7.08,WorthPoint
trinitite,Rare Trinitite Specimen 3.0 Gms - New Mexico,21.95,2013-11-07,3.0,7.32,WorthPoint
trinitite,Rare Trinitite 3.2 Gms. - New Mexico,24.95,2013-11-06,3.2,7.8,WorthPoint
trinitite,Rare Trinitite Specimen 4.3 Gms,34.95,2013-11-06,4.3,8.13,WorthPoint
trinitite,Rare Trinitite Specimen 7.2 Gms - New Mexico,57.95,2013-11-04,7.2,8.05,WorthPoint
trinitite,Rare Trinitite Specimen 6.6 Gms - New Mexico,46.95,2013-11-01,6.6,7.11,WorthPoint
trinitite,Rare Trinitite 2.3 Gms - New Mexico,18.95,2013-10-26,2.3,8.24,WorthPoint
trinitite,Rare Trinitite 2.5 Gms - New Mexico,19.95,2013-10-26,2.5,7.98,WorthPoint
trinitite,Rare Trinitite 5.1 Gms - New Mexico,37.95,2013-10-22,5.1,7.44,WorthPoint
trinitite,Rare Trinitite 3.7 Gms - New Mexico,28.95,2013-10-22,3.7,7.82,WorthPoint
trinitite,Rare Trinitite 5.2 Gms. - New Mexico,38.0,2013-10-20,5.2,7.31,WorthPoint
trinitite,Rare Trinitite Sample 5.7 Gms - New Mexico,39.95,2013-10-19,5.7,7.01,WorthPoint
trinitite,Rare Trinitite Sample 7.5 Gms - New Mexico,52.95,2013-10-19,7.5,7.06,WorthPoint
trinitite,Rare Trinitite 3.1gms - New Mexico,22.95,2013-10-18,3.1,7.4,WorthPoint
trinitite,Rare Trinitite 10.5 Gms - New Mexico,84.95,2013-10-17,10.5,8.09,WorthPoint
trinitite,Rare Trinitite Specimen 7.1 Gms - New Mexico,56.95,2013-10-15,7.1,8.02,WorthPoint
trinitite,Rare Trinitite Specimen 3.1 Gms . - New Mexico,22.95,2013-09-24,3.1,7.4,WorthPoint
trinitite,Rare Trinitite 2.9 Gms - New Mexico,20.95,2013-09-24,2.9,7.22,WorthPoint
trinitite,Rare Trinitite 3.4 Gms. - New Mexico,26.0,2013-08-25,3.4,7.65,WorthPoint
trinitite,Rare Trinitite 5.0 Gm. - New Mexico,36.0,2013-08-22,5.0,7.2,WorthPoint
trinitite,Rare Trinitite Specimen 7.7 Gms - New Mexico,56.0,2013-08-21,7.7,7.27,WorthPoint
trinitite,Rare Trinitite Specimen 3.9 Gms. - New Mexico,29.95,2013-08-21,3.9,7.68,WorthPoint
trinitite,Manhattan Project: Nuclear Physicist Eugene Booth Archive With Trinitite Paperweight.,2270.5,2013-06-23,,,WorthPoint
trinitite,.67g Trinitite Glass Specimen 1st Test Atomic Bomb Test In New Mexico 1945,11.75,2013-05-07,67.0,0.18,WorthPoint
trinitite,.74g Trinitite Glass Specimen 1st Test Atomic Bomb Test In New Mexico 1945,11.75,2013-05-07,74.0,0.16,WorthPoint
trinitite,1.27g Trinitite Glass Specimen 1st Test Atomic Bomb Test In New Mexico 1945,13.99,2013-04-24,1.27,11.02,WorthPoint
trinitite,1.1g Trinitite From First Atom Bomb Test In 1947 New Mexico Glass Like From Heat,12.09,2013-04-12,1.1,10.99,WorthPoint
trinitite,1g Trinitite From First Atom Bomb Test In 1947 New Mexico Glass Like From Heat,11.0,2013-04-11,1.0,11.0,WorthPoint
trinitite,"1.4"" Fused Sand TRINITITE From 1st A-Bomb Test White Sands NM July 1945 For Sale",140.0,2013-03-31,,,WorthPoint
trinitite,"Trinitite From The Trinity Site,New Mexico 1945.When The World Was Changed.",359.99,2013-01-28,,,WorthPoint
trinitite,RARE Trinitite Mineral From Trinity Site Atom Bomb Test WWII Small Sample - NR,43.77,2013-01-25,,,WorthPoint
trinitite,RARE Trinitite (3 Samples) From Trinity Site Atom Bomb Test WWII (Lot 14),3050.0,2013-01-18,,,WorthPoint
trinitite,"Trinitite From Trinity Site In New Mexico; 4 Pieces. Rare, No Longer Available",200.0,2013-01-16,,,WorthPoint
trinitite,RARE Trinitite (2 Samples) From Trinity Site Atom Bomb Test WWII (Lot 7),17.95,2013-01-07,,,WorthPoint
trinitite,6g Trinitite 1945 New Mexico Glass Specimen First Atomic Bomb,57.0,2013-01-03,6.0,9.5,WorthPoint
trinitite,8g Trinitite 1945 New Mexico Glass Specimen First Atomic Bomb 'safe',75.0,2013-01-03,8.0,9.38,WorthPoint
trinitite,RARE Trinitite (4 Samples) From Trinity Site Atom Bomb Test WWII (Lot 4),19.5,2012-12-30,,,WorthPoint
trinitite,Trinitite-product Of First Atomic Bomb Explosion,29.99,2012-12-17,,,WorthPoint
trinitite,"11.3g Trinitite,1945, New Mexico, Glass Specimen, First Atomic Bomb Blast, Safe",109.99,2012-12-11,11.3,9.73,WorthPoint
trinitite,4.9 Grams Trinitite Atomic Glass New Mexico Atomic Bomb Test Site WWII,30.95,2012-11-25,4.9,6.32,WorthPoint
trinitite,RARE Trinitite (6 Samples) From Trinity Site Atom Bomb Test WWII (B),15.0,2012-09-14,,,WorthPoint
trinitite,"TRINITITE 3.25 Grams Glass From First A-Bomb Blast In NEW MEXICO - July 16, 1945",11.0,2012-07-02,3.25,3.38,WorthPoint
trinitite,Rare Trinitite Sample With Super Spinthariscope - United Nuclear,55.0,2012-06-22,,,WorthPoint
trinitite,Pretty TRINITITE Specimen,51.13,2012-06-11,,,WorthPoint
trinitite,"TRINITITE 2.34 Grams Glass From First A-Bomb Blast In NEW MEXICO - July 16, 1945",10.0,2012-06-07,2.34,4.27,WorthPoint
trinitite,Rare Uranium Thorium Trinitite Euxenite Monazite Uraninite Autunite Carnotite,114.5,2012-06-03,,,WorthPoint
trinitite,TRINITITE Rock Piece From The First Atomic Bomb Blast July 16th 1945.,57.97,2012-05-15,,,WorthPoint
trinitite,"TRINITITE 3.80 Grams Glass From First A-Bomb Blast In NEW MEXICO - July 16, 1945",10.99,2012-01-03,3.8,2.89,WorthPoint
trinitite,"TRINITITE 3.76 Grams Glass From First A-Bomb Blast In NEW MEXICO - July 16, 1945",12.5,2012-01-03,3.76,3.32,WorthPoint
trinitite,"TRINITITE 3.05 Grams Glass From First A-Bomb Blast In NEW MEXICO - July 16, 1945",12.0,2012-01-03,3.05,3.93,WorthPoint
trinitite,"TRINITITE 3.24 Grams Glass From First A-Bomb Blast In NEW MEXICO - July 16, 1945",12.0,2012-01-02,3.24,3.7,WorthPoint
trinitite,"TRINITITE 3.09 Grams Glass From First A-Bomb Blast In NEW MEXICO - July 16, 1945",12.0,2012-01-02,3.09,3.88,WorthPoint
trinitite,"TRINITITE 4.00 Grams Glass From First A-Bomb Blast In NEW MEXICO - July 16, 1945",18.0,2012-01-02,4.0,4.5,WorthPoint
trinitite,"TRINITITE 3.35 Grams Glass From First A-Bomb Blast In NEW MEXICO - July 16, 1945",12.0,2012-01-02,3.35,3.58,WorthPoint
trinitite,"TRINITITE 3.53 Grams Glass From First A-Bomb Blast In NEW MEXICO - July 16, 1945",12.0,2012-01-02,3.53,3.4,WorthPoint
trinitite,"TRINITITE 3.42 Grams Glass From First A-Bomb Blast In NEW MEXICO - July 16, 1945",12.0,2012-01-02,3.42,3.51,WorthPoint
trinitite,"TRINITITE 2.99 Grams Glass From First A-Bomb Blast In NEW MEXICO - July 16, 1945",12.0,2012-01-02,2.99,4.01,WorthPoint
trinitite,"TRINITITE 3.73 Grams Glass From First A-Bomb Blast In NEW MEXICO - July 16, 1945",15.0,2012-01-02,3.73,4.02,WorthPoint
trinitite,"TRINITITE 4.61 Grams Glass From First A-Bomb Blast In NEW MEXICO - July 16, 1945",18.0,2012-01-02,4.61,3.9,WorthPoint
trinitite,"3.84 Grams TRINITITE Glass From First A-Bomb Blast In NEW MEXICO - July 16, 1945",13.99,2011-12-27,3.84,3.64,WorthPoint
trinitite,"4.34 Grams TRINITITE Glass From First A-Bomb Blast In NEW MEXICO - July 16, 1945",14.99,2011-12-18,4.34,3.45,WorthPoint
trinitite,"4.11 Grams TRINITITE Glass From First A-Bomb Blast In NEW MEXICO - July 16, 1945",20.0,2011-12-17,4.11,4.87,WorthPoint
trinitite,"1.75 Grams TRINITITE Glass From First A-Bomb Blast In NEW MEXICO - July 16, 1945",10.49,2011-12-14,1.75,5.99,WorthPoint
trinitite,"2.39 Grams TRINITITE Glass From First A-Bomb Blast In NEW MEXICO - July 16, 1945",15.5,2011-12-11,2.39,6.49,WorthPoint
trinitite,Rare Trinitite -3.1 New Mexico,22.95,2011-12-11,,,WorthPoint
trinitite,"25 Grams 12 TRINITITE 's - NEW MEXICO July 16, 1945 - In 5x6 Glass Top Riker Box",80.0,2011-12-09,25.0,3.2,WorthPoint
trinitite,"3.53 Grams TRINITITE Glass From First A-Bomb Blast In NEW MEXICO - July 16, 1945",12.0,2011-12-07,3.53,3.4,WorthPoint
trinitite,RARE TRINITITE - 4.8 Gm NEW MEXICO,34.95,2011-12-05,4.8,7.28,WorthPoint
trinitite,RARE TRINITITE - NEW MEXICO 3.1 Gm,22.95,2011-12-03,3.1,7.4,WorthPoint
trinitite,RARE TRINITITE - 4.2 Gm NEW MEXICO,24.95,2011-12-02,4.2,5.94,WorthPoint
trinitite,Rare Trinitite - New Mexico 3.2,24.95,2011-09-15,,,WorthPoint
trinitite,Rare Trinitite - New Mexico 3.1,24.95,2011-09-10,,,WorthPoint
trinitite,Rare Trinitite - New Mexico 5.1,37.95,2011-09-08,,,WorthPoint
trinitite,Rare Trinitite - New Mexico,34.95,2011-07-28,,,WorthPoint
trinitite,Trinitite Three Specimens In Org. Cellophane Wrapper,36.0,2011-07-21,,,WorthPoint
trinitite,"Rare Trinitite Sample, 7.5 Gms",22.38,2011-07-19,7.5,2.98,WorthPoint
trinitite,"Rare Trinitite Sample, 4.5 Gms",32.0,2011-07-19,4.5,7.11,WorthPoint
trinitite,"Rare Trinitite Sample, 3.75 Gms",18.52,2011-07-19,3.75,4.94,WorthPoint
trinitite,"Rare Trinitite Sample, 5.25 Gms",27.55,2011-07-19,5.25,5.25,WorthPoint
trinitite,"Rare Trinitite Sample, 3.5 Gms",10.48,2011-07-19,3.5,2.99,WorthPoint
trinitite,"Rare Trinitite Sample, 6 Gms",28.0,2011-07-19,6.0,4.67,WorthPoint
trinitite,"Rare Trinitite Sample, 6.5 Gms",23.39,2011-07-19,6.5,3.6,WorthPoint
trinitite,"Rare Trinitite Sample, 8.25 Gms",18.27,2011-07-19,8.25,2.21,WorthPoint
trinitite,"Rare Trinitite Sample, 2 Gms",18.16,2011-07-12,2.0,9.08,WorthPoint
trinitite,"Rare Trinitite Sample, 1.75 Gms",15.66,2011-07-12,1.75,8.95,WorthPoint
trinitite,Trinitite 3 Pcs. In Vintage Package- Rare,78.75,2011-06-27,,,WorthPoint
trinitite,Rare Trinitite -new Mexico,24.95,2011-06-21,,,WorthPoint
trinitite,Rare TRINITITE From NM Trinity Site- 1st Nuclear Blast,22.0,2011-06-03,,,WorthPoint
trinitite,Trinitite Samples From Trinity Site New Mexico,24.95,2011-05-18,,,WorthPoint
trinitite,Trinitite Samples From New Mexico,30.0,2011-05-18,,,WorthPoint
trinitite,"Rare Trinitite, 1st Nuclear Test, Atom Bomb Glass",29.0,2011-05-14,,,WorthPoint
trinitite,Trinity Site Specimens - 6 Pcs Trinitite,49.5,2011-05-06,,,WorthPoint
trinitite,WWII~ATOMIC BOMB~TRINITITE~SAND~1940's NOVELTY SPECIMEN,119.49,2011-04-24,,,WorthPoint
trinitite,4 Pcs Trinitite Alamogordo Atomic Blast Site Specimens,45.0,2011-04-06,,,WorthPoint
trinitite,Ww2 Rare Trinitite Alamogordo Nuclear Test 11.7 Grams,41.0,2011-04-01,11.7,3.5,WorthPoint
trinitite,Atomic Trinitite Alamogordo New Mexico 1945,37.88,2011-04-01,,,WorthPoint
trinitite,Rare Trinitite Alamogordo Trinity Site Nuclear Blast,95.0,2011-03-31,,,WorthPoint
trinitite,"Rare ""Trinitite"" Trinityite ANO Alamogordo 170 Grams",374.0,2011-03-23,170.0,2.2,WorthPoint
trinitite,Trinitite Atomic Glass From Trinity A Bomb Site CHOICE,169.49,2011-03-19,,,WorthPoint
trinitite,Trinitite Formed In Manhattan Project Test Of 1945!,29.99,2011-02-26,,,WorthPoint
trinitite,"TRINITITE"" AJE Alamogordo, New Mexico",28.67,2011-02-20,,,WorthPoint
trinitite,Trinitite Atomic Bomb Fused Mineral Rock Trinity 1945,33.08,2011-02-19,,,WorthPoint
trinitite,Trinitite Atomic Bomb Rock Fused Heat Alamogordo 1945,36.0,2011-02-19,,,WorthPoint
trinitite,Trinitite Lot Of 100 Grams,350.0,2011-02-17,100.0,3.5,WorthPoint
trinitite,TRINITITE Green Atomic BOMB Glass 7/16/1945 Alamogordo,325.0,2011-02-12,,,WorthPoint
trinitite,Trinitite From Trinity Atomic Site Alamogordo NM,20.5,2011-02-11,,,WorthPoint
trinitite,WWII Atomic Bomb Trinitite Sand 1950s Novelty Box_ONLY,23.42,2011-02-11,,,WorthPoint
trinitite,Atomsite Trinitite Jewelry Atomic Bomb 1946 Pictorial,15.55,2008-03-25,,,WorthPoint
trinitite,"TRINITITE, Slag Glass From 1st ATOMIC BOMB BLAST",45.55,2007-11-05,,,WorthPoint
trinitite,Trinitite + Manhattan Proj.+authentic Artifact,15.0,2007-03-14,,,WorthPoint
trinitite,Trinitite + Manhattan Proj.+authentic Historic Artifact,20.0,2007-03-03,,,WorthPoint
trinitite,"Atomic Souvenir ""TRINITITE"" Mineral Speciman",48.0,2007-02-02,,,WorthPoint
trinitite,TRINITITE--Atom Bomb Rock,17.98,2007-01-18,,,WorthPoint
trinitite,40 Gram Lot Trinitite 1st Atomic Bomb Glass,14.99,2007-01-14,40.0,0.37,WorthPoint
trinitite,1lb 450 Grams Lot Trinitite 1st Atomic Bomb Glass,149.99,2006-12-24,450.0,0.33,WorthPoint
trinitite,Atomic Bomb Trinitite Specimen 4.8g,22.5,2006-11-28,4.8,4.69,WorthPoint
uranium-glass,Antique Green Uranium Glass Pedestal Oil Lamp 19.5‚Äù,249.5,2026-01-23,,,WorthPoint
uranium-glass,Green Uranium Glass Hand Painted Finger Oil Lamp Original Brass Burner (+ Wick),70.07,2026-01-23,,,WorthPoint
uranium-glass,"HUGE Rare FENTON Vaseline Uranium Glass Hen On Nest, VINTAGE HEN ON NEST",500.0,2026-01-23,,,WorthPoint
uranium-glass,Vtg Fenton Water Lily Custard Satin Uranium Glass Pedestal Compote Candy Dish 7¬º,64.99,2026-01-23,,,WorthPoint
uranium-glass,Jeannette Doric Candy Dish Jar And Cover Depression Uranium Glass Glows,60.0,2026-01-23,,,WorthPoint
uranium-glass,Rare Fenton Uranium Glass Melon Bell Handpainted Signed,97.0,2026-01-23,,,WorthPoint
uranium-glass,Uranium Green CLOVERLEAF Footed Iced Tea Tumbler Glasses Hazel-Atlas (Set Of 5),80.0,2026-01-23,,,WorthPoint
uranium-glass,Antique Uranium Glass Corn Shaker Strong Glow,138.49,2026-01-23,,,WorthPoint
uranium-glass,"Hazel Atlas Green Uranium Glass Measuring Cup, 1 Cup",40.0,2026-01-23,,,WorthPoint
uranium-glass,"Antique 1900s Heisey Custard Uranium Glass Souvenir Goblet Lismore MN 6\\\"" Tall",55.0,2026-01-23,,,WorthPoint
uranium-glass,1930's CLARKS TEABERRY GUM VASELINE/URANIUM GLASS DISPLAY PEDESTAL STAND,117.5,2026-01-23,,,WorthPoint
uranium-glass,Uranium Glass Rabbit Vaseline Frosted Glows Animal Large Paperweight Figurine,44.62,2026-01-23,,,WorthPoint
uranium-glass,"Vintage Green Uranium Glass Ashtray Gear Cog Shape Glows UV Blacklight 4.5\\\""",24.5,2026-01-23,,,WorthPoint
uranium-glass,Collection Of Vintage Green Uranium Glass Wine Glasses And Juicers,26.0,2026-01-23,,,WorthPoint
uranium-glass,Vintage Yellow Uranium Glass Vase,16.5,2026-01-23,,,WorthPoint
uranium-glass,Vaseline Uranium Glass Bunny Rabbit On A Nest,73.66,2026-01-23,,,WorthPoint
uranium-glass,Vintage 1920‚Äôs EAPG Perfume Depression Decanter Cruet Uranium UV Glow Glass,47.0,2026-01-23,,,WorthPoint
uranium-glass,Fenton Fairy Lamp Lime Green Hobnail Satin VTG Uranium Glass GLOWS UV -Read,125.5,2026-01-23,,,WorthPoint
uranium-glass,Vintage 1900s Uranium Vaseline Goofus Medium Glass Vase Raised Rose Pattern,32.0,2026-01-23,,,WorthPoint
uranium-glass,Vintage Uranium Glass Salt & Pepper Shakers Basket Weave Green Vaseline,89.0,2026-01-23,,,WorthPoint
uranium-glass,Murano Uranium Glass Bull With Original Murano Sticker,306.99,2026-01-23,,,WorthPoint
uranium-glass,Vtg DEPRESSION VASELINE URANIUM GLASS BASKET - Glows BRILLIANTLY,30.0,2026-01-23,,,WorthPoint
uranium-glass,Fenton Uranium Yellow Hobnail Tumblers Glass Pair ‚ÄùGLOWS‚Äù 4‚Äù Tall,62.0,2026-01-23,,,WorthPoint
uranium-glass,"VINTAGE Uranium Glass Candlestick Holders Pair Green Depression 2.5\\\"" UV Glow",22.0,2026-01-23,,,WorthPoint
uranium-glass,Vintage Pair Of Boyd Glass Vaseline/Uranium Glass Swan Motif Candle Holders,122.5,2026-01-23,,,WorthPoint
uranium-glass,"Vaseline Uranium Glass Pitcher With Lid Vintage Water Pitcher 8\\\"" Depression Era",89.99,2026-01-23,,,WorthPoint
uranium-glass,"Degenhart \\\""Bird & Berry\\\"" Uranium Glass Open Salt Cellar",25.49,2026-01-23,,,WorthPoint
uranium-glass,"Duncan & Sons, German Band Cap Daisy & Button Uranium Glass Toothpick Holder",109.27,2026-01-23,,,WorthPoint
uranium-glass,Vintage Summit Uranium Glass Horse & Foal Paperweight,125.0,2026-01-23,,,WorthPoint
uranium-glass,"Uranium Depression Glass Etched Floral Pat. 4 3/4\\\"" Cordial Stem Glass",12.5,2026-01-23,,,WorthPoint
uranium-glass,"Vintage Uranium Glass Swung Paneled Vase, 11 1/2\\\""",67.53,2026-01-23,,,WorthPoint
uranium-glass,2 Vintage Uranium Glass Double Handled Soup Cup And Saucer Sets Green,18.0,2026-01-23,,,WorthPoint
uranium-glass,Vintage Imperial Uranium Glass Tooth Pick Holder Beautiful Green,24.0,2026-01-23,,,WorthPoint
uranium-glass,Vintage Uranium Glass - Handled Relish Dish - Strawberry Pattern,18.05,2026-01-23,,,WorthPoint
uranium-glass,"Akro Agate Uranium Glass Panel Lemonade & Oxblood Child‚Äôs Tea Set Plate 4.25\\\""",35.0,2026-01-23,,,WorthPoint
uranium-glass,Fenton? - Iridescent Stretched Glass Sundae Dish - Uranium Glass,40.49,2026-01-23,,,WorthPoint
uranium-glass,Vintage Cambridge Cleo Green Uranium Glass Ice Bucket,120.0,2026-01-23,,,WorthPoint
uranium-glass,Anchor Hocking Cameo Ballerina Green Depression Uranium Glass Cream & Sugar Set,34.95,2026-01-23,,,WorthPoint
uranium-glass,Vintage Fenton Hobnail Cat Head Slipper Topaz Opalescent UV Glow Uranium Glass,48.0,2026-01-23,,,WorthPoint
uranium-glass,Large Green Ribbed Uranium Glass Canister Jar Depression Era,45.0,2026-01-23,,,WorthPoint
uranium-glass,Vtg. Aladdin Uranium Glass Green / Clear Corinthian Lamp With Extras!!,149.0,2026-01-23,,,WorthPoint
uranium-glass,Large 7‚Äù Vintage Vaseline Uranium Glass Hen On Nest Split Tail Glows,185.0,2026-01-23,,,WorthPoint
uranium-glass,MCM Frigidaire Green Uranium Glass Ribbed 9‚Äù Decanter Bottle Vase Satin Glows,139.52,2026-01-23,,,WorthPoint
uranium-glass,Vintage Depression GREEN Uranium GLASS Cameo Ballerina BOTTOM ONLY Biscuit JAR,31.99,2026-01-23,,,WorthPoint
uranium-glass,Vintage Miniature Nesting Hen Depression/Uranium (?) Glass Salt Cellar,32.0,2026-01-23,,,WorthPoint
uranium-glass,"Vintage 1920's -1930's, Vaseline Uranium Glass Ice Bucket Etched Floral Design.",23.5,2026-01-23,,,WorthPoint
uranium-glass,3 Vintage Green Depression Uranium Glass Stemware Cocktail Cordial Glasses 5‚Äù,24.0,2026-01-23,,,WorthPoint
uranium-glass,"Cambridge Uranium Glass 3 Candelabra Candles #1307 Rose Marie , Ice Green, HTF",200.0,2026-01-23,,,WorthPoint
uranium-glass,Vintage Murano Italian Art Glass Uranium Glass Vase,77.13,2026-01-23,,,WorthPoint
uranium-glass,Art Deco Walther & Sohne? Uranium Glass Woman Candlestick,40.56,2026-01-23,,,WorthPoint
uranium-glass,Pair Of Uranium Glass Lidded Pots Art Deco 1930s X 2 Vintage,53.67,2026-01-22,,,WorthPoint
uranium-glass,Uranium Glass Lamp Art Deco Style Vintage Custom Build,300.0,2026-01-22,,,WorthPoint
uranium-glass,Set Of 4 Hazel Atlas Green Uranium Glass Furniture Coasters - Some Chips On Them,15.0,2026-01-22,,,WorthPoint
uranium-glass,2 Vintage Swung Bud Vase Uranium Vaseline Green Glass Pedestal Fluted Lip Glows,51.88,2026-01-22,,,WorthPoint
uranium-glass,Vintage Depression Green Uranium Glass Cookie Jar With Glass Lid Ribbed,45.99,2026-01-22,,,WorthPoint
uranium-glass,Vintage FENTON Hobnail Pattern Green Square Salt Cellar Dish Uranium Glass 3‚Äù,15.3,2026-01-22,,,WorthPoint
uranium-glass,C1900 Tarentum Glass Blue Custard Uranium Sugar Bowl Footed Beaded Rim Glows,30.0,2026-01-22,,,WorthPoint
uranium-glass,Antique EAPG Dithridge Uranium Glass Salt & Pepper Shakers Custard Glass,64.0,2026-01-22,,,WorthPoint
uranium-glass,Vintage Green Uranium Glass Sugar Bowl ‚Äì Double Handles ‚Äì Excellent Condition,24.0,2026-01-22,,,WorthPoint
uranium-glass,"Vtg Fostoria Green Versailles Footed Salt Or Pepper Shaker Uranium Glass, NO LID",39.95,2026-01-22,,,WorthPoint
uranium-glass,RARE Fenton Chessie Cat Box With Lid In Opalescent Vaseline (Uranium Glass),1175.0,2026-01-22,,,WorthPoint
uranium-glass,Vaseline Opalescent Spooner Uranium Glass,77.0,2026-01-22,,,WorthPoint
uranium-glass,Fostoria SEVILLE Green Shaker Glass Lid Uranium Elegant Depression Glass HTF,46.0,2026-01-22,,,WorthPoint
uranium-glass,Fenton Hand Painted Uranium Glass Raccoon Figurine Signed By Artist,132.5,2026-01-22,,,WorthPoint
uranium-glass,L.E. Smith Green Uranium Glass Art Deco Figural Sailboat Powder Jar - 1930s,179.0,2026-01-22,,,WorthPoint
uranium-glass,A Pair Of Vintage Art Deco Uranium Glass Candlestick Holders,38.0,2026-01-22,,,WorthPoint
uranium-glass,58 Vintage Marbles Some Uranium Glass All Glow Or Change Colors Under UV Light,31.0,2026-01-22,,,WorthPoint
uranium-glass,Murano Sommerso Uranium Glass Ewer Italian Art Mid Century *MCM*,120.0,2026-01-22,,,WorthPoint
uranium-glass,Murano Glass Yellow And Blue Vaseline Uranium Glass Fish Figurine,125.0,2026-01-22,,,WorthPoint
uranium-glass,Block Optic Green Uranium Glass Tumble Up With Original Tumbler,65.0,2026-01-22,,,WorthPoint
uranium-glass,‚ò¢Ô∏èUranium Glass Tube Atomic Age MCM 304A 834 ? Martian Antenna 4 Pin European,26.99,2026-01-22,,,WorthPoint
uranium-glass,"VTG Uranium Glass Nested Mixing Bowls Set 4, Ribbed Sides, Square Base",85.0,2026-01-22,,,WorthPoint
uranium-glass,"Vintage Fenton Green Uranium Glass Elephant 3-3/4\\\"" Tall Signed S.Hughes",102.5,2026-01-22,,,WorthPoint
uranium-glass,Degenhart Uranium Glass Bell 1776‚Äì1976 Bicentennial Glows Under UV,39.0,2026-01-22,,,WorthPoint
uranium-glass,Degenhart Goblets Vaseline/ Uranium Glass Vintage Set Of 2,45.99,2026-01-22,,,WorthPoint
uranium-glass,Westmoreland Dog In Doghouse Vaseline Uranium Glass Tooth Pick Holder,67.66,2026-01-22,,,WorthPoint
uranium-glass,Imperial Beaded Block Depression Uranium Glass Floral Vase Glows Under UV Light,45.0,2026-01-22,,,WorthPoint
uranium-glass,Vintage Jeanette Green Uranium Glass Diamond Pattern (glows) Tray,38.0,2026-01-22,,,WorthPoint
uranium-glass,McKee Jadeite Uranium Glass Measuring Cup Vintage Glow,40.0,2026-01-22,,,WorthPoint
uranium-glass,B108 Aladdin Uranium UV Green Crystal Cathedral Glass Lamp Fount 1934 W/ Globe,175.0,2026-01-22,,,WorthPoint
uranium-glass,Arts & Crafts Brocade Yellow Uranium -Vaseline Lamp Glass Shades. Walsh?Set Of 3,484.61,2026-01-22,,,WorthPoint
uranium-glass,"Opaline Green Satin Uranium Glass Vase JEENIE BOTTLE Gilt Hand Painted 7\\\"" 19th C",399.95,2026-01-22,,,WorthPoint
uranium-glass,Vtg Jeannette Uranium Glass Jadeite Green Refrigerator Jar Ribbed AKA Drippings*,74.97,2026-01-22,,,WorthPoint
uranium-glass,McKee Custard 2 Cup Red Dot Uranium Glass Measuring Cup,260.0,2026-01-22,,,WorthPoint
uranium-glass,Gorgeous Mosser Opalescent Vaseline Uranium Glass ‚ÄúEye Winker‚Äù Cream & Lid Sugar,140.0,2026-01-22,,,WorthPoint
uranium-glass,"Vintage Jeanette Uranium Glass Cake Plate Sunflower Green Plant Stand 10\\\""",16.99,2026-01-22,,,WorthPoint
uranium-glass,Original 1930s Jeannette Jadeite Uranium Glass Salt/Pepper Glows Nicely,59.99,2026-01-22,,,WorthPoint
uranium-glass,Vtg Uranium Glass Vaseline Green Eye Wash Cup Optical Collectible,29.95,2026-01-22,,,WorthPoint
uranium-glass,Uranium Glass Green Ribbed Square Tray With Handles Jeannette Glass Vintage,25.0,2026-01-22,,,WorthPoint
uranium-glass,Boyd Uranium Vaseline Glass Heart Toothpick Holder Vtg 2.75‚Äù UV Glow Light Blue,25.0,2026-01-22,,,WorthPoint
uranium-glass,"FENTON Uranium GLASS HOBNAIL BON BON DISH 6\\\"" Fenton VASELINE Glass Ug",40.0,2026-01-22,,,WorthPoint
uranium-glass,Degenhart Yellow Vaseline Uranium Glass Child's Mug With Peacock And Stork GLOWS,40.0,2026-01-22,,,WorthPoint
uranium-glass,Uranium Glass Vase Roughly 8‚Äù Tall,54.0,2026-01-22,,,WorthPoint
uranium-glass,Vintage BF GOODRICH Silvertown Tire Advertising ~ Green Uranium Glass Ashtray,45.0,2026-01-22,,,WorthPoint
uranium-glass,1979 Uranium Glass Hand Painted Bell With Signature,29.0,2026-01-22,,,WorthPoint
uranium-glass,"Vintage Set 6 Uranium Glass Saucer Plates 7\\\"" Etched Floral UV Glow",28.0,2026-01-22,,,WorthPoint
uranium-glass,Victorian Vaseline Uranium Glass Fairy Lamp W/ Brass Base ‚Äì Art Nouveau C. 1890,260.99,2026-01-22,,,WorthPoint
uranium-glass,Antique Anchor Uranium Glasses Set Of Four Green Glass,31.0,2026-01-22,,,WorthPoint
uranium-glass,Super Fenton Glass Artist Signed Uranium Glass Kitty Cat Figurine Glows,85.0,2026-01-22,,,WorthPoint
uranium-glass,Vintage 1930‚Äôs Depression Akro 3 1/4‚Äù Uranium Glass Plates From Tea Set ~GLOWS,35.0,2026-01-22,,,WorthPoint
uranium-glass,Vintage 1930‚Äôs Depression Akro 2 3/4‚Äù Uranium Glass Plates From Tea Set ~GLOWS,35.0,2026-01-22,,,WorthPoint
uranium-glass,Vintage Uranium Glass Candy Dish With Lid,46.99,2026-01-22,,,WorthPoint
uranium-glass,Imperial #675 Green Depression Uranium Glass Rolled Edge Footed Console Bowl EUC,59.0,2026-01-22,675.0,0.09,WorthPoint
uranium-glass,Flower Vase Vase Uranium Glass Art Deco Decorative Pressed Glass Green H:20cm #260242,58.52,2026-01-22,,,WorthPoint
uranium-glass,Vintage Uranium Glass Bell Opalescent Custard Yellow Glows Under UV 7‚Äù,67.99,2026-01-21,,,WorthPoint
uranium-glass,Uranium Glass AND Uranium Glaze Victorian Mantle Clock,274.0,2026-01-21,,,WorthPoint
uranium-glass,Antique 1920-30s Hazel Atlas Green Uranium Glass Nesting Mixing Bowl Set Of 3,55.0,2026-01-21,,,WorthPoint
uranium-glass,Vtg McKee Jadeite Green Uranium Glass Oval Small 7x5 Refrigerator Serving Dish,28.0,2026-01-21,,,WorthPoint
uranium-glass,Vaseline Cat Uranium Glass 3 1/2 Inches Tall,99.0,2026-01-21,,,WorthPoint
uranium-glass,"Rare Antique 1930s Green Etched Uranium Glass 4.25\\\"" Liqueur Cordial Glass",16.0,2026-01-21,,,WorthPoint
uranium-glass,PR ANTIQUE LIGHTOLIERS ART DECO URANIUM GLASS LIGHT FIXTURES MIRROR WAll SCONCES,149.0,2026-01-21,,,WorthPoint
uranium-glass,Fenton Draped Curtain Rose Bowl Uranium Glass Custard Three Footed 5‚Äù VTG,48.97,2026-01-21,,,WorthPoint
uranium-glass,Art Deco Uranium Sliding Top Glass Ashtray- Great Condition!!,215.0,2026-01-21,,,WorthPoint
uranium-glass,Vintage Green Uranium Glass Ladle Spoon Mayonnaise Condiment Glows 5‚Äù Scoop,25.0,2026-01-21,,,WorthPoint
uranium-glass,Vintage Westmoreland Vasaline Yellow Uranium Glass Hen On A Nest 7.5‚Äù UV RARE!,250.0,2026-01-21,,,WorthPoint
uranium-glass,Lot Of Vintage Uranium Glass (8pcs): X4 Bowls And X3 Plates,60.0,2026-01-21,,,WorthPoint
uranium-glass,"Vintage Jeannette Uranium Glass Jadeite Green Refrigerator/Drippings Lid 4.75\\\""",14.99,2026-01-21,,,WorthPoint
uranium-glass,"Fenton Vintage Topaz Vaseline Uranium Glowy Glass Swirl Ashtray Large 8 1/2\\\""",75.98,2026-01-21,,,WorthPoint
uranium-glass,"Uranium Glass Opalescent Floral Swung Vase 15\\\"" Tall Vintage",124.99,2026-01-21,,,WorthPoint
uranium-glass,Uranium Glass Ashtray For Cigarettes&cigars,22.0,2026-01-21,,,WorthPoint
uranium-glass,Vintage Fenton Ruffled Satin Custard Uranium Glass Vase Hand Painted Floral.,29.99,2026-01-21,,,WorthPoint
uranium-glass,Vintage Green Uranium Glass Food Nut Chopper Lorraine Metal Mfg. New York City,29.99,2026-01-21,,,WorthPoint
uranium-glass,Anchor Hocking Green Depression Uranium Glass Hoosier Cookie Sugar Canister Lid,55.0,2026-01-21,,,WorthPoint
uranium-glass,Rare Uranium Glass 'Pearline' Pressed Glass Jug & Bowl By Davidsons 1880s,50.73,2026-01-21,,,WorthPoint
uranium-glass,Fenton Ruffled Persian Medallion Lime Green Compote Satin Custard Uranium Glass,29.99,2026-01-21,,,WorthPoint
uranium-glass,Vintage Green Uranium Glass MEASURING CUP (8 Oz),30.0,2026-01-21,226.8,0.13,WorthPoint
uranium-glass,Vintage Rare L.G. Wright Moon And Star Vaseline Uranium Glass Creamer/Pitcher,120.0,2026-01-21,,,WorthPoint
uranium-glass,8 Federal Green Vaseline Uranium Glass Sundae Sherbet Dessert Cups Glow Vintage,55.0,2026-01-21,,,WorthPoint
uranium-glass,Art Deco Sowerby Uranium Glass Vanity Set (Sunray) 1930s,221.52,2026-01-21,,,WorthPoint
uranium-glass,VERY RARE VINTAGE MCKEE JADEITE URANIUM GLASS 28oz 6 1/4‚Äù FLOUR CANISTER,1050.0,2026-01-21,793.8,1.32,WorthPoint
uranium-glass,"Richardson & Sons 1860s English Cut Uranium Glass 12\\\"" Decanter And Stopper",425.0,2026-01-21,,,WorthPoint
uranium-glass,Large Uranium Glass Tray Vintage 1930s Art Deco,40.28,2026-01-21,,,WorthPoint
uranium-glass,Antique Bohemian Art Glass Pitcher Vase ‚Äì Kralik Style ‚Äì Uranium Glass UV Glow,95.0,2026-01-21,,,WorthPoint
uranium-glass,Uranium Glass Art Glass Bud Vase Applied Flower Leaf Glows Under UV,94.99,2026-01-21,,,WorthPoint
uranium-glass,Uranium Glass Vase - Fenton - Green Hobnail Vtg Collectable No Chips Or Cracks,67.85,2026-01-21,,,WorthPoint
uranium-glass,"Uranium Glass Green Walther And Sohne Arabella Lady Figure, Frog And Bowl Set",147.68,2026-01-21,,,WorthPoint
uranium-glass,Art Deco Electric üö¨ Lighter Slag Glass Uranium Glow Vintage 1930s Hexagonal,90.0,2026-01-21,,,WorthPoint
uranium-glass,"Vtg Fenton Uranium Glass Satin Custard Peacock Vase 8\\\""",65.0,2026-01-21,,,WorthPoint
uranium-glass,Fenton Uranium Glass Hand Painted Cat Figurine,141.0,2026-01-21,,,WorthPoint
uranium-glass,Fenton Custard Uranium Glass Handpainted By L. Watson Fairy Light,101.0,2026-01-21,,,WorthPoint
uranium-glass,Three Uranium Glass Small Under Plates Coasters,15.99,2026-01-21,,,WorthPoint
uranium-glass,Fenton Glass Vase Ruffled Uranium Hand Painted By N Kuhne Floral Pattern,21.5,2026-01-21,,,WorthPoint
uranium-glass,Bulk 15 Lbs Vintage Arkansas Slag Glass Some Uv Reactive Uranium Glass,90.0,2026-01-21,6804.0,0.01,WorthPoint
uranium-glass,Antique Hobbs Brockunier Dew Drop Yellow Vaseline Uranium Glass Bitters Bottle,100.0,2026-01-21,,,WorthPoint
uranium-glass,Antique Pair Of Indiana Glass Green Uranium Glass Candle Stick Holders,29.95,2026-01-21,,,WorthPoint
uranium-glass,Boyd Uranium Glass Vaseline Tomahawk Axe *** READ ***,220.0,2026-01-21,,,WorthPoint
uranium-glass,Vintage McKee Jadeite Uranium Glass Butter Dish LID ONLY... NICE!!,29.0,2026-01-21,,,WorthPoint
uranium-glass,Vintage Fenton Uranium Glass Custard 5‚Äù Fairy Lamp 1981 Church Forest Snow,119.97,2026-01-21,,,WorthPoint
uranium-glass,"Vintage Fenton, Lower Part Custard Uranium Glass Fairy Light",68.0,2026-01-21,,,WorthPoint
uranium-glass,"Vintage Tiffin Uranium Glass 8\\\"" Vase Optic Depression Glass With Scalloped Rim",45.0,2026-01-21,,,WorthPoint
uranium-glass,2 Vtg Clear & Green Uranium Glass Stem Sherbet Dessert Bowls Dishes Etched,17.95,2026-01-21,,,WorthPoint
uranium-glass,HAZEL ATLAS URANIUM GLASS Art Deco ASHTRAY URANIUM Salesman Sample,37.0,2026-01-21,,,WorthPoint
uranium-glass,1900's CLARKS TEABERRY CHEWING GUM VASELINE/URANIUM GLASS DISPLAY CASE PEDESTAL,199.99,2026-01-21,,,WorthPoint
uranium-glass,Vintage Federal Glass Fluted Rope Uranium Glass Saucers Set 3 No Chips,22.0,2026-01-21,,,WorthPoint
uranium-glass,"Uranium Glass Antique Set Of 9 Green Swirl Plates 6 1/8\\\"" Gold Trim Depression",29.99,2026-01-21,9.0,3.33,WorthPoint
uranium-glass,Jeanette Windsor Diamond Green Uranium Glass Salt And Pepper Shakers,38.0,2026-01-21,,,WorthPoint
uranium-glass,Vintage Large Uranium Glass Canister With Metal Screw Top Hoosier Vasoline 1930,60.0,2026-01-21,,,WorthPoint
uranium-glass,Cenedese Murano Vaseline Uranium Glass Bowl/Ashtray GLOWS,225.0,2026-01-21,,,WorthPoint
uranium-glass,Vintage Green Depression Glass Uranium Glass 1930s Octagon Serving Dish 10¬æ Tray,11.39,2026-01-20,,,WorthPoint
uranium-glass,1920‚Äôs Hand Blown Uranium Glass Fish Bowl 1/2 Gallon Jenkins Glass Co.,100.0,2026-01-20,2.0,50.0,WorthPoint
uranium-glass,Vaseline Uranium Glass Candy Dish,22.0,2026-01-20,,,WorthPoint
uranium-glass,Vtg Bulgarian Green Uranium Glass Seltzer Figural Syphon Bottle,90.0,2026-01-20,,,WorthPoint
uranium-glass,Vintage Cleo Springs OKLAHOMA Custard Roses Souvenir Uranium Glass CUP Vase Old,19.99,2026-01-20,,,WorthPoint
uranium-glass,1930s Frigidaire Frosted Green Uranium Glass Iced Tea Server Or Pitcher. No Lid,40.0,2026-01-20,,,WorthPoint
uranium-glass,Antique Custard Uranium Glass Souvenir Mug Vancouver BC Westmoreland,39.0,2026-01-20,,,WorthPoint
uranium-glass,Niagra Falls New York Uranium Custard Souvenir Ribbed Glass CREAMER,34.99,2026-01-20,,,WorthPoint
uranium-glass,Purple Mosser Uranium Glass Clown - Glows Under UV - All The World Loves A Clown,15.0,2026-01-20,,,WorthPoint
uranium-glass,Vintage Uranium Glass Shot Glass Unbranded Pair Glow Green,30.0,2026-01-20,,,WorthPoint
uranium-glass,Antique / Vintage Uranium Glass Perfect Seal Container; Potentially A Fruit Jar.,202.5,2026-01-20,,,WorthPoint
uranium-glass,Vtg Hazel Atlas Uranium Glass Footed Salt Or Pepper Shaker Ribbed Bright Glow,12.5,2026-01-20,,,WorthPoint
uranium-glass,"‚ò¢Ô∏è Uranium Glass Seals JENNINGS RADIO VC6-32 Capacitor ‚ò¢Ô∏è30,000 Volts Tube VTG",49.99,2026-01-20,,,WorthPoint
uranium-glass,Antique Uranium Glass Toothpick Holder ‚Äì Scalloped Rim ‚Äì Glows Under UV,10.0,2026-01-20,,,WorthPoint
uranium-glass,Antique Vtg 1930s-40s Custard Uranium Glass Pheasant Bird Ceiling Light Shade,95.0,2026-01-20,,,WorthPoint
uranium-glass,Aladdin Alacite Uranium Glass Wreath Finial Glows UV Reactive (1936),35.0,2026-01-20,,,WorthPoint
uranium-glass,"Fenton Uranium Glass Diamond Optic Vase In Burmese Satin Hand Painted Roses 4\\\""",59.06,2026-01-20,,,WorthPoint
uranium-glass,Uranium/Atlas Glass Lot/ Shakers 1290 Uranium Glass,50.0,2026-01-20,,,WorthPoint
uranium-glass,"Hocking Glass Co. Block Optic Green Uranium 4-7/8\\\"" Tall Flat Base 2 Tumblers",60.0,2026-01-20,,,WorthPoint
uranium-glass,Gibson Vaseline Uranium Glass Mini Pitcher Creamer Signed 2001 GLOWS! - Image 2 Of 4,15.0,2026-01-20,2001.0,0.01,WorthPoint
uranium-glass,Vintage Uranium Glass Wine Goblets Etched Green Clear Stem Set Of 3 Glows UV,54.99,2026-01-20,3.0,18.33,WorthPoint
uranium-glass,Vintage Glass Marble Lot Assorted With 2 Shooters Some Uranium,20.5,2026-01-20,,,WorthPoint
uranium-glass,Vintage Opalescent Uranium Glass Tear Drop Bullet Shade Globe Pendant 3 1/8‚Äô,95.0,2026-01-20,,,WorthPoint
uranium-glass,Vintage Uranium Glass Citrus Juicer Reamer Depression Green Glows Under UV,28.0,2026-01-20,,,WorthPoint
uranium-glass,"Beautiful Vintage Uranium Glass Decanter With Floral Etching 12\\\"" Tall",159.0,2026-01-20,,,WorthPoint
uranium-glass,"Vintage 1950s Vaseline Uranium Glass Swirl Marbles 5/8\\\"" 3pc Lot WOW!",25.0,2026-01-20,,,WorthPoint
uranium-glass,Vintage Green Uranium Glass Cream And Sugar Bowls Uv Reactive,16.99,2026-01-20,,,WorthPoint
uranium-glass,Jeannette Windsor Diamond Green Uranium Glass Serving Bowl,16.0,2026-01-20,,,WorthPoint
uranium-glass,Antique Miniature Glass Oil Lamp Uranium Glass,103.5,2026-01-20,,,WorthPoint
uranium-glass,Uranium Glass Trident 2 Lite Candelabra 7.5‚Äùw Mid-Century,23.5,2026-01-20,,,WorthPoint
uranium-glass,Antique Miniature Oil Lamp Uranium Glass Must Look,57.0,2026-01-20,,,WorthPoint
uranium-glass,Vintage Uranium Glass Bowl Yellow Green Pressed Glass Starburst Scalloped Rim,25.0,2026-01-20,,,WorthPoint
uranium-glass,Uranium Glass Ashtray Jeanette Sunflower Design Vintage,42.0,2026-01-20,,,WorthPoint
uranium-glass,ART Deco URANIUM GLASS RING,350.0,2026-01-20,,,WorthPoint
uranium-glass,Vintage Ro-tray Cigarette Dispenser Ashtray Insert Uranium Glass Does Fluoresce,39.99,2026-01-20,,,WorthPoint
uranium-glass,Antique Uranium Glass Ashtray 7in,40.0,2026-01-20,,,WorthPoint
uranium-glass,VTG Anchor Hocking Block Optic Green Uranium Glass Tumble Up Carafe Pitcher 1930,18.5,2026-01-20,,,WorthPoint
uranium-glass,6 Vintage Czech Uranium Glass Buttons On Card Round Floral Sewing Czechoslovakia,29.96,2026-01-20,,,WorthPoint
uranium-glass,"Vaseline Green Glows Uranium Glass Plate 10\\\"" Pressed Depression Floral Vtg 1930s",15.99,2026-01-20,,,WorthPoint
uranium-glass,VTG Lot Of 3 US Glass Floral & Diamond Band Uranium Glass Bowl/Cup/Creamer CHIPS,19.5,2026-01-20,,,WorthPoint
uranium-glass,"Vintage Green Depression Uranium Glass Fitted Cake Pedestal Plate 11\\\"" UV Glow",43.31,2026-01-20,,,WorthPoint
uranium-glass,Uranium Glass Candlestick Holders,20.99,2026-01-20,,,WorthPoint
uranium-glass,Uranium Glass Dogs Set Of Two Lot Glows Underneath The Black Line,45.0,2026-01-20,,,WorthPoint
uranium-glass,"Uranium Glass Sugar Bowl & Creamer, Federal Glass 1930s",15.0,2026-01-20,,,WorthPoint
uranium-glass,"Vintage Hazel Atlas 1930's Aurora Uranium Vaseline Depression Glass Creamer 4\\\""",13.0,2026-01-20,,,WorthPoint
uranium-glass,Vintage Uranium Glass Lidded Dish Old English Threaded Green Indiana Covered,40.0,2026-01-20,,,WorthPoint
uranium-glass,VTG 1981 FENTON FAIRY LAMP URANIUM GLASS HANDPAINTED SIGNED Snow Cabin Mountains,94.99,2026-01-20,,,WorthPoint
uranium-glass,Uranium Glass Lamp Parts Lot Houzex And Jefferson,325.0,2026-01-20,,,WorthPoint
uranium-glass,2 Vtg Hazel-Atlas And Federal Glass Green Uranium Glass Small Bowl Dish And Smal,11.03,2026-01-20,,,WorthPoint
uranium-glass,Uranium Glass Lamp White Flame Light Co.,150.0,2026-01-19,,,WorthPoint
uranium-glass,Vaseline Uranium Glass Bird On Nest With Berry Vintage Dish & Cover 5 1/2‚Äù,139.0,2026-01-19,,,WorthPoint
uranium-glass,Lot Of 2 Vtg Hazel Atlas Green Uranium Glass Small Berry Fruit Scalloped Bowls,20.0,2026-01-19,,,WorthPoint
uranium-glass,"Vintage Green Uranium Glass Dressing Table Tray GLOWS 12\\\"" X 8‚Äù Trinket Dish READ",35.0,2026-01-19,,,WorthPoint
uranium-glass,Antique Ranson Riverside Uranium Glass Creamer,65.0,2026-01-19,,,WorthPoint
uranium-glass,Vintage Uranium Vaseline Green Glass Apothecary Jars Canister With Lids Set Of 2,80.0,2026-01-19,,,WorthPoint
uranium-glass,Fenton Custard Satin Uranium Glass Footed Swung Vase Ruffled Edge Hand Painted,34.9,2026-01-19,,,WorthPoint
uranium-glass,Fenton Glossy Burmese Uranium Glass Vase,59.0,2026-01-19,,,WorthPoint
uranium-glass,Antique Fenton Coin Dot Opalescent Green Uranium Glass Ruffle Pitcher,95.0,2026-01-19,,,WorthPoint
uranium-glass,"Vintage Sunflower Green By Jeannette Uranium Glass Footed Cake Plate 10\\\""",12.99,2026-01-19,,,WorthPoint
uranium-glass,Vintage Victorian Art Glass Uranium Swirl Vase With Attached Flower With Leaf,90.77,2026-01-19,,,WorthPoint
uranium-glass,"Uranium Green Depression Glass Platter, 12\\\"" Anchor Hocking Princess/Cameo Glows",39.99,2026-01-19,,,WorthPoint
uranium-glass,Uranium Glass Fine Cut Fairy Lamp Glows Green Great Gift,163.5,2026-01-19,,,WorthPoint
uranium-glass,1929 SWEET Coleman 118A Table Lamp W/ Uranium Glass Shade Electrified RARE NICE!,399.0,2026-01-19,,,WorthPoint
uranium-glass,"Set Of 2 Fenton Satin Custard Uranium Glass Praying Boy And Girl 4\\\"" Tall",29.99,2026-01-19,,,WorthPoint
uranium-glass,Pair Of Vintage Uranium Glass Candle Holders,27.0,2026-01-19,,,WorthPoint
uranium-glass,RARE Vintage McKee JADITE Green Uranium GLASS Laurel SHORT CREAMER & SUGAR Bowl,99.95,2026-01-19,,,WorthPoint
uranium-glass,Uranium Glass Hen On Nest Open Salt Cellar Green UV Reactive Mini 2‚Äù,39.95,2026-01-19,,,WorthPoint
uranium-glass,Vintage 2 Pc Set Uranium Glass Shot Glasses 3‚Äù Heavy Base Barware UV GLOW,28.5,2026-01-19,,,WorthPoint
uranium-glass,Vintage Uranium Glass Bowl,25.0,2026-01-19,,,WorthPoint
uranium-glass,Imperial Beaded Block Green Uranium Glass Sugar Bowl & Creamer Glows,39.95,2026-01-19,,,WorthPoint
uranium-glass,Vintage Fenton Uranium Glass Hen On Nest/6‚Äù/Chipped Beak,80.0,2026-01-19,,,WorthPoint
uranium-glass,"Vintage Green Uranium Glass Furniture Coaster 2.5\\\""",24.0,2026-01-19,,,WorthPoint
uranium-glass,"Vintage Set Of 4 Green Uranium Glass Furniture Coasters Anchor Hocking 2 1/2\\\""",65.0,2026-01-19,4.0,16.25,WorthPoint
uranium-glass,Sunflower Design - Floral Vaseline Uranium Glass Decorative Crystal Jewelry Box,44.99,2026-01-19,,,WorthPoint
uranium-glass,Vintage Fenton Uranium Glass Custard 5‚Äù Fairy Lamp Kids Looking Window Limited,119.99,2026-01-19,,,WorthPoint
uranium-glass,Vintage Uranium Glass Measuring Cup 32oz 4cup,29.99,2026-01-19,907.2,0.03,WorthPoint
uranium-glass,Aladdin Pre War Alacite Model B Tall Lincoln Drape Oil Lamp B-75 Uranium Glass,239.99,2026-01-19,,,WorthPoint
uranium-glass,"4 Yellow Vaseline Uranium Glass 7‚Äù Plates LE Smith: By Cracky, Antique UG Glows",40.0,2026-01-19,,,WorthPoint
uranium-glass,Uranium Glass Glass Shade Art Deco Frankart Spelter Lamp Lamps,76.5,2026-01-19,,,WorthPoint
uranium-glass,Vintage Fenton Custard Satin Uranium Glass Pitcher Water Lily Pattern UV Glow,45.0,2026-01-19,,,WorthPoint
uranium-glass,"L.E. SMITH 1930s GREEN SATIN URANIUM GLASS POWDER JAR, LADY WITH 2 DOGS",148.0,2026-01-19,,,WorthPoint
uranium-glass,VTG 1 Pint 2 Cup Depression Vaseline Uranium Glass Footed Measuring Cup 1930's,45.0,2026-01-19,,,WorthPoint
uranium-glass,Antique Vaseline Uranium Glass Oil Lamp,55.0,2026-01-19,,,WorthPoint
uranium-glass,Blue Vaseline Uranium Glass Madonna Doll Woman Catholic Praying Mary / Magnesium,59.99,2026-01-19,,,WorthPoint
uranium-glass,Vintage Vaseline Glass Clover Dish Uranium Glass Leaf Pattern Trinket Bowl,24.99,2026-01-19,,,WorthPoint
uranium-glass,Vintage Uranium Glass Creamer Pitcher W/ Metal Lid Glows Under UV Light,24.5,2026-01-19,,,WorthPoint
uranium-glass,Tamara Aladin ‚Äì Taalari Vase - Riihim√§en Lasi Uranium Vaseline Glass,168.65,2026-01-19,,,WorthPoint
uranium-glass,Anchor Hocking Green Vintage Uranium Glass Optic Block Stemmed Goblet,16.99,2026-01-19,,,WorthPoint
uranium-glass,Fenton Uranium Glass Ruffled Rim Floral Decorated Basket With Orig Label,49.95,2026-01-19,,,WorthPoint
uranium-glass,Gibson Art Glass 1999 Custard Uranium Vase Glows UV - Hand Blown West...,65.0,2026-01-19,,,WorthPoint
uranium-glass,3 Vintage Uranium Glass Perfume And Decanter Stoppers,51.0,2026-01-19,,,WorthPoint
uranium-glass,Vintage Candlestick Holder Ink Well Lovely Green Uranium Glass Cone Pattern,10.0,2026-01-19,,,WorthPoint
uranium-glass,Vintage Uranium Glass 4‚Äù Juice Glass Swirl Design UV Glows,10.0,2026-01-19,,,WorthPoint
uranium-glass,Vintage Art Deco 1920s / 30s Uranium Glass Sherry Shot Glass UV Collectable,10.73,2026-01-19,,,WorthPoint
uranium-glass,Vintage Murano Style Uranium Glass Flower Candle Holder Art Glass UV Glow,99.99,2026-01-19,,,WorthPoint
uranium-glass,"VTG Green Jeanette Poinsettia Etched Serving Bowl W/ Handles 8\\\"" ~ Uranium Glass",24.99,2026-01-19,,,WorthPoint
uranium-glass,Vintage Hand Painted Vaseline Glass Lamp Shade Uranium Glow Floral Roses,59.99,2026-01-19,,,WorthPoint
uranium-glass,Vintage Uranium Glass Candlestick Holders Light Green Depression Glass (2),29.99,2026-01-19,,,WorthPoint
uranium-glass,Vintage Satin Frosted Uranium Glass Pedestal Lidded Candy Dish UV Reactive Glows,20.0,2026-01-19,,,WorthPoint
uranium-glass,C1891 URANIUM GLASS Eapg WILDFLOWER Vaseline CREAMER By U.S. GLASS - PITTSBURGH,78.0,2026-01-19,,,WorthPoint
uranium-glass,5 Vintage Uranium Vaseline Green Glass Drawer Handle Cabinet Pulls - Look,121.5,2026-01-19,,,WorthPoint
uranium-glass,"McKee Roman Arches Custard Glass, Green Polka Dot Sugar Shaker Uranium Glass",38.99,2026-01-18,,,WorthPoint
uranium-glass,Antique H.C. Fry Crackle Glass Pitcher ‚Äì Uranium Green Knob ‚Äì 1920s,29.99,2026-01-18,,,WorthPoint
uranium-glass,"Vintage Hazel Atlas Uranium Ashtray, Green Glass Checkerboard Matchbook Holder",29.99,2026-01-18,,,WorthPoint
uranium-glass,Vintage Uranium Glass Bud Vase,45.0,2026-01-18,,,WorthPoint
uranium-glass,Westmoreland Vaseline Uranium Glass Bull On Nest GLOWS VHTF Cow,202.5,2026-01-18,,,WorthPoint
uranium-glass,"Vintage Uranium Glass Green Oil Lamp Base, Greek Key, Large 12-Inch",140.99,2026-01-18,,,WorthPoint
uranium-glass,Vintage Uranium Glass Green Glowing Sherbet Cups Glasses.,15.5,2026-01-18,,,WorthPoint
uranium-glass,1930‚Äôs H Hoffman Art Deco Uranium Vaseline Glass Poppy Floral Perfume Bottle,107.5,2026-01-18,,,WorthPoint
uranium-glass,Fenton Custard Uranium Glass/Brushed Brass Lamp Painted Winter Scene'Going Home',298.0,2026-01-18,,,WorthPoint
uranium-glass,Akro Agate Uranium Glass Planter In A Metal Basket,38.95,2026-01-18,,,WorthPoint
uranium-glass,"Green Uranium Glass Covered Refrigerator Dish With Lid 6\\\"" X 6\\\"" X 3 3/8\\\""",35.0,2026-01-18,,,WorthPoint
uranium-glass,Uranium Glass Candle Holder Green Glow Cornucopia Vaseline Glass Fenton,22.5,2026-01-18,,,WorthPoint
uranium-glass,New Martinsville Emerald Green Uranium Glass Decanter Set UV Reactive Viking,140.0,2026-01-18,,,WorthPoint
uranium-glass,Uranium Glass Candlestick Hexagon Base Glows Green Aqua Kastrup Glasv√¶rk Antique,11.0,2026-01-18,,,WorthPoint
uranium-glass,Fenton Uranium Glass Goblet Chalice Persian Medallion Custard Satin Glow,24.5,2026-01-18,,,WorthPoint
uranium-glass,Fenton Green Satin Uranium Glass Fairy Lamp Owl Has A Chip Under Top,115.0,2026-01-18,,,WorthPoint
uranium-glass,"Gibson 4\\\"" Vaseline Uranium Glass Whale Figurine",125.0,2026-01-18,,,WorthPoint
uranium-glass,Uranium Glass Round Cigaretter Holder With Ashtray Lid Wonderful Design,61.0,2026-01-18,,,WorthPoint
uranium-glass,RARE Baccarat Lilly Of The Valley Etched Green Uranium Glass - 12x Small Glasses,200.0,2026-01-18,,,WorthPoint
uranium-glass,"Akro Agate Slag Uranium Glass Uv Elephant Ashtray 6\\\"" Metal Elephant Estate",73.52,2026-01-18,,,WorthPoint
uranium-glass,Vintage Fenton Cat/Kitten Figurine Hand Painted Satin Glass Uranium Glass,125.0,2026-01-18,,,WorthPoint
uranium-glass,Vintage Diamond Optic Uranium Wine Glass - Set Of 4-EX!,40.0,2026-01-18,,,WorthPoint
uranium-glass,Green Vaseline Uranium Glass Bunny Rabbit On Nest Basket Easter Eggs Salt Cellar,48.0,2026-01-18,,,WorthPoint
uranium-glass,Green Vaseline Uranium Glass Stop Break Signal Lens Light Truck Car Part / Round,13.5,2026-01-18,,,WorthPoint
uranium-glass,HEISEY Uranium UG Custard Glass Toothpick - Souvenir SHIRLEY Wisconsin Wis WI,15.0,2026-01-18,,,WorthPoint
uranium-glass,Blue Vaseline Uranium Glass Denture Dentist Mold Teeth Orthodontist / Magnesium,20.5,2026-01-18,,,WorthPoint
uranium-glass,Fenton Green Opalescent Hobnail Uranium Glass Mini Bud Vase,48.0,2026-01-18,,,WorthPoint
uranium-glass,VTG. Uranium Glass 3 Holder Candle Stick,55.0,2026-01-18,,,WorthPoint
uranium-glass,Green Vaseline Uranium Glass Covered Candy Dish Coffee Sugar Jar Cracker Mustard,27.0,2026-01-18,,,WorthPoint
uranium-glass,"Green Vaseline Uranium Glass Mini Hen Chicken On Nest Basket Easter Eggs Blue 2\\\""",30.0,2026-01-18,,,WorthPoint
uranium-glass,Vintage Federal Glass Uranium Pitcher Corded Optic Swirl Pattern Depression Era,87.99,2026-01-18,,,WorthPoint
uranium-glass,1930s Hazel Atlas Octagon Uranium Vaseline Glass Salt Or Pepper Shaker - Single,11.5,2026-01-18,,,WorthPoint
uranium-glass,"Vintage Aladdin \\\""Buckle\\\"" Lamp Finial - Green Under UV Light - Uranium Glass",33.0,2026-01-18,,,WorthPoint
uranium-glass,"Pair Large 12\\\"" Uranium Glass Square Column Candlesticks Pillar Holders Tiered",45.0,2026-01-18,,,WorthPoint
uranium-glass,Green Vaseline Uranium Glass Girl Doll Candy Container Woman Elizabeth Blue Art,26.02,2026-01-18,,,WorthPoint
uranium-glass,Vintage Westmoreland Vaseline Uranium Glass Hen On A Nest 7.5‚Äù,227.5,2026-01-18,,,WorthPoint
uranium-glass,Green Vaseline Uranium Glass Hen Chicken On Nest Basket Easter Eggs Glows Orange,47.0,2026-01-18,,,WorthPoint
uranium-glass,"Boyd Glass Elephant 3 1/2 Inches Tall. Uranium Glass, Vaseline",34.0,2026-01-18,,,WorthPoint
uranium-glass,Green Vaseline Uranium Glass Mable Milk Cow Bull Calf Paperweight Farm Figurine,19.99,2026-01-18,,,WorthPoint
uranium-glass,Green Vaseline Uranium Glass Taxi Cab Lens Light Sign Car Part Stop Advertising,20.5,2026-01-18,,,WorthPoint
uranium-glass,Blue Green Vaseline Uranium Glass Hen Chicken On Nest Basket Eggs / Salt Cellar,31.0,2026-01-18,,,WorthPoint
uranium-glass,Blue Vaseline Uranium Glass Scottie Dog On Nest Basket Scottish Terrier Selenium,18.5,2026-01-18,,,WorthPoint
uranium-glass,Vintage Fenton Glow Custard Uranium Glass Toothpick Holder,22.99,2026-01-18,,,WorthPoint
uranium-glass,Green Vaseline Uranium Glass Heart Shape Powder Makeup Box / Candy Dish Jewelry,56.0,2026-01-18,,,WorthPoint
uranium-glass,Blue Vaseline Uranium Glass Hen Chicken On Nest Basket Easter Eggs Glows Orange,32.5,2026-01-18,,,WorthPoint
uranium-glass,"Federal Glass Uranium Vaseline Candlestick , 1930-60, Single Piece",11.6,2026-01-18,,,WorthPoint
uranium-glass,Blue Vaseline Uranium Glass Swan Easter Salt Cellar Dip Duck Dish Selenium Glows,26.09,2026-01-18,,,WorthPoint
uranium-glass,Blue Vaseline Uranium Glass Covered Candy Dish Coffee Sugar Jar Cracker Mustard,24.5,2026-01-18,,,WorthPoint
uranium-glass,Blue Vaseline Uranium Glass Hen Chicken On Nest Basket Eggs / Salt Cellar Orange,36.0,2026-01-18,,,WorthPoint
uranium-glass,Blue Vaseline Uranium Glass Mini Hen Chicken On Nest Basket Glow Selenium Chick,46.0,2026-01-18,,,WorthPoint
uranium-glass,New Mini Uranium Glass Hen On Nest Lime Green Salt Cellar Made From EE Mold,50.0,2026-01-18,,,WorthPoint
uranium-glass,Vintage Uranium Glass Console Bowl With Flower Frog,24.99,2026-01-18,,,WorthPoint
uranium-glass,Vintage Green Uranium Glass Fenton Double Swan Candy Dish Bowl,40.0,2026-01-18,,,WorthPoint
uranium-glass,Vintage Uranium Glass Juicer,14.99,2026-01-18,,,WorthPoint
uranium-glass,Massive 37.6 Lb Vaseline UV Glass Art Glass Cullet Glowing Uranium Slag Glass,850.0,2026-01-18,17055.36,0.05,WorthPoint
uranium-glass,Solid Green Vaseline Uranium Glass Skull Head Glow Neon / Paperweight Halloween,22.5,2026-01-18,,,WorthPoint
uranium-glass,Madrid Uranium Glass Covered Sugar Bowl .. Chipped,16.99,2026-01-18,,,WorthPoint
uranium-glass,Green Vaseline Uranium Glass Madonna Doll Woman Catholic Praying Mary Glow Angel,41.02,2026-01-18,,,WorthPoint
uranium-glass,"Vintage Rare Hand Painted Fenton Uranium Glass Jadeite Pancake Lamp 13\\\""",160.0,2026-01-18,,,WorthPoint
uranium-glass,Green Vaseline Uranium Glass Jeremy Frog Toad Candy Container Paperweight Glows,13.5,2026-01-18,,,WorthPoint
uranium-glass,Green Vaseline Uranium Glass John Deere New Holland Farm Tractor Ford Art Glows,29.6,2026-01-18,,,WorthPoint
uranium-glass,Vintage Hand Painted Fenton Uranium Glass Blue Satin Custard Ruffled Vase,29.99,2026-01-18,,,WorthPoint
uranium-glass,Green Vaseline Uranium Glass Turkey Hen On Nest Basket Easter Egg Miniature Glow,36.0,2026-01-18,,,WorthPoint
uranium-glass,Pair Of Uranium Glass Triple 3 Candle Holders Hand Blown Candelabras Mid-Century,140.0,2026-01-18,,,WorthPoint
uranium-glass,Set Of 5 Vintage Anchor Hocking Circle Uranium Green Water Wine Goblet Glasses,60.0,2026-01-18,,,WorthPoint
uranium-glass,Uranium Glass Mayo / Candy Dish With Gold Trim Pedestal Base,32.0,2026-01-18,,,WorthPoint
uranium-glass,Uranium Vaseline Glass Art Deco Vase 1930' H.Hoffmann By Lalique,93.0,2026-01-18,,,WorthPoint
uranium-glass,Uranium Vaseline Glass Art Deco Jewelry Bowl 1930' H.Hoffmann By Lalique,84.0,2026-01-18,,,WorthPoint
uranium-glass,Uranium Glass Fenton Shoe Slipper Figure Glows Dish Daisy & Button,37.01,2026-01-18,,,WorthPoint
uranium-glass,Antique Northwood Uranium Glass Canary Yellow Sugar Trough 1890‚Äôs(j2),108.0,2026-01-18,,,WorthPoint
uranium-glass,Uranium Glass Salt & Pepper Shakers Hazel Atlas Glows Original Metal Toppers,14.5,2026-01-18,,,WorthPoint
uranium-glass,Vintage Vaseline Uranium Glass Tall Pedestal Candy Dish & Lid 9‚Äù,46.01,2026-01-18,,,WorthPoint
uranium-glass,Uranium Glass Ice Bucket Anchor Hocking Block Optic Glows Depression Green,35.0,2026-01-18,,,WorthPoint
uranium-glass,Vintage Fenton Uranium Glass Satin Green Daisy And Button Bell Ôøº,18.0,2026-01-18,,,WorthPoint
uranium-glass,Vintage Jeanette Jadeite Uranium Glass Beehive Bud Vase Glows,28.0,2026-01-18,,,WorthPoint
uranium-glass,2 PAIR) A. Hocking CAMEO Ballerina SHAKERS GREEN Vaseline Uranium Glass EXC.,200.0,2026-01-18,,,WorthPoint
uranium-glass,Mosser Uranium Glass Cat Figure Paperweight Glows Canary Yellow Art Kitten Glows,191.5,2026-01-18,,,WorthPoint
uranium-glass,Vintage Uranium Glass Juice Reamer And Measuring Cup,67.5,2026-01-18,,,WorthPoint
uranium-glass,Vintage Uranium Glass VIDRIO Products 2 Cup Measure Mixing Jar With Chipped Lid,30.0,2026-01-18,,,WorthPoint
uranium-glass,Uranium Glass Syrup Pitcher Hazel Atlas Glows Green Vaseline Depression,28.95,2026-01-18,,,WorthPoint
uranium-glass,"Vintage Yellow Uranium Glass Decanter With Stopper 9\\\"" Tall",95.0,2026-01-18,,,WorthPoint
uranium-glass,Fenton Uranium Glass Bowl Bird Nest Dish Hummingbird Green Glow,32.5,2026-01-18,,,WorthPoint
uranium-glass,Fenton Uranium Glass Bell Daisy & Button Satin Custard Decorative Matte Glows,20.5,2026-01-18,,,WorthPoint
uranium-glass,Fenton Gone With The Wind Poppy Satin Green Uranium Glass Table Lamp Bottom Only,195.0,2026-01-18,,,WorthPoint
uranium-glass,Antique Bohemian Uranium Custard Glass Jeweled Panel Goblet C1912,35.0,2026-01-18,,,WorthPoint
uranium-glass,Vintage Akro Agate Company Interior Panel Pair Of 3 ¬º‚Äù Wide Bowls Uranium Glass,14.99,2026-01-18,,,WorthPoint
uranium-glass,Antique Uranium Vaseline Glass Shaker Aqua Green C1900,26.0,2026-01-18,,,WorthPoint
uranium-glass,Vintage Hazel Atlas Green Uranium Glass Ashtray And Matchbook Holder 5.5‚Äù Glows,32.0,2026-01-18,,,WorthPoint
uranium-glass,Antique Uranium Custard Glass Hand Painted Rose Shaker C1900,31.0,2026-01-18,,,WorthPoint
uranium-glass,Fenton Uranium Glass Shoe Daisy & Button Cat Head Slipper Matchstick Holder Glow,21.0,2026-01-18,,,WorthPoint
uranium-glass,Vintage McKee Roman Arch Art Deco Uranium Glass Salt Shaker W/lid Custard,35.0,2026-01-18,,,WorthPoint
uranium-glass,Antique Czech Glass Bead Lamp Uranium Glass Fruit Free Shipping,595.0,2026-01-18,,,WorthPoint
uranium-glass,L.E Smith Vaseline Uranium Glass Daisy And Button Mayonnaise Bowl Attached Plate,84.99,2026-01-18,,,WorthPoint
uranium-glass,Trinket Box Powder Box Floral Uranium Glass Vaseline Glass Yellow UV Reactive,46.9,2026-01-18,,,WorthPoint
uranium-glass,FENTON Uranium Glass Custard BLUE ROSE FLOWER Hand Painted Bell Signed Glows G70,29.0,2026-01-18,,,WorthPoint
uranium-glass,Green Art Deco Brain Lamp Shade Uranium Glass,149.95,2026-01-18,,,WorthPoint
uranium-glass,Vintage Shell St Michael Uranium Glass Soap Dish Marks Spencer M&S ITALY,40.18,2026-01-18,,,WorthPoint
uranium-glass,Set Of 5 Antique/Vtg Halcolite Somerset Series Amber Uranium Glass Slip Shades,400.0,2026-01-18,,,WorthPoint
uranium-glass,Vintage Green Uranium Glass Sugar Bowl,10.0,2026-01-18,,,WorthPoint
uranium-glass,Vintage Fenton Candy Dish Glowing Uranium Grape Bowl Uranium Glass UV,30.82,2026-01-18,,,WorthPoint
uranium-glass,Vaseline Uranium Glass Stork Vase,75.0,2026-01-18,,,WorthPoint
uranium-glass,Two Pieces Of Uranium Glass Candlestick & Jack Pulpit Vase A/F,29.46,2026-01-18,,,WorthPoint
uranium-glass,Vintage Clark's Teaberry Gum Vaseline / Uranium Glass Display Tray,200.0,2026-01-18,,,WorthPoint
uranium-glass,Uranium Glass Anchor Hocking Sherbet Set Of 4,15.0,2026-01-18,,,WorthPoint
uranium-glass,VINTAGE Goodrich Silvertowns Green Uranium Glass Tire Ashtray,64.0,2026-01-18,,,WorthPoint
uranium-glass,1920s Fenton Celeste Green Uranium Glass Stretch Footed Tulip Vase,31.0,2026-01-18,,,WorthPoint
uranium-glass,Vintage Degenhart Uranium Glass Owl Ivorene Figurine Retired Uv Glows Rare,32.0,2026-01-18,,,WorthPoint
uranium-glass,Vintage Uranium Glass Green Pitcher Jeannette Etched Floral Poinsettia Design,41.8,2026-01-18,,,WorthPoint
uranium-glass,Uranium Glass L.E. Smith Kissing Elephants Powder Box-Very Rare,262.49,2026-01-18,,,WorthPoint
uranium-glass,"Vtg Uranium Glass ,2 Top Hats,1 Small Hat Not Uranium,plate,floatglass",45.0,2026-01-18,,,WorthPoint
uranium-glass,"VTG Green Uranium Glass Single Shaker,Leaf Etched,Glows,Metal Top Dented",19.0,2026-01-18,,,WorthPoint
uranium-glass,EAPG Antique Custard Uranium Glass Souvenir Mug Westmoreland KS Courthouse,39.0,2026-01-18,,,WorthPoint
uranium-glass,Uranium Vintage Glass Basket - Hi Handle Basket Vase 7.5‚Äù,15.0,2026-01-18,,,WorthPoint
uranium-glass,Vintage Anchor Hocking Ribbed Green Uranium Glass Pitcher With Hinged Lid,18.0,2026-01-18,,,WorthPoint
uranium-glass,Antique Hand-Blown Hand-Painted Green Uranium Glass Ruffled Floral Lemonade Set,139.95,2026-01-18,,,WorthPoint
uranium-glass,"Scarce, 1920s Fostoria Spiral Optic Uranium Glass Open Salt Dip, Cellar, Dish!",32.0,2026-01-18,,,WorthPoint
uranium-glass,"1920s Fostoria LOOP OPTIC Vaseline/Uranium Glass Open Salt Dip/Cellar, Dish, Nut",28.0,2026-01-18,,,WorthPoint
uranium-glass,"Vintage Green Uranium Glass Cake Plate Or Cookies Plate Stand 11\\\""",18.99,2026-01-18,,,WorthPoint
uranium-glass,Vintage Green Jeanette Jadeite Ribbed 40 Oz Coffee Canister Uranium Glass,275.0,2026-01-18,1134.0,0.24,WorthPoint
uranium-glass,Fenton Hand-Painted Bird Figurine With Roses Made Of Uranium Glass UV Glow,39.99,2026-01-17,,,WorthPoint
uranium-glass,"Uranium Glass Seals Eimac ATOMIC AGE VC-50-32 Flux Capacitor 32,000 Volts MCM",49.99,2026-01-17,,,WorthPoint
uranium-glass,Vintage Depression Era Uranium Glass Bowl Etched Double Handles Vaseline No Chip,34.99,2026-01-17,,,WorthPoint
uranium-glass,Uranium Glass Plates~UV Glow~Swirl Pattern~Set Of 4,20.0,2026-01-17,,,WorthPoint
uranium-glass,"5 19th Century Cast Iron Glass Ball & Claw Foot Uranium Glass 4\\\"" W/1\\\"" Fitter",39.0,2026-01-17,,,WorthPoint
uranium-glass,Antique Bryce Vaseline Uranium Glass Daisy And Button Berry Bowl Scalloped Rim,125.0,2026-01-17,,,WorthPoint
uranium-glass,1 Vintage Uranium Glass Salt Shaker Florentine Hazel Atlas,14.0,2026-01-17,,,WorthPoint
uranium-glass,Vintage Fenton Custard Uranium Glass Heart Shaped Trinket Box,84.75,2026-01-17,,,WorthPoint
uranium-glass,Vintage Minot ND Custard Uranium Glass Souvenir Early Century Glows,15.0,2026-01-17,,,WorthPoint
uranium-glass,Akro Agate (?) Uranium Glass Brown Slag UV Reactive Mini Urn,20.0,2026-01-17,,,WorthPoint
uranium-glass,Vintage Jadeite Jeannette Uranium Glass 1/4 Cup 2oz Measuring Cup,30.0,2026-01-17,56.7,0.53,WorthPoint
uranium-glass,"Vintage Viking Uranium Glass Art 4\\\"" Orb Ashtray Mcm Mid Century Modern Euc",299.99,2026-01-17,,,WorthPoint
uranium-glass,1 Uranium Glass Waffle Block Or Cross-Cross Hazel Atlas Salt Pepper Shaker 1930s,14.0,2026-01-17,,,WorthPoint
uranium-glass,Rare Fenton Burmese Trinket Box Purse Figurine Vaseline Uranium Glass Signed,119.99,2026-01-17,,,WorthPoint
uranium-glass,Uranium Glass Lot 4 Pieces,16.5,2026-01-17,,,WorthPoint
uranium-glass,Antique Art Deco Green Uranium Glass Perfume Bottle W/ Atomizer Bulb,125.0,2026-01-17,,,WorthPoint
uranium-glass,VTG Fenton Green Square Salt Cellar Bowl Uranium Glass Hobnail Pattern,18.26,2026-01-17,,,WorthPoint
uranium-glass,Kuthe 6777 Thyratron Green Uranium Glass Vacuum Tube HYDROGEN TRIODE NOS NICE,59.99,2026-01-17,,,WorthPoint
uranium-glass,Weishar Uranium Glass Moon & Stars 2- Mini Glasses & Pitcher They Glow!,91.0,2026-01-17,,,WorthPoint
uranium-glass,Pair Of Jade Green Opaline Uranium Glass Vases With Gold Design CZECHO SLOVAKIA,152.5,2026-01-17,,,WorthPoint
uranium-glass,Cambridge Glass Uranium Glass Gloria Pattern Candy Dish,23.5,2026-01-17,,,WorthPoint
uranium-glass,Uranium Glass Gravy Bowl & Dish Set,20.5,2026-01-17,,,WorthPoint
uranium-glass,Original Fink Glass Works Hen On Nest Handmade COBALT Blue HP Uranium GLOW!,40.0,2026-01-17,,,WorthPoint
uranium-glass,"Large Heavy Green Depression Art Deco Glass Vase 10\\\"" Uranium Glass",30.0,2026-01-17,,,WorthPoint
uranium-glass,Fenton Uranium Glass Hand Painted On Cameo Oval Picture Frame Custard Signature,35.0,2026-01-17,,,WorthPoint
uranium-glass,Vintage Etched Uranium Glass Pitcher,48.0,2026-01-17,,,WorthPoint
uranium-glass,Fenton Glass Hobnail Vaseline Uranium Creamer Sugar Ruffled Bonbon Candy Dish,55.0,2026-01-17,,,WorthPoint
uranium-glass,Vintage Fenton Uranium Glass Fairy Lamp ‚Äì Hand Painted Custard Glass ‚Äì Signed,149.99,2026-01-17,,,WorthPoint
uranium-glass,2 Vtg Yellow Uranium Glass Lamp Shades Bell 4‚Äù Set Pair 2.25‚Äù Fitter 2-1/4‚Äù Exc!,139.0,2026-01-17,,,WorthPoint
uranium-glass,Uranium Depression Glass - Lot Of 5 Pieces - Unmatching - Cleanup Sale $10.,10.0,2026-01-17,,,WorthPoint
uranium-glass,FENTON URANIUM Glass Clock Hand Painted Winter Scene Church,249.0,2026-01-17,,,WorthPoint
uranium-glass,"Vintage Set Of 2 Green Uranium Glass Candle Holders With Floral Pattern Base 4\\\""",65.0,2026-01-17,2.0,32.5,WorthPoint
uranium-glass,Set Of Vintage Anchor Hocking Uranium Glass Green Salt & Pepper Shakers Glows,35.14,2026-01-17,,,WorthPoint
uranium-glass,Houze Akro Agate Slag UV Glow Uranium Glass Ashtray,50.0,2026-01-17,,,WorthPoint
uranium-glass,"Vintage 6\\\"" Uranium Glass Saucer With Floral Etch | UV Glow",10.95,2026-01-17,,,WorthPoint
uranium-glass,Antique Uranium Glass Bowl,20.0,2026-01-17,,,WorthPoint
uranium-glass,Antique Uranium Glass Shot Glass Lid For Cambridge Cat Or Dog Decanter,102.5,2026-01-17,,,WorthPoint
uranium-glass,Antique Uranium Glass Cat Decanter/vase 8 In Tall Small Chip On Top,285.0,2026-01-17,,,WorthPoint
uranium-glass,Antique Salt And Pepper Uranium Glass,53.56,2026-01-17,,,WorthPoint
uranium-glass,Vintage Anchor Hocking Green Paneled Uranium Glass 6.5‚Äù Hoosier Spice Jar,42.0,2026-01-17,,,WorthPoint
uranium-glass,Federal Glass Uranium Sherbet Dish UV Glow | Vintage Ca. 1930s,14.95,2026-01-17,,,WorthPoint
uranium-glass,Depression Fostoria Yellow Vaseline Uranium Glass 3 Part Covered Candy Nut Dish,110.0,2026-01-17,,,WorthPoint
uranium-glass,"Rare Vintage Uranium Glass Bottle With Filigree Overlay 6\\\""",149.5,2026-01-17,,,WorthPoint
uranium-glass,"Bottoms Up Uranium Figural Shot Glass 3\\\"" Opaque Light Green Glows UV McKee Style",98.98,2026-01-17,,,WorthPoint
uranium-glass,2 Unbranded - Non-Matching Uranium Glass Candlestick Holders - 1 Has A Chip.,17.99,2026-01-17,,,WorthPoint
uranium-glass,Vintage 3 Pc Set Uranium Glass Shot Glasses 3‚Äù Heavy Base Barware UV GLOW,38.0,2026-01-17,,,WorthPoint
uranium-glass,"Vintage Depression Era Uranium Shot Glass 2.75\\\"" Tall",10.0,2026-01-17,,,WorthPoint
uranium-glass,Fenton Uranium Satin Custard Glass Bird Vintage Hand Painted Signed Floral,48.0,2026-01-17,,,WorthPoint
uranium-glass,Vintage Uranium Glass Knife Floral Handle Vaseline Glow Made In USA,199.99,2026-01-17,,,WorthPoint
uranium-glass,Fenton Uranium Hobnail Glass Butterdish Excellent Condition,250.0,2026-01-17,,,WorthPoint
uranium-glass,Anchor Hocking Block Optic Uranium Glass Pitcher. Excellent Condition Vintage,81.5,2026-01-17,,,WorthPoint
uranium-glass,"Vintage Set 3 Uranium Glass Saucer Plates 8.5\\\"" Etched Floral UV Glow",35.0,2026-01-17,,,WorthPoint
uranium-glass,Vintage Green Uranium Vaseline Glass Pitcher,38.0,2026-01-17,,,WorthPoint
uranium-glass,Vintage Pair Of IHS Crucifix Uranium Glass Candle Stick Holder Jesus On G2U,135.0,2026-01-17,,,WorthPoint
uranium-glass,Vintage Uranium Glass Jug Pitcher Vaseline Green Ribbed Pedestal 1930s Glows UV,40.18,2026-01-17,,,WorthPoint
uranium-glass,Antique Uranium Glass Shaker Pressed Scroll Feather Vaseline Custard,39.0,2026-01-17,,,WorthPoint
uranium-glass,"Bagley #334 Art Deco 4\\\"" Uranium Green Glass 'Grantham' Vase",53.6,2026-01-17,,,WorthPoint
uranium-glass,VTG Fenton Uranium Glass Custard 5‚Äù Fairy Lamp Winter Log Cabin W/label Candle,79.99,2026-01-17,,,WorthPoint
uranium-glass,Vintage Fenton Satin Custard Uranium Glass Ruffled Basket Hand Painted / Signed,39.95,2026-01-16,,,WorthPoint
uranium-glass,"Art Deco Uranium Glass Mantel Clock C.1930s ‚Äì Vaseline Glass, As-Is",325.0,2026-01-16,,,WorthPoint
uranium-glass,Antique Uranium Glass Pickle Caster Relish Silver Plate Carrier 12‚Äù Tongs,200.0,2026-01-16,,,WorthPoint
uranium-glass,Vintage Fenton Uranium Custard Glass Cactus Butter Dish UV Glow Original Sticker,99.95,2026-01-16,,,WorthPoint
uranium-glass,Rare Original 1930s Kellogg‚Äôs Uranium Glass Measuring Cup ‚Äì Hazel-Atlas,65.0,2026-01-16,,,WorthPoint
uranium-glass,Vintage Hazel Atlas Green Uranium Glass Covered Refrigerator Dish W/ Lid,35.0,2026-01-16,,,WorthPoint
uranium-glass,"Rare-Vintage Uranium Glass, Gold Gilt, Ice Bucket .",45.0,2026-01-16,,,WorthPoint
uranium-glass,"Large Green Anchor Hocking Uranium Glass Cameo Ballerina Vase, 8 Inches Tall",29.74,2026-01-16,,,WorthPoint
uranium-glass,Vintage Fenton Owl Fairy Lamp Glowing Uranium Glass Custard,95.0,2026-01-16,,,WorthPoint
uranium-glass,Kuthe 5956 Thyratron TUBE Green Uranium Glass ATOMIC AGE MCM HYDROGEN TRIODE NOS,59.99,2026-01-16,,,WorthPoint
uranium-glass,Fenton Burmese Satin Fairy Lamp Roses Uranium Glass Hand Painted Signed Gloria F,125.0,2026-01-16,,,WorthPoint
uranium-glass,Vintage 30‚Äôs Federal Sylvan Parrot Uranium Green Depression Glass Oval Platter,29.99,2026-01-16,,,WorthPoint
uranium-glass,Ulysses S. Grant The Patriot & Soldier Rare Blue Uranium Glass Bowl 1885,125.0,2026-01-16,,,WorthPoint
uranium-glass,Antique Uranium Glass Shaker Hobnail Floral Vaseline Custard,39.0,2026-01-16,,,WorthPoint
uranium-glass,Antique Uranium Glass Corn Shakers Salt & Pepper Set Strong Glow,130.0,2026-01-16,,,WorthPoint
uranium-glass,Antique Uranium Glass Car/Hearse Bud Vase,44.85,2026-01-16,,,WorthPoint
uranium-glass,Vintage Green Uranium Glass Cream & Sugar Set W/ Tray UV Glow Vaseline Glass,89.99,2026-01-16,,,WorthPoint
uranium-glass,New Berry Blue Uranium Glass Hen On Nest Salt Cellar EE Bowman Mold Wow,49.0,2026-01-16,,,WorthPoint
uranium-glass,Vintage Green Uranium Glass Dessert Salad Plate 8‚Äù Cube Cubist 1929-1933,11.95,2026-01-16,,,WorthPoint
uranium-glass,"Green/uranium Glass-Art Deco Era, Tri Footed Bowl Candy Dish. 22k Gold Trim.",38.0,2026-01-16,,,WorthPoint
uranium-glass,Vintage Uranium Glass Corn Shaker Vaseline Glowy Glass Salt Or Pepper,45.0,2026-01-16,,,WorthPoint
uranium-glass,Stevens & Williams Uranium Glass Vase 6.5‚Äù Opalescent Applied Flowers Victorian,325.0,2026-01-16,,,WorthPoint
uranium-glass,"Federal Uranium Glass Diana Swirl Sherbet Dishes, Set Of 6 Vintage 1930s",20.5,2026-01-16,,,WorthPoint
uranium-glass,"Indiana Glass Company Green Uranium 8.5\\\"" Leaf Plate Glows EUC",14.99,2026-01-16,,,WorthPoint
uranium-glass,Vintage Green Vaseline Uranium Glass Lot,10.99,2026-01-16,,,WorthPoint
uranium-glass,Vintage Green Uranium Glass Measuring Cup,25.0,2026-01-16,,,WorthPoint
uranium-glass,"Antique Vaseline Uranium Glass Bird Cage Water Dish Deco Style 3\\\"" Tall",79.99,2026-01-16,,,WorthPoint
uranium-glass,Vintage Green Depression Glass Pitcher And Under Plate Uranium,50.0,2026-01-16,,,WorthPoint
uranium-glass,"GREEN Vaseline URANIUM Glass - Square WAFFLE BLOCK - BRIDE's Basket, BERRY Bowl",99.99,2026-01-16,,,WorthPoint
uranium-glass,"Vintage Uranium Glass Pitcher Anchor Hocking Cris Cross Pattern 8\\\""",25.0,2026-01-16,,,WorthPoint
uranium-glass,Depression Vaseline Uranium Glass Pedestal Candle Stick Holder Set Of 2,40.0,2026-01-16,,,WorthPoint
uranium-glass,New Mini Uranium Glass Hen On Nest Lime Green Salt Cellar From ER Mold Gift,50.0,2026-01-16,,,WorthPoint
uranium-glass,"Antique Victorian Hand Painted Uranium Glass Miniature Oil Lamp 6.25\\\""",51.0,2026-01-16,,,WorthPoint
uranium-glass,Vintage 3 Pc Fenton Custard Persian Medallion Uranium Glass Fairy Lamp Fairylamp,149.99,2026-01-16,,,WorthPoint
uranium-glass,Cambridge Green Uranium Glass Ice Bucket W Hammered Handle,20.0,2026-01-16,,,WorthPoint
uranium-glass,15 Green Depression Glass Uranium Glass Plates,48.99,2026-01-16,15.0,3.27,WorthPoint
uranium-glass,Mosser Uranium Glass Cookie Biscuit Jar Depression Green Glass,125.5,2026-01-16,,,WorthPoint
uranium-glass,"Antique Scovil MFG Uranium Glass Oil Lamp . 1880-1900 17\\\"" Tall",125.0,2026-01-16,,,WorthPoint
uranium-glass,Uranium Glass Eimac Vacuum Tube VT-127-A Pre-patent Example Military Triode,85.0,2026-01-16,,,WorthPoint
uranium-glass,"Vintage 9-1/2\\\"" Uranium Glass Victorian Brides Basket Green White Ruffled Edge",49.95,2026-01-16,,,WorthPoint
uranium-glass,Uranium Glass Frog Made From Old Viking Mold,38.0,2026-01-16,,,WorthPoint
uranium-glass,"Stunning 6.5\\\"" Vintage Uranium Glass Vaseline Glass Ruffled Bowl Glows Bright",54.5,2026-01-16,,,WorthPoint
uranium-glass,Set Anchor Hocking Green Block Optic Uranium Glass Creamer & Sugar,27.0,2026-01-16,,,WorthPoint
uranium-glass,Ultra Scarce Set Of Vintage Uranium Glass Snow White & The 7 Dwarfs Buttons,153.51,2026-01-16,,,WorthPoint
uranium-glass,Depression Era Uranium Glass Single Salt Shaker With Lid,25.0,2026-01-16,,,WorthPoint
uranium-glass,"Green Uranium Glass Glass Vase, Circular Posy Flower Ring Trough Art Deco Bagley",14.9,2026-01-16,,,WorthPoint
uranium-glass,2 Fenton Uranium Glass Cat Head Topaz Hobnail Opalescent Shoe Slipper Glows VTG,65.0,2026-01-16,,,WorthPoint
uranium-glass,Antique Northwood Koi/Dolphin Footed Compote Uranium Vaseline Glass Opalescent,87.0,2026-01-16,,,WorthPoint
uranium-glass,Uranium Glass Vase Vintage/Antique Art Deco,15.0,2026-01-16,,,WorthPoint
uranium-glass,Antique Art Deco Uranium Glass Vase,36.0,2026-01-16,,,WorthPoint
uranium-glass,Hand Blown Uranium Glass Green Frost Decanter Mushroom Stopper Antique Art Deco,110.52,2026-01-16,,,WorthPoint
uranium-glass,"Vintage One Uranium Glass Dessert Plate, 6\\\"" Green Glows Under UV, Block Style",12.77,2026-01-16,,,WorthPoint
uranium-glass,"Vintage Uranium Glass Ruffle Top Pedestal Candy Dish, 6‚Äù",38.99,2026-01-16,,,WorthPoint
uranium-glass,Huge Victorian Elegant Cut Crystal Vaseline Wine Bucket Glows Uranium Glass Rare,300.0,2026-01-16,,,WorthPoint
uranium-glass,Vintage Green Uranium Jeannette Glass Poinsettia Etched Design Serving Bowl,22.0,2026-01-16,,,WorthPoint
uranium-glass,"Jeannette Poinsettia Uranium Glass 9\\\"" Dinner Plate | Vintage Ca. 1930",14.95,2026-01-16,,,WorthPoint
uranium-glass,Uranium Glass Forget Me Not Boyd Glass Toothpick Holder Vaseline GLOW,16.5,2026-01-16,,,WorthPoint
uranium-glass,"URANIUM GLASS ELEPHANT ASHTRAY 6\\\"" Depression Vintage Vaseline Glass",89.99,2026-01-16,,,WorthPoint
uranium-glass,Uranium Glass Vase Depression Era Bud Vase Cylinder Blacklight UV,34.99,2026-01-16,,,WorthPoint
uranium-glass,Fenton Cat Uranium Glass Green,100.0,2026-01-16,,,WorthPoint
uranium-glass,7-6.25 Inch Green Depression Glass Uranium Glass Plate,36.99,2026-01-16,,,WorthPoint
uranium-glass,Akro Agate Uranium Slag Glass Ashtray Will Eagle Ex Cond Big And Heavy,170.0,2026-01-16,,,WorthPoint
uranium-glass,Uranium Glass General Jumbo Tires Advertising Ashtray,45.0,2026-01-16,,,WorthPoint
uranium-glass,"Vintage Uranium Glass Ashtray 3\\\"" With Metal Floral Base",59.95,2026-01-16,,,WorthPoint
uranium-glass,925 Sterling Silver Vaseline Glass Ring Uranium Glass Adjustable,34.0,2026-01-16,,,WorthPoint
uranium-glass,"Cambridge Primrose Yellow Uranium Glass 9.5\\\"" X 5 25\\\"" Pedestal Bowl",50.0,2026-01-16,,,WorthPoint
uranium-glass,Vtg Fenton Lime Green Satin Custard Uranium Glass Water Lily Candlestick Pair,50.0,2026-01-16,,,WorthPoint
uranium-glass,Uranium Glass Pitcher,36.3,2026-01-16,,,WorthPoint
uranium-glass,Uranium Glass Divided Candy Dish,63.72,2026-01-16,,,WorthPoint
uranium-glass,Fenton Custard Uranium Glass Egg,34.22,2026-01-16,,,WorthPoint
uranium-glass,3 Pcs Of Uranium Glass,59.4,2026-01-16,,,WorthPoint
uranium-glass,Beautiful Uranium Glass Lustres Pair Opaline,200.99,2026-01-16,,,WorthPoint
uranium-glass,Beautiful Libochovice Uranium Glass Penguin Centre Piece Art Deco Figure,80.65,2026-01-15,,,WorthPoint
uranium-glass,3 Uranium Glass Plates/platters,59.4,2026-01-15,,,WorthPoint
uranium-glass,8 Uranium Glass Cups,68.2,2026-01-15,,,WorthPoint
uranium-glass,Antique Depression Uranium Glass Set Of 7,49.0,2026-01-15,,,WorthPoint
uranium-glass,Westmoreland Uranium Vaseline Glass Lovebirds Covered Dish Vintage,179.99,2026-01-15,,,WorthPoint
uranium-glass,"Vintage Uranium Vaseline Glass Vase - Green Optic Ribbed Pattern - 8.5\\\""",35.2,2026-01-15,,,WorthPoint
uranium-glass,Pair Vtg Green Uranium Glass License Plate Reflectors Auto Motorcycle Bike,149.95,2026-01-15,,,WorthPoint
uranium-glass,Vintage Uranium Glass Green Bowl Gold Trim Art Deco 6.25 Inch,44.95,2026-01-15,,,WorthPoint
uranium-glass,Eimac 450TH Uranium Glass Transmitting Triode Tube NOS JAN-CIM 450TH ORIG. BOX,250.0,2026-01-15,,,WorthPoint
uranium-glass,Uranium Glass Tall Tumbler / Drinking Glass Pair,12.0,2026-01-15,,,WorthPoint
uranium-glass,VTG Fenton Custard Uranium Glass Ruffled Edge Basket Hand Painted Daisy Satin,29.0,2026-01-15,,,WorthPoint
uranium-glass,Pair Of Vintage Vaseline Uranium Glass Koi/dolphin Candlestick!,235.0,2026-01-15,,,WorthPoint
uranium-glass,Amberina Uranium Glass Eagle & Patterned Goblet Wine Glass Set Of 2 EAPG,39.99,2026-01-15,,,WorthPoint
uranium-glass,Vintage 1930s Kellogg's Green Uranium Glass 3 Spout Liquid Measuring Cup 8oz,39.0,2026-01-15,226.8,0.17,WorthPoint
uranium-glass,Vintage Fenton Hand Painted Artist Signed Burmese Uranium Glass Rose Bowl,49.75,2026-01-15,,,WorthPoint
uranium-glass,NICE Antique Art Nouveau Era VASELINE URANIUM Glass 2-1/4‚Äù Fitter Lamp Shade,59.99,2026-01-15,,,WorthPoint
uranium-glass,Vintage Fenton Owl Lamp Green Uranium Glass Marked Candle Sticker Holder Fairy,158.88,2026-01-15,,,WorthPoint
uranium-glass,Vtg Dur-X Made In USA Uranium Glass Cake/Fruit Knives,137.5,2026-01-15,,,WorthPoint
uranium-glass,Art Deco Chase Brass & Co Green Vaseline Uranium Glass Brass Slide Top Ashtray,99.99,2026-01-15,,,WorthPoint
uranium-glass,REAL URANIUM Glass Owl Fairy Lamp Made From Fenton Mold Glows Green,95.0,2026-01-15,,,WorthPoint
uranium-glass,Update: Green Depression Uranium Glass 1 Lb Butter Cover And Clear Bottom,24.99,2026-01-15,453.6,0.06,WorthPoint
uranium-glass,Beautiful Vintage Tiffin Psyche Uranium Glass Green Pitcher & Lid & 6 Sherbets,495.0,2026-01-15,,,WorthPoint
uranium-glass,Fenton Custard Uranium Glass Fairy Lamp Wood Cabin Artist Dane Frederick Vintage,99.99,2026-01-15,,,WorthPoint
uranium-glass,Uranium Depression Green Glass Pitcher Etched Flowers 64 Oz.,45.0,2026-01-15,1814.4,0.02,WorthPoint
uranium-glass,Lot Of 5 Vaseline Glass Uranium Glass Marbles Uv Glowers,13.5,2026-01-15,,,WorthPoint
uranium-glass,Uranium Glass Hazel Atlas Green Depression Glass Round Dish With Lid,22.5,2026-01-15,,,WorthPoint
uranium-glass,Uranium Green Depression Glass Sugar Bowl & Creamer 2 Coasters Fostoria Fairfax,26.99,2026-01-15,,,WorthPoint
uranium-glass,Vintage Akro Agate Uranium Glass Metal Lion Ashtray Great Condition ** READ **,130.0,2026-01-15,,,WorthPoint
uranium-glass,"Bottoms Up Uranium Figural Shot Glass 3\\\"" Opaque Dark Green Glows UV McKee Style",98.98,2026-01-15,,,WorthPoint
uranium-glass,"URANIUM GLASS JUICER 6\\\"" Diameter",22.65,2026-01-15,,,WorthPoint
uranium-glass,Uranium Vaseline Glass Five-Decade Catholic Rosary ‚Äì Glows Under UV Light,76.5,2026-01-15,,,WorthPoint
uranium-glass,VTG Hazel Atlas Green Small Mixing Bowl Pillar Optic Ribbed Uranium Glass Glows,24.99,2026-01-15,,,WorthPoint
uranium-glass,Vintage Uranium Glass Mayonnaise Spoon Ladle Green Vaseline Glass 1930s,29.99,2026-01-15,,,WorthPoint
uranium-glass,"Art Deco Bridge Floor Lamp Brass / Cast Iron W_Uranium Glass 12\\\"" Stick + 2\\\"" Ball",319.99,2026-01-15,,,WorthPoint
uranium-glass,Large Art Deco Uranium Glass Serving Bowl UV Glow Vintage 1930s Green Vaseline,24.93,2026-01-15,,,WorthPoint
uranium-glass,Vintage Uranium Blue Green Glass Pair Candlestick Candle Holders,24.67,2026-01-15,,,WorthPoint
uranium-glass,"Fenton Uranium Glass Bowl Dish, Green Opalescent Hobnail Ruffled Glow Vintage",36.0,2026-01-15,,,WorthPoint
uranium-glass,17in Fenton Topaz Opalescent Hobnail Vaseline (uranium) Glass Swung Vase.,350.0,2026-01-15,,,WorthPoint
uranium-glass,Vintage 1930s Art Deco Uranium Glass Dressing Table Set Tray/Trinket Dishes,36.79,2026-01-15,,,WorthPoint
uranium-glass,Vintage Uranium Glass Ribbed Fan Vase,29.99,2026-01-15,,,WorthPoint
uranium-glass,"Antique 1920 Uranium Art Deco Glass Pitcher Frosted Grape Motif Footed Base 8\\\""",150.0,2026-01-15,,,WorthPoint
uranium-glass,POWDER DRESSER Art Deco Trinket Box Uranium GLASS GREEN MATTE CLASSIC MAKE UP,42.49,2026-01-15,,,WorthPoint
uranium-glass,"Fenton RARE Uranium Glass Waffle Pattern Jar, 6.5\\\"" Tall",250.0,2026-01-15,,,WorthPoint
uranium-glass,Fenton-Vtg Small Topaz Opalescent Vaseline Hobnail Uranium Glass Top Hat Vase,37.0,2026-01-15,,,WorthPoint
uranium-glass,"Mosser Glass Pee Wee Plate & Clown Uranium Glass \\\""All The World Loves A Clown\\\""",44.99,2026-01-15,,,WorthPoint
uranium-glass,Vintage Uranium Glass Slag Ball Marble Gear Shift Knob Akro Hot Rod Ox Blood Red,89.99,2026-01-15,,,WorthPoint
uranium-glass,Antique Victorian Uranium Vaseline Glass Light Lamp Shade For Gasolier 6‚Äù,80.0,2026-01-15,,,WorthPoint
uranium-glass,"Bombay Frog 4\\\"" Candle Holder With Rhinestones And Gold Crystal (uranium Glass)",14.99,2026-01-15,,,WorthPoint
uranium-glass,11.5‚Äù Jack In The Pulpit Opalescent Uranium.-vaseline Glass Vase.,95.0,2026-01-15,,,WorthPoint
uranium-glass,1900 Vaseline Uranium Glass Pitcher Coney Island Amusement Park Brooklyn NY NYC,59.95,2026-01-15,,,WorthPoint
uranium-glass,1907 Vaseline Uranium Glass Large Cup With Rose Cedar Point Amusement Park Ohio,59.95,2026-01-15,,,WorthPoint
uranium-glass,Green Depression Compote With Lid Uranium Glass?,11.88,2026-01-15,,,WorthPoint
uranium-glass,Vintage 13‚Äù Uranium Glass Ribbed Optic Swung Vase Pinched And Pulled Ruffled Rim,64.95,2026-01-15,,,WorthPoint
uranium-glass,Vintage Vaseline Uranium Glass Green Snowflake Design Plate,18.5,2026-01-15,,,WorthPoint
uranium-glass,Vintage Uranium Vaseline Glass Moon & Stars Pedestal Candy Dish Compote Green,100.0,2026-01-15,,,WorthPoint
uranium-glass,"GREAT 1930? Uranium Glass Fruit & Cake Knife Atlantic City, NJ IN ORIGINAL BOX",199.75,2026-01-15,,,WorthPoint
uranium-glass,Vintage Uranium Glass Pitcher Cranberry Vaseline Optic Bubbles UV Glow,149.99,2026-01-15,,,WorthPoint
uranium-glass,Cambridge Elegant Green Uranium Glass Swan Candy Nut Dish 7‚Äù,48.0,2026-01-15,,,WorthPoint
uranium-glass,Fenton PINK BLOSSOMS Custard Satin Uranium Glass Vase & Bird Hand-Painted Signed,100.0,2026-01-15,,,WorthPoint
uranium-glass,Fenton Crystal Clear Uranium Glass Dolfin Candle Stick Holders Glows!,34.99,2026-01-15,,,WorthPoint
uranium-glass,Opaline Uranium Glass Painted Vase,22.42,2026-01-15,,,WorthPoint
uranium-glass,Fenton Uranium Glass Topaz Opalescent Butterly On Branch Ring Holder,170.0,2026-01-15,,,WorthPoint
uranium-glass,Uranium Glass Tiffin Milady Yellow Powder Dish Vanity Trinket Bowl,69.99,2026-01-15,,,WorthPoint
uranium-glass,Vintage Federal Glass Thumbprint Uranium Glass Cup And Saucer Set - GVC,17.99,2026-01-15,,,WorthPoint
uranium-glass,Belgian C1920 Uranium Glass Coctail Glass,26.8,2026-01-15,,,WorthPoint
uranium-glass,Large Opaline Uranium Glass Lamp,134.01,2026-01-15,,,WorthPoint
uranium-glass,Uranium Glass Akro Agate Dishes,69.6,2026-01-15,,,WorthPoint
uranium-glass,Vintage URANIUM Glowy Shot Glass Super Bright Green,26.98,2026-01-15,,,WorthPoint
uranium-glass,"Uranium Glass 11 Piece Collection: Sunflower Plates, Candlesticks, Lemon Juicer, Butter Dish, & More",109.74,2026-01-15,,,WorthPoint
uranium-glass,Uranium Glass Oval Platter,49.56,2026-01-15,,,WorthPoint
uranium-glass,"Set Of (9) Anchor Hocking Uranium Glass 8.25\\\"" Block Optic Design Salad Plates",58.0,2026-01-15,,,WorthPoint
uranium-glass,Uranium Glass Elephant Powder Jar,73.16,2026-01-15,,,WorthPoint
uranium-glass,Uranium Glass Syrup Jug,51.92,2026-01-15,,,WorthPoint
uranium-glass,Floral & Diamond Uranium Glass Beverage Tumblers,73.16,2026-01-15,,,WorthPoint
uranium-glass,"PERFECT Vintage Uranium Green Depression Glass Citrus Juicer Reamer, Bright Glow",34.5,2026-01-15,,,WorthPoint
uranium-glass,7 Vintage Uranium Glass Pedestal Sherbet Cups,30.68,2026-01-15,,,WorthPoint
uranium-glass,MCM 4 Hazel Atlas Vintage Green Depression Custard Cups Dish Uranium Glass 1930s,24.99,2026-01-14,,,WorthPoint
uranium-glass,Vintage 1930s Hazel Atlas Ribbon Uranium Green Glass Salt & Pepper Shaker Set,34.49,2026-01-14,,,WorthPoint
uranium-glass,Set Of 3 Hazel Atlas Colonial Block Optic Uranium Green Glass Water Goblets,32.0,2026-01-14,,,WorthPoint
uranium-glass,Rare 1908 Val Saint Lambert Luxval Valembert Uranium Glass Bottle Set UV Glow,395.0,2026-01-14,,,WorthPoint
uranium-glass,3 Hazel Atlas Uranium Glass Green Sculpted Grape Depression Glass Vintage 1930s,29.27,2026-01-14,,,WorthPoint
uranium-glass,Vintage Green Depression Vaseline Uranium Glass Salt & Pepper Caddy Holder ONLY,40.0,2026-01-14,,,WorthPoint
uranium-glass,6 Federal Green Depression Glass Raindrops Optic Design Cup Glows Uranium Glass,25.99,2026-01-14,,,WorthPoint
uranium-glass,"Uranium Glass Jeanette \\\""Cubist Cube\\\"" Bowl 7.5\\\"" Glows",28.0,2026-01-14,,,WorthPoint
uranium-glass,Vtg Green Depression Era Uranium Glass Measuring 2 Cup Hand Mixer Z,60.0,2026-01-14,,,WorthPoint
uranium-glass,Vintage Bohemian Uranium Glass Hand Painted Enamel And Gilded Bowl Centerpiece,149.0,2026-01-14,,,WorthPoint
uranium-glass,Federal Glass Madrid Salt Pepper Shakers Green Uranium Glass Original Lids 1930s,39.99,2026-01-14,,,WorthPoint
uranium-glass,Vintage LG Wright Yellow Vaseline Uranium Glass Wildflowers,55.0,2026-01-14,,,WorthPoint
uranium-glass,Vintage McKee Green Jadeite Uranium Glass Juicer/Reamer Mid Century Chip Outer,19.95,2026-01-14,,,WorthPoint
uranium-glass,Uranium Glass Orange Squeezer Juicer Vibrant Green Depression Era CHIPPED!,20.5,2026-01-14,,,WorthPoint
uranium-glass,Uranium Glass L. G. Wright Water Goblet Wildflower Pattern W/ Opalescent Rim,27.95,2026-01-14,,,WorthPoint
uranium-glass,Vaseline Uranium Glass Poop,69.0,2026-01-14,,,WorthPoint
uranium-glass,"(RARE) Art Deco End Of Day, Czech Glass Shade Table Lamp, URANIUM GLASS Base .",219.0,2026-01-14,,,WorthPoint
uranium-glass,Art Deco Uranium Glass Slag Floor Lamp Works,250.0,2026-01-14,,,WorthPoint
uranium-glass,VTG Fenton Topaz Opalescent Hobnail Uranium Glass 10‚Äù Ruffled Bowl *MINT*,115.0,2026-01-14,,,WorthPoint
uranium-glass,Vintage Uranium Yellow Glass Vase-Hand W/Cornucopia,129.99,2026-01-14,,,WorthPoint
uranium-glass,Vintage Jadite Uranium Slag Glass Floor Table Lamp Spacer Parts,75.0,2026-01-14,,,WorthPoint
uranium-glass,Antique Victorian Bride's Basket Pink Cased Uranium Glass Applied Amber Rigaree,125.0,2026-01-14,,,WorthPoint
uranium-glass,Vintage Uranium Mid Century Modern Vaseline Green Glass Ashtray Art Deco,28.0,2026-01-14,,,WorthPoint
uranium-glass,Vintage Uranium Glass Shot Glass Unbranded,22.99,2026-01-14,,,WorthPoint
uranium-glass,"Uranium Glass, 1929 Hazel-Atlas Bowl, Glows Under Blacklight",33.0,2026-01-14,,,WorthPoint
uranium-glass,Uranium Glass Anchor Hocking Roulette Dishes 1930s 4 Cups 4 Saucers ExcCo FShip,44.99,2026-01-14,,,WorthPoint
uranium-glass,Vintage Uranium Glass Scalloped Round Decorative Bowl/Dish A90 Y138,12.03,2026-01-14,,,WorthPoint
uranium-glass,"Vintage Uranium Glass Salt Or Pepper Shaker From JeaGlass With A \\\""Cubist Pattern",25.0,2026-01-14,,,WorthPoint
uranium-glass,4 Vaseline & Cobalt Blue Paneled Optic Twisted Stem Uranium Glass Goblets,81.0,2026-01-14,,,WorthPoint
uranium-glass,"Vintage 10.5\\\"" Beautiful Depression Uranium Glass Decanter W/ Stopper Vaseline",72.21,2026-01-14,,,WorthPoint
uranium-glass,Hazel Atlas Uranium Glass Round Refrigerator Box No Lid Glows,17.49,2026-01-14,,,WorthPoint
uranium-glass,"Set Of 3 Federal Green Uranium Glass Sunburst 3.25\\\"" Depression Glass Coasters",38.0,2026-01-14,,,WorthPoint
uranium-glass,Vintage Murano Uranium Glass Vase.,87.37,2026-01-14,,,WorthPoint
uranium-glass,Fenton Vaseline Uranium Glass Hobnail Cat Slipper Shoe ‚Äì Glows Under UV Light,49.99,2026-01-14,,,WorthPoint
uranium-glass,Vintage Glass 1940‚Äôs Uranium Glass Swung Vase 9‚Äù Stunning Glows,29.99,2026-01-14,,,WorthPoint
uranium-glass,Uranium Glass Moon Star Charm Brushed Silver Plated 1pc Pendant Yellow Opal,12.5,2026-01-14,,,WorthPoint
uranium-glass,Vintage Uranium Glass Electric Globe,96.99,2026-01-14,,,WorthPoint
uranium-glass,Set Of 4 Antique Uranium Glass Goblets Etched Leaf Pattern ~7‚Äù Tall UV Glow,40.0,2026-01-14,,,WorthPoint
uranium-glass,Uranium Glass Glowing Vintage Vaseline Jack In The Pulpit,55.0,2026-01-14,,,WorthPoint
uranium-glass,"Vintage Hazel Atlas Uranium Glass Checkerboard Ashtray Matchbook Holder 5.75\\\""D",29.99,2026-01-14,,,WorthPoint
uranium-glass,Vintage Block Optic Green Depression Vaseline Uranium Glass Butter Dish,29.99,2026-01-14,,,WorthPoint
uranium-glass,1 VTG Tiffin Franciscan Etched Green Foot Low Champagne Sherbet Uranium Glass,10.15,2026-01-14,,,WorthPoint
uranium-glass,Uranium Glass,22.0,2026-01-14,,,WorthPoint
uranium-glass,Deerwood Etched Uranium Glass Handled Tray & Green Depression Glass Plates,68.44,2026-01-14,,,WorthPoint
uranium-glass,15 Vintage Vaseline Uranium Glass Glasses,24.78,2026-01-14,,,WorthPoint
uranium-glass,"Uranium ""Vaseline"" Cordial Glasses (11)",14.16,2026-01-14,,,WorthPoint
uranium-glass,"Eight 8.5"" Uranium Glass Plates By Cambridge",105.02,2026-01-14,,,WorthPoint
uranium-glass,Uranium Glass Candelabras & Tea Lights,237.18,2026-01-14,,,WorthPoint
uranium-glass,Vintage Victory Green Uranium Glass Pitcher & Tidbit Tray,37.95,2026-01-14,,,WorthPoint
uranium-glass,Uranium Glass Salt/pepper Shakers,184.0,2026-01-14,,,WorthPoint
uranium-glass,VTG DEGENHART Uranium Glass STATE SEAL OF OHIO CUP PLATE Small Plate,19.99,2026-01-13,,,WorthPoint
uranium-glass,Vtg Uranium Glass Custard Cups - PAIR Green Depression Glass,21.99,2026-01-13,,,WorthPoint
uranium-glass,Vintage Lot Barware Green Uranium Glass 3 Shot Glasses 1 Oz Federal 1930‚Äôs,25.0,2026-01-13,28.35,0.88,WorthPoint
uranium-glass,1930s Anchor Hocking Green Uranium Glass Jar/Lid,18.5,2026-01-13,,,WorthPoint
uranium-glass,"Biedermeier Uranium Glass Mug, One Replica, Signed \\\""Antique Gallery Suda\\\""",290.18,2026-01-13,,,WorthPoint
uranium-glass,Vintage Green Uranium Glass Salt & Pepper Shakers W/ Original Stand Caddy,125.0,2026-01-13,,,WorthPoint
uranium-glass,Rare Antique Small Green Art Uranium Glass Stemmed VASE 4.5‚Äù High X 4‚Äù Wide,69.0,2026-01-13,,,WorthPoint
uranium-glass,Art Nouveau French Uranium Glass Vase Painted Enamel Landscape DAUM/Legras C1900,750.0,2026-01-13,,,WorthPoint
uranium-glass,"Vintage Green Uranium Glass Flower Floral Footed 10\\\"" Cake Plate",16.77,2026-01-13,,,WorthPoint
uranium-glass,Vintage 1930s Green Uranium Glass Coffee Percolator Top Replacement,15.95,2026-01-13,,,WorthPoint
uranium-glass,Green Depression Era Uranium Glass Art Deco Handled Serving Tray ~Tea Room Style,22.49,2026-01-13,,,WorthPoint
uranium-glass,VTG URANIUM Vaseline Glass Swirl Optic Green 6‚Äù Saucer Glows 1930‚Äôs,19.99,2026-01-13,,,WorthPoint
uranium-glass,"Vintage Uranium Glass Drinking Glass, Green, 5‚Äù Tall",24.0,2026-01-13,,,WorthPoint
uranium-glass,"Vintage Round Uranium Glass Candle Holder 2 1/2\\\"" Tall 4 1/4\\\"" Diameter Base.",12.95,2026-01-13,,,WorthPoint
uranium-glass,Vintage Art Deco Green URANIUM Glass 2 Flying Love Birds FENTON Bowl EXQUISITE,49.99,2026-01-13,,,WorthPoint
uranium-glass,3x Vintage Uranium Vaseline Glass Pineapple Salt Cellar Dip Dish UV Green Glow,49.99,2026-01-13,,,WorthPoint
uranium-glass,2pcs Vintage 1930‚Äôs Tiffin Uranium Glass Dolphin Koi Fish Candlesticks Art Deco,199.99,2026-01-13,,,WorthPoint
uranium-glass,Green Depression (Uranium) Glass & Spun Aluminum Salt Or Pepper Shaker One Item,15.0,2026-01-13,,,WorthPoint
uranium-glass,"Antique Hand Blown Hand Painted Uranium Glow Green Victorian Glass 8\\\"" Tall Vase",44.0,2026-01-13,,,WorthPoint
uranium-glass,Vintage Art Deco Uranium Glass Decanter,40.0,2026-01-13,,,WorthPoint
uranium-glass,Vintage Elephant Uranium Glass Ashtray With A Chip,40.0,2026-01-13,,,WorthPoint
uranium-glass,"Antique Aqua Blue Uranium Glow Green Victorian Glass 9\\\"" Tall Vase And 4\\\"" Bowl",405.0,2026-01-13,,,WorthPoint
uranium-glass,Vintage 30s Anchor Hocking Green Depression JUICER Uranium Glass GLOWS,16.0,2026-01-13,,,WorthPoint
uranium-glass,"Vintage 8 1/2\\\"" Square Green Uranium Glass Ribbed Refrigerator Dish Glows No Lid",26.0,2026-01-13,,,WorthPoint
uranium-glass,Antique Uranium Volupte Aristo Devilbliss Glass Perfume Atomizer Bottle (PEB70),60.0,2026-01-13,,,WorthPoint
uranium-glass,Vintage Uranium Glass Satin Finish Vase,39.5,2026-01-13,,,WorthPoint
uranium-glass,Vintage Uranium Glass Footed Candy Dish Green Glows Under Blacklight,13.3,2026-01-13,,,WorthPoint
uranium-glass,"Fenton 1158 TS Iridized Topaz Opalescent Satin Hobnail 8\\\"" Basket Uranium Glass",89.95,2026-01-13,,,WorthPoint
uranium-glass,Uranium Glass Vaseline Green Plates 6‚Äù Set Of 5,29.99,2026-01-13,,,WorthPoint
uranium-glass,Uranium Hazel Atlas Green Glass Lidded Refrigerator Dish Glows,50.0,2026-01-13,,,WorthPoint
uranium-glass,VTG Anchor Hocking Block Optic Green Uranium Glass Salt Pepper Shaker Replacment,26.0,2026-01-13,,,WorthPoint
uranium-glass,Antique Green Uranium Glass Octagon Tobacco Depression Medicine Jar LOW PRICE,24.0,2026-01-13,,,WorthPoint
uranium-glass,VTG Uranium Glass DAISY & BUTTON Bowl,30.0,2026-01-13,,,WorthPoint
uranium-glass,Federal Vaseline Uranium Glass Jar Lid Swirl Pattern Green,25.0,2026-01-13,,,WorthPoint
uranium-glass,Vintage Uranium Glass Ruffled Pedestal Bowl Vaseline Art Glass UV Glow,69.99,2026-01-13,,,WorthPoint
uranium-glass,"VTG Fenton Lime Green Satin Uranium Glass \\\""Water Lily\\\"" Candle Holder- Glow",13.5,2026-01-13,,,WorthPoint
uranium-glass,Vintage 1930's Uranium Vaseline Depression Glass Wine/Champagne Goblets,15.0,2026-01-13,,,WorthPoint
uranium-glass,Vintage Uranium Vaseline Glass Pitcher,37.0,2026-01-13,,,WorthPoint
uranium-glass,Depression Glass Vaseline Uranium Green Glass Tall Handled Basket,20.0,2026-01-13,,,WorthPoint
uranium-glass,"Vintage 1930's Uranium Vaseline Depression Glass Creamer 4\\\""",10.0,2026-01-13,,,WorthPoint
uranium-glass,6-piece Uranium Glass Green Vintage US Scroll Tendrils Dessert Plate 6‚Äù UV GLOW,21.95,2026-01-13,,,WorthPoint
uranium-glass,Uranium Glass Cube 27mm And Pyramid,80.0,2026-01-13,,,WorthPoint
uranium-glass,Pair Custard Uranium Glass Bobeches - Square Ruffled - Gibson Or Vtg Fenton Styl,31.5,2026-01-13,,,WorthPoint
uranium-glass,Vintage Yellow Depression Glass Creamer & Sugar Set Etched Floral Uranium Glow,28.99,2026-01-13,,,WorthPoint
uranium-glass,Vintage Federal Glass Green Uranium Footed Sherbet Dessert Cups(Set Of 6),29.95,2026-01-13,,,WorthPoint
uranium-glass,Glass Large Juicer Citrus Reamer Uranium Glass Glows Green,25.0,2026-01-13,,,WorthPoint
uranium-glass,"Uranium Glass Measuring Cup Vidrio Products Corp. Chicago Ill, PAT NO. 1,935,857",25.0,2026-01-13,,,WorthPoint
uranium-glass,VTG FENTON Satin Uranium Glass Cat Figurine Hand Painted Floral Design Signed,82.0,2026-01-13,,,WorthPoint
uranium-glass,"Vintage Green Depression Uranium Glass Pedestal Serving Cake Plate Gold Trim 11\\\""",29.0,2026-01-13,,,WorthPoint
uranium-glass,Hobbs Buckner ?/ Fenton SM.Opalescent Hobnail Bowl Vaseline Uranium Glass (89ME),68.0,2026-01-13,,,WorthPoint
uranium-glass,Uranium Glass 2009 Spring Glow Tucker Torpedo Car Boyd's Crystal Art Glass,99.99,2026-01-13,,,WorthPoint
uranium-glass,Vintage Green Uranium Glass Jeannette Poinsettia Sugar Bowl & Creamer-MINT,29.99,2026-01-13,,,WorthPoint
uranium-glass,Vintage Tiffin Uranium Glass Green Satin Basket 11‚Äù Glows Stunning,39.99,2026-01-13,,,WorthPoint
uranium-glass,Vintage Green Uranium Depression Glass Cambridge Cleo Decagon Bowl & Sm Ladle,76.46,2026-01-13,,,WorthPoint
uranium-glass,Uranium Glass Creamer Davidson Primrose Pearline Vaseline Antique UK Glows,53.67,2026-01-13,,,WorthPoint
uranium-glass,Kelly Springfield Heavy Duty Uranium Glass Tire Ashtray Vintage Glow Glass 6 1/4,75.0,2026-01-13,,,WorthPoint
uranium-glass,VTG! 1933 FEDERAL Glass Green Vaseline Uranium Glass Patrician Spoke Creamer,15.99,2026-01-13,,,WorthPoint
uranium-glass,Uranium Glass Vaseline Green Plates 8.25‚Äù Set Of 5,29.99,2026-01-13,,,WorthPoint
uranium-glass,Victorian White/ Pink Floral Form Vase/ Uranium Glass,75.0,2026-01-12,,,WorthPoint
uranium-glass,3 Vintage Uranium Glass Juice Water Glasses Tumblers Florentine Pattern Glows,29.99,2026-01-12,,,WorthPoint
uranium-glass,Clarks Teaberry Chewing Gum Vaseline/uranium Glass Display Case Pedestal,150.0,2026-01-12,,,WorthPoint
uranium-glass,Vintage Fenton Uranium Glass Hand Bell - Custard Glass,27.3,2026-01-12,,,WorthPoint
uranium-glass,Westmoreland English Hobnail -Oil Lamp - Green Uranium Glass- Rare,200.0,2026-01-12,,,WorthPoint
uranium-glass,"Green Uranium Vaseline Satin Glass Tulip/Lotus Shaped Open Salt Dip/Cellar, Disj",32.0,2026-01-12,,,WorthPoint
uranium-glass,Fenton Olde Virginia Glass Fine Cut And Block Custard Uranium Glass Compote Dish,34.95,2026-01-12,,,WorthPoint
uranium-glass,Banlon Green Decorative Freestanding Uranium Glass Owl Figurine With Base,32.0,2026-01-12,,,WorthPoint
uranium-glass,Vintage Uranium Glass Ladel 5 Inches Long No Chips Or Cracks... GLOWS,35.0,2026-01-12,,,WorthPoint
uranium-glass,Uranium Frosted Glass Basket Weave Vase Bowl,20.5,2026-01-12,,,WorthPoint
uranium-glass,Vintage Uranium Glass Sugar Bowl Depression Glass,14.99,2026-01-12,,,WorthPoint
uranium-glass,VINTAGE FENTON VASELINE URANIUM GLASS FAIRY LAMP HAND PAINTED Linda Richardson,76.0,2026-01-12,,,WorthPoint
uranium-glass,Antique 10 Hole Uranium Glass FROSTED Green Flower Frog Oval 5.5‚Äù Diameter GLOWS,48.0,2026-01-12,,,WorthPoint
uranium-glass,Yellow Uranium Salt Shaker Very Bright Glow Uranium Glass,20.0,2026-01-12,,,WorthPoint
uranium-glass,Antique 20s Fostoria Fairfax Green Uranium Glass Creamer & Sugar Bowl Set Glows,18.71,2026-01-12,,,WorthPoint
uranium-glass,Vintage Jeanette Cherry Blossom Green Uranium Glass Divided Oval Platter 13‚Äù,34.99,2026-01-12,,,WorthPoint
uranium-glass,Vintage Uranium Glass Depression Ribbed Banded Water Milk Pitcher 8‚Äù Unbranded,18.0,2026-01-12,,,WorthPoint
uranium-glass,Green Uranium Glass Etched Pitcher With Gold Bands Pattern,24.0,2026-01-12,,,WorthPoint
uranium-glass,RARE Art Deco Frosted Yellow Uranium Green Glass Obelisk Powder Jar,37.27,2026-01-12,,,WorthPoint
uranium-glass,Vintage Hazel Atlas Vaseline Uranium Glass Green Salt & Pepper Shaker Shakers,40.0,2026-01-12,,,WorthPoint
uranium-glass,Heisey UG Uranium EAPG Custard Glass Souvenir Mug - BLOOM CITY Wisconsin Wis WI,25.0,2026-01-12,,,WorthPoint
uranium-glass,Vtg Uranium Glass Vaseline Pedestal Cake Plate Stand Tiffin Depression Gold 8‚Äù,82.64,2026-01-12,,,WorthPoint
uranium-glass,2 Piece Hocking Block Optic Green Uranium Glass Covered Butter Dish GLOWS H29,62.0,2026-01-12,,,WorthPoint
uranium-glass,Fenton Mom Trophy Good Luck Custard Glass/ Uranium 1983 Horseshoe,54.99,2026-01-12,,,WorthPoint
uranium-glass,Akro Agate Uranium Custard Slag Glass Lamp Art Deco GLOWS (Has Small Crack),65.0,2026-01-12,,,WorthPoint
uranium-glass,Vintage Depression Uranium Glass Juicer Vaseline Glass,24.95,2026-01-12,,,WorthPoint
uranium-glass,FENTON Vaseline URANIUM Glass BUNNY Rabbit Figurine Paperweight UV GLOW,155.0,2026-01-12,,,WorthPoint
uranium-glass,Cambridge Uranium Glass Vaseline Oil And Vinegar Cruet Set,99.95,2026-01-12,,,WorthPoint
uranium-glass,Vintage L.G. Wright Vaseline/Uranium? Glass Cordial Liquor Stemmed Glasses Set,68.03,2026-01-12,,,WorthPoint
uranium-glass,Antique Vintage Mosser/Moser? Vaseline Uranium Glass Domed Butter Dish Cherry,53.0,2026-01-12,,,WorthPoint
uranium-glass,Vintage Imperial Vaseline/Uranium? Glass Green Drink Pitcher & Tumbler Set,165.53,2026-01-12,,,WorthPoint
uranium-glass,Frosted Depression Uranium Glass 8‚Äù Vase Green,35.0,2026-01-12,,,WorthPoint
uranium-glass,Hazel Atlas Green Uranium Glass Creamer & Sugar Bowl - Vintage UV Glow,19.95,2026-01-12,,,WorthPoint
uranium-glass,Vintage Custard Uranium Glass Toothpick Holder W/ Gold Accent,25.75,2026-01-12,,,WorthPoint
uranium-glass,Vintage Indiana Green Uranium Glass Pear Design Footed Sugar Bowl Double Handle,19.95,2026-01-12,,,WorthPoint
uranium-glass,Mary Gregory Uranium Glass Perfume Bottle With Stopper,56.61,2026-01-12,,,WorthPoint
uranium-glass,"Hazel Atlas Uranium Glass Floor Saver/Furniture Coaster C1930s Made In USA 3\\\""dia",12.0,2026-01-12,,,WorthPoint
uranium-glass,"Anchor Hocking Uranium Glass 2pc Floor Savers/Furniture Coasters C1930 USA 2.5\\\""d",20.0,2026-01-12,,,WorthPoint
uranium-glass,Vintage Frost Uranium Glass Night Light Lamp,102.5,2026-01-12,,,WorthPoint
uranium-glass,Vintage Uranium Glowing Vaseline Glass Octagon Relish Dish With Metal Holder,45.0,2026-01-12,,,WorthPoint
uranium-glass,"Rare Antique Art Glass Bowl & Stand 10\\\"" Cranberry 1890s Uranium Glows",499.99,2026-01-12,,,WorthPoint
uranium-glass,2 X Amber Uranium Glass Vases,27.77,2026-01-12,,,WorthPoint
uranium-glass,Fenton Daisies On Custard Frog & Bird Uranium Glass Figurines Handpainted Vtg,125.0,2026-01-12,,,WorthPoint
uranium-glass,John Walsh Walsh Pink Uranium Glass Vase,13.86,2026-01-12,,,WorthPoint
uranium-glass,Walther & Sohne Oralite Uranium Glass Dish,36.73,2026-01-12,,,WorthPoint
uranium-glass,"2 Vintage Anchor Hocking Uranium Glass Cameo Ballerina 8.25\\\"" Depression Plate",20.0,2026-01-12,,,WorthPoint
uranium-glass,Weston Glass Depression Watermelon Uranium Footed Tumbler 3345-3 Diamond Optic,17.0,2026-01-12,,,WorthPoint
uranium-glass,Vtg Antique Uranium Glass Green Curtain Tie Back Slovakia Set Of 3,60.0,2026-01-12,,,WorthPoint
uranium-glass,Vintage Uranium Glass Single Cigarette Ashtray Green Glow Desk Ash Tray,39.99,2026-01-12,,,WorthPoint
uranium-glass,John O' Keefe Uranium Glass Druggist Apothecary Shot Glass,21.55,2026-01-12,,,WorthPoint
uranium-glass,Uranium Glass Divided Serving Dishes & Juicer,97.01,2026-01-12,,,WorthPoint
uranium-glass,Anchor Hocking Cameo Dancing Ballerina Uranium Glass Green Vase Circa 1930-1934,39.97,2026-01-12,,,WorthPoint
uranium-glass,"Uranium Glass Cake Plate 10"" & Bowl",65.05,2026-01-12,,,WorthPoint
uranium-glass,EAPG Glass Pedestal Sunray Purple Candy Dish Uranium ? Glass Glows,15.0,2026-01-11,,,WorthPoint
uranium-glass,CE503 - Vintage Vaseline Uranium Glass Covered Compote,108.73,2026-01-11,,,WorthPoint
uranium-glass,"Jeannette Poinsettia Green Uranium , Depression Glass Salt & Pepper Shaker Set",34.12,2026-01-11,,,WorthPoint
uranium-glass,Vintage Uranium Glass Ice Bucket W Tongs + Creamer & Sugar Set Green Glow,145.0,2026-01-11,,,WorthPoint
uranium-glass,Vintage Vaseline Uranium Glass Bullet Shade 10-inch Torpedo Globe,125.0,2026-01-11,,,WorthPoint
uranium-glass,Beautiful Little Vaseline/Uranium Glass Dog,100.63,2026-01-11,,,WorthPoint
uranium-glass,Royal Lace Hazel Atlas Green Uranium Depression Glass Salt & Pepper Shakers,34.12,2026-01-11,,,WorthPoint
uranium-glass,Sunkist Green Uranium Glass Citrus Orange Lemon Juicer Reamer USA Depression Era,19.99,2026-01-11,,,WorthPoint
uranium-glass,Yellow Glass Lamp Spacer Uranium Glass,60.0,2026-01-11,,,WorthPoint
uranium-glass,Stunning Vintage Etched Uranium Glass Console Bowl Lot Rolled Edges Candle 30s,85.48,2026-01-11,,,WorthPoint
uranium-glass,"Vintage Salt & Pepper Shaker Set Uranium / Vaseline, Depression Glass GLOWS",34.12,2026-01-11,,,WorthPoint
uranium-glass,HTF Weishar Moon & Stars Vaseline Uranium Glass Butter Dish 2 Pcs Stunning,199.99,2026-01-11,,,WorthPoint
uranium-glass,Fenton Satin Fairy Lamp And Egg Roses On Uranium Glass - Hand Painted & Signed,150.0,2026-01-11,,,WorthPoint
uranium-glass,RARE Summit Glass Pisello Uranium Vaseline Dolphin Fish Whale Salt Cellar W/ Lid,165.5,2026-01-11,,,WorthPoint
uranium-glass,Vintage Uranium Glass Sherbet Dessert Cups With Under Plates 1930s Lot,30.0,2026-01-11,,,WorthPoint
uranium-glass,Vtg Uranium Depression Glass Textured Flower Frog Base Holder NO FROG,45.0,2026-01-11,,,WorthPoint
uranium-glass,Uranium Glass Stars And Stripes Hat Toothpick Holder Glows,70.0,2026-01-11,,,WorthPoint
uranium-glass,New Vaseline Glass Yellow Uranium HenOn Nest Topaz Salt Cellar EE Bowman Mold,45.0,2026-01-11,,,WorthPoint
uranium-glass,Vtg Uranium Glass Humidor Tobacco Jar With Pipe Rest - Octagon- Great Condition,81.0,2026-01-11,,,WorthPoint
uranium-glass,Uranium Glass Tea Cup And Saucer.,10.0,2026-01-11,,,WorthPoint
uranium-glass,1 Vintage Green Uranium Glass Candlestick Holder Does Glow-see Pics,19.99,2026-01-11,,,WorthPoint
uranium-glass,Uranium Jenkins Ocean Wave Green Vintage Large Glass Two Handled Bowl,35.0,2026-01-11,,,WorthPoint
uranium-glass,Vintage Uranium Glass Salad Plate Small Vaseline Green Art Nouveau Dish,14.0,2026-01-11,,,WorthPoint
uranium-glass,Blue Vaseline Uranium Glass Bunny Rabbit On Nest Basket Easter Eggs Salt Cellar,19.98,2026-01-11,,,WorthPoint
uranium-glass,Uranium Glass Ashtray: Fenton Custard Waterlily Large 8.5‚Äù Bowl Vintage 1970 EUC,39.99,2026-01-11,,,WorthPoint
uranium-glass,Antique Hand Painted Uranium Glass Finger Lamp.,36.23,2026-01-11,,,WorthPoint
uranium-glass,Green Vaseline Uranium Glass Scottie Dog On Nest Basket Scottish Terrier / Glows,19.99,2026-01-11,,,WorthPoint
uranium-glass,Blue Vaseline Uranium Glass Taxi Cab Lens Light Sign Car Part Stop / Advertising,14.99,2026-01-11,,,WorthPoint
uranium-glass,Blue Green Vaseline Uranium Glass Bunny Rabbit On Nest Basket / Easter Egg Salt,44.0,2026-01-11,,,WorthPoint
uranium-glass,Large - Antique Pink Uranium Glass Ruffled Bowl Vaseline Opalescent UV Glow 11‚Äù,112.5,2026-01-11,,,WorthPoint
uranium-glass,Fenton Lime Green Satin Uranium Custard Glass Basket Weave Ruffle Lattice Bowl,22.0,2026-01-11,,,WorthPoint
uranium-glass,Vintage Fenton Owl Custard Uranium Glass Satin Fairy Lamp 3.75‚Äù 1 Small Chip,79.0,2026-01-11,,,WorthPoint
uranium-glass,Green Vaseline Uranium Glass 1948 Tucker Torpedo Sedan Car Taxi Yellow Glow Art,19.5,2026-01-11,,,WorthPoint
uranium-glass,Green Vaseline Uranium Glass Spoon Ladle Dipper Utensil Serving Yellow Glows Art,15.5,2026-01-11,,,WorthPoint
uranium-glass,SOLID Green Vaseline Uranium Glass Frog Toad Paperweight Figurine Selenium Glows,16.5,2026-01-11,,,WorthPoint
uranium-glass,Vaseline Uranium Glass Lamp Shade Severely Damaged Read,35.0,2026-01-11,,,WorthPoint
uranium-glass,Green Vaseline Uranium Glass Brian Bunny Rabbit Easter Eggs Yellow / Paperweight,19.99,2026-01-11,,,WorthPoint
uranium-glass,Antique Murano Glass Box Light GREEN Uranium Made In Italy GLASS DAMAGED,187.5,2026-01-11,,,WorthPoint
uranium-glass,A Mixed Lot Of Two Items Including A Fine Uranium Glass Bask...,58.38,2026-01-11,,,WorthPoint
uranium-glass,Antique Victorian Burmese Uranium Glass Vase With Pink Ruffle 5.5‚Äù Mint,37.0,2026-01-11,,,WorthPoint
uranium-glass,Art Deco Style Uranium Glass Heavy Ashtray Glows Green,56.0,2026-01-11,,,WorthPoint
uranium-glass,Uranium Glass Condiment Ladle For Mayonnaise Glows Green,29.0,2026-01-11,,,WorthPoint
uranium-glass,Uranium Glass Candlestick With Etchings On Base,18.5,2026-01-11,,,WorthPoint
uranium-glass,Antique Teaberry Chewing Gum Vaseline Uranium Glass Store Display Pedestal,215.0,2026-01-11,,,WorthPoint
uranium-glass,Green Depression Uranium Hocking Glass Spiral Preserve Jar Slotted Lid,39.95,2026-01-11,,,WorthPoint
uranium-glass,Vintage Etched Uranium Glass Candle Holders Green Pair,19.98,2026-01-11,,,WorthPoint
uranium-glass,BEAUTIFUL VICTORIAN EAPG CASTOR CONDIMENT Uranium Glass (1 Salt Shaker),15.0,2026-01-11,,,WorthPoint
uranium-glass,Westmoreland Uranium Glass Art Deco Dolphin Fish Koi Fish Lamp,244.87,2026-01-11,,,WorthPoint
uranium-glass,Rare Vintage Uranium Glass Dog And Cart Wagon Basket Open Salt Cellar GLOWS!!!,104.5,2026-01-11,,,WorthPoint
uranium-glass,Vintage Flower Frog Green Vaseline Uranium Glass 11 Holes 3‚Äù GLOWS,25.0,2026-01-11,,,WorthPoint
uranium-glass,"Vintage MCM Viking Uranium Glass EPIC Lime Green Mushroom 2.5\\\"" X3\\\"" GLOWS",250.0,2026-01-11,,,WorthPoint
uranium-glass,Antique Vaseline Uranium Glass Three Piece Jewelry Set UV Glow Circa 1920-30s,99.99,2026-01-11,,,WorthPoint
uranium-glass,Vintage Art Deco Green Yellow Uranium Glass Vase Glows 7.5 Inches Tall,24.96,2026-01-11,,,WorthPoint
uranium-glass,VTG Depression Era Vaseline Uranium Glass Pedestal Compote Sunburst Diamond 5.5‚Äù,55.0,2026-01-11,,,WorthPoint
uranium-glass,Small Antique Uranium Glass Powder Trinket Dresser Jar Handpainted Flowers,93.49,2026-01-11,,,WorthPoint
uranium-glass,"Vintage Vaseline Uranium Glass Candy Dish Compote W Lid 7.5\\\""",23.5,2026-01-11,,,WorthPoint
uranium-glass,Fenton Vintage Custard Uranium Glass Leaf Tiers Branch Footed Rose Bowl,24.0,2026-01-11,,,WorthPoint
uranium-glass,Vintage Uranium Glass Glows Green Bowl Ruffled Rim With Flowers 10.75‚Äù,35.0,2026-01-11,,,WorthPoint
uranium-glass,"Vaseline Uranium Glass Tea Cups, Anchor Hocking Princess, Glows Green, 1930's",22.0,2026-01-11,,,WorthPoint
uranium-glass,Art Deco Green Uranium Glass Walther & Sohne Three Graces Comport Base Stand,87.2,2026-01-11,,,WorthPoint
uranium-glass,Gibson Art Glass 2001 Jack In The Pulpit Vase - Custard Uranium - Signed - West,90.0,2026-01-11,,,WorthPoint
uranium-glass,Huge Lot Vintage Glass Mardi Gras Beads Made In Czechoslovakia Uranium,248.5,2026-01-11,,,WorthPoint
uranium-glass,Vintage Jadeite Uranium Slag Glass Floor Table Lamp Spacer Part W/ End Caps,74.99,2026-01-11,,,WorthPoint
uranium-glass,Rare 1930‚Äôs Green Anchor Hocking Uranium Glass Cruet 5.5‚Äù With Ground Stopper,49.99,2026-01-11,,,WorthPoint
uranium-glass,Uranium Glass Hex Optic Green Jeanette Glass UV Glow Pitcher Milk,15.0,2026-01-11,,,WorthPoint
uranium-glass,Uranium Glass Coffee Percolator Top Lid Replacement Depression Glass #5,24.89,2026-01-11,,,WorthPoint
uranium-glass,A Murano Uranium Glass Cat Figurine Vintage Art Glass Collectible,140.88,2026-01-11,,,WorthPoint
uranium-glass,"Vintage Anchor Hocking Georgian Tumbler Uranium Glass 4\\\"" Honeycomb Green",40.0,2026-01-11,,,WorthPoint
uranium-glass,"Vintage Murano Uranium Glass Ashtray 2.3\\\"" - Brass Trim Glowing Vaseline Glass MC",300.0,2026-01-11,,,WorthPoint
uranium-glass,"*RARE* 5.25\\\"" Akro Agate Green Dart Uranium Glass Slag Jadeite Flower Pot Planter",99.99,2026-01-11,,,WorthPoint
uranium-glass,Vintage Jadeite Green Uranium Glass Beehive Ribbed Pepper Shaker With Lid Glows,24.99,2026-01-11,,,WorthPoint
uranium-glass,Uranium Glass 6 Tall Tumbler / Drinking Glasses,59.95,2026-01-11,,,WorthPoint
uranium-glass,Vintage Green Vaseline URANIUM Glass Dish Ribbed Refrigerator Lid ONLY Kitchen,14.95,2026-01-11,,,WorthPoint
uranium-glass,Vintage JEFFERSON ‚ÄúGolden Hour‚Äù Mystery Clock MCM Uranium Glass Like Glowing Arm,109.99,2026-01-11,,,WorthPoint
uranium-glass,"Vintage TRIO Of Uranium Glass Candlestick Holders, GLOWS",25.0,2026-01-11,,,WorthPoint
uranium-glass,Stunning Set Of 4 Antique Uranium Glass Vases And Tumbler Glasses,39.14,2026-01-11,,,WorthPoint
uranium-glass,Stunning Antique Uranium & Vaseline Glass Jack In The Pulpit Vase,67.09,2026-01-11,,,WorthPoint
uranium-glass,Uranium Glass Bagley Quarter Posie Vase Emerald Green England Vintage Glows,39.38,2026-01-10,,,WorthPoint
uranium-glass,Green Uranium Glass Candlestick Holder With Fluorescent Effect,34.5,2026-01-10,,,WorthPoint
uranium-glass,"Uranium Glass Depression 4\\\"" Square Ribbed Refrigerator Dish With Lid 1930s",35.0,2026-01-10,,,WorthPoint
uranium-glass,Uranium Salt Shaker Glowing Glow Glass,20.0,2026-01-10,,,WorthPoint
uranium-glass,1880s ANSONIA MANTLE CLOCK BLACK CAST IRON Uranium Glass Face NEW YORK Temple,190.0,2026-01-10,,,WorthPoint
uranium-glass,"Vintage Vaseline Uranium Glass Lamp Shade, Diamond Cut Pattern, Flared Ruffled.",89.99,2026-01-10,,,WorthPoint
uranium-glass,Vintage Satin Uranium Glass 16‚Äù Table Lamp Works Very Unique Stunning Glow,299.99,2026-01-10,,,WorthPoint
uranium-glass,Fostoria Heirloom 12 Point Vaseline Uranium Glass 10 Inch Bowl,110.5,2026-01-10,,,WorthPoint
uranium-glass,Fenton Hobnail Opalescent Topaz Uranium Glass Mini Bud Vase,30.0,2026-01-10,,,WorthPoint
uranium-glass,Vintage Vaseline Uranium Glass Green Ribbed Parfait Glasses Depression Stemware,15.0,2026-01-10,,,WorthPoint
uranium-glass,Uranium Glass Plate And Bowl,31.05,2026-01-10,,,WorthPoint
uranium-glass,"RARE Akro Agate Uranium Slag Glass Lamp Teardrop Spacer Jadeite Glows 5.75\\\"" Tall",99.0,2026-01-10,,,WorthPoint
uranium-glass,"Antique Uranium Northwood Custard Glass Grape And Cable, Creamer & Sugar Glows",29.99,2026-01-10,,,WorthPoint
uranium-glass,VTG Degenhart Uranium Glass Owl On Books Vaseline Glows Emerald Green 1969,56.0,2026-01-10,,,WorthPoint
uranium-glass,Vintage Vaseline Uranium Glass Green Ruffled Swirl Vase,29.99,2026-01-10,,,WorthPoint
uranium-glass,"Vtg Uranium Green Glass Serving / Vanity Dish Rectangular W/Oval Base Beaded 10\\\""",24.0,2026-01-10,,,WorthPoint
uranium-glass,Vintage Vaseline Uranium Glass Automobile Flower Bud Vase 1920s NO RESERVE,78.0,2026-01-10,,,WorthPoint
uranium-glass,Depression Era Emerald Green Uranium Glass Pitcher Grape Design 4.5 Inch,27.0,2026-01-10,,,WorthPoint
uranium-glass,Fostoria Heirloom 12 Point Vaseline Uranium Glass 10 Inch Plate,120.5,2026-01-10,,,WorthPoint
uranium-glass,Vintage Hazel Atlas Green Uranium Glass Syrup Pitcher W/ Metal Lid,25.0,2026-01-10,,,WorthPoint
uranium-glass,Set/6 VTG Green Depression Vaseline Uranium Glass Ice Cream Sherbet Dessert Cups,29.95,2026-01-10,,,WorthPoint
uranium-glass,Antique Higbee Custard Glass Pitcher Uranium Glow Gold Trim Hand Painted Roses,24.99,2026-01-10,,,WorthPoint
uranium-glass,Vintage Uranium Glass Pitcher 7.5in Clear Green Rim Applied Handle UV Glow Decor,23.97,2026-01-10,,,WorthPoint
uranium-glass,Antique Uranium Glass Souvenir Mug Ewing Hall O.U. Athens Ohio Green UV,50.0,2026-01-10,,,WorthPoint
uranium-glass,"Vintage Tiffin \\\""Jack Frost\\\"" Canary Yellow Uranium Glass 10\\\"" Tidbit Tray.",55.0,2026-01-10,,,WorthPoint
uranium-glass,"Vintage Hazel-Atlas \\\""Paperclip\\\"" Or \\\""Ribbon\\\"" Uranium Glass Salt Shaker",14.99,2026-01-10,,,WorthPoint
uranium-glass,Vintage Uranium Glass Lidded Candy Dish Anchor Hocking 6 1/2‚Äù Tall READ,49.88,2026-01-10,,,WorthPoint
uranium-glass,Tiffin Fostoria Green URANIUM Glass Short Squat Vase Optic Pedestal,32.0,2026-01-10,,,WorthPoint
uranium-glass,Antique Uranium Glass Toothpick Holder Pavilion And Assembly Hall Ruggles Beach,45.0,2026-01-10,,,WorthPoint
uranium-glass,Floral Glass Paperweight - Uranium Glass,20.0,2026-01-10,,,WorthPoint
uranium-glass,Vintage Uranium / Vaseline Glass Ashtray Depression Era Style,30.75,2026-01-10,,,WorthPoint
uranium-glass,Antique Jeannette Doric Green Uranium Glass Square Relish Tray With Handles,24.95,2026-01-10,,,WorthPoint
uranium-glass,"Hazel Atlas Green Uranium Glass Royal Lace Cookie Jar NO LID 5.25\\\"" Tall",24.5,2026-01-10,,,WorthPoint
uranium-glass,Murano Uranium Glass Abstract Fish With Blue Stripe,660.0,2026-01-10,,,WorthPoint
uranium-glass,"Antique Green Depression Large Ribbed Canister Jar Uranium Glass, No Lid",60.97,2026-01-10,,,WorthPoint
uranium-glass,Frog On Lily Pad Vase/Flower Holder/ Smokers Stand? Uranium Glass Glows,32.06,2026-01-10,,,WorthPoint
uranium-glass,Fenton Uranium Glass Top Hat 's Lot Of Six,110.0,2026-01-10,,,WorthPoint
uranium-glass,"Vintage 1930's Anchor Hocking Uranium Glass Cruet With Stopper 5.5\\\"" EUC",45.99,2026-01-10,,,WorthPoint
uranium-glass,Vintage Green Uranium Glass Decorative Candlesticks,49.0,2026-01-10,,,WorthPoint
uranium-glass,Vintage CZECH Art Uranium Glass Fruit Basket Cover/top Parts Restoration,124.95,2026-01-10,,,WorthPoint
uranium-glass,Vintage Fenton Hobnail Satin Custard Uranium Glass Fairy Lamp GLOWS,142.5,2026-01-10,,,WorthPoint
uranium-glass,1920s Art Deco Vaseline Uranium Glass Car Hearse Limo Bud Vase Original Bracket,97.0,2026-01-10,,,WorthPoint
uranium-glass,Vintage Uranium Glass Birch Tree Deer Pattern Compote Dish W/ Plate,49.99,2026-01-10,,,WorthPoint
uranium-glass,Antonio Da Ros 1960s Canedese Uranium Sommerso Murano Cat Bookends Art Glass,800.0,2026-01-10,,,WorthPoint
uranium-glass,"Uranium Fenton Glass, Hand Painted For Hershey's Chocolate World Custard Vase",50.6,2026-01-10,,,WorthPoint
uranium-glass,19 Hole Uranium Glass Flower Frog Very Rare,12.5,2026-01-10,,,WorthPoint
uranium-glass,Uranium Glass Eimac 100TH & 35TG Vacuum Tubes Display Only Steam Punk Vintage,40.0,2026-01-10,,,WorthPoint
uranium-glass,Vintage Fenton Custard Uranium Glass Ruffle Pedestal Bowl Signed (17C),10.5,2026-01-10,,,WorthPoint
uranium-glass,"Custard Glass Milk Creamer Pitcher Donnybrook, North Dakora Uranium 4 Inches",18.0,2026-01-10,,,WorthPoint
uranium-glass,Antique Uranium Glass Souvenir Creamer Ohio University Normal College Green UV,45.0,2026-01-10,,,WorthPoint
uranium-glass,2 VTG 1930s Anchor Hocking Depression Green Uranium Glass Cruet & Perfume Bottle,93.0,2026-01-10,,,WorthPoint
uranium-glass,"üî•VINTAGE MINT ART DECO Uranium Glass Grapes Grape Cluster Globe 6\\\"" Lamp Shade",87.0,2026-01-10,,,WorthPoint
uranium-glass,500 GRAMS OF BROKEN UV FLUORESCENT URANIUM/VASELINE GLASS PIECES (04 To 11 Mm),22.97,2026-01-10,500.0,0.05,WorthPoint
uranium-glass,Vintage Green Uranium Glass Refrigerator Dish 8x8‚Äù Ribbed Large,24.0,2026-01-10,,,WorthPoint
uranium-glass,"Hazel Atlas Storage Jar Lid Green Depression Vaseline Glass, Uranium Glass Lid",22.95,2026-01-10,,,WorthPoint
uranium-glass,VINTAGE Custard FLOUR RANGE SHAKER URANIUM GLASS GLOWS,35.0,2026-01-10,,,WorthPoint
uranium-glass,Vintage Italian Faceted Beryl Aqua Turquoise Uranium Glass Ashtray -Fontana Arte,160.35,2026-01-10,,,WorthPoint
uranium-glass,Vtg Hazel Atlas Green Glass Pear Floral Dogwood Lidded Candy Dish Uranium,26.25,2026-01-10,,,WorthPoint
uranium-glass,VTG Depression McKee Shakers Uranium Glass Glows Yellow Mustard Salt Pepper,31.0,2026-01-10,,,WorthPoint
uranium-glass,"Antique Vtg Vaseline Glass Uranium Glass Flower Frog 16 Hole Glows 3.5\\\""",26.5,2026-01-10,,,WorthPoint
uranium-glass,Gorgeous Vintage Green Glass Uranium Ice Bucket Metal Handle,35.0,2026-01-10,,,WorthPoint
uranium-glass,"Vtg Uranium Glass Bowls, 2 Have A Chip",69.6,2026-01-10,,,WorthPoint
uranium-glass,RARE VTG 1930s ALADDIN Lamp Shade CZECH Uranium Vaseline Glass GLOWS! Art Deco,90.0,2026-01-09,,,WorthPoint
uranium-glass,Fenton Uranium Glass Bell Christmas Holly,30.48,2026-01-09,,,WorthPoint
uranium-glass,Vintage Jeannette Glass Uranium Poinsettia Salt Pepper Shaker Single One,23.0,2026-01-09,,,WorthPoint
uranium-glass,Vtg Uranium Vaseline Green Glass Swung Stretch Footed Bud Vase 8.5‚Äù Fluted Lip,39.99,2026-01-09,,,WorthPoint
uranium-glass,"Vtg Green Uranium Glass Basket Applied Handle 8\\\"" Tall GLOWS Free Shipping",39.0,2026-01-09,,,WorthPoint
uranium-glass,VINTAGE FORMAN BROS. METAL CHROME COVERED DISH W/lid & URANIUM GLASS INSERT GLOW,39.99,2026-01-09,,,WorthPoint
uranium-glass,Uranium Glass Sugar And Creamer Set Unmarked Vaseline Glow Depression Art Deco,32.0,2026-01-09,,,WorthPoint
uranium-glass,Uranium Glass Rare Open Master Salts Cellars,45.39,2026-01-09,,,WorthPoint
uranium-glass,Vintage Slag Glass Akro Agate Houze Floor Lamp Base Insert Uranium Glows Nice!,90.0,2026-01-09,,,WorthPoint
uranium-glass,Uranium Glass Fishbowl,600.0,2026-01-09,,,WorthPoint
uranium-glass,"Uranium Glass Tea Cup And Saucer 6\\\"" From Federal",20.0,2026-01-09,,,WorthPoint
uranium-glass,Antique Uranium? Glass Pedestal Spill Vase 5‚Äù Canary Yellow Vaseline Pressed,86.43,2026-01-09,,,WorthPoint
uranium-glass,Vintage Set Of 9 Uranium Glass Dishes LOT,50.0,2026-01-09,,,WorthPoint
uranium-glass,"Green Vaseline Uranium Style Glass Hen Nest Chicken Salt Dish, Depression Style",35.95,2026-01-09,,,WorthPoint
uranium-glass,Vintage Square Criss Cross Green Uranium Glass Refrigerator Dish By Hazel Atlas,64.0,2026-01-09,,,WorthPoint
uranium-glass,Federal Glass FEG6 Uranium Sherbet Dishes (5) Panel Footed Glow Under UV Light,13.35,2026-01-09,,,WorthPoint
uranium-glass,Vintage Art Deco Salt & Pepper Shakers W/ Caddy Uranium / Vaseline Glass,85.12,2026-01-09,,,WorthPoint
uranium-glass,Vintage Uranium Glass Furniture Coasters (4) Atomic Era Mid-Century,27.0,2026-01-09,,,WorthPoint
uranium-glass,"Fenton Custard Uranium Glass Hand Painted Signed Bluebirds 8\\\"" Bud Vase",24.0,2026-01-09,,,WorthPoint
uranium-glass,Pernod Uranium Glass Ashtray,60.38,2026-01-09,,,WorthPoint
uranium-glass,Green Bud Vase Uranium Glass Swung,34.95,2026-01-09,,,WorthPoint
uranium-glass,1910 KrysTa Diamond Peg Floral Pattern Uranium Glass Toothpick Holder,39.99,2026-01-09,,,WorthPoint
uranium-glass,Vintage Uranium Glass Flower Frog - 19 Hole - 13.5cm Diameter,15.43,2026-01-09,,,WorthPoint
uranium-glass,Vintage Murano Uranium Italy 13‚Äù Gondola Boat Handcrafted Glass Ashtray Glows,135.0,2026-01-09,,,WorthPoint
uranium-glass,Lot Of 10 Vaseline Glass Uranium Glass Marbles Uv Glow,26.81,2026-01-09,,,WorthPoint
uranium-glass,Vtg Hazel Atlas Octagon Vaseline Uranium Glass Salt Shaker Single,18.75,2026-01-09,,,WorthPoint
uranium-glass,1930s Bohemian Czech Uranium Cut Glass Art Deco Perfume Bottle,370.0,2026-01-09,,,WorthPoint
uranium-glass,Rare Walther And Sohne Nelson Boat Ship With Bowl And Frog Uranium Glass,213.33,2026-01-09,,,WorthPoint
uranium-glass,"Uranium Glass, Miniature Jennifer Sets 1 & 2 Cameo, Mosser Glass In Original",60.0,2026-01-09,,,WorthPoint
uranium-glass,Antique Forbes Silver Co Bride's Basket W/ Fenton Uranium Glass Bowl Glows UV,55.0,2026-01-09,,,WorthPoint
uranium-glass,Vintage Uranium Glass,50.0,2026-01-09,,,WorthPoint
uranium-glass,Westmoreland Uranium Glass Vaseline Duck On Nest Covered Dish W/ Mark Glows,100.0,2026-01-09,,,WorthPoint
uranium-glass,Set Of (4) Vintage Anchor Hocking Uranium Glass Block Optic Pattern Teacups,28.0,2026-01-09,,,WorthPoint
uranium-glass,Uranium Glass Vintage Hazel Atlas Florentine- Creamer And Open Sugar,16.0,2026-01-09,,,WorthPoint
uranium-glass,2 Stunning Art Deco Bagley Filey Uranium Green Glass Dressing Table Candlestick,38.9,2026-01-09,,,WorthPoint
uranium-glass,Uranium Glass Fruit Trinket Dish In Frosted Vaseline Czech Pattern New Glows,79.43,2026-01-09,,,WorthPoint
uranium-glass,Vintage L.E. Smith Capri Blue Glass Hen On Nest Covered Dish Uranium,45.0,2026-01-09,,,WorthPoint
uranium-glass,Vintage Fenton Hobnail Green Opalescent Uranium? Glass Vase 3.50‚Äù Ex Condition,36.0,2026-01-09,,,WorthPoint
uranium-glass,Vintage Mckee Sunkist Jadeite Uranium Glass Juicer Reemer,35.0,2026-01-09,,,WorthPoint
uranium-glass,Vintage Art Deco Heavy Thick Uranium Glass Vase,53.67,2026-01-09,,,WorthPoint
uranium-glass,Dithridge Sunset Pattern Glass Salt Pepper Shaker Uranium,13.5,2026-01-09,,,WorthPoint
uranium-glass,"Jeannette Uranium Green Depression Glass Sunflower 10"" Cake Plate",25.04,2026-01-09,,,WorthPoint
uranium-glass,Vintage Uranium Glass Rectangular Refrigerator Dish,21.99,2026-01-09,,,WorthPoint
uranium-glass,Lot Of 7 Green Uranium Vaseline Glass 6 3/8‚Äù Dessert Plates Black Light Glow,20.0,2026-01-08,7.0,2.86,WorthPoint
uranium-glass,FENTON Light Yellow Hobnail Custard Glass Uranium Vaseline Fairy Lamp VTG Glows,95.0,2026-01-08,,,WorthPoint
uranium-glass,"Uranium And Milk Glass Flour, Sugar, Salt & Pepper Shakers",22.66,2026-01-08,,,WorthPoint
uranium-glass,"5 Vintage Uranium Frosted Glass Shades Ruffled Rim Height 6.25\\\"" Fitter 1-5/8\\\""",150.0,2026-01-08,,,WorthPoint
uranium-glass,Vaseline Uranium Glass 3‚Äù Globe Paperweight From Clear Glass To Glowing Green,35.0,2026-01-08,,,WorthPoint
uranium-glass,Vintage Uranium Glass Bottle Jug Etched Ship 1742 Handblown Green,45.0,2026-01-08,,,WorthPoint
uranium-glass,60's Fenton Fairy Lamp Satin Yellow Custard Uranium Glass Base Replacement VGC,40.0,2026-01-08,,,WorthPoint
uranium-glass,Vintage Boyd Glass Uranium Vaseline Prop Plane UV Reactive Airplane,250.0,2026-01-08,,,WorthPoint
uranium-glass,Vintage Hazel Atlas Diamond Arches Uranium Glass Bowl Lot Of 6,28.77,2026-01-08,,,WorthPoint
uranium-glass,Hazel Atlas Uranium Glass Salt & Pepper Shakers GREEN,22.5,2026-01-08,,,WorthPoint
uranium-glass,"Vintage Green Uranium Glass Replacement Lid Scalloped Glows 4.1\\\"" Inner 5\\\"" Outer",11.99,2026-01-08,,,WorthPoint
uranium-glass,Kellogg's Measuring Cup 1930s Green Uranium Glass 3-Spout Promotional Vintage,45.0,2026-01-08,,,WorthPoint
uranium-glass,Indiana Glass Green Uranium Pebble Leaf Nappy Bowl Tree Of Life Twiggy Bowl Dish,21.5,2026-01-08,,,WorthPoint
uranium-glass,Vtg Hazel Atlas Vaseline Uranium Glass Salt Shaker Waffle Block Pattern Single,18.0,2026-01-08,,,WorthPoint
uranium-glass,VTG Indiana Glass Co. Green Depression Glass Celery Dish Uranium Glass,35.0,2026-01-08,,,WorthPoint
uranium-glass,Westmoreland Iridescent Vaseline/Uranium Glass Santa On Sleigh Candy Dish,140.0,2026-01-08,,,WorthPoint
uranium-glass,Two(2)Opalescent Uranium Glass Vaseline Ribbed Threads Ruffled Glass Shades,288.57,2026-01-08,,,WorthPoint
uranium-glass,"VTG Jeanette Green Uranium Depression Glass Sunflower Footed Cake Plate 10\\\""",19.99,2026-01-08,,,WorthPoint
uranium-glass,Vintage Anchor Hocking 3 Inch Uranium Glass Furniture Coaster,12.0,2026-01-08,,,WorthPoint
uranium-glass,"Uranium Glass Refrigerator Dish With Lid Ribbed 4\\\"" X 2\\\"" Green Vintage",29.99,2026-01-08,,,WorthPoint
uranium-glass,Hazel Atlas Colonial Block Green Depression Uranium Glass Open Sugar Bowl,13.96,2026-01-08,,,WorthPoint
uranium-glass,Vintage Hazel Atlas Waffle Block Uranium Glass Salt & Pepper Shakers With Lids,30.0,2026-01-08,,,WorthPoint
uranium-glass,Uranium Glass Victorian Perfume Bottle 1880‚Äôs Cologne Glows Hazel Atlas,82.0,2026-01-08,,,WorthPoint
uranium-glass,"BIEDERMEIER PERIOD BOHEMIAN CUT URANIUM GLASS CHALICE 19th Century Height 7.25"". Base Diameter 3.75"".",2560.0,2026-01-08,,,WorthPoint
uranium-glass,"THREE BOHEMIAN BIEDERMEIER URANIUM GLASS BEAKERS 19th Century Heights From 4"" To 6"".",1216.0,2026-01-08,,,WorthPoint
uranium-glass,Vintage Vaseline/uranium Glass Cullet Chunk. Large Size. Awesome Colors,40.0,2026-01-08,,,WorthPoint
uranium-glass,Antique Dugan Glass Frit Rose Bowl Triple Pinched Uranium 4in,70.0,2026-01-08,,,WorthPoint
uranium-glass,4 Vintage Green Uranium Glass Plates Uv Reactive 6 1/4 Inches Wide,20.0,2026-01-08,,,WorthPoint
uranium-glass,Vintage Uranium Glass Barrel Decanter Barware W Mug Holder Depression Era,272.0,2026-01-08,,,WorthPoint
uranium-glass,Vintage Hazel Atlas Green Depression Uranium Glass 1 Cup Measuring Cup 3 Spouts,19.99,2026-01-08,,,WorthPoint
uranium-glass,Fenton Uranium Milk Glass Sawtooth Twin Handled Footed Dish Bowl Fruits Leaves,22.5,2026-01-08,,,WorthPoint
uranium-glass,VTG Fenton Hobnail Satin Custard Uranium Glass Fairy Lamp GLOWS UV W Label,142.5,2026-01-08,,,WorthPoint
uranium-glass,Pair Of Heavy Yellow Uranium Glass Candlesticks,71.23,2026-01-08,,,WorthPoint
uranium-glass,"VTG Mckee Laurel Leaf 9\\\"" Jadeite Divided Plate Uranium Glass~no Chips~",25.0,2026-01-08,,,WorthPoint
uranium-glass,Antique A & J Green Depression Uranium Glass 4 Cup Mixer,42.0,2026-01-08,,,WorthPoint
uranium-glass,Vtg Fenton Green Opalescent Hobnail Uranium Glass Bud Vase Ruffled Edge GLOWS,37.0,2026-01-08,,,WorthPoint
uranium-glass,"Hazel Atlas Salt & Pepper Shakers Uranium / Vaseline, Depression Glass",31.5,2026-01-08,,,WorthPoint
uranium-glass,"Vtg Fenton Green Opalescent Hobnail Uranium Glass Bud Vase Single Stem 3.5\\\"" GLOW",34.0,2026-01-08,,,WorthPoint
uranium-glass,14.5cm 300gr Murano Uranium Glass Uranglass Swan Vintage,164.99,2026-01-08,300.0,0.55,WorthPoint
uranium-glass,"Uranium Glass Northwood Figural Sugar Trough Log Dish 5\\\""",50.0,2026-01-08,,,WorthPoint
uranium-glass,Uranium Glass 4 Tall Tumbler / Drinking Glasses One Chipped,45.0,2026-01-08,,,WorthPoint
uranium-glass,"Fenton Fairy Lamp Vintage Custard Uranium Glass, Hand-Painted, Signed",125.0,2026-01-08,,,WorthPoint
uranium-glass,Fenton Uranium Glass Candy Dish Bowl Vase Custard Basketweave Signed,29.95,2026-01-08,,,WorthPoint
uranium-glass,Vintage Mixed Uranium Glass Marbles Lot Of 11 With Flower Frog THEY GLOW,12.95,2026-01-08,,,WorthPoint
uranium-glass,Vintage Green Uranium Glass Footed Parfait Dessert Dish One (1) Only MINT,11.12,2026-01-08,,,WorthPoint
uranium-glass,** Small Uranium Glass Vase **,29.19,2026-01-08,,,WorthPoint
uranium-glass,Vintage Decorative Uranium Glass Swirl Vase,22.29,2026-01-08,,,WorthPoint
uranium-glass,Vintage C.1950s‚Äì1960s Murano Uranium Glass Millefiori Paperweight 365/395nm,109.95,2026-01-08,,,WorthPoint
uranium-glass,"1930's Green Depression Glass Refrigerator Dish 4 1/4\\\"" By 3\\\"" Uranium AH",19.99,2026-01-08,,,WorthPoint
uranium-glass,Fenton Topaz Opalescent Hobnail Vaseline Uranium Glass Cat Head Slipper Shoe,42.0,2026-01-08,,,WorthPoint
uranium-glass,Hazel Atlas Florentine No. 1 Green Depression 7‚Äù Glass Pitcher Uranium Glass,40.0,2026-01-08,1.0,40.0,WorthPoint
uranium-glass,Fenton Glass Chubby Bunny Rabbit - Lime Custard Uranium Glass,75.0,2026-01-08,,,WorthPoint
uranium-glass,Fenton Uranium Satin Glass Bell Daisy Button Pattern Glows Under Blacklight,24.49,2026-01-08,,,WorthPoint
uranium-glass,Fenton Vintage Uranium Vaseline Glass Bell Blue Satin Daisy Button Glows Light,13.29,2026-01-08,,,WorthPoint
uranium-glass,Vintage Uranium Glass Basket Hand Painted Holly Berries Satin Vaseline Glow,27.99,2026-01-08,,,WorthPoint
uranium-glass,"Vintage Jadeite Uranium Glass Vase 5 X 5.75\\\""",35.0,2026-01-08,,,WorthPoint
uranium-glass,Vintage Green Uranium Glass Tea Cup & Saucer Set- 8 Pieces Total,25.0,2026-01-08,,,WorthPoint
uranium-glass,Unique Depression Era Uranium Glass 8 Pc. Shot Glass & Handled Caddy Tray Glows,118.5,2026-01-08,,,WorthPoint
uranium-glass,12 X Vintage & Antique Decanter Stoppers Clear Uranium /Glass /Crystal,50.8,2026-01-08,,,WorthPoint
uranium-glass,Three Uranium Glass Wall Mount Lamps,111.36,2026-01-08,,,WorthPoint
uranium-glass,Antique Uranium Glass 1 Pound Pure Honey Bottle Beehive Embossed 6.75‚Äù,89.99,2026-01-08,,,WorthPoint
uranium-glass,Uranium Glass Confection Dish,67.26,2026-01-08,,,WorthPoint
uranium-glass,"Milk Glass Table Lamp, Uranium Glass Dish, Embroidered Art, And More (S-12)",90.72,2026-01-08,,,WorthPoint
uranium-glass,Small Green Uranium Glass Pedestal Bowl,74.75,2026-01-08,,,WorthPoint
uranium-glass,Vintage Uranium Glass Cream And Sugar Set With Caddy Excellent Condition 1920‚Äôs,55.0,2026-01-07,,,WorthPoint
uranium-glass,Vintage Fenton Cactus Uranium Glass Vase Topaz Opalescent UV Glow,99.0,2026-01-07,,,WorthPoint
uranium-glass,Antique Opalescent Vaseline Uranium Glass Vintage Cherry Creamer Pitcher UV Glow,45.0,2026-01-07,,,WorthPoint
uranium-glass,"Fenton Custard Uranium Glass Floral Mini Bell 4.5\\\"" Signed",22.0,2026-01-07,,,WorthPoint
uranium-glass,Federal Indiana Glass Madrid Uranium Glass Set Of 6 Berry Bowls Vaseline Glows,35.8,2026-01-07,,,WorthPoint
uranium-glass,Vintage Deco Era Table Lamp Base Uranium Glass,135.0,2026-01-07,,,WorthPoint
uranium-glass,Green Depression Uranium Glass SQ Refrigerator Dish Lid Only Anchor Hocking,15.0,2026-01-07,,,WorthPoint
uranium-glass,Mosser Vaseline Uranium Glass Owl Figurine,165.0,2026-01-07,,,WorthPoint
uranium-glass,Two Vintage Anchor Hocking Vaseline Uranium Glass Ribbed Drinking Glasses,29.0,2026-01-07,,,WorthPoint
uranium-glass,Vaseline Uranium Glass Slipper Pair Of Shoes Glow Green,40.0,2026-01-07,,,WorthPoint
uranium-glass,Vtg Anchor Hocking Green Uranium Glass Ribbed Sugar Jar W/Label 1930/4.75‚Äù READ*,29.0,2026-01-07,,,WorthPoint
uranium-glass,Original Fink Glass Works Hen On Nest Handmade HP Burmese Uranium Glass Glow,65.0,2026-01-07,,,WorthPoint
uranium-glass,Green Uranium Depression Glass Cups & Saucers~ Set Of 5 Plus 1 Bonus Saucer,36.0,2026-01-07,,,WorthPoint
uranium-glass,Vintage Fenton Topaz Opalescent Vaseline Uranium Glass Hobnail Compote,69.99,2026-01-07,,,WorthPoint
uranium-glass,Uranium Glass Pitcher 5 Glasses Child's Lemonade Set Iridescent Glows Miniature,91.0,2026-01-07,5.0,18.2,WorthPoint
uranium-glass,Uranium Custard Guernsey Glass Cameo Style Embossed (Glows) Holder,30.0,2026-01-07,,,WorthPoint
uranium-glass,Pair Of Vintage 1930‚Äôs Green Uranium Glass Vases Stunning VGC,40.46,2026-01-07,,,WorthPoint
uranium-glass,Q54C83- Mixed Lot Of 10 Glasses Green Including Uranium Glass (?) Wine Glasses Some With Studs,71.27,2026-01-07,10.0,7.13,WorthPoint
uranium-glass,"2 Fenton Satin Custard Uranium Glass Praying Boy And Girl 4\\\"" Tall - Yellow/Green",25.0,2026-01-07,,,WorthPoint
uranium-glass,Vintage Uranium Glass Candy Dish W/ Lid -Glows Bright Green,51.99,2026-01-07,,,WorthPoint
uranium-glass,Set Of (4) Anchor Hocking Uranium Glass Block Optic Cups & Saucers,43.0,2026-01-07,,,WorthPoint
uranium-glass,Cambridge Uranium Glass Draped Lady / Bashful Charlotte Flower Frog 8 1/2‚Äù Exc,300.0,2026-01-07,,,WorthPoint
uranium-glass,"Vintage Green Depression Uranium Glass 10\\\"" Etched Floral Cake Stand 10\\\""",45.0,2026-01-07,,,WorthPoint
uranium-glass,Vintage Set Of 4 Uranium Glass Dessert/Custard/Sherbert Cups,22.0,2026-01-07,,,WorthPoint
uranium-glass,Vintage Uranium Glass NASCAR Monte Carlo NICE!!,76.5,2026-01-07,,,WorthPoint
uranium-glass,** Uranium Glass Creamer **,75.95,2026-01-07,,,WorthPoint
uranium-glass,"Green Uranium/Depression Glass, Plates, Saucers, Cups, Desert Bowls, Platter",150.0,2026-01-07,,,WorthPoint
uranium-glass,Green Depression Uranium Glass Flower Petal Shaped Pedestal Plate,16.5,2026-01-07,,,WorthPoint
uranium-glass,"RARE Vtg Fenton 18\\\"" Thumbprint Amberina Swung Vase URANIUM GLASS UV GLOW MINT",82.0,2026-01-07,,,WorthPoint
uranium-glass,Vtg Fenton Uranium Yellow Satin Custard Daisy & Button Glass Bell Estate UV,25.0,2026-01-07,,,WorthPoint
uranium-glass,Depression-Era Clear Uranium Glass Coffee Mug ‚Äì Strong UV Glow,35.0,2026-01-07,,,WorthPoint
uranium-glass,Vintage Footed Tripod Powder Box Uranium Green Glass With Celluloid Lid (3),50.0,2026-01-07,,,WorthPoint
uranium-glass,"Vtg Anchor Hocking Pitcher Vaseline Uranium Glass 30s 8\\\""",40.0,2026-01-07,,,WorthPoint
uranium-glass,Uranium Glass Bowl Green Home Decor Mid Century Vintage Glassware CH9,31.02,2026-01-07,,,WorthPoint
uranium-glass,Green Uranium Glass Small Plates X8 Jeanette Poinsettia Design,33.71,2026-01-07,,,WorthPoint
uranium-glass,Uranium Glass Opaline Vase Pair Ox Blood Top Applied Art Work Large Glow Antique,351.52,2026-01-07,,,WorthPoint
uranium-glass,Antique Davidson Pearline Uranium Glass Somerset Bon Bon Dish.,68.78,2026-01-07,,,WorthPoint
uranium-glass,4 Octagon Vaseline Green Uranium Glass Plates,24.15,2026-01-07,,,WorthPoint
uranium-glass,Fenton Hobnail Vaseline Uranium Glass Cruet,290.38,2026-01-07,,,WorthPoint
uranium-glass,AH Colonial Sugar Creamer Vaseline Uranium Glass,46.0,2026-01-07,,,WorthPoint
uranium-glass,"Boyd's Uranium Glass, Westmoreland, L.E. Smith & More",246.0,2026-01-06,,,WorthPoint
uranium-glass,"Uranium Glass Vases, Candlesticks, And Bowl",102.0,2026-01-06,,,WorthPoint
uranium-glass,"Mixed Uranium Glass, Juicers, Shakers And More",336.0,2026-01-06,,,WorthPoint
uranium-glass,Uranium Glass Assortment,252.0,2026-01-06,,,WorthPoint
uranium-glass,"Signed Uranium Glass Vase - Slightly Over 8"" Tall",78.0,2026-01-06,,,WorthPoint
uranium-glass,Variety Of Glassware With Uranium,186.0,2026-01-06,,,WorthPoint
uranium-glass,Vintage Fenton Original Blue Birds Uranium Glass Vase Signd By C. Flaherty,80.0,2026-01-06,,,WorthPoint
uranium-glass,Vintage Rare Uranium Glass Pitcher W Lid Juice Ice Tea Frigidaire Frosted Ribbed,75.0,2026-01-06,,,WorthPoint
uranium-glass,Fenton Green Satin Uranium Glass Fairy Lamp Owl W/ Original Tags,168.0,2026-01-06,,,WorthPoint
uranium-glass,Federal Uranium Glass Birds Georgian Depression Double Handled Sugar Bowl Vtg,12.0,2026-01-06,,,WorthPoint
uranium-glass,"Hazel-Atlas Green Vaseline Vintage Uranium Glass Sugar Bowl 3 3/4\\\""\\\"" Tall.",19.95,2026-01-06,,,WorthPoint
uranium-glass,Vintage Hazel Atlas Colonial Block Green Uranium Glass Candy Dish With Lid,59.99,2026-01-06,,,WorthPoint
uranium-glass,Vintage Fenton Burmese Uranium Glass Handled Basket W/ Hp Scene By Ray Davis,40.0,2026-01-06,,,WorthPoint
uranium-glass,Vintage Fostoria Line #2324 Uranium Glass Candlesticks Etched Set Of 2 UV Glow,20.0,2026-01-06,,,WorthPoint
uranium-glass,Vintage Uranium Glass Ashtray Vaseline Green Depression Era Style,40.0,2026-01-06,,,WorthPoint
uranium-glass,Guernsey Cobalt Blue Uranium Glass Bassett Hound Bill Bennett It GLOWS,32.0,2026-01-06,,,WorthPoint
uranium-glass,Busy Betty #354 Washing Machine Uranium Glass Hoge Mfg Co,240.0,2026-01-06,,,WorthPoint
uranium-glass,Uranium Glass Green Bud Vase 11‚Äù X 2.5‚ÄùVaseline Depression Glass,40.0,2026-01-06,,,WorthPoint
uranium-glass,Set Of 2 Vintage Uranium Glass Table Lamps 11.75‚Äù Both Work,299.99,2026-01-06,,,WorthPoint
uranium-glass,"Lot Of 10 Vintage Uranium Glass Marbles 9/16\\\""",19.0,2026-01-06,,,WorthPoint
uranium-glass,Vintage Fenton Bluebirds On Custard Uranium Glass Medallion Bell 1977-79,25.19,2026-01-06,,,WorthPoint
uranium-glass,G L O W S UV!! Fenton Hobnail Satin Custard Uranium Glass Fairy Lamp Foil Label,116.5,2026-01-06,,,WorthPoint
uranium-glass,Vintage Fenton Signed Custard Uranium Glass Reactive Glowing Bird Figurine,35.0,2026-01-06,,,WorthPoint
uranium-glass,8 RARE Uranium Glass Sterling Overlay Camel Desert Bar Juice Glasses Rockwell,199.99,2026-01-06,,,WorthPoint
uranium-glass,Catholic Rosary Vaseline Uranium Glass Czech Beads Glow UV Black Light Bronze,75.0,2026-01-06,,,WorthPoint
uranium-glass,(A) Vintage Green Uranium Glass Honeycomb Pattern Refrigerator Dish *No Lid*,33.0,2026-01-06,,,WorthPoint
uranium-glass,EAPG Canary Yellow Uranium Glass Daisy And Buttons Square Berry Bowl - UV Glow,52.0,2026-01-06,,,WorthPoint
uranium-glass,Antique Pink Uranium Glass Ruffled Bowl Vaseline Opalescent UV Glow 11‚Äù,99.99,2026-01-06,,,WorthPoint
uranium-glass,Uranium Glass Green Floral Covered Sugar Cube Bowl 5.5‚Äù Tall 2 Handles GLOWS,14.99,2026-01-06,,,WorthPoint
uranium-glass,Hazel-Atlas Green Uranium Glass Ribbed Pedestal Salt & Pepper Shaker Set Uranium,41.55,2026-01-06,,,WorthPoint
uranium-glass,"Vtg Hazel Atlas Uranium Glass Butter Dish Keeper With Top Lid And Base 7\\\"" GUC",110.0,2026-01-06,,,WorthPoint
uranium-glass,LG Wright Vaseline Uranium Glass Daisy & Button Footed Candle Dish Opalescent,50.0,2026-01-06,,,WorthPoint
uranium-glass,Uranium Vaseline Green Depression Glass Paden City Peacock & Wild Rose,81.0,2026-01-06,,,WorthPoint
uranium-glass,"McKee Vintage Red Dot Mixing Bowl 7 7/8\\\"" 1930s Glass, Uranium, Custard",200.0,2026-01-06,,,WorthPoint
uranium-glass,(Box4) Vintage GOODRICH Silvertowns Tire Green Uranium Glass Ashtray,35.0,2026-01-06,,,WorthPoint
uranium-glass,Vintage Uranium Glass Cookie Jar Lid - Anchor Hocking Princess Pattern - UV Glow,31.0,2026-01-06,,,WorthPoint
uranium-glass,"Art Nouveau - Roman Wine Glass. Uranium Glass, Double Overlay. VSL Val Saint Lambert",263.41,2026-01-06,,,WorthPoint
uranium-glass,Westmoreland Vaseline Uranium Glass Satin Dog Doghouse Toothpick Holder Glows,80.0,2026-01-06,,,WorthPoint
uranium-glass,Uranium Anchor Hocking Green Swirl Glass Lidded Candy Dish,55.99,2026-01-06,,,WorthPoint
uranium-glass,Hazel Atlas Juice 5‚Äù Pitcher Green Uranium Glass Fluoresces Ribbed Paperclip H28,24.5,2026-01-06,,,WorthPoint
uranium-glass,Vintage Green Uranium Glass Tea Cup And Saucer,21.24,2026-01-06,,,WorthPoint
uranium-glass,Vintage Custard Glass Vine Pattern Bowl URANIUM GLASS 4‚Äù,24.49,2026-01-06,,,WorthPoint
uranium-glass,Fenton Miniature Blue Glass Bunny GLOWS!!! Uranium? Manganese? Cobaline? Rare???,43.0,2026-01-06,,,WorthPoint
uranium-glass,"Cameo Etched Dancing Ballerina Green Uranium 9.25\\\"" Glass Plates Lot Of 5",48.0,2026-01-06,,,WorthPoint
uranium-glass,Vintage McKee Uranium Glass Custard Dish,35.0,2026-01-06,,,WorthPoint
uranium-glass,Uranium Glass Opaline Vase With Gold Accents Painted Flowers,269.1,2026-01-06,,,WorthPoint
uranium-glass,"Vintage Lime Green Custard Satin \\\""Grape Design 3 Legs\\\"" By Fenton-Uranium Glass",25.0,2026-01-06,,,WorthPoint
uranium-glass,Bohemia Pressed Glass Uranium Glass Figurine Glass Circa 1900,42.73,2026-01-06,,,WorthPoint
uranium-glass,Uranium Glass Walther And Sohne Muschel Shell Bowl Art Deco Green,202.71,2026-01-06,,,WorthPoint
uranium-glass,Broken Uranium Glass Scrap Lot- 2 LBs!!- Broken/Scrap/Shards For Repurpose,40.0,2026-01-06,,,WorthPoint
uranium-glass,4 Vtg 1973 Tiffin Franciscan Madeira Olive Green Ice Tea Uranium Glass 6.5‚Äù Tall,15.51,2026-01-06,,,WorthPoint
uranium-glass,Uranium Glass Boyd Patrick Balloon Bear In Lime Light Glows Figurine Made 2011,79.35,2026-01-06,,,WorthPoint
uranium-glass,Antique Uranium Glass Souvenir Pitcher Perry Memorial Put‚ÄëIn‚ÄëBay Ohio Green UV,85.0,2026-01-06,,,WorthPoint
uranium-glass,Vintage Uranium Glass Butterfly Dish (13),24.32,2026-01-06,,,WorthPoint
uranium-glass,Fenton 1981 All Is Calm Winter Scene Custard Art Uranium Glass Bell Handpainted,24.0,2026-01-05,,,WorthPoint
uranium-glass,"Antique C. 1920 Tiffin Green Satin Uranium Glass Footed 10"" Vase W/ Ornate Gold Embossed Trim",60.5,2026-01-05,,,WorthPoint
uranium-glass,Hazel-Atlas Uranium Depression Green Glass Salt Or Pepper Shaker,24.99,2026-01-05,,,WorthPoint
uranium-glass,Fenton Custard Uranium Glass Miniature Plate Signed & Painted Pine Trees & Bird,24.0,2026-01-05,,,WorthPoint
uranium-glass,2 Vintage 30's Uranium Depression Tiffin Weston Etched Berry Stemmed Glasses.,32.0,2026-01-05,,,WorthPoint
uranium-glass,Antique H.C. Fry Glass Large Juicer Citrus Reamer Uranium Glass Glows Green,32.0,2026-01-05,,,WorthPoint
uranium-glass,Original Fink Glass Works Hen On Nest Handmade HP Custard Uranium Glass Glow,41.0,2026-01-05,,,WorthPoint
uranium-glass,Green Uranium Glass Water Pitcher 8‚Äù High Grape Cut Etching With 6 Matching Glas,89.0,2026-01-05,,,WorthPoint
uranium-glass,Uranium Glass Lamp Spacers Kit Square Column & Cylinder Vintage Swirl Pattern,212.5,2026-01-05,,,WorthPoint
uranium-glass,Vintage Green Uranium Glass Honeycomb Design Lidded Refrigerator Dish,48.0,2026-01-05,,,WorthPoint
uranium-glass,(B) Vintage Green Uranium Glass Honeycomb Pattern Refrigerator Dish *No Lid*,33.0,2026-01-05,,,WorthPoint
uranium-glass,Antique Bristol? Uranium Glass Vase Hand Painted,100.0,2026-01-05,,,WorthPoint
uranium-glass,Lot Of Uranium Depression Glass Jar And Ashtrays (Glows In Blacklight),74.0,2026-01-05,,,WorthPoint
uranium-glass,Federal Green Glass Round Coasters Set Of 3 Starburst Pattern Uranium Glows!,10.5,2026-01-05,,,WorthPoint
uranium-glass,"Vintage \\\""Kellogs\\\"" Advertising Green Uranium Glass 3 Spout Measuring Cup",48.99,2026-01-05,,,WorthPoint
uranium-glass,VTG Uranium Glass Bowl Cut Starburst Depression Era Glass Bowl & Saucer - Green,29.99,2026-01-05,,,WorthPoint
uranium-glass,Vintage Fenton Vaseline Uranium Glass Whale UV,160.0,2026-01-05,,,WorthPoint
uranium-glass,Vintage Fenton Vaseline Uranium Glass Elephant,130.05,2026-01-05,,,WorthPoint
uranium-glass,Vintage Jeanette Uranium Glass Jadeite Square Coffee Canister With Lid,165.0,2026-01-05,,,WorthPoint
uranium-glass,Opaline Uranium Glass Bottle Stopper,20.17,2026-01-05,,,WorthPoint
uranium-glass,Green Vaseline Uranium Glass Song Bird Bright Glow,23.0,2026-01-05,,,WorthPoint
uranium-glass,Vintage Vaseline Glass Uranium Handled Round Plate Tray Serving Platter 10-1/2‚Äù,24.99,2026-01-05,,,WorthPoint
uranium-glass,Vintage 1930s Green Uranium Depression Glass 2 Cup 16 Oz Measuring And Mixing,28.0,2026-01-05,453.6,0.06,WorthPoint
uranium-glass,Vintage Art Glass Frog / Uranium Glass Glows Under Black Light 2‚Äù H,40.0,2026-01-05,,,WorthPoint
uranium-glass,Vintage Anchor Hocking Green Uranium Glass Block Optic Salt & Pepper Shakers,38.0,2026-01-05,,,WorthPoint
uranium-glass,Uranium Glass Ashtray Hazel Atlas Tire Match Holder Vintage Checkerboard Glowing,45.0,2026-01-05,,,WorthPoint
uranium-glass,"Extremely RARE 1930s Hazel Atlas, Uranium Glass üî•Green Ribbonüî• 8\\\"" Bowl",55.0,2026-01-05,,,WorthPoint
uranium-glass,Green Uranium Glass Bowl And Plate,15.0,2026-01-05,,,WorthPoint
uranium-glass,Uranium Glass Lamp Art Deco Style Vintage Antique Custom Build,300.0,2026-01-05,,,WorthPoint
uranium-glass,Antique 1920‚Äôs Hocking Uranium Glass Canister Coffee Jar With Lid,80.0,2026-01-05,,,WorthPoint
uranium-glass,Vintage Uranium Depression Glass 4 Pc Lot Jeannette Adam Federal Georgian,14.99,2026-01-05,,,WorthPoint
uranium-glass,"Vintage Green Uranium Depression Glass Condiment Jelly Jar LID ONLY 2 3/4\\\""",12.5,2026-01-05,,,WorthPoint
uranium-glass,Set Of 3 Victorian Vaseline Uranium Glass Epergne Hanging Basket Trumpets Horns,149.5,2026-01-05,,,WorthPoint
uranium-glass,Pair Of Antique Victorian Vaseline Uranium Glass Epergne Trumpets Horns Handled,74.99,2026-01-05,,,WorthPoint
uranium-glass,Fenton Custard Satin Hobnail Fairy Lamp Uranium Glass Glow/ CHIP ALERT! See Pic.,45.0,2026-01-05,,,WorthPoint
uranium-glass,Vintage Owl Perfume Bottle? Uranium Glass Bronze Hinged Head Needs TLC,115.5,2026-01-05,,,WorthPoint
uranium-glass,"Uranium Glass Vase 6\\\""",34.0,2026-01-05,,,WorthPoint
uranium-glass,Vintage Ludwig Moser Carlsbad Uranium/Uranium Glass Vase With Gold Frieze - A.2.13,316.08,2026-01-05,,,WorthPoint
uranium-glass,3 Piece Uranium Glass Greensburg Co. Depression Vaseline Creamer & Sugar Caddy,35.0,2026-01-05,,,WorthPoint
uranium-glass,RARE Uranium Glass Liberty Bell Candy Container With Removable Metal Base,199.0,2026-01-05,,,WorthPoint
uranium-glass,Vintage Lavender Uranium Glass Ruffled Edge Pedestal Basket Glows Green,29.99,2026-01-05,,,WorthPoint
uranium-glass,FENTON Vintage Bell Green Uranium Glass Bell With Pink Flowers Hand Painted,26.0,2026-01-05,,,WorthPoint
uranium-glass,Mosser Vaseline Uranium Glass Water Pitcher Beaded Shell/ Dugan Glass/art Deco,190.0,2026-01-05,,,WorthPoint
uranium-glass,Vintage Vaseline/Uranium Glass Eye Wash Cup,55.0,2026-01-05,,,WorthPoint
uranium-glass,Antique Cast Iron Claw Feet With Uranium Purple Glass Balls Set Of 3,45.0,2026-01-05,,,WorthPoint
uranium-glass,1929 Art Deco Taussaunt Satin Uranium Glass Jester Powder Jar Candy Dish HTF,65.0,2026-01-05,,,WorthPoint
uranium-glass,Uranium Glass Green Depression Era Glass Divided Relish Candy Dish Metal Holder,18.95,2026-01-05,,,WorthPoint
uranium-glass,Fenton For QVC Open Swan Dish Irridized Vaseline Green Vintage Uranium Glass,42.25,2026-01-05,,,WorthPoint
uranium-glass,"Fenton Glass Lily Of The Valley Pattern Vase W/ Uranium Glass & Ruby Coin Spot Creamer, 8x9x5 Inc...",105.75,2026-01-05,,,WorthPoint
uranium-glass,Beautiful Uranium Glass Platter,31.72,2026-01-05,,,WorthPoint
uranium-glass,Rare Art Deco Uranium Glass S.Reich Clock,201.65,2026-01-05,,,WorthPoint
uranium-glass,Uranium Glass Cookie Jar,57.34,2026-01-05,,,WorthPoint
uranium-glass,Vintage Teeny Tiny One Inch Miniature Green Uranium Glass Frog,65.0,2026-01-05,,,WorthPoint
uranium-glass,3 Uranium Glass MacBeth Evans Swirled Optic Coaster Spoon Rest Pat.,13.5,2026-01-04,,,WorthPoint
uranium-glass,Vintage 1930s L.E. Smith Satin Uranium Glass Elephant Powder Jar ‚Äì UV Glow,38.0,2026-01-04,,,WorthPoint
uranium-glass,Vintage 1930‚Äôs? McKee Small (3.5 Inch) Bowl Uranium Glass ‚ÄúJadeite‚Äù ***w Stand,37.0,2026-01-04,,,WorthPoint
uranium-glass,Antique Hazel Altas Uranium Depression Green Glass Syrup Pitcher Tiny Chip,23.5,2026-01-04,,,WorthPoint
uranium-glass,Vaseline Uranium Glass Sandwich Tidbit Tray With Handle 12‚Äù Oval,15.0,2026-01-04,,,WorthPoint
uranium-glass,"\\\""Green Vaseline\\\"" Uranium Glass Car Bud Vase Antique EXCELLENT",130.0,2026-01-04,,,WorthPoint
uranium-glass,Fenton Emerald Green Opalescent Hobnail Uranium Glass Vase GLOW! VTG EUC,45.0,2026-01-04,,,WorthPoint
uranium-glass,"Vintage Fenton Ice Blue UV Reactive Uranium Glass Large Hen On Basket Nest 7\\\""",180.0,2026-01-04,,,WorthPoint
uranium-glass,LG Wright Fenton Topaz Daisy Fern Vaseline Uranium Glass Ruffled Pitcher VG MCM,200.0,2026-01-04,,,WorthPoint
uranium-glass,Antique Uranium Akro Agate Glass Night Light !,75.0,2026-01-04,,,WorthPoint
uranium-glass,3 Green Uranium Depression Glass Anchor Hocking Princess Luncheon Plates 9‚Äù,29.71,2026-01-04,3.0,9.9,WorthPoint
uranium-glass,Vintage Uranium Glass Liberty Bell Jar Candy Container (4in),131.5,2026-01-04,,,WorthPoint
uranium-glass,Kanawha / Fenton Milk Green Uranium Glass Set - NO RESERVE Lot 15 Of 31,86.0,2026-01-04,,,WorthPoint
uranium-glass,Hand Painted Fenton Burmese Uranium Glass Fairy Lamp - NO RESERVE Lot 14 Of 31,208.35,2026-01-04,,,WorthPoint
uranium-glass,Mixed Fenton Uranium Glass Vase / Cruet Lot - NO RESERVE Lot 13 Of 31,78.0,2026-01-04,,,WorthPoint
uranium-glass,(3) Fenton Topaz Hobnail Uranium Glass Toothpick Holders NO RSV Lot 12 Of 31,66.0,2026-01-04,,,WorthPoint
uranium-glass,Fenton Topaz Opalescent Hobnail Uranium Glass Candle Holders NO RSV Lot 12 Of 31,86.0,2026-01-04,,,WorthPoint
uranium-glass,Blue Vaseline Uranium Glass Sea Turtle Tortoise Paperweight Shell Animal / Paint,19.99,2026-01-04,,,WorthPoint
uranium-glass,Antique Delta Detroit Child‚Äôs Toy Hand Mixer With Uranium Glass Mixing Bowl Mini,94.99,2026-01-04,,,WorthPoint
uranium-glass,"Vintage Uranium Glass Ribbed Salt & Pepper Shaker Set 5\\\"" Anchor Hocking W/ Lids",41.0,2026-01-04,,,WorthPoint
uranium-glass,"Uranium Glass Round Ball Lamp Shade Oil Kerosene Electric Lamps 2 1/8\\\"" Fitter",145.0,2026-01-04,,,WorthPoint
uranium-glass,Antique Vintage EAPG Fluted Uranium Glass Creamer & Sugar Bowl Set UV Reactive,39.95,2026-01-04,,,WorthPoint
uranium-glass,Vintage Aladdin Green Uranium Glass WASHINGTON DRAPE Nu-Type B Oil Lamp 1939,224.99,2026-01-04,,,WorthPoint
uranium-glass,Vintage Depression Glass Pitcher Jeannette 6.5‚Äù Uranium Cherry Blossom *Flaws*,20.0,2026-01-04,,,WorthPoint
uranium-glass,Green Princess Candy Jar Depression Glass Uranium Glass,19.95,2026-01-04,,,WorthPoint
uranium-glass,"GLOWS UNDER BLACK LIGHT! Fenton Green Boggy Bayou Uranium Glass Vase Drape 11\\\""",67.15,2026-01-04,,,WorthPoint
uranium-glass,"Uranium Slag Glass Pen Holder & Pen Akro Agate ,Business Card Ash Tray Art Deco",83.0,2026-01-04,,,WorthPoint
uranium-glass,Green Vaseline Uranium Glass Denture Dentist Mold Teeth Orthodontist Medical Art,29.99,2026-01-04,,,WorthPoint
uranium-glass,Green Vaseline Uranium Glass Tugboat Boat Barge Ocean Teddy Candy Container Glow,23.5,2026-01-04,,,WorthPoint
uranium-glass,Green Vaseline Uranium Glass Sea Turtle Tortoise Paperweight Shell Animal Paint,19.99,2026-01-04,,,WorthPoint
uranium-glass,"Fenton Uranium Glass Fairy Lamp Insert - LG Wright Compatible ‚Äì Glows ‚Äì 4\\\""",78.77,2026-01-04,,,WorthPoint
uranium-glass,"Vtg Uranium Glass Cherry Blossom 10\\\"" Footed Cake Plate Glows Depression Green",26.99,2026-01-04,,,WorthPoint
uranium-glass,Vintage Vaseline/uranium Glass Lot Of Six,28.0,2026-01-04,,,WorthPoint
uranium-glass,Uranium Glass Dessert Sundae Dishes X 5 Depression Glass,40.33,2026-01-04,,,WorthPoint
uranium-glass,"4 Depression Etched Green Uranium Glass Pedestal Wine Glasses 6.5\\\"" Tall",40.0,2026-01-04,,,WorthPoint
uranium-glass,"3 Green Uranium Glass 3\\\"" Dimpled Juice / Shot Glasses Barware.",28.0,2026-01-04,3.0,9.33,WorthPoint
uranium-glass,Fenton Vaseline Uranium Depression Glass Covered Candy Dish Compote W Lid,129.0,2026-01-04,,,WorthPoint
uranium-glass,Vtg Uranium Glass Indiana Horseshoe Green Floral Cereal Bowls Depression Glass,50.0,2026-01-04,,,WorthPoint
uranium-glass,Art DECO 1920s Uranium Green Glass Ribbed Fan Vase 6‚Äù ANTIQUE Glows Black Light,39.99,2026-01-04,,,WorthPoint
uranium-glass,Set Of 3 Uranium Glass Cups And 3 Plates Saucers Dessert Dish Glows Green,30.0,2026-01-04,,,WorthPoint
uranium-glass,"Vintage McKee Jadeite Mixing Bowl W/Handles Uranium Glass 9\\\"" Sunbeam Stand Mixer",34.95,2026-01-04,,,WorthPoint
uranium-glass,Vintage Uranium Glass Green Candy Tray Pressed Vanity Ring Holder Art Deco 1930s,50.0,2026-01-04,,,WorthPoint
uranium-glass,Murano Uranium Glass Spaniel Dog Figurine Uranium Glass.,500.0,2026-01-04,,,WorthPoint
uranium-glass,Fenton Satin Custard Uranium Glass Hand Painted Rose Rabbit,58.0,2026-01-04,,,WorthPoint
uranium-glass,Vintage Uranium Glass Pepper Shaker,12.5,2026-01-04,,,WorthPoint
uranium-glass,Vintage Fenton Custard Uranium Glass Reactive Glowing Bird Of Happiness Signed,31.0,2026-01-04,,,WorthPoint
uranium-glass,Anchor Hocking Green Uranium Glass Cameo Ballerina Open Sugar Bowl,20.0,2026-01-04,,,WorthPoint
uranium-glass,Vintage Uranium Glass Owl Fairy Lamp Vaseline Glass Candle Holder COMPLETE,98.0,2026-01-04,,,WorthPoint
uranium-glass,Jeanette Green Jadeite Jadite Uranium Glass Salt Shaker With Original Lid,20.0,2026-01-04,,,WorthPoint
uranium-glass,Vintage Hazel Atlas Vaseline Uranium Glass Green Juicer Citrus Reamer AS IS,15.0,2026-01-04,,,WorthPoint
uranium-glass,Vintage Green Uranium Glass Orange/Lemon Juicer Reamer Very Nice! Glows Perfect,20.0,2026-01-04,,,WorthPoint
uranium-glass,Versace Glass Drinks Coaster Yellow Uranium Glass NEW Gift Present By Rosenthal,26.89,2026-01-04,,,WorthPoint
uranium-glass,"Lot Of 10 Uranium Glass Marbles: JABO \\\""Ensign\\\"" Made In USA 395nm UV Glow",21.01,2026-01-04,,,WorthPoint
uranium-glass,Antique Davidson Pearline Vaseline Uranium Glass Pedestal Tazza Comport,68.68,2026-01-04,,,WorthPoint
uranium-glass,LOOSE BROKEN PIECES OF URANIUM/VASELINE GLASS SHOWING UV FLUORESCENCE 250 Grams,15.55,2026-01-04,250.0,0.06,WorthPoint
uranium-glass,Hazel Atlas Uranium Glass Salt & Pepper Shakers Ribbon Pattern 1930s VTG,52.0,2026-01-04,,,WorthPoint
uranium-glass,Hamilton Beach Vintage Yellow Custard Uranium Glass Large 9 Inch Mixing Bowl,25.0,2026-01-04,,,WorthPoint
uranium-glass,"Green Depression Glass Butter Dish Lid, Glows Uranium Glass",13.99,2026-01-04,,,WorthPoint
uranium-glass,"Yellow Vaseline Uranium Glass Turtle Covered Trinket Candy Dish 4.75\\\"" - Glows!",55.0,2026-01-04,,,WorthPoint
uranium-glass,Vintage Uranium Glass Candlestick Holder With Gold Gilt Trim Single,25.0,2026-01-04,,,WorthPoint
uranium-glass,"Vintage Diamond Point Square Green Glows Uranium Glass Candy Dish Sawtooth 6\\\""",26.95,2026-01-04,,,WorthPoint
uranium-glass,"3x Nanny Still Neptuna Glasses | Riihimaen Lasi, Finland | Uranium / Vaseline",105.49,2026-01-04,,,WorthPoint
uranium-glass,Nanny Still - 6 Pcs Sulttaani Glasses - Riihim√§en Lasi Uranium Vaseline,246.14,2026-01-04,,,WorthPoint
uranium-glass,Vintage Green Uranium Vaseline Glass Dessert Bowls Plates Set Of 6 Swirl Glows,46.89,2026-01-04,,,WorthPoint
uranium-glass,Green Vaseline Uranium Glass Swan / Easter Eggs Salt Cellar Dip Duck Dish Yellow,40.0,2026-01-04,,,WorthPoint
uranium-glass,Historical 18thC Blown Glass Barber / Onion Bottle Pinched Neck Uranium Glass,150.0,2026-01-04,,,WorthPoint
uranium-glass,"Uranium Glass Refrigerator Box With Original Sunburst Lid Glows 5.5\\\""",45.99,2026-01-04,,,WorthPoint
uranium-glass,Vintage Art Deco Uranium Glass Bowl - Brockwitz ?,34.62,2026-01-04,,,WorthPoint
uranium-glass,Vintage Uranium Glass Pair Candlestick Candle Holders 1920s Depression Era,35.0,2026-01-03,,,WorthPoint
uranium-glass,Uranium Glass Lot Block Green Depression Glass Block,30.0,2026-01-03,,,WorthPoint
uranium-glass,Vintage Antique Vaseline Uranium Glass Leaf Brooch UV Glow Circa 1920-30s 72mm,49.99,2026-01-03,,,WorthPoint
uranium-glass,Vintage Fenton Artist Signed Hand Painted Uranium Custard Glass Radioactive,35.5,2026-01-03,,,WorthPoint
uranium-glass,"Fenton Daisy & Fern Syrup Pitcher, Green Uranium Glass, Excellent, Nice Glow.",145.0,2026-01-03,,,WorthPoint
uranium-glass,Fenton Owl Fairy Lamp Light Green Satin Uranium Glass Candle Holder,90.0,2026-01-03,,,WorthPoint
uranium-glass,Vintage Uranium Glass Large Citrus Grapefuit Juicer Handle Spout Farmhouse Glows,18.99,2026-01-03,,,WorthPoint
uranium-glass,Northwood Vintage Uranium Glass Log Trough Dish Colorful,30.0,2026-01-03,,,WorthPoint
uranium-glass,Uranium Glass Footed Bowl,110.0,2026-01-03,,,WorthPoint
uranium-glass,Very Rare Antique Moser/webb Victorian Uranium Glass Perfume/scent Bottle,667.89,2026-01-03,,,WorthPoint
uranium-glass,Rare Vintage Jeannette Cherry Blossom Green Uranium Glass SaltPepper Shakers,45.0,2026-01-03,,,WorthPoint
uranium-glass,300 Pcs 10mm Faceted Fire-Polished YELLOW VASELINE/URANIUM GLASS BEADS,80.0,2026-01-03,,,WorthPoint
uranium-glass,Antique Uranium Glass Miniature Cabinet Vase Floral Gilt 3.5‚Äù Glows Green,36.0,2026-01-03,,,WorthPoint
uranium-glass,"Vintage Uranium Glass Measuring Cup 2 Cup Size, Great Glow, Vaseline Glass",36.99,2026-01-03,,,WorthPoint
uranium-glass,Vintage Fenton Custard Satin Uranium Glass Water Lily Footed Swung Bud Vase,32.0,2026-01-03,,,WorthPoint
uranium-glass,Vtg Uranium Pedestal Etched Green Depression Glass Candy Dish Compote 5x11‚Äù,34.99,2026-01-03,,,WorthPoint
uranium-glass,Fenton Holly On Custard Glass Bell By Fenton Uranium Glass Hand Painted & Signed,19.99,2026-01-03,,,WorthPoint
uranium-glass,Summit Art Glass Custard Uranium Salt Shaker Fan & Feather Northwood Repro,18.5,2026-01-03,,,WorthPoint
uranium-glass,Vintage Hand Painted GE Schlicher Fenton Custard Satin URANIUM Glass Bell Glows!,13.0,2026-01-03,,,WorthPoint
uranium-glass,Fenton Burmese Uranium Diamond Optic Egg Hand Painted Signed QVC Art Glass,139.99,2026-01-03,,,WorthPoint
uranium-glass,Orient & Flume Uranium Glass Bird Paperweight GGW4 Glows,199.95,2026-01-03,4.0,49.99,WorthPoint
uranium-glass,Uranium Glass Serving Dish Anchor Hocking Princess Pattern 12.5 Inch,25.0,2026-01-03,,,WorthPoint
uranium-glass,RARE Vidrio Products Uranium Slag Glass Ashtray GLOWS!,64.99,2026-01-03,,,WorthPoint
uranium-glass,"Uranium Glass Hazel Atlas Single Salt Or Pepper Shaker 3.5\\\"" Tall.",15.99,2026-01-03,,,WorthPoint
uranium-glass,Vintage Fenton Uranium Glass Custard 5‚Äù Fairy Lamp 1982 Winter Scene W/label,125.0,2026-01-03,,,WorthPoint
uranium-glass,Vintage Lot Of 10 Uranium Glass Marbles,13.99,2026-01-03,,,WorthPoint
uranium-glass,1920-30s ART DECO Cast Iron Uranium Glass Ashtray Mermaids Lamp,149.99,2026-01-03,,,WorthPoint
uranium-glass,Uranium Glass Shot Glasses Set Of 3 Green Vaseline Glass UV Reactive,44.99,2026-01-03,3.0,15.0,WorthPoint
uranium-glass,Uranium Glass Pitcher With Four Coffee Cups Green Depression Glass,69.0,2026-01-03,,,WorthPoint
uranium-glass,300 Pieces 1/4 MASS 8mm Round Faceted Fire-Polished VASELINE/URANIUM GLASS BEADS,55.0,2026-01-03,,,WorthPoint
uranium-glass,"Vintage Uranium Glass - 8.75\\\"" Citrus Juicer - Small Chip In Piece - SEE PHOTO",29.99,2026-01-03,,,WorthPoint
uranium-glass,2 Eimac 227-A Transmitter Tubes US Navy Uranium Glass NOS/NIB #1,99.95,2026-01-03,,,WorthPoint
uranium-glass,"3 Yellow Uranium Glass Vaseline Candlestick Holders -1 Small Chip. 3.35\\\"" W & T",34.0,2026-01-03,,,WorthPoint
uranium-glass,"6\\\"" Duncan Miller Bride's Basket Uranium Glass Depression Era FREE SHIPPING",39.99,2026-01-03,,,WorthPoint
uranium-glass,Uranium Glass Candle Sticks,75.0,2026-01-03,,,WorthPoint
uranium-glass,Vintage Uranium Vaseline Jeannette Glass Co Depression Glass Creamer Cubist,11.0,2026-01-03,,,WorthPoint
uranium-glass,"Green Uranium Depression Glass Heart Handle 6-1/4\\\"" 6 Slot Ashtray/ Candy Dish",30.45,2026-01-03,,,WorthPoint
uranium-glass,Lot Of 11 Vintage Uranium Glass Marbles On Clear Glass Frog One -W/Oxblood,19.95,2026-01-03,,,WorthPoint
uranium-glass,"McKee Uranium Glass Advertising Heart Shape Tray LE 0f 85 4 1/2\\\"" By 4 1/4\\\""",49.99,2026-01-03,,,WorthPoint
uranium-glass,Vintage Uranium Glass Bowl Vaseline Lace Edge Basket Weave Glows Under UV,34.99,2026-01-03,,,WorthPoint
uranium-glass,Satin Vaseline Uranium Glass Lidded Apothecary Jar Yellow Topaz Art Glass-Glows!,64.99,2026-01-03,,,WorthPoint
uranium-glass,Beautiful Green Uranium Glass Seltzer Syphon Bottle French Signed On Bottom,299.0,2026-01-03,,,WorthPoint
uranium-glass,Beautiful Blue Green Uranium Glass Seltzer Syphon Bottle French Matching Top,299.0,2026-01-03,,,WorthPoint
uranium-glass,300 Pcs 12mm Faceted Fire-Polished YELLOW VASELINE/URANIUM GLASS BEADS,130.0,2026-01-03,,,WorthPoint
uranium-glass,Uranium Vaseline Green Glass Lot Of 7,28.0,2026-01-03,,,WorthPoint
uranium-glass,Busy Betty #354 Washing Machine Uranium Glass Hoge Mfg Co - Vintage 1930's - VG+,495.0,2026-01-03,,,WorthPoint
uranium-glass,Antique Daisy & Button Canary Vaseline Uranium Glass Berry Bowl EAPG,36.0,2026-01-03,,,WorthPoint
uranium-glass,Blue Vaseline Uranium Glass Girl Doll Candy Container Woman Elizabeth Dress Art,35.0,2026-01-03,,,WorthPoint
uranium-glass,Anchor Hocking Uranium Glass Block Optic Sherbet Depression Green Glas,17.0,2026-01-03,,,WorthPoint
uranium-glass,IMPERIAL GLASS - Uranium Glass Diamond Block Relish Pickle Tray W/handles,18.98,2026-01-03,,,WorthPoint
uranium-glass,TIFFIN-FRANCISCAN Set Of 2 Wine/Water Goblets Uranium Glass Diamond Optic 1920s,36.0,2026-01-03,,,WorthPoint
uranium-glass,Vintage 1930s Green Uranium Glass Citrus Reamer/Juicer Depression Antique Glows,18.94,2026-01-03,,,WorthPoint
uranium-glass,Vaseline Uranium Glass Depression Candle Stick Holders LOT-5,49.97,2026-01-03,,,WorthPoint
uranium-glass,Eye Wash Cup Optical Pink Uranium Glass Turns Purple Vintage,26.99,2026-01-03,,,WorthPoint
uranium-glass,EAPG Dugan Glass LEAF RAYS Uranium Green Triangular Handled Nappy Made In USA,25.0,2026-01-03,,,WorthPoint
uranium-glass,Aurora IL Library Vaseline Custard Uranium Glass Footed Sugar & Creamer Glows,35.1,2026-01-03,,,WorthPoint
uranium-glass,Set Of Four Vintage Uranium Iridescent Stretch Glass Vaseline Bobeches Fenton??,44.0,2026-01-03,,,WorthPoint
uranium-glass,Vintage Boyd's Crystal Art Glass Hand Blown Standing Uranium Glass Sign,250.0,2026-01-03,,,WorthPoint
uranium-glass,Antique Vintage Uranium Early Glass Beaded Swirl Pitcher Creamer Emerald Green,24.95,2026-01-03,,,WorthPoint
uranium-glass,Vintage Uranium Green Depression Shot Glasses Small,26.0,2026-01-03,,,WorthPoint
uranium-glass,Burmese Glass Uranium Glass Amber Glass Mushroom Figurine W/ Burmese UG Cap 2.5‚Äù,15.5,2026-01-03,,,WorthPoint
uranium-glass,Uranium Glass Burmese Glass Rose 2‚Äù,15.53,2026-01-03,,,WorthPoint
uranium-glass,Uranium Aqua Glass Mushroom Figurine W/ Burgundy Cap 2‚Äù Defective,26.0,2026-01-03,,,WorthPoint
uranium-glass,Burmese Uranium 2.5‚Äù Glass Mushroom Figurine W/ Green Cap,17.5,2026-01-03,,,WorthPoint
uranium-glass,Burmese Glass Uranium Glass Mushroom Figurine W/ Gold Cap 2‚Äù,21.5,2026-01-03,,,WorthPoint
uranium-glass,"Vintage Uranium Glass Green Water Goblets/Jeannette 3\\\""x5.75\\\""/Glows UV/\\\""4\\\"" & \\\""64\\\""",25.0,2026-01-03,,,WorthPoint
uranium-glass,Antique B & H Vaseline Uranium Glass Boot Vase C1887-1892 ‚ÄúDaisy And Button‚Äù,90.0,2026-01-03,,,WorthPoint
uranium-glass,Fenton Glass Paneled Daisy Uranium Satin Candle Toothpick Holder Original Tags,20.0,2026-01-03,,,WorthPoint
uranium-glass,Uranium Glass Vaseline Glass Sugar Skull,85.0,2026-01-03,,,WorthPoint
uranium-glass,Vaseline Emerald Green Uranium Glass Mushroom Figurine 2.5‚Äù,13.5,2026-01-03,,,WorthPoint
uranium-glass,Vaseline Glass Uranium Glass Yellow Mushroom Figurine 2‚Äù,15.5,2026-01-03,,,WorthPoint
uranium-glass,Vtg 1910‚Äôs Drey Mason Jar Quart Zinc Lid Uranium UV Green Glow Aqua Blue Glass,69.0,2026-01-03,,,WorthPoint
uranium-glass,VTG Set Of 4 Uranium Wine/Water Glasses With Etched Flower Vine Design 6‚Äù,45.0,2026-01-03,,,WorthPoint
uranium-glass,Vintage Depression Etched Floral Green Uranium Glass Wine Goblets - Set Of 3,24.95,2026-01-03,,,WorthPoint
uranium-glass,Large Uranium Empoli Glass Vase Brandy Snifter Green Glowing Hand Blown Italian,100.76,2026-01-03,,,WorthPoint
uranium-glass,"Pair Of Vintage Custard Candlestick Holders Uranium Glass GLOWS 4\\\""",100.0,2026-01-03,,,WorthPoint
uranium-glass,"Antique Uranium Glass Vase W/ Trumpet Body & Flared \\\""swung\\\"" Rim. Has Chip At Top",30.0,2026-01-02,,,WorthPoint
uranium-glass,Vintage Green Shot Glass - Uranium Glass- Glows Under UV Light,24.95,2026-01-02,,,WorthPoint
uranium-glass,2.25‚Äù Hazel Atlas Green Uranium Vaseline Glass Furniture Coaster Floor Protector,17.0,2026-01-02,,,WorthPoint
uranium-glass,VTG Consolidated Wild Rose Vaseline (Uranium) Carnival Glass Lid & Underplate,115.0,2026-01-02,,,WorthPoint
uranium-glass,Antique Uranium Glass Open Salt Cellar Decorative Brass Holder Only,34.95,2026-01-02,,,WorthPoint
uranium-glass,Vintage Degenhart Yellow Uranium Glass Bird Toothpick Holder,45.99,2026-01-02,,,WorthPoint
uranium-glass,"Vintage Antique Green Vaseline Uranium Glass Vase 8\\\"" Tall W/ Ruffled Rim",111.92,2026-01-02,,,WorthPoint
uranium-glass,Jeanette Uranium Glass Sunflower Serving Plate Depression Green SunflowerFooted,22.5,2026-01-02,,,WorthPoint
uranium-glass,Vintage Uranium Glass Lot UV Reactive Depression Glass Stemware Tumblers Mixed,78.0,2026-01-02,,,WorthPoint
uranium-glass,1930s Anchor Hocking Princess Uranium Glass Cookie Biscuit Jar,49.95,2026-01-02,,,WorthPoint
uranium-glass,LG Wright Yellow Vaseline Uranium Glass Wildflower Goblet 5 Inches Tall,27.0,2026-01-02,,,WorthPoint
uranium-glass,Versace Glass Coaster Yellow Uranium Glass NEW Drinks Boxed Gift By Rosenthal,38.98,2026-01-02,,,WorthPoint
uranium-glass,Vintage Bowl Uranium Glass Green Spout Mixing Bowl 7x6,16.0,2026-01-02,,,WorthPoint
uranium-glass,Vintage Uranium Glass Shot Glass Glows Under UV Ribbed Green Depression Glass,14.99,2026-01-02,,,WorthPoint
uranium-glass,Original Fink Glass Works Hen On Nest Handmade HP COBALT Blue Uranium GLOW!,40.0,2026-01-02,,,WorthPoint
uranium-glass,Antique Art Deco 1920's Akro Agate Ashtray Green Glow Uranium Glass No Dog,99.95,2026-01-02,,,WorthPoint
uranium-glass,Boyd Crystal Art Glass Turkey On Nest Vaseline Carnival - Uranium Glass,85.0,2026-01-02,,,WorthPoint
uranium-glass,Vintage Uranium Green Glowing Glass Etched Serving Tray With Handle,15.0,2026-01-02,,,WorthPoint
uranium-glass,"VRare- ART DECO Intaglio CUT URANIUM GLASS Small 2 3/4\\\"" SALT CELLAR W/TRUMPETERS",36.77,2026-01-02,,,WorthPoint
uranium-glass,Vintage Moe's Bridges 1930s Uranium Glass Shade. Art Deco,120.0,2026-01-02,,,WorthPoint
uranium-glass,Tiffin Satin Green Vaseline Glass Floral Bowl Uranium Glow Art Glass,33.75,2026-01-02,,,WorthPoint
uranium-glass,Vintage Green Uranium Glass Ashtray 1950‚Äôs,55.0,2026-01-02,,,WorthPoint
uranium-glass,Lot Of 10 Amber Vaseline Glass Uranium Glass Marbles Uv Glow,30.99,2026-01-02,,,WorthPoint
uranium-glass,Lot Of 10 Crackle Dark Green Uranium Glass Marbles Uv Glow Vaseline Glass,30.99,2026-01-02,,,WorthPoint
uranium-glass,Set 19 Tiffin ART DECO GREEN Twisted Stem VASELINE URANIUM GLASSES Etched,425.0,2026-01-02,,,WorthPoint
uranium-glass,Lot Of Glowing Marbles Uranium Glass Glow-in-the-dark,13.0,2026-01-02,,,WorthPoint
uranium-glass,Vintage Uranium Glass Knife,50.0,2026-01-02,,,WorthPoint
uranium-glass,Uranium Glass Rosary Faceted W/Ruby Red UV Reactive Holy Protector Saint 22‚Äù #R5,99.0,2026-01-02,,,WorthPoint
uranium-glass,"Vintage YELLOW Vaseline Uranium Glass 5 1/4\\\"" Dessert BERRY Opalescent BOWL",39.0,2026-01-02,,,WorthPoint
uranium-glass,"Vintage Custard Glass Uranium Souvenir Cup M.K & T Station Parsons, KANSAS 2.25\\\""",39.99,2026-01-02,,,WorthPoint
uranium-glass,Vintage Jeanette Sunflower Uranium Glass Cake Plate,70.0,2026-01-02,,,WorthPoint
uranium-glass,"Vintage Lot Of 5 Glass And Crystal Bottle Stoppers, Lead And Uranium, Glass",15.0,2026-01-02,5.0,3.0,WorthPoint
uranium-glass,Two Uranium Glass Vintage Bowls - 1930s Glass,20.16,2026-01-02,,,WorthPoint
uranium-glass,"1930‚Äôs Teal-Green Uranium Glass Nappy Bowl Diamond Band Floral Pattern 5.5\\\"" Bowl",23.99,2026-01-02,,,WorthPoint
uranium-glass,Opalescent Lime Green Vaseline Uranium Glass Roses Scroll Slipper Shoe Unmarked,41.0,2026-01-02,,,WorthPoint
uranium-glass,Rare Custard Uranium Glass McKee Square Nutmeg Shaker,112.49,2026-01-02,,,WorthPoint
uranium-glass,3 Hard To Find Vintage Uranium Glass Jeannette Windsor Diamond Tumblers,59.0,2026-01-02,,,WorthPoint
uranium-glass,"Vintage Fenton 6\\\"" Daisy And Button Lime Green Custard Uranium Glass Bell",18.0,2026-01-02,,,WorthPoint
uranium-glass,Victorian Vaseline Uranium Glass Bud Vase For Stand Circa 1890,30.11,2026-01-02,,,WorthPoint
uranium-glass,Uranium Glass Green Glass Lidded Butter Dish ( Read The Description ),20.0,2026-01-02,,,WorthPoint
uranium-glass,Anchor Hocking Uranium Glass 1930s Vintage Pillar Optic Beer Pitcher Green,32.0,2026-01-02,,,WorthPoint
uranium-glass,"Vintage 1940s 3 1/2\\\"" Cup Plate Yellow Canary Uranium Glass Double Hearts & Arrow",24.99,2026-01-02,,,WorthPoint
uranium-glass,Fenton Uranium Glass Bowl With Three Legs,35.96,2026-01-02,,,WorthPoint
uranium-glass,Two Green Uranium Glass Kitchen Beaters,80.04,2026-01-02,,,WorthPoint
uranium-glass,"Uranium Glass Decanter, Juicer, Measuring Cup, And More",74.24,2026-01-02,,,WorthPoint
uranium-glass,Seven Uranium Green Depression Glass Footed Glasses,47.56,2026-01-02,,,WorthPoint
uranium-glass,Uranium Glass Perfume Bottle,80.04,2026-01-02,,,WorthPoint
uranium-glass,Uranium Glass Pieces,12.65,2026-01-02,,,WorthPoint
uranium-glass,Weishar Moon & Star Vaseline Glass Spooner - Uranium,120.36,2026-01-01,,,WorthPoint
uranium-glass,Uranium Indiana Glass Co. Cabbage Leaf Candy Dish Bowl Depression Vaseline GLOWS,32.0,2026-01-01,,,WorthPoint
uranium-glass,Uranium Glow Green Depression Glass Hazel Atlas Florentine Pitcher & 2 Tumblers,45.0,2026-01-01,,,WorthPoint
uranium-glass,"Vintage Marble Lot, Estate Marbles Collection Over 3.5 Lbs. UV, Uranium Glass",99.0,2026-01-01,,,WorthPoint
uranium-glass,Vintage Uranium Vaseline Glass Large Bowl,80.0,2026-01-01,,,WorthPoint
uranium-glass,"Marbles Of Various Styles And Eras, Including A Few With Uranium Glass",35.77,2026-01-01,,,WorthPoint
uranium-glass,"CZECHOSLOVAKIA Uranium Glass Vase Hand Painted Czecho-Slovakia 5.8\\\""",34.99,2026-01-01,,,WorthPoint
uranium-glass,"Vintage Uranium Swirl Glass Mini Yellow Duck On Nest Woven Basket Boyd \\\""B\\\""",102.5,2026-01-01,,,WorthPoint
uranium-glass,"Vintage Uranium Glass Mini Yellow Fan Tail Turkey On Nest Woven Basket Boyd \\\""B\\\""",89.0,2026-01-01,,,WorthPoint
uranium-glass,Vintage Uranium Glass Candle Stick Holder Green Art Deco Antique Glows UV Light,24.99,2026-01-01,,,WorthPoint
uranium-glass,Vintage Uranium Glass Tumblers Silver Banded Set Of 3,83.54,2026-01-01,,,WorthPoint
uranium-glass,Antique Uranium/Depression/Vaseline Glass Vase Cameo Ballerina Hocking,27.0,2026-01-01,,,WorthPoint
uranium-glass,"Uranium Glowing 12\\\"" Tall Vase Harrach Glass Heavy Gold Decorated Flowers",162.5,2026-01-01,,,WorthPoint
uranium-glass,Anchor Hocking Vintage Block Optic Green Uranium Glass Berry Bowl 8 Inch,14.5,2026-01-01,,,WorthPoint
uranium-glass,Green Uranium Glass Wine Champagne Glasses 6.5 ‚Äú Vintage Set Of 12 Some Chips,65.0,2026-01-01,,,WorthPoint
uranium-glass,Fenton Uranium Glass Perfume Bottle DeVilbiss Green Opalescent Hobnail With Bulb,180.0,2026-01-01,,,WorthPoint
uranium-glass,Hazel Atlas Uranium Depression Glass Creamer Pitcher In Colonial Block Green VTG,24.9,2026-01-01,,,WorthPoint
uranium-glass,Vintage Jadeite Uranium Glass Beehive Canister Jar W/Lid - Glows Bright!,50.0,2026-01-01,,,WorthPoint
uranium-glass,"Uranium Glass Scalloped Edge Footed Sherbet Dish 5\\\"" Ruffled Scallop Berry VTG",16.99,2026-01-01,,,WorthPoint
uranium-glass,Vintage Fenton Uranium Glass Custard 5‚Äù Fairy Lamp Pink Glittery Flower W/label,99.99,2026-01-01,,,WorthPoint
uranium-glass,Westmoreland Uranium Glass Vaseline Opalescent Bulldog Figurine No Eyes Read,94.99,2026-01-01,,,WorthPoint
uranium-glass,Vintage Uranium Glass Fenton Daisy Button Shoe Swan Powder Box Set Of 2 Items,65.0,2026-01-01,,,WorthPoint
uranium-glass,Vintage Fenton Uranium Glass Custard Three Footed Draped Curtain Rose Bowl 5‚Äù,34.99,2026-01-01,,,WorthPoint
uranium-glass,95TH Anniversary George W Fenton Burmese Hobnail Hand Painted Uranium Glass Boot,50.4,2026-01-01,,,WorthPoint
uranium-glass,Fenton Burmese Custard Uranium Glass Shoe Boot Hand Painted Signed Glows,48.6,2026-01-01,,,WorthPoint
uranium-glass,"Vintage Uranium Glass Round Refrigerator Dish No Lid Hazel Atlas 5.75\\\"" Diameter",16.74,2026-01-01,,,WorthPoint
uranium-glass,"Mosser Uranium Vaseline Glass 12-03/8\\\"" Diameter Cake Plate Stand 9\\\"" Tall",402.5,2026-01-01,,,WorthPoint
uranium-glass,Fenton Art Glass CURIOUS CAT Hand Painted Uranium GLOWING Glass ***,99.99,2026-01-01,,,WorthPoint
uranium-glass,Uranium Glass Vase,40.0,2026-01-01,,,WorthPoint
uranium-glass,Hazel Atlas Green Uranium Glass Cube Optic Honeycomb Antique Footed Pitcher,44.0,2026-01-01,,,WorthPoint
uranium-glass,Green Uranium Glass Perfume Bottle UV Glow Vaseline Glass Stopper Mint Condition,99.0,2026-01-01,,,WorthPoint
uranium-glass,"Custard Uranium Glass Trumpet Vase Souvenir Rib Falls, Wisconsin",29.95,2026-01-01,,,WorthPoint
uranium-glass,Vintage Uranium Glass Jadeite Flour Canister - See Pics For Rough Edges/Chips,175.0,2026-01-01,,,WorthPoint
uranium-glass,"Uranium Glass. Nice Low Price Starter Lot. Fruit Bowl, 2 Cups And A Saucer.",25.0,2026-01-01,,,WorthPoint
uranium-glass,Baguley Uranium Glass Art Deco Carnival Swirl Bowl Large Vintage 1930s,24.24,2026-01-01,,,WorthPoint
uranium-glass,Versace By Rosenthal Glass Drinks Coaster Yellow Uranium Glass Brand New & Boxed,40.4,2026-01-01,,,WorthPoint
uranium-glass,Large Vintage Uranium Glass Bowl,16.16,2026-01-01,,,WorthPoint
uranium-glass,Vintage Ancor Uranium Glass Furniture Coasters Set Of 12.,120.0,2026-01-01,,,WorthPoint
uranium-glass,Antique Vaseline Uranium Green Glass 12cm Small Fruit Dish / Dessert Bowl,20.2,2026-01-01,,,WorthPoint
uranium-glass,1930s Original Art Deco Frankart Frosted Green Uranium Glass Globe Lamp Shade,76.99,2026-01-01,,,WorthPoint
uranium-glass,2 Pair Uranium Glass Holiday Earrings,35.0,2026-01-01,,,WorthPoint
uranium-glass,Vtg Antique Aladdin Pink Alacite Moonstone Wall Pocket Vase Uranium Glass Glows,99.0,2026-01-01,,,WorthPoint
uranium-glass,Vintage 1930's Uranium Depression Glass Robin Pattern Creamer And Sugar Set,21.21,2026-01-01,,,WorthPoint
uranium-glass,Lot Of 4 Fenton Hobnail Opalescent Vaseline Uranium Glass Creamer Saucer Dish,149.99,2026-01-01,,,WorthPoint
uranium-glass,"Uranium Glass, Depression Satin Vase, Lanolin Glass Bath Powder, And Vanity Jar.",60.0,2026-01-01,,,WorthPoint
uranium-glass,Art Deco Uranium Glass Dish Bowl Davidson England Vintage Lime Green Glow 1930s,43.02,2026-01-01,,,WorthPoint
uranium-glass,Vintage Imperial Vaseline Glass Uranium Grape Textured Basket W/Twig Handle,45.0,2026-01-01,,,WorthPoint
uranium-glass,"Vintage Fenton Uranium Glass Basket With Braided Handle 9\\\""",60.0,2026-01-01,,,WorthPoint
uranium-glass,Jar Of Glass Marbles - Uranium & Colored Glass,60.0,2026-01-01,,,WorthPoint
uranium-glass,Vtg GREEN URANIUM VASELINE GLASS Footed Measuring Cup 4 Cup 32 Oz GLOWS! 6‚Äù B2,35.0,2026-01-01,907.2,0.04,WorthPoint
uranium-glass,Vaseline Uranium Glass ‚Äúgirl In Pool‚Äù Art Deco Pin Dish,196.49,2026-01-01,,,WorthPoint
uranium-glass,Aladdin Green Uranium Glass WASHINGTON DRAPE Nu-Type B Oil Lamp 1939 (No Globe),224.98,2026-01-01,,,WorthPoint
uranium-glass,Large Vintage Uranium Glass Vase,21.55,2026-01-01,,,WorthPoint
uranium-glass,4 Diamond Quilted Green Uranium Depression Glass Dessert Berry Fruit Bowls,25.0,2025-12-31,,,WorthPoint
uranium-glass,Antique Victorian Bristol? Uranium Glass Hand Painted Jack In Pulpit Vase,75.0,2025-12-31,,,WorthPoint
uranium-glass,"Uranium Glowing Glass Lamp Part 1.5 Square 8\\\"" Length Vintage",220.5,2025-12-31,,,WorthPoint
uranium-glass,Uranium Glass Cruet With Stopper. 971,45.5,2025-12-31,,,WorthPoint
uranium-glass,Vintage Art Deco Aluminum Gooseneck Percolator Coffee Pot With Uranium Glass Lid,44.99,2025-12-31,,,WorthPoint
uranium-glass,4 Uranium Fruit Dessert Bowl Sylvan Parrot Green 5‚Äù Federal Glass Parrot Bamboo,50.96,2025-12-31,,,WorthPoint
uranium-glass,Uranium Glass Frigidaire Icerver Frosted Ice Bucket Antique Vintage Excellent,25.0,2025-12-31,,,WorthPoint
uranium-glass,VTG Custard Uranium Glass Juicer Attachment Complete For Hamilton Beach Mixer,50.96,2025-12-31,,,WorthPoint
uranium-glass,Vaseline Uranium Glass ~ CAPRICE SHELL ~ 3 Ftd Open Salt Cellar Dip Dish UV Glow,24.95,2025-12-31,,,WorthPoint
uranium-glass,Country Home Products Uranium Glass Pegged Votive Holder Daisy Glows,18.0,2025-12-31,,,WorthPoint
uranium-glass,"Vintage Green Uranium Glass Biscuit Jar, 8\\\"", Glows, Smooth Straight Sides, Nice",32.0,2025-12-31,,,WorthPoint
uranium-glass,Weston Watermelon Pink And Green Uranium Depression Glass Sherbet Champagne (6),75.0,2025-12-31,,,WorthPoint
uranium-glass,Vintage Jadeite Coffee Cannister Embossed On Lid. Uranium Glass Perfect Cond,150.0,2025-12-31,,,WorthPoint
uranium-glass,Vintage Uranium Glass Cigar Ashtray Green Pressed Glass Glows Under UV,29.95,2025-12-31,,,WorthPoint
uranium-glass,Vintage Uranium Glass Pitcher Made In France GLOWS,20.0,2025-12-31,,,WorthPoint
uranium-glass,A Northwood Uranium Glass Milk Glass Vase From The 1890s. Excellent Condition,49.5,2025-12-31,,,WorthPoint
uranium-glass,*Uranium Glass* Felton Hand Painted Satin Custard Basket *Uranium Glass*,24.99,2025-12-31,,,WorthPoint
uranium-glass,Fenton Owl Fairy Lamp Yellow Satin Custard Uranium Glass Vintage,80.0,2025-12-31,,,WorthPoint
uranium-glass,Vintage MCM LG Wright Fenton Daisy & Button Vaseline Uranium Glass Footed Dish,49.99,2025-12-31,,,WorthPoint
uranium-glass,"Antique 1930s Akro Agate Slag Glass Vintage Barware Ashtray Uranium Glow 3\\\"" Deco",32.95,2025-12-31,,,WorthPoint
uranium-glass,Vtg. Ca.1934 Aladdin B-105 Uranium Glass Green / Clear Corinthian Lamp Nu-Type B,145.0,2025-12-31,,,WorthPoint
uranium-glass,Vtg Fenton Green Opalescent Hobnail Uranium Glass Perfume Bottle Atomizer Bulb,65.0,2025-12-31,,,WorthPoint
uranium-glass,2x Wine Glasses Uranium Glass Pink Tall Stem Kitchen Household H:17cm #2513037,35.24,2025-12-31,,,WorthPoint
uranium-glass,Vintage Agate Slag Uranium Glass Electric Table Lighter WORKS,55.0,2025-12-31,,,WorthPoint
uranium-glass,Loetz Candia Silberiris With Art Nouveau Floral Silver Overlay: Uranium Glass,649.0,2025-12-31,,,WorthPoint
uranium-glass,Fenton Burmese Uranium Glass Mandarin Cameo Vase Yellow Pink 10‚Äù,119.0,2025-12-31,,,WorthPoint
uranium-glass,Fenton Hand Painted Signed Satin Custard Small Basket Blue Floral Uranium Glass,27.0,2025-12-31,,,WorthPoint
uranium-glass,"Rare LG Northwood Custard Uranium Glass Nutmeg Stain, Grape & Cable Ruffled Bowl",99.0,2025-12-31,,,WorthPoint
uranium-glass,Vintage Hazel Atlas Green Uranium Glass COLONIAL BLOCK Water Goblet,15.99,2025-12-31,,,WorthPoint
uranium-glass,Uranium Glass Light Shade Swirls Irridescent,135.0,2025-12-31,,,WorthPoint
uranium-glass,Vintage 1920/30s Green Vaseline Uranium Glass Lamp,65.0,2025-12-31,,,WorthPoint
uranium-glass,Vintage L.G. Wright Vaseline Uranium Glass Daisy & Button Pattern Bell,67.5,2025-12-31,,,WorthPoint
uranium-glass,Vintage FENTON Satin Custard Glass Grape Pattern Candy Dish Bowl URANIUM Glass,29.71,2025-12-31,,,WorthPoint
uranium-glass,Rare Cambridge Uranium Glass Reverse Watermelon Glass Candy / Dresser Jar,189.95,2025-12-31,,,WorthPoint
uranium-glass,Uranium Glass Bowl And Dish Set Green Depression Era Style,49.56,2025-12-31,,,WorthPoint
uranium-glass,Vintage Uranium Glass Green Vanity Perfume Bottle W/Stopper,100.0,2025-12-31,,,WorthPoint
uranium-glass,Uranium Green Glass Scroll Handle Bowl,74.34,2025-12-31,,,WorthPoint
uranium-glass,Jeannette Jadeite Beehive Salt Pepper Shakers 1930's Uranium Glass (Glows),57.98,2025-12-30,,,WorthPoint
uranium-glass,"Green Depression (Uranium) Glass Plate- 9.25 Inch Plate, Cameo-Ballerina",14.25,2025-12-30,,,WorthPoint
uranium-glass,Vintage Cambridge Green Vaseline Uranium Glass Barrel & Holder Decanter,95.0,2025-12-30,,,WorthPoint
uranium-glass,"""Anchor Hocking Uranium Glass Oval Bowl / Dish With Lid 8"""" X 6"""" X 4""""""",31.99,2025-12-30,,,WorthPoint
uranium-glass,Anchor Hocking Uranium Glass Tea Cup & Saucer With Block Optic Pattern Vintage,15.99,2025-12-30,,,WorthPoint
uranium-glass,A & J Hand Mixer 16 Ounce Uranium Glass Jar Only For Egg Beater C. 1923 Lumes,26.0,2025-12-30,,,WorthPoint
uranium-glass,Vintage Uranium Glass Floral/Flower Frog Arranging Accessory 16 Hole 4‚Äù Dia.,22.99,2025-12-30,,,WorthPoint
uranium-glass,50pcs Uranium Glass Beads Czech Green/Purple Baby Drops 6x4mm One Strand,5.99,2025-12-30,,,WorthPoint
uranium-glass,"""Vaseline Uranium Glass Pairpoint Cup Plate W/Box Barnstable Schooner """"MONTANA""""""",24.95,2025-12-30,,,WorthPoint
uranium-glass,Fenton Uranium Glass Clock 1910 Studebaker D. Fredrick Working 26/5000 RARE,340.0,2025-12-30,,,WorthPoint
uranium-glass,MCM Green Glass Iris HandPainted Small Vase Depression/uranium 4‚Äù,23.0,2025-12-30,,,WorthPoint
uranium-glass,"Uranium Glass Drinking Glass, Green, Vintage, 5‚Äù Tall",24.0,2025-12-30,,,WorthPoint
uranium-glass,Uranium Glass Drinking Cup Set & Glass Candle Holder *Only One Cup Is Uranium*,23.0,2025-12-30,,,WorthPoint
uranium-glass,Custard Glass Vase Painted Uranium Glass,49.99,2025-12-30,,,WorthPoint
uranium-glass,"Uranium Glass Marble, Handmade Glass Marble, Unique Glass Marble, Glowing Glass",28.0,2025-12-30,,,WorthPoint
uranium-glass,Uranium Glass Powder Box Or Trinket Box,40.0,2025-12-30,,,WorthPoint
uranium-glass,4 UG URANIUM Depression Glass DRAWER KNOBS PULLS HEXAGON NICE GLOW VINTAGE,40.0,2025-12-30,,,WorthPoint
uranium-glass,Vintage Optic Green Uranium Glass Depression Berry Dessert Bowls Set Of 3,25.0,2025-12-30,,,WorthPoint
uranium-glass,Dainty Uranium Glass Bracelet Tennis Link Green Faceted Gold Tone,36.0,2025-12-30,,,WorthPoint
uranium-glass,Vintage 1930‚Äôs Bicycle Or License Plate Marble Reflector UV Uranium Glass,80.0,2025-12-30,,,WorthPoint
uranium-glass,Antique RARE Green Uranium Glass Console Bowl W/Rolled Leave Edge 11‚Äù **READ**,55.0,2025-12-30,,,WorthPoint
uranium-glass,Vintage Clarks Teaberry Gum Green Uranium Glass Candy Store Display - Glows!,150.0,2025-12-30,,,WorthPoint
uranium-glass,"Fenton Custard Student Lamp Vintage Uranium Glass, Black Light Reactive.",350.0,2025-12-30,,,WorthPoint
uranium-glass,Vintage Mosser Vaseline Uranium Glass Clown Figurine JIGGS 3.5inch,44.79,2025-12-30,,,WorthPoint
uranium-glass,Vintage Ribbed Uranium Vaseline Depression Glass Tray Square With Handles,27.5,2025-12-30,,,WorthPoint
uranium-glass,Uranium Glass Figural Bashful Charlotte Lamp Bases,195.0,2025-12-30,,,WorthPoint
uranium-glass,Akro Agate Slag Glass Table Top Lighter Smoking Stand Uranium Glass Cigar,35.0,2025-12-30,,,WorthPoint
uranium-glass,Vintage Vaseline Uranium Glass Citrus Juicer Reamer W/ Handle 5‚Äù,49.99,2025-12-30,,,WorthPoint
uranium-glass,Vintage Green Depression Uranium Glass Grill Dinner Plate - Glow,8.0,2025-12-30,,,WorthPoint
uranium-glass,Vintage FENTON URANIUM GLASS Green Opalescent RIB OPTIC VASE UV Glows!,69.0,2025-12-30,,,WorthPoint
uranium-glass,Vintage Clear & Green Uranium Glass Bowl Glowing Green Etched Rim Candy Dish?,11.98,2025-12-30,,,WorthPoint
uranium-glass,Vintage Fenton Green Satin Custard Uranium Glass 3 Footed Water Lily Round Bowl,32.0,2025-12-30,,,WorthPoint
uranium-glass,"""Vtg Tiffin? Frosted Emerald Green Uranium Glass Compote Candy Dish W/Lid 8.5""""""",122.85,2025-12-30,,,WorthPoint
uranium-glass,Vintage Vidrio Products Green Uranium Glass,22.0,2025-12-30,,,WorthPoint
uranium-glass,Fenton Uranium Glass Vintage Hobnail Flared MCM Ruffled Edge Vase,89.55,2025-12-30,,,WorthPoint
uranium-glass,Vintage Federal Glass Green Uranium Glass Ice Cream Sherbet Desert Cups Glows,48.0,2025-12-30,,,WorthPoint
uranium-glass,Fenton Uranium Glass & Black Amethyst Hand Painted Eggs Lot 3pcs Signed Exc,72.0,2025-12-30,,,WorthPoint
uranium-glass,THREE Anchor Hocking Uranium Glass Block Optic Sherbert Dishes Excellent,26.99,2025-12-30,,,WorthPoint
uranium-glass,Vintage Green Uranium Glass Flower Frog 8 Holes 2‚Äù Width 1.5‚Äù Tall Depression,20.0,2025-12-30,,,WorthPoint
uranium-glass,Vintage Uranium Glass Anchor Hocking Princess Cookie Jar 1930s Glows FLAWS READ,34.99,2025-12-30,,,WorthPoint
uranium-glass,Aladdin Crystal Clear Uranium Glass Washington Drape Oil Lamp W/ Model B Burner,162.5,2025-12-30,,,WorthPoint
uranium-glass,Vtg . Fenton Satin Green Uranium Water Lily Pattern Glass Basket,29.0,2025-12-30,,,WorthPoint
uranium-glass,Vintage Fenton Uranium Glass Bowl Water Lily Design Glows In Dark,48.0,2025-12-30,,,WorthPoint
uranium-glass,Jabo Uranium Glass Marbles Lot Of 3,10.99,2025-12-30,,,WorthPoint
uranium-glass,Jabo Uranium Glass Marbles Lot Of 5 Swirls,10.99,2025-12-30,,,WorthPoint
uranium-glass,Federal Glass Raindrop Uranium Glass 40-Piece Set Cups Plates Sherbets Vaseline,455.0,2025-12-30,,,WorthPoint
uranium-glass,"""Vaseline Uranium Glass Flower Frog 11 Hole 3.25"""" Small Round UV -READ""",11.25,2025-12-30,,,WorthPoint
uranium-glass,Uranium Glass Lovebird Teacup And Saucer,20.0,2025-12-30,,,WorthPoint
uranium-glass,Custard Uranium Glass Vases Burmese Dancing Figures,300.0,2025-12-30,,,WorthPoint
uranium-glass,5 Federal Uranium Glass Desert Parfait Glasses Footed Glows Depression Vintage,30.0,2025-12-30,,,WorthPoint
uranium-glass,Uranium Glass Car/ Hearse Flower Vases Made In USA 1910 1920s,200.0,2025-12-30,,,WorthPoint
uranium-glass,"""Vintage Uranium Glass Pitcher Jug With Handle 8"""" Vibrant No Damage""",18.0,2025-12-30,,,WorthPoint
uranium-glass,Depression + Uranium Glass = 2 PC Rare Vintage Lot Glow UV Antique,25.0,2025-12-30,,,WorthPoint
uranium-glass,Fenton Pair Labeled Happiness Bird Figurine Uranium Glass Signed,65.0,2025-12-30,,,WorthPoint
uranium-glass,Gibson Vaseline Opalescent Uranium Glass Vase Crackle Glass Signed Vtg,124.0,2025-12-30,,,WorthPoint
uranium-glass,+/- 300 Pieces 8mm Round Faceted Fire-Polished VASELINE/URANIUM GLASS BEADS,55.0,2025-12-30,,,WorthPoint
uranium-glass,"""vintage Art Deco Green Uranium Glass Heavy Scalloped Ashtray 4""""üëÄ""",79.99,2025-12-30,,,WorthPoint
uranium-glass,Fenton Glass Bear ‚ÄúRARE‚Äù Cute Custard Satin Uranium Hand Painted Bear ~ Glows!,110.0,2025-12-30,,,WorthPoint
uranium-glass,Uranium Glass Vaseline,38.75,2025-12-30,,,WorthPoint
uranium-glass,"Vintage A & J Egg Beater Uranium Glass 4 Cup Measuring Cup, Works",79.95,2025-12-30,,,WorthPoint
uranium-glass,Vintage Jeanette Glass Co. Uranium Glass Cake Plate W/ Sunflower Design- Video,27.0,2025-12-30,,,WorthPoint
uranium-glass,"""VTG 1930s CHECKERBOARD ASHTRAY 4"""" DIAMETER GREEN DEPRESSION URANIUM GLASS Z""",21.0,2025-12-30,,,WorthPoint
uranium-glass,Vintage Art Deco Uranium Glass Globe Shade,134.95,2025-12-30,,,WorthPoint
uranium-glass,Vtg Fenton Uranium Glass Daisy Button Top Hat Large Vaseline Glows Vase READ,50.0,2025-12-30,,,WorthPoint
uranium-glass,"""Westmoreland Woolworth Uranium Glass / Stippled Grape Green 5¬Ω"""" Handled Basket""",60.0,2025-12-30,,,WorthPoint
uranium-glass,Fenton Art Glass Fairy Light Custard Vaseline Uranium Ruffled Shade Glows Strong,119.99,2025-12-30,,,WorthPoint
uranium-glass,Uranium Glass Plates 2 Ultra Rare Victorian Flower Sailor Wheel Like Design Glow,9.95,2025-12-30,,,WorthPoint
uranium-glass,Uranium Glass Sherbet Cups + Shot Glass Lot Glows Bright Green Depression Glass,24.95,2025-12-30,,,WorthPoint
uranium-glass,Vintage Tiffin Yellow Satin Vaseline/Uranium Glass Pedestal Compote UV Glow,45.0,2025-12-30,,,WorthPoint
uranium-glass,Art Deco Uranium Glass Powder Box With Mirrored Guilloche Style Lid,36.77,2025-12-30,,,WorthPoint
uranium-glass,Uranium Glass Owl Fairy Lamp,150.0,2025-12-30,,,WorthPoint
uranium-glass,Antique Vaseline Uranium Glass Jug Creamer British Pressed Glass Vintage VGC,26.99,2025-12-30,,,WorthPoint
uranium-glass,Nanny Still - Stella Polaris - Ashtray - Riihim√§en Lasi Uranium Vaseline Glass,52.91,2025-12-30,,,WorthPoint
uranium-glass,"""Georgian Love Birds Vintage Federal Green Uranium Glass Berry Bowls 4.5"""" Total 6""",38.21,2025-12-30,,,WorthPoint
uranium-glass,Rare Antique Uranium Glass Smoke Bell For Oil Lamps,337.38,2025-12-30,,,WorthPoint
uranium-glass,EAPG Oil Lamp Antique P&A Banner Glows Green - Mag Or Uranium Glass ?,50.0,2025-12-30,,,WorthPoint
uranium-glass,RARE Fenton Custard Lime Uranium Glass BABY BOOTIE Shoe Daisy Button Glows,49.99,2025-12-30,,,WorthPoint
uranium-glass,Vintage Green Uranium Glass Brain Ball Globe Art Deco Lamp Shade,149.0,2025-12-30,,,WorthPoint
uranium-glass,Fenton Emerald Green Opalescent Hobnail Candy Dish Compote Uranium Glass Rare,399.99,2025-12-30,,,WorthPoint
uranium-glass,Uranium Glass Vase Flint Glass Ribbed Spiral White Opalescent,50.0,2025-12-30,,,WorthPoint
uranium-glass,Uranium Glass Jewelry Box 1935 Etched Betty,395.09,2025-12-30,,,WorthPoint
uranium-glass,4 Vintage Custard Glass Art Deco Chandelier Lamp Light Shades (3 Uranium Glass),99.99,2025-12-30,,,WorthPoint
uranium-glass,Hazel Atlas Uranium And Clear Glass Furniture Coasters Lot Of Six Vintage,25.0,2025-12-30,,,WorthPoint
uranium-glass,Vintage Green Uranium Glass Cruet With Stopper Uv Reactive,49.0,2025-12-30,,,WorthPoint
uranium-glass,Crushed Glowing Uranium/Vaseline Vintage Depression Glass Shard Embossed Bottle,22.95,2025-12-30,,,WorthPoint
uranium-glass,"""vtg Hazel Atlas Ribbon Berry/iced Cream Glass Bowl Depression Uranium Glass 4""""""",22.0,2025-12-30,,,WorthPoint
uranium-glass,3 Piece Uranium Glass Lot,14.85,2025-12-30,,,WorthPoint
uranium-glass,Fenton Epergne Uranium Spiral Glass One Trumpet Horn Glows Vaseline Ivory Crest,315.0,2025-12-30,,,WorthPoint
uranium-glass,Vintage Green Uranium Glass Double Swan Candy Trinket Dish,12.0,2025-12-30,,,WorthPoint
uranium-glass,"Green Depression Glass Butter Dish, No Lid, Glows Uranium Glass",37.48,2025-12-30,,,WorthPoint
uranium-glass,"Vintage 1978 Fenton Hand Painted Custard Uranium Glass Bell, George S.6 1/2",25.0,2025-12-30,,,WorthPoint
uranium-glass,Vintage Hazel Atlas Green Uranium Glass Furniture Coaster,8.99,2025-12-30,,,WorthPoint
uranium-glass,Uranium Green Tiffin Glass # 310 Sugar Bowl,22.5,2025-12-30,,,WorthPoint
uranium-glass,Houzex Art Deco Green Uranium Glass Egg Lamp,365.0,2025-12-30,,,WorthPoint
uranium-glass,1 NOS EIMAC 4-65A Green Uranium Glass Vacuum Tube 65-Watt Transmitting Tetrode,79.99,2025-12-30,,,WorthPoint
uranium-glass,Vintage- Fenton Water Pitcher - Lime Green Custard Satin - Uranium Glass,69.5,2025-12-30,,,WorthPoint
uranium-glass,Vintage Mckee Custard Uranium Glass 1 - 1 1/4 Lb. Butter Dish LID ONLY,65.0,2025-12-30,,,WorthPoint
uranium-glass,Fenton Blue Opalescent Hobnail Cruet 1950s Uranium Glass,35.0,2025-12-30,,,WorthPoint
uranium-glass,Federal Starburst Divided Green Uranium Glass Candy Dish With Lid 1930 VTG,60.0,2025-12-30,,,WorthPoint
uranium-glass,Uranium Glass Yellow Topaz Divided Candy Nut Relish Dish W/ Carrier Nice Glow!,54.0,2025-12-30,,,WorthPoint
uranium-glass,Vintage Fenton Art Glass Medallion Uranium Glass Custard Bowl,20.0,2025-12-29,,,WorthPoint
uranium-glass,Fenton Cactus Pattern Uranium Glass Lidded Jar,22.5,2025-12-29,,,WorthPoint
uranium-glass,Vintage 1930s Green Ribbed Depression Uranium Glass Oval Refrigerator Dish +Lid,22.0,2025-12-29,,,WorthPoint
uranium-glass,Vintage Fenton Uranium Glass Basket,21.83,2025-12-29,,,WorthPoint
uranium-glass,"Uranium Glass Scrap Lot, Chipped Broken Glows Under UV, Bowl Candle Holder Child",27.99,2025-12-29,,,WorthPoint
uranium-glass,1926 Cambridge Uranium Glass Vanity Dresser Makeup Compact Matching Top & Bottom,135.0,2025-12-29,,,WorthPoint
uranium-glass,Vintage Depression Uranium Glass - Heisey / Hazel Atlas / Jeanette CB / AH Cameo,47.0,2025-12-29,,,WorthPoint
uranium-glass,Vintage Fenton Uranium Glass Footed Custard Leaf Tiers,19.3,2025-12-29,,,WorthPoint
uranium-glass,Vintage Uranium Glass Pitcher Depression Glass,32.0,2025-12-29,,,WorthPoint
uranium-glass,"Vintage Jeanette ‚ÄòCherry Blossom‚Äô Uranium Glass Bowl, 6‚Äù | UV Depression Glass",21.0,2025-12-29,,,WorthPoint
uranium-glass,Murano Glowing Uranium Glass Frog Figurine UV Reactive Uranium Glass Frog,455.0,2025-12-29,,,WorthPoint
uranium-glass,Beautiful Uranium Glass Candlestick 9.5‚Äù Made 1922-1929. 42o,45.0,2025-12-29,,,WorthPoint
uranium-glass,Vintage Uranium Glass Tumblers Grape Vine Etched Green Depression Glass Set Of 5,79.99,2025-12-29,,,WorthPoint
uranium-glass,Vintage Depression Glass Uranium Glass 1-cup Measuring Cup,35.0,2025-12-29,,,WorthPoint
uranium-glass,Uranium Glass Pitcher 9‚Äù Tall Twisted Handle,80.0,2025-12-29,,,WorthPoint
uranium-glass,Fenton Uranium Glass Daisy Button Top Hat Toothpick Holder Vaseline Glows,50.0,2025-12-29,,,WorthPoint
uranium-glass,Handi-Maid T&S Uranium Glass Measuring Cup 2 Cup 1 Pint ‚Äì Uranium Glass ‚Äì Glows,28.0,2025-12-29,,,WorthPoint
uranium-glass,Lot Of Vintage Estate Find Marbles 2 Uranium Glass F A5B,55.0,2025-12-29,,,WorthPoint
uranium-glass,"""Fenton Green Uranium Glass Opalescent 3.5"""" Hobnail Vase Rolled Edge Bright GLOW""",39.99,2025-12-29,,,WorthPoint
uranium-glass,Uranium Glass Fenton Flowers Footed Ruffled Candy Dish (2 Pieces),38.5,2025-12-29,,,WorthPoint
uranium-glass,Uranium Glass Glassware Cup,10.0,2025-12-29,,,WorthPoint
uranium-glass,Crushed Glowing Uranium/Vaseline/Jadeite Vintage Depression Glass Shard Vials,16.95,2025-12-29,,,WorthPoint
uranium-glass,Cambridge 13 Hole Uranium Glass Flower Frog,44.0,2025-12-29,,,WorthPoint
uranium-glass,Vintage Uranium Vaseline Glass Swirl Footed Compote Candy Dish Glows UV 1930s,34.99,2025-12-29,,,WorthPoint
uranium-glass,Set Of 2 Uranium Glass Shot Glasses 3‚Äù Heavy Base Barware,30.0,2025-12-29,,,WorthPoint
uranium-glass,Vintage 1950s Mirro Spun Aluminum Cake Carrier Uranium Glass Knob,60.0,2025-12-29,,,WorthPoint
uranium-glass,Vintage Fenton Pedestal Uranium Glass Salt Pepper Shaker Set,18.0,2025-12-29,,,WorthPoint
uranium-glass,"""vtg. Boyd Scottish Terrier Uranium Glass Figurine 2.5""""x2.5"""" Vguc""",31.99,2025-12-29,,,WorthPoint
uranium-glass,Vintage Green Uranium Glass Citrus Juicer Reamer With Pulp Catcher,15.99,2025-12-29,,,WorthPoint
uranium-glass,Antique Uranium Glass Marbelized Scalloped Hanging Light Shade,224.99,2025-12-29,,,WorthPoint
uranium-glass,Vintage Depression Hazel Atlas Green Uranium Glass Mixing Bowl 2 Qt,6.99,2025-12-29,,,WorthPoint
uranium-glass,Zephyr Studio Art Glass Uranium Perfume Bottle Signed 1982 It GLOWS,200.0,2025-12-29,,,WorthPoint
uranium-glass,Uranium Vintage Muurla Finland Art Glass Vase Handkerchief Ruffled MCM Eva,15.0,2025-12-29,,,WorthPoint
uranium-glass,Fenton Topaz Opalescent Uranium Glass Fan Vase Signed 1997 #27 Limited Glows Vtg,102.51,2025-12-29,,,WorthPoint
uranium-glass,Vaseline Uranium Glass Pressed Diamond Salt Cellars Set Of 2 Trinket Dishes Glow,39.0,2025-12-29,,,WorthPoint
uranium-glass,Vintage GREEN Vaseline Uranium Glass Fenton RUFFLED Bowl VASE,32.0,2025-12-29,,,WorthPoint
uranium-glass,Vintage Opalescent Swirl Vaseline Uranium Glass Fenton Bowl VASE,50.0,2025-12-29,,,WorthPoint
uranium-glass,Vintage Indiana Glass Uranium Green Cabbage Leaf Bowls Pair,40.0,2025-12-29,,,WorthPoint
uranium-glass,Vintage Uranium Glass Flower Frog Cracked & Chipped,15.0,2025-12-29,,,WorthPoint
uranium-glass,"""art Glass Marble/.979""""vaseline Uranium Blacklight Abalone Shooter Glows Green""",8.1,2025-12-29,,,WorthPoint
uranium-glass,Vintage Uranium Glass Trinket Box,37.5,2025-12-29,,,WorthPoint
uranium-glass,1930‚Äôs Anchor Hocking Uranium Glass Cruet 5.5‚Äù With Ground Stopper Glows,45.0,2025-12-29,,,WorthPoint
uranium-glass,Fenton Swan White Daisies Hand Painted Uranium Glass W/original Tags,54.99,2025-12-29,,,WorthPoint
uranium-glass,EAPG Vaseline Glass Daisy And Button Spooner Uranium Glass EXC Condition!,70.16,2025-12-29,,,WorthPoint
uranium-glass,Fenton Custard Santa Fairy Lamp Uranium Glass Candle Holder - Lid ONLY,110.0,2025-12-29,,,WorthPoint
uranium-glass,#1 Vintage Depression Uranium Glass Mayonnaise Bowl In Green,9.99,2025-12-29,,,WorthPoint
uranium-glass,Uranium Green Glow Ribbed Glass Footed Sherbert Dessert Bowl Fluted Sides,7.0,2025-12-29,,,WorthPoint
uranium-glass,Vintage McKee Jadeite Uranium Glass Salt Shaker,50.0,2025-12-29,,,WorthPoint
uranium-glass,Green Depression/Uranium Glass Cameo Ballerina Butter Dish,89.0,2025-12-29,,,WorthPoint
uranium-glass,Vintage Green Opaline Uranium Glass Trinket Box - Glowing Custard Glass - Mint,333.0,2025-12-29,,,WorthPoint
uranium-glass,"""Green Vaseline Glass Floral Woman Hand Tray Plate Uranium Rose Jewelry Holder 5""""""",50.0,2025-12-29,,,WorthPoint
uranium-glass,Uranium Glass Dinosaur - Vaseline Glowing T-Rex,35.0,2025-12-29,,,WorthPoint
uranium-glass,Vaseline/Uranium Depression Glass Divided Dish Tray Candy Nut 3 Sections,25.99,2025-12-29,,,WorthPoint
uranium-glass,Antique Hoosier Glass 12 Paneled Tea Canister Jar Tin Lid Uranium Glass,32.0,2025-12-29,,,WorthPoint
uranium-glass,Westmoreland Vintage Glass English Hobnail Green Uranium Salt Cellar,25.0,2025-12-29,,,WorthPoint
uranium-glass,Vintage Mosser Vaseline / Uranium Glass Eyewinker Toothpick Holder,30.0,2025-12-29,,,WorthPoint
uranium-glass,"""Uranium Glass Anchor Hocking 3 3/4"""" Lid #12636-2""",8.99,2025-12-29,,,WorthPoint
uranium-glass,Vintage Uranium Glass Vaseline Perfume Bottle Complete,120.0,2025-12-29,,,WorthPoint
uranium-glass,Uranium Glass Tall Tumbler / Drinking Glass (Single),15.0,2025-12-29,,,WorthPoint
uranium-glass,Vintage Depression Uranium Glass Dolphin Koi Candlestick Holder,65.0,2025-12-29,,,WorthPoint
uranium-glass,"""Rare Vintage Seiberling Tires Advertising Tire Ashtray Uranium Glass 3 1/2""""""",49.99,2025-12-29,,,WorthPoint
uranium-glass,Vintage Federal Glass? Pitcher Depression Uranium Glass 1930‚Äôs - Pls Read!,35.0,2025-12-29,,,WorthPoint
uranium-glass,Uranium Glass Creamer And Sugar Bowl,33.53,2025-12-29,,,WorthPoint
uranium-glass,Antique Chinese Snuff Bottle Cobalt Blue & Uranium Glass Glows,89.0,2025-12-29,,,WorthPoint
uranium-glass,Nice Pair Of Victorian Antique Uranium Glass Antique Salt & Pepper Shakers,40.0,2025-12-29,,,WorthPoint
uranium-glass,Wilkerson Uranium Glass Lot Cobalt Blue,43.99,2025-12-29,,,WorthPoint
uranium-glass,Vintage Jeanette Poinsettia Green Depression Uranium Glass Oval Serving Dish,19.99,2025-12-29,,,WorthPoint
uranium-glass,Vintage Uranium Green Glass Pair Candlestick Candle Holders,12.99,2025-12-29,,,WorthPoint
uranium-glass,"""Vintage Vaseline Uranium Green Glass Single Spout Citrus Juicer Reamer 5.5""""""",19.99,2025-12-29,,,WorthPoint
uranium-glass,Art Deco 1930's Fenton Green Vaseline Uranium 2 Flying Birds Glass Bowl,35.0,2025-12-29,,,WorthPoint
uranium-glass,Uranium Glass Cambridge Paden Vaseline Shot Glass For Samovar Or Barrel Decanter,98.09,2025-12-29,,,WorthPoint
uranium-glass,5 Pcs Czech 15 X 12mm Fire-Polished Ovals Blue & VASELINE/URANIUM GLASS BEADS,7.5,2025-12-29,,,WorthPoint
uranium-glass,Tiffin Emerald Green Compote Lace Edge Uranium Glass,45.0,2025-12-29,,,WorthPoint
uranium-glass,Hazel Atlas Uranium Glass ~ Green Paneled Ribbon Creamer ~ Vintage,9.9,2025-12-29,,,WorthPoint
uranium-glass,Vintage Green Uranium Glass Thick Heavy 16 Hole Flower Frog,19.99,2025-12-29,,,WorthPoint
uranium-glass,"""VTG Uranium Glass Flower Frog 5"""" Green 16 Hole Round Glows""",22.99,2025-12-29,,,WorthPoint
uranium-glass,Pair Old Antique CUSTARD URANIUM GLASS LIGHT SHADES For Slip Shade Chandelier,41.0,2025-12-29,,,WorthPoint
uranium-glass,Fenton Fairy Lamp Pale Yellow Custard Uranium Glass Satin Finish Hobnail GLOWS,100.0,2025-12-29,,,WorthPoint
uranium-glass,Uranium Glass Candy Dish,38.5,2025-12-29,,,WorthPoint
uranium-glass,"""McKee 1930's Jadeite UV Uranium Glass Small 4.25"""" Mini Mayo Mixer Bowl Jadite""",80.75,2025-12-29,,,WorthPoint
uranium-glass,Vintage Uranium Depression Glass Ashtray W/Matchbook Holder 5.5‚Äù 1930s,38.0,2025-12-29,,,WorthPoint
uranium-glass,Northwood Custard Uranium Glass Grape And Gothic Arches Nutmeg Stain Goblets Set,160.0,2025-12-29,,,WorthPoint
uranium-glass,Pairpoint Cup Plate Uranium Glass Coreopsis Flower - It Glows!,24.88,2025-12-29,,,WorthPoint
uranium-glass,Vintage 1930s Anchor Hocking / Fenton Green Uranium Glass Read Description &pic,28.0,2025-12-29,,,WorthPoint
uranium-glass,Vintage Westmoreland Uranium Glass Bulldog Figurine Pencil Holder,44.0,2025-12-29,,,WorthPoint
uranium-glass,"Vintage Art Deco Sugar Dish, Indiana Green Uranium Glass Tea Room",30.0,2025-12-29,,,WorthPoint
uranium-glass,Fenton Vintage Satin Custard Lime Green Uranium Glass Rose Bowl,25.0,2025-12-29,,,WorthPoint
uranium-glass,Fenton Custard Vintage Uranium Glass Hand Painted Plate,40.0,2025-12-29,,,WorthPoint
uranium-glass,Set Of 6 Vintage Green Depression Uranium Vaseline Glass Custard Dessert Cups,20.99,2025-12-29,,,WorthPoint
uranium-glass,Original Fink Glass Works Hen On Nest Handmade COBALT Blue Uranium GLOW!,40.0,2025-12-29,,,WorthPoint
uranium-glass,Original Fink Glass Works Hen On Nest Handmade Burmese Uranium Glass Glow,53.0,2025-12-29,,,WorthPoint
uranium-glass,"""Anchor Hocking Princess Green Uranium Glass 5 1/2"""" Dessert Plate Vintage""",9.5,2025-12-29,,,WorthPoint
uranium-glass,Vintage EAPG Uranium Glass Pedestal Compote Dish W/ Scalloped Edge - Vaseline,15.4,2025-12-29,,,WorthPoint
uranium-glass,Vintage Degenhart Uranium Glass Owl Daffodil Variant Figurine Uv Glows Rare,40.0,2025-12-29,,,WorthPoint
uranium-glass,Blue Vaseline Uranium Glass Stop Break Signal Lens Light Truck Car Part Selenium,11.61,2025-12-29,,,WorthPoint
uranium-glass,Antique Green Teal Victorian Pumpkin Lidded Jar Uranium Glass Custard? Gold Gilt,62.0,2025-12-29,,,WorthPoint
uranium-glass,"""Green Vaseline Uranium Glass Mini Hen Chicken On Nest Basket Easter Eggs Blue 2""""""",34.0,2025-12-29,,,WorthPoint
uranium-glass,Green Uranium Glass Pair Of Candlestick Holders,34.16,2025-12-29,,,WorthPoint
uranium-glass,"""üí° Hand-Blown Uranium Glass Pumpkin 4"""" ‚Ä¢ GLOWS Under UV ‚Ä¢ USA Made ‚Ä¢ Rare""",45.98,2025-12-29,,,WorthPoint
uranium-glass,Set Of 8 Uranium Glass Etched Plates 8.25‚Äù Arrow Design Estate Find UV Glow,32.0,2025-12-29,,,WorthPoint
uranium-glass,Boyd Vaseline Uranium Glass Doberman Dog Head Paperweight Bright UV Glow 3.5‚Äù,99.99,2025-12-29,,,WorthPoint
uranium-glass,Vintage Fenton Satin Custard Hobnail Uranium Glass Fairy Light Lamp Top Only.,29.99,2025-12-29,,,WorthPoint
uranium-glass,Vtg Fenton Satin Uranium Glass Melon Vase Hand Painted,30.4,2025-12-29,,,WorthPoint
uranium-glass,"""Vintage Fenton Satin Glass, Drape Uranium Glass Vase, Approx. 8"""" Tall X 4 """" Wide""",55.0,2025-12-29,,,WorthPoint
uranium-glass,Rare EAPG UV Reactive Uranium Glass Adams & Co. #8 Vaseline Yellow Fan Plate,199.0,2025-12-29,,,WorthPoint
uranium-glass,"""Green Vaseline Uranium Glass Hen Chicken On Nest Basket Easter Eggs Selenium 3""""""",81.0,2025-12-29,,,WorthPoint
uranium-glass,"""Blue Vaseline Uranium Glass Hen Chicken On Nest Basket Easter Eggs Selenium / 3""""""",28.0,2025-12-29,,,WorthPoint
uranium-glass,Vintage Uranium Glass Salt Pepper Shaker,19.99,2025-12-28,,,WorthPoint
uranium-glass,Green Uranium Glass Tiffin Weston Etched Berry Depression Glasses And Plate,28.0,2025-12-28,,,WorthPoint
uranium-glass,1930s Walther & Sohne Depression Green Uranium Glass Lady & Fish Flower Frog Set,150.0,2025-12-28,,,WorthPoint
uranium-glass,Vintage Slag Glass Akro Agate Houze Floor Lamp Tall Spacer - Possibly Uranium?,89.0,2025-12-28,,,WorthPoint
uranium-glass,Vintage Slag Glass Akro Agate Houze Floor Lamp Base Insert - Possibly Uranium?,136.5,2025-12-28,,,WorthPoint
uranium-glass,Antique French Art Nouveau Opaline Uranium Glass Vase Gold And Enamel Highlights,89.0,2025-12-28,,,WorthPoint
uranium-glass,Vintage Slag Glass Akro Agate Houze Floor Lamp Spacer Pair - Possibly Uranium?,112.5,2025-12-28,,,WorthPoint
uranium-glass,Vintage 30s Jeannette Jadeite Uranium Glass Spice Jars ‚Äì Ginger Allspice Nutmeg,595.0,2025-12-28,,,WorthPoint
uranium-glass,Fenton Burmese Uranium Glass Frog Hand Painted & Artist Signed Art Glass,124.9,2025-12-28,,,WorthPoint
uranium-glass,Vintage Antique Green Uranium Glass Oil Lamp,125.0,2025-12-28,,,WorthPoint
uranium-glass,Vintage McKee Roman Arch Art Deco Custard Uranium Glass Salt Shaker Metal Lid,30.0,2025-12-28,,,WorthPoint
uranium-glass,"EAPG Uranium Glass Creamer & Sugar Set Starburst Pattern, Pale Green, Glows",13.0,2025-12-28,,,WorthPoint
uranium-glass,Boyd Uranium Glass Child's Mug Cup Rare Yellow Vaseline Stork Peacock Vintage,15.5,2025-12-28,,,WorthPoint
uranium-glass,"""Vintage Rose Pink Uranium Glass Footed Candy Dish - 4"""" (H) X 6.5"""" (W)""",32.0,2025-12-28,,,WorthPoint
uranium-glass,Fenton Custard Uranium Glass Crimped Compote 5‚Äù Candy Dish W Pink Flowers Signed,29.95,2025-12-28,,,WorthPoint
uranium-glass,"Pink Uranium Glass, Anchor Hocking, Mayfair/Open Rose, Footed Sherbet Dish",13.99,2025-12-28,,,WorthPoint
uranium-glass,"""vintage Pair Of Green Vaseline Uranium Glass Shot Glasses Dot Pattern 2""""""",24.99,2025-12-28,,,WorthPoint
uranium-glass,Akro Agate Uranium Glass Green Stacked Disc 6 Piece Child's Lemonade Set Glows,63.75,2025-12-28,,,WorthPoint
uranium-glass,Vintage Uranium Green Depression Glass Refrigerator Dish W/ Lid Glows UV,28.99,2025-12-28,,,WorthPoint
uranium-glass,"""9 Green Swirl Depression Plates 8"""" Uranium Glass Salad Plates - Read Description""",26.59,2025-12-28,9.0,2.95,WorthPoint
uranium-glass,HEISEY UG Uranium EAPG Custard Glass Open Sugar Bowl - Souvenir MAIDEN ROCK Wis,25.0,2025-12-28,,,WorthPoint
uranium-glass,HEISEY EAPG Uranium UG Custard Glass Trumpet Vase - Souvenir MAIDEN ROCK Wis WI,25.0,2025-12-28,,,WorthPoint
uranium-glass,Vintage Anchor Hocking Cameo Ballerina Green Depression Uranium Glass Platter,9.95,2025-12-28,,,WorthPoint
uranium-glass,Set Of Uranium Depression Glass Tea Cup & Plate,15.0,2025-12-28,,,WorthPoint
uranium-glass,Vintage Jeanette Cherry Blossom Green Uranium Glass Oval Serving Bowl Glows!,22.0,2025-12-28,,,WorthPoint
uranium-glass,"""1 1/4"""" NBS Large Uranium Glass Button""",8.0,2025-12-28,,,WorthPoint
uranium-glass,Uranium Glass Salt Pepper Shakers,31.0,2025-12-28,,,WorthPoint
uranium-glass,Vintage Green Uranium Glass Mixing Bowl 7.5‚Äù Diameter Depression Glass,9.99,2025-12-28,,,WorthPoint
uranium-glass,Lot Of 10 Dark Green Uranium Glass Marbles Uv Glow Vaseline Glass,30.99,2025-12-28,,,WorthPoint
uranium-glass,Etched Cambridge Art Deco Uranium Glass 5-Part Relish/Celery Serving Tray/Dish,67.0,2025-12-28,,,WorthPoint
uranium-glass,Uranium Glass McKee Jolly Golfer Decanter With 6 Tumblers,670.0,2025-12-28,,,WorthPoint
uranium-glass,Anchor Hocking Block Optic Green Uranium Glass Pitcher 7 1/2 In. Tall GLOWS,49.99,2025-12-28,,,WorthPoint
uranium-glass,Fenton Vaseline Uranium Glass Strawberry Pattern Handled Nappy Bonbon Dish Glow,17.0,2025-12-28,,,WorthPoint
uranium-glass,1 EIMAC 4-65A Vacuum Tube 65-Watt Transmitting Tetrode URANIUM GLASS See Photos,40.0,2025-12-28,,,WorthPoint
uranium-glass,Vintage Green Uranium Glass Candlestick Holder Single Depression Era EUC,8.5,2025-12-28,,,WorthPoint
uranium-glass,Boyd Art Glass Mabel The Cow Aruba Blue Black Slag Uranium UV Glow (2) NEW,109.9,2025-12-28,,,WorthPoint
uranium-glass,Green Uranium Vintage Glass Compote Bowl Diamond Pattern Ruffled Edge Vaseline,50.0,2025-12-28,,,WorthPoint
uranium-glass,Fenton ROSE BOWL Yel Topaz Opalescent Hobnail Uranium Glass 4‚Äù 6pt Crimp 1940s,49.95,2025-12-28,,,WorthPoint
uranium-glass,"""Hazel Atlas Green Uranium Glass Royal Lace Cookie Biscuit Jar No Lid 5.25""""""",29.95,2025-12-28,,,WorthPoint
uranium-glass,RARE VTG Fenton Owl Lime Green Fairy Lamp Glowing Uranium Glass Custard CHIPS,94.99,2025-12-28,,,WorthPoint
uranium-glass,Vintage Block Pattern Green Candy Jar And Lid Uranium Glass,70.0,2025-12-28,,,WorthPoint
uranium-glass,Handpainted Uranium Glass Bell Vaseline Glass Glows Under Uv,19.99,2025-12-28,,,WorthPoint
uranium-glass,Large Fish Uranium Glass Beads Blue Teal Topaz 28x13mm 6pcs,8.99,2025-12-28,,,WorthPoint
uranium-glass,Green Vaseline Uranium Glass Sasquatch Big-foot Paperweight Yeti Monster Yellow,19.99,2025-12-28,,,WorthPoint
uranium-glass,Vintage Anchor Hocking Block Optic Green Uranium Glass Candy Dish With Lid 1930,49.99,2025-12-28,,,WorthPoint
uranium-glass,"Large, Beauty .75‚Äù Mint Lemon-Lime POPEYE Marble AKRO AGATE Uranium Glass #1",59.99,2025-12-28,,,WorthPoint
uranium-glass,Vintage Jeannette Ribbed JADITE Glass FLOUR Shaker Jadeite Uranium Glass GLOWS,55.95,2025-12-28,,,WorthPoint
uranium-glass,Fenton Topaz Opalescent Uranium Glass Lemons Tumble Up Limited Edition,199.0,2025-12-28,,,WorthPoint
uranium-glass,Vintage Uranium Glass Plates Set Of 6 ‚Äì Green Depression Glass ‚Äì Glows Under UV,79.99,2025-12-28,,,WorthPoint
uranium-glass,Vintage Fenton Green Custard Glass Uranium Glass Satin Pedestal Candy Dish,41.99,2025-12-28,,,WorthPoint
uranium-glass,VTG INDIANA GLASS Uranium Green Tea Room Pattern Sugar Creamer Set W/ Stand,149.99,2025-12-28,,,WorthPoint
uranium-glass,Vaseline Glass Stolzle Czech Art Deco Green Uranium Glass Vase - Rare,57.99,2025-12-28,,,WorthPoint
uranium-glass,Footed Bowl Uranium Glass Jean Beck Munich Art Deco Iridescent Decorative Kitchen #248440,32.41,2025-12-28,,,WorthPoint
uranium-glass,Lot Of 11 Uranium Glass Marbles: JABO Electric Eels Made In USA 395nm UV Glow,14.99,2025-12-28,,,WorthPoint
uranium-glass,Vintage Green Depression Vaseline Uranium Glass Footed Candlestick,11.4,2025-12-28,,,WorthPoint
uranium-glass,Uranium Glass Lamp Glass Boudoir Lamp Art Deco VTG EUC,75.5,2025-12-28,,,WorthPoint
uranium-glass,Antique Uranium Glass Candle Holder,35.0,2025-12-28,,,WorthPoint
uranium-glass,"""Vintage Green Uranium Glass Pair Candle Holders Elegant Etched Glass Glows 4""""""",31.09,2025-12-28,,,WorthPoint
uranium-glass,"""Vintage """"Poppy """" Satin Lime Green Flower Vase By Fenton - Uranium Glass""",45.0,2025-12-28,,,WorthPoint
uranium-glass,Vintage Fenton Uranium Glass Daisy & Button Top Hat Figurine Vaseline UV GLOWS,90.0,2025-12-28,,,WorthPoint
uranium-glass,"Anchor Hocking Green Vaseline Uranium Depression Glass, Cameo Lidded Candy Dish",39.0,2025-12-28,,,WorthPoint
uranium-glass,"""Vintage Uranium Glass Cameo Ballerina 12""""x8"""" Serving Platter Oval Green Glows""",21.21,2025-12-28,,,WorthPoint
uranium-glass,Fenton Large 9.5‚Äù Vaseline Glass Opalescent Ruffled Bowl Uranium Glass Glows,149.95,2025-12-28,,,WorthPoint
uranium-glass,Vintage Uranium Glass Goblet Etched Floral Pattern Glows Under UV 5 Inch,17.99,2025-12-28,,,WorthPoint
uranium-glass,(2) VINTAGE Electron Tube Eimac VT129 / 304TL Uranium Glass,60.0,2025-12-28,,,WorthPoint
uranium-glass,Vintage Jeannette Uranium Glass Windsor Pattern Sugar Bowl,24.0,2025-12-28,,,WorthPoint
uranium-glass,HAZEL ATLAS GREEN DEPRESSION VASELINE URANIUM GLASS RIBBED Nesting Vintage,60.0,2025-12-28,,,WorthPoint
uranium-glass,Uranium Glass Optic Footed Drinking Glasses 6oz Set Of 5 Excellent Condition,50.0,2025-12-28,170.1,0.29,WorthPoint
uranium-glass,Indiana Glass? Hexagon Powder / Trinket Jar & Lid 4‚Äù Green Uranium 1930s Vanity,49.99,2025-12-28,,,WorthPoint
uranium-glass,"""Jeanette Green Depression Vaseline Uranium Glass Cake Plate Sunflower Footed 10""""""",20.0,2025-12-28,,,WorthPoint
uranium-glass,Uranium Glass Green Wine/Sherbert Dishes Set Of 4 Excellent Pre-owned Condition,18.19,2025-12-28,,,WorthPoint
uranium-glass,"""Vintage Green Uranium Glass 5"""" Swirl Reamer / Juicer + Tab + Spout - Glows!!!""",17.5,2025-12-28,,,WorthPoint
uranium-glass,Weishar Moon And Stars Vaseline Uranium Glass Lidded Compote,143.5,2025-12-28,,,WorthPoint
uranium-glass,Weishar Uranium Glass Moon & Stars Mini Glasses Set Of 2 They Glow!,56.0,2025-12-28,,,WorthPoint
uranium-glass,"""EAPG US Grant Commemorative Uranium Glass """"Let Us Have Peace"""" Plate""",49.0,2025-12-28,,,WorthPoint
uranium-glass,"""Set/3 Anchor Hocking Cameo Ballerina Geen Uranium Glass 10.5"""" Divided Plate""",49.33,2025-12-28,,,WorthPoint
uranium-glass,Vtg Pale Uranium Glass Beater Jar - 4 C Jar -merry Whirl Beater - Green Handle,15.0,2025-12-28,,,WorthPoint
uranium-glass,Cameo Ballerina Green Uranium Glass Depression Glass Coup Champagne Glasses,25.0,2025-12-28,,,WorthPoint
uranium-glass,Art Deco Jar Uranium Glass Rare Style Estate Heirloom,69.99,2025-12-28,,,WorthPoint
uranium-glass,Vintage Uranium Glass Perfume Bottle With Etched Floral Design EX COND !!!,80.0,2025-12-28,,,WorthPoint
uranium-glass,"""Vintage Uranium Glass Depression Ribbed Banded 8"""" Pitcher""",35.0,2025-12-28,,,WorthPoint
uranium-glass,Anchor Hocking Glass 1930's Green Uranium Glass Cameo Ballerina Open Sugar Bowl,22.0,2025-12-28,,,WorthPoint
uranium-glass,Vintage Hazel Atlas Uranium Glass Single Salt Shaker All Original,12.0,2025-12-28,,,WorthPoint
uranium-glass,Vintage URANIUM Glass Pitcher 8‚Äù Glows Anchor Hocking Princess Pattern 64 Oz.NR,69.95,2025-12-28,1814.4,0.04,WorthPoint
uranium-glass,"Vintage Uranium Glass Plates Princess Pattern 9 Inch, Set Of 4",26.0,2025-12-28,,,WorthPoint
uranium-glass,"""RARE LG Wright VASELINE URANIUM GLASS OPALESCENT HEN ON NEST SPLIT TAIL 7""""""",220.0,2025-12-28,,,WorthPoint
uranium-glass,"""FENTON Glass Nappy Uranium Vaseline Dish With Dove Handles 7-1/4"""" X 3-1/4""""""",65.0,2025-12-28,,,WorthPoint
uranium-glass,1939 NEW YORK WORLDS FAIR URANIUM GLASS GLOBE BOTTLE By ANCHOR HOCKING Souvenir,31.0,2025-12-28,,,WorthPoint
uranium-glass,"""ALIEN HEAD URANIUM GLASS HAND PAINTED Glass Button 1 """" Medium LOOP SHANK""",6.0,2025-12-28,,,WorthPoint
uranium-glass,Vintage Vaseline Uranium Glass Juicer Jeannette Reamer 1930's EX,25.0,2025-12-28,,,WorthPoint
uranium-glass,5 Hazel-Atlas Green Depression Uranium Glass Florentine #2 10‚Äù Dinner Plates,50.0,2025-12-28,,,WorthPoint
uranium-glass,VTG Green Uranium Glass Cookie Jar W/Lid Cameo Ballerina ~ Anchor Hocking 1930s,54.99,2025-12-28,,,WorthPoint
uranium-glass,Vtg Federal Glass Green Vaseline Uranium Citrus Reamer Juicer Handled Depression,24.99,2025-12-28,,,WorthPoint
uranium-glass,"""Vintage Jeannette Jadeite Refrigerator Dish Lid ONLY Uranium Glass 8.5"""" X 4""""""",14.99,2025-12-28,,,WorthPoint
uranium-glass,Vintage Scailmont Belgium Vaseline Uranium Glass Lot Bottles,525.0,2025-12-27,,,WorthPoint
uranium-glass,Uranium Glass Georgian/Love Birds Federal Glass Green 4-3/4‚Äù Vaseline Bowls,29.74,2025-12-27,,,WorthPoint
uranium-glass,Uranium Glass Lady,75.0,2025-12-27,,,WorthPoint
uranium-glass,Hazel Atlas Uranium Glass Salt Pepper Shakers,25.0,2025-12-27,,,WorthPoint
uranium-glass,Fenton Custard Uranium Glass Clown Hand Painted Mini Bell,60.0,2025-12-27,,,WorthPoint
uranium-glass,VTG. French Soda Siphon Yelllow Uranium Glass Seltzer Bottle Acid Etched Glows,289.95,2025-12-27,,,WorthPoint
uranium-glass,"""Fostoria Heirloom Opalescent Vaseline Uranium Glass Epergene Charm 4.5"""" Glows""",88.0,2025-12-27,,,WorthPoint
uranium-glass,Vintage Northwood Uranium Glass Peacock Platter Cake Plate Strawberries 12‚Äù,59.01,2025-12-27,,,WorthPoint
uranium-glass,Depression Uranium Glass Vase,40.0,2025-12-27,,,WorthPoint
uranium-glass,Vintage Antique 1925 P&A MFG Large Uranium Glass Floral Oil Lamp Wedding Scroll,169.99,2025-12-27,,,WorthPoint
uranium-glass,Imperial Quilted Diamond Green Depression Uranium Glass Sugar Bowl Early America,15.84,2025-12-27,,,WorthPoint
uranium-glass,"1930s Vintage Depression Era Uranium Glass Magnolia Console Bowl, 11-inch",40.0,2025-12-27,,,WorthPoint
uranium-glass,Vtg Rare Fenton Burmese Uranium Glass Maple Leaf Rose Bowl,55.0,2025-12-27,,,WorthPoint
uranium-glass,Set Of 2 Uranium Glass Green Tumblers ‚Äì Depression Glass ‚Äì Glows Under UV,29.99,2025-12-27,,,WorthPoint
uranium-glass,#1 Vintage Depression Uranium Glass For Sherbet/Dessert Cups In Green Lot Of 2,12.5,2025-12-27,,,WorthPoint
uranium-glass,Antique Victorian Rubina Verde Vaseline Uranium Glass Flower Bowl,140.0,2025-12-27,,,WorthPoint
uranium-glass,Jack In The Pulpit Vase Bohemian Art Glass Hand Painted Uranium Glass,157.0,2025-12-27,,,WorthPoint
uranium-glass,Uranium Glass Bud Vase 12‚Äù,125.0,2025-12-27,,,WorthPoint
uranium-glass,Fenton Green Opalescent Coin Dot Optic Atomizer Perfume Bottle Uranium Glass,200.0,2025-12-27,,,WorthPoint
uranium-glass,Set Of 2 Hazel Atlas Candlestick Candle Holders Florentine Poppy Uranium Glass,25.0,2025-12-27,,,WorthPoint
uranium-glass,Murano Glass 8‚Äù Sitting Poodle Dog Red Vaseline Uranium Glass SMALL CHIP,149.99,2025-12-27,,,WorthPoint
uranium-glass,"""Beautiful Murano Style Sommerso Vintage Art Glass Ashtray Dish Uranium GLOWS 6""""""",150.0,2025-12-27,,,WorthPoint
uranium-glass,Hazel Atlas Green Uranium Glass Measuring 1 Cup,35.0,2025-12-27,,,WorthPoint
uranium-glass,Vintage Depression Uranium Glass Rolled Edge Console Bowl With Etching,59.0,2025-12-27,,,WorthPoint
uranium-glass,Perfume Bottle Star Diamond Design Crystal Ball Top Vaseline Uranium Glass,48.0,2025-12-27,,,WorthPoint
uranium-glass,Fenton Burmese Uranium Glass HP Hibiscus Turtle QVC 2002 Signed Bill Fenton,145.0,2025-12-27,,,WorthPoint
uranium-glass,"""Vintage Uranium Glass Green Three Footed Floral Etched Bowl 11"""" Diameter 3"""" Tall""",38.0,2025-12-27,,,WorthPoint
uranium-glass,Vintage Fenton Opaque Jadeite Hobnail Uranium Glass 3 Footed Vase-Rare Color!,79.0,2025-12-27,,,WorthPoint
uranium-glass,Fenton Custard Uranium Glass Fairy Lamp Christmas Holly Hand Painted Signed,79.0,2025-12-27,,,WorthPoint
uranium-glass,Antique Childs Eapg Vaseline Uranium Glass Cup With Cat & Dog & Flower,35.0,2025-12-27,,,WorthPoint
uranium-glass,Vintage Green Uranium Glass Handle Dish Serving Tray 10‚Äù,26.0,2025-12-27,,,WorthPoint
uranium-glass,Ballerinia 3 Piece Set Green Uranium Glass Anchor Hocking Cameo Pattern,35.0,2025-12-27,,,WorthPoint
uranium-glass,Vintage Uranium Glass(Depression Glass) Anchor Hocking Bowl W/Lid,55.0,2025-12-27,,,WorthPoint
uranium-glass,VTG Anchor Hocking Uranium Glass Green Block Optic Depression Creamer & Sugar,25.49,2025-12-27,,,WorthPoint
uranium-glass,"""Set Of 3 Anchor Hocking Block Optic Green Uranium Glass 8"""" Plates *glows*""",28.0,2025-12-27,,,WorthPoint
uranium-glass,Uranium Serving Tray Vintage Vaseline Etched Glass Divided Relish Rare,75.0,2025-12-27,,,WorthPoint
uranium-glass,"""Cambridge Green Uranium Glass #1595 Candlesticks 9""""""",95.0,2025-12-27,,,WorthPoint
uranium-glass,Vintage Fenton Vaseline Opalescent Hobnail Uranium Glass Vase 3.5‚Äù Stunning,49.99,2025-12-27,,,WorthPoint
uranium-glass,NEXT TO MINT VINTAGE URANIUM GLASS COVERED BUTTER DISH 6 3/4 In. BEAUTIFUL!!,90.0,2025-12-27,,,WorthPoint
uranium-glass,Uranium Glass Green Furniture Coasters Set Of 4 Vaseline Glass Depression Glass,33.0,2025-12-27,,,WorthPoint
uranium-glass,Antique Northwood Argonaut Custard Uranium Glass Lidded Dish C1900,89.0,2025-12-27,,,WorthPoint
uranium-glass,Hazel Atlas Green Matchbook Uranium Glass Ashtray Checkered Rim For Stand,38.0,2025-12-27,,,WorthPoint
uranium-glass,Westmoreland Green Uranium Glass Flower Lotus Plate (Glows In UV Light),20.0,2025-12-27,,,WorthPoint
uranium-glass,URANIUM GLASS CANDLE HOLDERS MMA Dolphin GREEN Koi Fish Candlestick Imperial VTG,129.95,2025-12-27,,,WorthPoint
uranium-glass,Vintage 1930's Green Depression Uranium Glass Block Optic Sugar Bowl 2 Handle,14.99,2025-12-27,,,WorthPoint
uranium-glass,Lot Of 3 Green Uranium Depression Glass Furniture Floor Coasters Antique Vintage,14.99,2025-12-27,3.0,5.0,WorthPoint
uranium-glass,"""1930s Green Uranium Depression Glass Bowl W Scalloped Edge 3 Feet 5.5"""" Small Chi""",22.99,2025-12-27,,,WorthPoint
uranium-glass,Antique Uranium Glass Victorian Cauldron Witches Pot Shaped Toothpick Holder,65.0,2025-12-27,,,WorthPoint
uranium-glass,Vtg. Vaseline Uranium Glass Saw Tooth Salt Cellar Round Glows,18.39,2025-12-27,,,WorthPoint
uranium-glass,Vtg Fenton Uranium Custard Glass Rose Bowl Basketweave Open Lace Rim GLOWS!,38.0,2025-12-27,,,WorthPoint
uranium-glass,Vintage Federal Glass Green Uranium Glass Lidded Sugar Bowl,25.0,2025-12-27,,,WorthPoint
uranium-glass,Canary Yellow Uranium Glass Star Salt Pinch Vaseline Glass,65.0,2025-12-27,,,WorthPoint
uranium-glass,Cadillac Clock Uranium Glass Slag Glass,160.0,2025-12-27,,,WorthPoint
uranium-glass,Mid Century Modern Clear And Green Uranium Glass Base Mini Bud Vase.,10.0,2025-12-27,,,WorthPoint
uranium-glass,Fenton Custard Uranium Glass Hand Painted Daisies Bud Vase Signed 8‚Äù Tall,39.9,2025-12-27,,,WorthPoint
uranium-glass,1 Pair Set Antique Vintage Uranium Vaseline Glass Car Dug Dig Buttons,15.0,2025-12-27,,,WorthPoint
uranium-glass,6 Vintage HEART Uranium Vaseline Glass Buttons On Card-1940's Buttons,14.0,2025-12-27,,,WorthPoint
uranium-glass,"""Uranium Glass Dessert Plate Set 3 Piece Green Round Hocking Block Optic 6"""" Vtg""",13.5,2025-12-27,,,WorthPoint
uranium-glass,Vintage Fenton Satin Custard Uranium Glass Bird,39.33,2025-12-27,,,WorthPoint
uranium-glass,Vintage Green Uranium Glass Perfume Bottle With Stopper,60.0,2025-12-27,,,WorthPoint
uranium-glass,"""Vintage Hazel-Atlas Glass Company Uranium Glass 9"""" Ribbed Mixing Bowl Turned""",25.19,2025-12-27,,,WorthPoint
uranium-glass,Vintage Uranium Glass ‚ÄúRadiator‚Äù Pattern Plate 6‚Äù Depression Glass 1930s UV Glow,9.5,2025-12-27,,,WorthPoint
uranium-glass,"""Vintage Uranium Glass Fine Ribbed Green Opalescent Ruffled Swung Vase 14.5""""H""",59.95,2025-12-27,,,WorthPoint
uranium-glass,Vintage Hazel-Atlas Uranium Depression Glass Ribbon Pattern Plate ‚Äì UV Glow,9.0,2025-12-27,,,WorthPoint
uranium-glass,"Vintage Green Uranium Glass Candlestick Holders, UV Reactive, Glows!",26.0,2025-12-27,,,WorthPoint
uranium-glass,Vintage Green Depression Uranium Glass Ashtray With Sailboat Scene Nautical,22.5,2025-12-27,,,WorthPoint
uranium-glass,"AKRO AGATE Green Uranium Glass Child's Tea Set, 18 Pc, 1930s, Mint",94.5,2025-12-27,,,WorthPoint
uranium-glass,Vintage Hazel Atlas Uranium Glass Jar With Lid,99.99,2025-12-27,,,WorthPoint
uranium-glass,Uranium Glass Green Tumbler ‚Äì Depression Glass ‚Äì Glows Under UV,14.99,2025-12-27,,,WorthPoint
uranium-glass,Higbee Mosser Vaseline Glass Alphabet ABC Plate 6 Inch Dish Yellow Uranium,32.5,2025-12-27,,,WorthPoint
uranium-glass,Uranium Glass Sundae Glass,14.99,2025-12-27,,,WorthPoint
uranium-glass,"""AWESOME OVAL WHITE-CREAM URANIUM GLASS Button-GRADUATED ROWS Of NUBS--1 & 1/8""""""",12.27,2025-12-27,,,WorthPoint
uranium-glass,"""Vintage Mt Washington Dark Light Pink Satin Cased Glass Tumbler 3 3/4"""" Uranium""",39.95,2025-12-27,,,WorthPoint
uranium-glass,Vintage Uranium Glass Etched Flower Rolled Edge Candy Dish 7 Inch Wide 3.25 Tall,9.69,2025-12-27,,,WorthPoint
uranium-glass,"""Miniature Green Vaseline Glass Seilers Mini Insulator Uranium Glass 1 5/8"""" X 7/8""",23.0,2025-12-27,,,WorthPoint
uranium-glass,Rare Antique Victorian Blue Milk Uranium Glass Salt And Pepper Shakers Circa1800,85.0,2025-12-27,,,WorthPoint
uranium-glass,"""Ballerina Princess Pattern Depression Uranium Glass Divided Plate 10.5""""""",6.99,2025-12-27,,,WorthPoint
uranium-glass,Vintage Vaseline Glass Basket Uranium Glass 4‚Äù,29.95,2025-12-27,,,WorthPoint
uranium-glass,Hocking Green Uranium Glass Block Optic Squat Salt And Pepper,34.49,2025-12-27,,,WorthPoint
uranium-glass,"Vintage Etched Green Glow Glass Dish, Uranium? Pretty",10.46,2025-12-27,,,WorthPoint
uranium-glass,Antique Vaseline Uranium Glass Oil Lamp With Chimney Globe Glows,124.99,2025-12-27,,,WorthPoint
uranium-glass,Original Fink Glass Works Hen On Nest Handmade Cerium Blue Burmese Uranium Glow,43.0,2025-12-27,,,WorthPoint
uranium-glass,Vintage Uranium Glass Etched Goblet Wine Glass Green Depression Glows Under UV,5.99,2025-12-27,,,WorthPoint
uranium-glass,Uranium Glass Broken Pieces,10.0,2025-12-27,,,WorthPoint
uranium-glass,Uranium Glass Hobnail Ruffled Bowl,96.0,2025-12-27,,,WorthPoint
uranium-glass,"""Jenkins Uranium Green Glass Ocean Wave Handled Cake Platter 11.5"""" Diameter Glows""",21.0,2025-12-26,,,WorthPoint
uranium-glass,Vintage Green Uranium Depression Glass Citrus Reamer Juicer - Very Nice!,24.0,2025-12-26,,,WorthPoint
uranium-glass,Vtg Uranium Glass Tobacco Jar Perfect Condition !!!,65.0,2025-12-26,,,WorthPoint
uranium-glass,1930s KELLOGG'S Green Uranium Glass 3 Spout 8 Oz Measuring Cup UV Glow,43.0,2025-12-26,226.8,0.19,WorthPoint
uranium-glass,Vaseline Uranium Glass Swan,140.0,2025-12-26,,,WorthPoint
uranium-glass,Vintage Uranium Glass 8‚Äù Green Pedestal Cake Stand,55.0,2025-12-26,,,WorthPoint
uranium-glass,"""Vintage Fenton Hobnail Yellow Opalescent Uranium Glass Bud Vase 3 1/2""""""",62.99,2025-12-26,,,WorthPoint
uranium-glass,Vintage Jadeite Glass Juicer Funnel Attachment Sunbeam Mixmaster Uranium Glass,29.99,2025-12-26,,,WorthPoint
uranium-glass,Vintage Green Uranium Glass Martini/Cocktail Shaker With Lids 11 Inches,149.99,2025-12-26,,,WorthPoint
uranium-glass,"""Vintage 1930's Green Uranium 6"""" Depression Glass Plate""",25.0,2025-12-26,,,WorthPoint
uranium-glass,Vintage Uranium Glass Sherbet Compote Bowl Green Depression Glass Glows Under UV,10.0,2025-12-26,,,WorthPoint
uranium-glass,Fenton Custard Uranium Glass Bell Teddy Bear Music Box Plays ~ This Old Man,20.0,2025-12-26,,,WorthPoint
uranium-glass,"""VTG Green Uranium Glass Oakes Mfg Co Tipton Indiana 5"""" Chicken Water Bowl Dish""",32.99,2025-12-26,,,WorthPoint
uranium-glass,Uranium Vaseline Glass Art Knife By Rafael,178.2,2025-12-26,,,WorthPoint
uranium-glass,Vint. Anchor Hocking Uranium Glass - Block Optic Design - 4 Teacups And 1 Saucer,22.0,2025-12-26,,,WorthPoint
uranium-glass,Vintage Hocking Glass Roulette Many Windows Uranium Green Sherbet & Saucer,16.0,2025-12-26,,,WorthPoint
uranium-glass,Vtg Green Uranium Glass Pitcher Depression 20's-30's,25.0,2025-12-26,,,WorthPoint
uranium-glass,Vintage Uranium Glass Salt And Pepper Shakers Glass Tops Excellent Condition,30.0,2025-12-26,,,WorthPoint
uranium-glass,"""5 Green Swirl Depression Plates 8"""" Uranium Glass Salad Plates Vintage Dessert""",39.96,2025-12-26,5.0,7.99,WorthPoint
uranium-glass,Depression Era Uranium Glass Pitcher 8‚Äù VTG,27.0,2025-12-26,,,WorthPoint
uranium-glass,Antique Large 4.5‚Äù Uranium Vasoline Glass Shaker With Lead Top 1910s,39.99,2025-12-26,,,WorthPoint
uranium-glass,4 Vintage Federal Green Uranium Glass 10 1/2‚Äù Plates,49.95,2025-12-26,,,WorthPoint
uranium-glass,Hocking Glass Company Depression Glass Green Fish Bowl - GLOWS!! Uranium Glass,189.99,2025-12-26,,,WorthPoint
uranium-glass,"Uranium Glass Ashtray In Polished Vaseline, Square Design Czech New Glows",59.65,2025-12-26,,,WorthPoint
uranium-glass,Vintage Uranium Glass Pitcher Green Depression Era,15.5,2025-12-26,,,WorthPoint
uranium-glass,Vintage Uranium Glass Creamer/Small Pitcher Anchor Hocking Colonial Knife & Fork,15.5,2025-12-26,,,WorthPoint
uranium-glass,Vintages 20s Northwood Vaseline Stretch Glass Uranium Glass Footed Compote 7‚Äù,35.0,2025-12-26,,,WorthPoint
uranium-glass,Federal Glass Co Colonial Fluted Green Uranium Depression Creamer & Sugar W/lid,36.0,2025-12-26,,,WorthPoint
uranium-glass,Anchor Hocking COLONIAL Depression Green Uranium Glass Syrup/Milk Pitcher W/LID,49.95,2025-12-26,,,WorthPoint
uranium-glass,Fenton Opalescent Vaseline Uranium Glass Whale,180.0,2025-12-26,,,WorthPoint
uranium-glass,Uranium Glass Berry Bowl,6.01,2025-12-26,,,WorthPoint
uranium-glass,Anchor Hocking Ribbed 8 3/8‚Äù Refrigerator Dish Lid Only Green Uranium Glass,22.95,2025-12-26,,,WorthPoint
uranium-glass,6 U.S. Glass Co Depression Uranium Glass 6‚Äù Plates Pale Green Scroll Pattern,23.96,2025-12-26,,,WorthPoint
uranium-glass,Anchor Hocking Block Optic Uranium Glass Tea Cups & Sherbet Cups,17.99,2025-12-26,,,WorthPoint
uranium-glass,Jeanette Green Uranium Glass Doric Pattern Serving Plate With Handles,32.55,2025-12-26,,,WorthPoint
uranium-glass,Uranium Glass Green Depression Sandwich Desserts Platter With Handle,12.99,2025-12-26,,,WorthPoint
uranium-glass,Vintage Custard Uranium Hand Painted Fenton Glass Jewelry Trinket Box GLOWS,60.0,2025-12-26,,,WorthPoint
uranium-glass,Fenton Hand-Painted Bermese Custard Uranium Glass Angel Figure 6'' Satin Finish,115.0,2025-12-26,,,WorthPoint
uranium-glass,Vintage Franciscan Citron Green Uranium Glass Water Goblet Set Of 4 Madeira MCM,45.0,2025-12-26,,,WorthPoint
uranium-glass,Cameo Ballerina Depression Glass 8.25‚Äù Plate Green Uranium,12.0,2025-12-26,,,WorthPoint
uranium-glass,Hazel Atlas Round Refrigerator Dish Uranium Depression Glass W/ Lid,40.0,2025-12-26,,,WorthPoint
uranium-glass,Fenton Green Uranium Glass Santa Fairy Lamp Vintage,219.0,2025-12-26,,,WorthPoint
uranium-glass,"""Mosser Vaseline Uranium Glass Cherry And Cable Cannister With Lid 10"""" Tall""",125.0,2025-12-26,,,WorthPoint
uranium-glass,"Uranium Glass, Choice Of Monkey, Turtle, Hedgehog",40.0,2025-12-26,,,WorthPoint
uranium-glass,Vintage Uranium Glass Footed 12 Inch Dish Bowl,20.0,2025-12-26,,,WorthPoint
uranium-glass,Vintage Vaseline Uranium Glass Sugar Bowl,13.8,2025-12-26,,,WorthPoint
uranium-glass,"""VTG Uranium Glass Depression 4"""" Square Ribbed Refrigerator Dish W/Lid 1930s #2""",22.39,2025-12-26,,,WorthPoint
uranium-glass,Vintage Hazel Atlas Green Uranium Glass Lidded 4‚Äùx4‚Äùx2‚Äù Square Dish With Lid,49.99,2025-12-26,,,WorthPoint
uranium-glass,Vintage Marked Cambridge Uranium Glass Celery Dish,30.0,2025-12-26,,,WorthPoint
uranium-glass,Uranium Glass Juicer Reamer 5-inch Depression Custard Glass Small Crack,13.45,2025-12-26,,,WorthPoint
uranium-glass,You Pick Vintage Uranium Glass. Glows Under UV Light. Complete Your Set,8.99,2025-12-26,,,WorthPoint
uranium-glass,"""Vintage Green Satin Uranium Glass Vase Glows Hand Blown Victorian 5"""" Ruffled""",27.99,2025-12-26,,,WorthPoint
uranium-glass,Cambridge Honeycomb Pattern Compote Uranium Glass,55.0,2025-12-26,,,WorthPoint
uranium-glass,Vintage Anchor Hocking Spiral Green Uranium Glass Butter Tub,15.0,2025-12-26,,,WorthPoint
uranium-glass,"""Vintage Green Depression Uranium Glass 5"""" Fruit Berry Dessert Bowl Dish Has Chip""",9.99,2025-12-26,,,WorthPoint
uranium-glass,Vtg Green Depression Etched Vaseline Uranium Candy Dish Glass Pedestal Compote,50.0,2025-12-26,,,WorthPoint
uranium-glass,SET OF 4: Etched Green GLOWING Vaseline Uranium Glass Tiffin Cordial Wine,34.95,2025-12-26,,,WorthPoint
uranium-glass,"""ULTRA RARE VTG Mckee """"BOTTOMS UP"""" CARAMEL SLAG Uranium Glass - GLOWS GREEN!""",120.0,2025-12-26,,,WorthPoint
uranium-glass,10 Pc 12mm Round Facet Fire-Polished Pink & Yellow VASELINE/URANIUM GLASS BEADS,10.0,2025-12-26,,,WorthPoint
uranium-glass,10 Pcs Czech VASELINE/URANIUM GLASS BEADS 10 X 8mm Faceted Fire-Polished Bells,5.5,2025-12-26,,,WorthPoint
uranium-glass,"10 Pc 10mm Fire-Polished Czech Blue, Purple & Yellow VASELINE/URANIUM GLASS",6.25,2025-12-26,,,WorthPoint
uranium-glass,"""Vintage Anchor Hocking Vaseline (Uranium) Glass Hoosier Jar-8"""" X 4 1/2""""""",45.0,2025-12-26,,,WorthPoint
uranium-glass,"""Green Depression Uranium Hocking Glass Cameo Ballerina 8.5"""" Square Plate""",9.99,2025-12-26,,,WorthPoint
uranium-glass,"""Antique Vtg Art Deco Radio Lamp 3 1/4"""" Fitter Lamp Fixture Shade Uranium Glass""",48.0,2025-12-26,,,WorthPoint
uranium-glass,Fenton Daisy & Button Topaz Vaseline Large Fruit Bowl Collectible Uranium Glass,155.0,2025-12-26,,,WorthPoint
uranium-glass,"Vintage Uranium/Vaseline Glass, Set Of 2: Shoe With Cat & Hand With Flower Dish",95.0,2025-12-26,,,WorthPoint
uranium-glass,1930s Uranium Glass Hazel Atlas Royal Lace Green Trio Cup Saucer & Plate,40.51,2025-12-26,,,WorthPoint
uranium-glass,VTG Uranium Glass: GREEN ART GLASS VASE W LARGE CRACK On Bottom,28.0,2025-12-26,,,WorthPoint
uranium-glass,"""vintage Tiffin Franciscan - Dolphin - Uranium Glass Candlestick - 7-3/4"""" Tall""",105.0,2025-12-26,,,WorthPoint
uranium-glass,Uranium Glass Elephant Glossy Finish,46.0,2025-12-26,,,WorthPoint
uranium-glass,Adams & Co. Uranium Glass Daisy & Button With Thumbprints Covered Candy Dish,55.0,2025-12-26,,,WorthPoint
uranium-glass,Hobnail Uranium Glass Bowl Vaseline Opalescent 4.5‚Äù Diameter 2.5‚Äù Height,65.0,2025-12-26,,,WorthPoint
uranium-glass,Czech Skrdlovice Uranium Glass Asymmetrical Basket Vase.,32.0,2025-12-26,,,WorthPoint
uranium-glass,Federal Daisy Block Uranium Glass Square Handled Tray Sandwich Server Depression,45.0,2025-12-26,,,WorthPoint
uranium-glass,Green Uranium Glass - Measuring Cup - 4 Cup- 1 Qt - Footed,29.0,2025-12-26,,,WorthPoint
uranium-glass,"""2x Vintage Green Uranium Federal Glass Sylvan Parrot Saucer Plates 5.75""""""",16.0,2025-12-26,,,WorthPoint
uranium-glass,Uranium Glass Old Formula Alacite Boudoir Lamp By Aladdin UV Reactive 1939,272.99,2025-12-26,,,WorthPoint
uranium-glass,Vintage FENTON Glass Custard Green Satin Pitcher Water Lily Vaseline Uranium 7‚Äù,74.99,2025-12-26,,,WorthPoint
uranium-glass,Akro Agate Play Time Tea Set Green Depression Uranium Glass In Orig Box Vintage,129.0,2025-12-26,,,WorthPoint
uranium-glass,Federal Glass Green Depression Glass Sherbet Sundea Uranium Set Of 4 1930s,30.0,2025-12-26,,,WorthPoint
uranium-glass,Vintage Depression Etched Green Uranium Glass Pedestal Wine Goblet,12.0,2025-12-25,,,WorthPoint
uranium-glass,VTG Degenhart Uranium Glass Owl Figurine Moonglo Vaseline Glows UV,69.95,2025-12-25,,,WorthPoint
uranium-glass,VTG Degenhart Uranium Glass Owl Figurine Lime Ice Vaseline Glows UV,79.95,2025-12-25,,,WorthPoint
uranium-glass,"Jenkins Uranium Glass, Ocean Wave Tray",20.0,2025-12-25,,,WorthPoint
uranium-glass,"""(4) Rare Uranium Tiffin~franciscan Optic 200-1 Yellow Etch 8.25"""" Glass~goblets""",59.5,2025-12-25,,,WorthPoint
uranium-glass,Vintage Hazel Atlas Green (Uranium) Glass Floor Coasters - Set Of 6,65.0,2025-12-25,,,WorthPoint
uranium-glass,4 Paden City Green Depression / Uranium Glass Tall Soda Fountain Glasses,90.0,2025-12-25,,,WorthPoint
uranium-glass,Yellow Vaseline Glass Northwood Dugan Opalescent Uranium Glass Corn Cob Glows,399.99,2025-12-25,,,WorthPoint
uranium-glass,Uranium Glass Upcycled Plate Clock Small 6 Inch Rare Macbeth Evans Brand + Color,35.0,2025-12-25,,,WorthPoint
uranium-glass,üí° Hand-Blown Uranium Glass Pumpkin ‚Ä¢ 4 Inch ‚Ä¢ UV Reactive Glow ‚Ä¢ USA Artisan,45.98,2025-12-25,,,WorthPoint
uranium-glass,1 Green Uranium Glass Vacuum Tube 3-C24 Lewis & Kaufman Display Only Open VTG,29.99,2025-12-25,1.0,29.99,WorthPoint
uranium-glass,Vintage Green Uranium Glass Swung Pedestal Vase 8‚Äù Mid Century Mcm UV Glow Bud,25.0,2025-12-25,,,WorthPoint
uranium-glass,Uranium Hazel Atlas Green Four Fruits Depression Glass Tea Cup Saucer Plate,26.25,2025-12-25,,,WorthPoint
uranium-glass,VTG Uranium Imperial Green Depression Glass Double Handle Creamer & Sugar CHIPS,24.4,2025-12-25,,,WorthPoint
uranium-glass,"""Anchor Hocking """"Block Optic"""" Green Uranium Glass Cups & Saucers, Set Of 4""",35.0,2025-12-25,,,WorthPoint
uranium-glass,Art Deco Nouveau Green Uranium Glass Domed Lamp Shade Frankart Nuart Era Vintage,195.0,2025-12-25,,,WorthPoint
uranium-glass,Vintage Fenton Apple Green Opalescent Hobnail Uranium Glass Pedestal Vase,84.99,2025-12-25,,,WorthPoint
uranium-glass,Vintage Uranium Glass Canary Yellow Table Lamp ** READ **,145.0,2025-12-25,,,WorthPoint
uranium-glass,Eimac 327-A CWL-327A Radar Vacuum Tube Lot Of 4 Good Filament Uranium Glass,67.99,2025-12-25,4.0,17.0,WorthPoint
uranium-glass,4 Green Uranium & Pink Depression Glass Diamond Optic Sherbet/Champagne 5 3/4‚Äù H,239.0,2025-12-25,4.0,59.75,WorthPoint
uranium-glass,Vintage Cambridge Mandolin Lady Flower Frog Clear Glass Glows Uranium Glass,115.0,2025-12-25,,,WorthPoint
uranium-glass,One Uranium Glass Vaseline Glass Vial,19.99,2025-12-25,,,WorthPoint
uranium-glass,Vtg Fenton Uranium Glass Daisy Button Top Hat Vaseline Glows Vase 2.5‚Äù,30.0,2025-12-25,,,WorthPoint
uranium-glass,HTF Set Of 6 Vintage Mosser Green Uranium Glass 8 Oz. Water Goblets With Bird,110.0,2025-12-25,226.8,0.49,WorthPoint
uranium-glass,"""1929 Coleman 443 Kremelite Uranium Glass Lamp Shade Mint UG 10"""" Fitter Aladdin""",349.99,2025-12-25,,,WorthPoint
uranium-glass,VTG Green Uranium Stemmed Crystal Sherry Wine Vaseline Depression Glasses -4 Set,38.95,2025-12-25,,,WorthPoint
uranium-glass,Sterling Opal Uranium Glass Ring Green Halo 925 Silver,149.0,2025-12-25,,,WorthPoint
uranium-glass,Vintage Set Of 6 Federal Green Uranium Sunburst Depression Glass Coasters,85.0,2025-12-25,,,WorthPoint
uranium-glass,Sterling Uranium Glass And Pink Sapphire Ring UV Reactive Green And Pink 925,149.0,2025-12-25,,,WorthPoint
uranium-glass,Uranium Vaseline Glass PERFUME BOTTLE Metal ATOMIZER Top Art Deco AS IS,99.99,2025-12-25,,,WorthPoint
uranium-glass,"Uranium Glass Decanter, Stopper & Shot Glass Glows Art Deco Anchor Hocking Rare",149.99,2025-12-25,,,WorthPoint
uranium-glass,Set Of 4 Rare Uranium Glass Wine Stemware Diamond Optic Reverse Green Pink,229.0,2025-12-25,,,WorthPoint
uranium-glass,Key Lime Covered Dish ‚Äì Glows ‚Äì Daisy & Button Pattern. Uranium Glass,89.0,2025-12-25,,,WorthPoint
uranium-glass,Antique Montrose Sd Souvenir Custard Pitcher Uranium Glass,24.67,2025-12-25,,,WorthPoint
uranium-glass,Vintage Uranium Green Depression Glass Juicer & Measuring Cup Set Sunkist 1930s,55.0,2025-12-25,,,WorthPoint
uranium-glass,Uranium Glass Bowl Vaseline,90.0,2025-12-25,,,WorthPoint
uranium-glass,"Custard Glass Milk Creamer Pitcher Toronto, South Dakota Uranium 4.75 Inches",47.99,2025-12-25,,,WorthPoint
uranium-glass,Vintage Green Uranium Glass Refrigerator Dish 1930s Depression Era,22.46,2025-12-25,,,WorthPoint
uranium-glass,3 Vintage Uranium Glass Plates- Glows Under Black Light,31.5,2025-12-25,,,WorthPoint
uranium-glass,Fenton Topaz Vaseline Uranium Glass Beaded Ruffled Compote Candle Holder,89.95,2025-12-25,,,WorthPoint
uranium-glass,Vintage 1930s 2 Uranium Glass Wine Goblets‚Äì Etched Berry & Leaf ‚Äì Tiffin/Weston,35.0,2025-12-25,,,WorthPoint
uranium-glass,"""Uranium Green Glass Syrup Pitcher 4.25"""" Tall""",39.99,2025-12-25,,,WorthPoint
uranium-glass,"""4.5"""" Fenton Uranium Glass Ice Green Swan Dish Carnival Bowl Iridescent Tint""",55.99,2025-12-25,,,WorthPoint
uranium-glass,Anchor Hocking Windsor Lip Pitcher Uranium Glass/Glows (Chipped),25.0,2025-12-25,,,WorthPoint
uranium-glass,Rare Vintage Vaseline Uranium Gibson Glass Sea Turtle Tortoise Figurine 1999,105.0,2025-12-25,,,WorthPoint
uranium-glass,GREAT Antique Victorian VASELINE SWIRL URANIUM GLASS Electric Lamp Shade 6-1/8‚Äù,119.99,2025-12-25,,,WorthPoint
uranium-glass,Vintage Green Uranium Glass Cone Candlestick Holder 4‚Äù UV Reactive Glows,19.95,2025-12-25,,,WorthPoint
uranium-glass,1930' H.Hoffmann Art Deco Sculpture ' Gold Fish ' Vaseline Uranium Glass,175.0,2025-12-25,,,WorthPoint
uranium-glass,Uranium Glass TAXI SIGN Uv Glows,100.0,2025-12-25,,,WorthPoint
uranium-glass,Unicorn Uranium GLASS Plate Vaseline Glass,45.0,2025-12-25,,,WorthPoint
uranium-glass,Fenton Custard Uranium Glass Princess House 1980 Limited Edition Plate SIGNED,27.99,2025-12-25,,,WorthPoint
uranium-glass,Vintage Cambridge Uranium Glass Console Bowl With Gold Trim Detail 11.5 Inches,60.0,2025-12-25,,,WorthPoint
uranium-glass,Uranium Glass Pcs (g29009670),29.0,2025-12-25,,,WorthPoint
uranium-glass,VTG Uranium Glass Dish With Lid Divided Candy Vintage Frosted Retro Atomic Decor,40.0,2025-12-25,,,WorthPoint
uranium-glass,Vintage Fenton Lime Green Satin Uranium Glass Basket Weave Ruffled Edge Bowl,22.5,2025-12-25,,,WorthPoint
uranium-glass,VTG Boyd Crystal Art Glass Little Luck Unicorn Vaseline Glass Figurine Uranium,100.0,2025-12-25,,,WorthPoint
uranium-glass,Antique Victorian Vaseline Uranium & Cranberry Glass Bell Vintage,47.26,2025-12-25,,,WorthPoint
uranium-glass,Vaseline Uranium Glass Ball 4 Inch Sphere,140.0,2025-12-25,,,WorthPoint
uranium-glass,A Pair Of Anchor Hocking Princess Green Uranium Glass Footed Tumbler,25.0,2025-12-25,,,WorthPoint
uranium-glass,Vintage Glow In The Dark Uranium Glass Bowl With Pour Spout Mckee ~ 6 In X 4 In,14.75,2025-12-25,,,WorthPoint
uranium-glass,7 Piece Uranium Vaseline Green Depression Glass Mixed Lot,35.0,2025-12-25,,,WorthPoint
uranium-glass,"""Beautiful Pair ART DECO Uranium Glass Akro Agate Candle Sticks 3.75"""" Tall VGC A1""",59.95,2025-12-25,,,WorthPoint
uranium-glass,Vintage Fenton Green Custard Uranium Glass Satin Ruffled Vase,35.0,2025-12-25,,,WorthPoint
uranium-glass,"""Vintage Hazel Atlas Uranium Glass Ribbon Luncheon/Salad 8"""" Plates Set Of 6""",30.0,2025-12-25,,,WorthPoint
uranium-glass,Vintage Fenton Lime Sherbet Custard Uranium Glass Satin Ruffled Vase W/sticker,32.0,2025-12-25,,,WorthPoint
uranium-glass,Vintage Fenton Ming Green Cornucopia Candlestick Vase Uranium Glass UV GLOWS,84.0,2025-12-25,,,WorthPoint
uranium-glass,Uranium Glass Hoosier Ribbed Cookie Jar Canister W/ Lid Large,69.99,2025-12-25,,,WorthPoint
uranium-glass,Fenton Jonquil Yellow Uranium Glass Daisy And Button Boot,185.0,2025-12-25,,,WorthPoint
uranium-glass,Depression Glass Uranium Glass Hazel Atlas Green Salt Pepper Shakers,45.0,2025-12-25,,,WorthPoint
uranium-glass,Vintage Uranium Glass Mug With Floral Pattern,45.0,2025-12-24,,,WorthPoint
uranium-glass,Vintage Art Deco Uranium Glass Posy Bowl - Bagley Style Trinket Dish,26.99,2025-12-24,,,WorthPoint
uranium-glass,Fenton Uranium Glass Perfume Bottle DeVilbiss Green - Not Working,70.0,2025-12-24,,,WorthPoint
uranium-glass,"""Vintage Watermelon Paneled Optic Uranium Glass Goblet Pink & Green Cordial 5.5""""""",12.95,2025-12-24,,,WorthPoint
uranium-glass,Hazel Atlas Green Uranium Glass 4 Sided Depression Glass Shaker Antique No Top,14.99,2025-12-24,,,WorthPoint
uranium-glass,AKRO Green Depression Uranium Glass Child's Tea Set 18 Pc Cream Sugar,69.95,2025-12-24,,,WorthPoint
uranium-glass,Vintage LG Wright Vaseline Uranium Glass Moon & Star Sugar Spooner,108.5,2025-12-24,,,WorthPoint
uranium-glass,Anchor Hocking Princess Green Uranium Glass Cookie Biscuit Jar,25.0,2025-12-24,,,WorthPoint
uranium-glass,Vintage Fenton Green Boggy Bayou Uranium Glass Swung Vase Drape 12in Glowy,74.95,2025-12-24,,,WorthPoint
uranium-glass,Boyd Vasoline Uranium Glass Miniature Turkey On Nest Salt,61.0,2025-12-24,,,WorthPoint
uranium-glass,Vintage Uranium Glass Footed Salt / Pepper Shakers Metal Lid (3),45.0,2025-12-24,,,WorthPoint
uranium-glass,Jeannette Poinsettia Green Uranium Glass Footed Tumbler 9oz ~Flaw~ S09,9.95,2025-12-24,255.15,0.04,WorthPoint
uranium-glass,Vintage McKee Bottoms Down Handled Mug Uranium Glass Green Custard GLOWS!,124.99,2025-12-24,,,WorthPoint
uranium-glass,Large Uranium Glass Gem Pear Cut Green Faceted 18x13mm Vintage New Old Stock,45.0,2025-12-24,,,WorthPoint
uranium-glass,Antique Uranium Glass In Sealed Decorative Jar,44.96,2025-12-24,,,WorthPoint
uranium-glass,Vintage Uranium Glass Tumblers Set Of 2 Green Vaseline Glass Art Deco Ribbed,65.0,2025-12-24,2.0,32.5,WorthPoint
uranium-glass,Green Depression Uranium Glass Hazel Atlas 9‚Äù X 12‚Äù Platter,24.0,2025-12-24,,,WorthPoint
uranium-glass,Antique 1920s Fostoria Vesper Green Glass Uranium Oblong Oval Serving Dish,30.0,2025-12-24,,,WorthPoint
uranium-glass,VTG Green Depression Uranium Glass Sugar Bowl Jeanette Doric Double Handled,21.5,2025-12-24,,,WorthPoint
uranium-glass,Vtg Set Of 5 Cambridge Georgian Green Uranium Glass Tumblers 9 Ounce Honeycomb,57.99,2025-12-24,,,WorthPoint
uranium-glass,Uranium Glass Dessert/Sherbet Dish,8.99,2025-12-24,,,WorthPoint
uranium-glass,Antique Greentown Yellow Uranium Glass Dewey Footed Sugar Bowl. Green Glow.,39.95,2025-12-24,,,WorthPoint
uranium-glass,6 Small Uranium Vaseline Bowles Mini Depression Glass Perfect Condition,45.0,2025-12-24,,,WorthPoint
uranium-glass,Antique Bohemian Moser Style Hand Painting Uranium Glass Cup W/ Handle Glows!,75.0,2025-12-24,,,WorthPoint
uranium-glass,Authentic Federal Glass Company Uranium Glass Ash Tray 37,12.99,2025-12-24,,,WorthPoint
uranium-glass,"""5 Uranium Glass Horseshoe Pattern Indiana Glass 8-3/8"""" Salad Plates Flea Bites""",40.0,2025-12-24,,,WorthPoint
uranium-glass,Vintage Austrian Crystal Uranium Glass Beads Green 6mm Bicone Faceted,8.99,2025-12-24,,,WorthPoint
uranium-glass,Art Deco Uranium Glass Lighter Holder Agate Slag Without Insert,33.85,2025-12-24,,,WorthPoint
uranium-glass,"Ant. Custard Glass Bowl, Candy Dish, Vaseline Uranium Glass, Gold Bead Edging",29.0,2025-12-24,,,WorthPoint
uranium-glass,"""Vintage Uranium Depression Glass - 8"""" Luncheon Plate - Green Hazel-Atlas Ribbon""",19.95,2025-12-24,,,WorthPoint
uranium-glass,Uranium Glass Lamp,150.0,2025-12-24,,,WorthPoint
uranium-glass,Vintage Hoffman Beverages Vaseline Uranium Glass Bottle Stopper Top Cork Glows,59.99,2025-12-24,,,WorthPoint
uranium-glass,Uranium Glass Matt Finish Frog,43.0,2025-12-24,,,WorthPoint
uranium-glass,"""Uranium Glass Blue Green Ombre Textured Bohemian 15.5"""" Vase UV Glow üíö""",199.97,2025-12-24,,,WorthPoint
uranium-glass,Vintage Uranium Glass Berry Dessert Bowls (Set Of 6). Excellent Condition,38.0,2025-12-24,,,WorthPoint
uranium-glass,"""Fostoria Uranium Glass Etched Octagon Candy/Trinket Dish/Bowl C1930s USA 6.5""""dia""",20.0,2025-12-24,,,WorthPoint
uranium-glass,"""Uranium Glass Frosted Candle Holder/Candlestick C1930s Made In USA 2.25""""t 4""""dia""",18.0,2025-12-24,,,WorthPoint
uranium-glass,Murano Uranium Glass Elephant ORIGINAL LABEL GLOWS,135.0,2025-12-24,,,WorthPoint
uranium-glass,"Green Vaseline Glass Flower Vase, Uranium, 1928, Hand Blown, Glows In The Dark",49.99,2025-12-24,,,WorthPoint
uranium-glass,Vintage Uranium Glass Anchor Hocking Princess 9‚Äù Serving Bowl Handles Glows,17.0,2025-12-24,,,WorthPoint
uranium-glass,VTG Uranium Green Depression Glass Optic Ribbed Ice Tea Glasses Set Of 3,64.0,2025-12-24,,,WorthPoint
uranium-glass,"""Vintage Green Vaseline Uranium Glass Juicer/Reamer Depression Era, Lg 8"""" GLOWS""",21.75,2025-12-24,,,WorthPoint
uranium-glass,Vintage Green Depression Cream & Sugar Uranium Glass,22.0,2025-12-24,,,WorthPoint
uranium-glass,Moser Uranium Glass Daisy And Fern Pattern Oil Lamp With Shade,250.0,2025-12-24,,,WorthPoint
uranium-glass,1923 A&J Hazel Atlas 4C Measuring Cup Uranium Glass With Hand Mixer,64.95,2025-12-24,,,WorthPoint
uranium-glass,"Federal Glass, Oval Sharon Cabbage Rose Platter, Green Uranium Glass, 1935-1939",19.0,2025-12-24,,,WorthPoint
uranium-glass,Hocking Colonial Block 1930s Green Uranium Depression Glass Mug Punch Cup Coffee,22.0,2025-12-24,,,WorthPoint
uranium-glass,Mid-Century Modern Uranium Glass Italian Rossini Empoli Glowing Bubble Vase GLOW,59.99,2025-12-24,,,WorthPoint
uranium-glass,Indiana Glass Green Tea Room 7 Oz Footed Tumbler Stem Glows Uranium Glass,19.99,2025-12-24,198.45,0.1,WorthPoint
uranium-glass,2 Panel Optic Tiffin Uranium Glass Champagne/sherbet Coupe Stems-glows,32.58,2025-12-24,,,WorthPoint
uranium-glass,Vintage Boyd Art Glass Raised Grape Card Holder In Sunshine / Vaseline URANIUM,30.15,2025-12-24,,,WorthPoint
uranium-glass,Rare Vintage Handblown Vaseline Uranium Glass Art Deco Delicate Swan Glows!,52.0,2025-12-24,,,WorthPoint
uranium-glass,"""VIKING Glass EPIC Clear Green Lime Green Platter 19"""" X 12"""". Sorry Not Uranium""",25.0,2025-12-24,,,WorthPoint
uranium-glass,Vintage Green Depression Glass Uranium Citrus Squeezer Orange/Lemon Juicer,12.0,2025-12-24,,,WorthPoint
uranium-glass,Antique Victorian Stevens & Williams Uranium Glass Handled Vase Applied Leaf,40.0,2025-12-24,,,WorthPoint
uranium-glass,Pair Of Uranium Glass (Milk Glass) Vase Vintage. (Read Description),40.0,2025-12-24,,,WorthPoint
uranium-glass,"Vintage Uranium Glass Refrigerator Dish With Lid, C. 1930s",39.0,2025-12-24,,,WorthPoint
uranium-glass,Hazel Atlas Aurora Green Uranium Glass Sherbet Dish Bowl,65.0,2025-12-24,,,WorthPoint
uranium-glass,URANIUM GLASS Hazel Atlas Cream And Sugar Set,18.0,2025-12-24,,,WorthPoint
uranium-glass,4 Uranium Glass Optic Panel Sherbert Cups Champagne Green Depression Vintage Set,20.0,2025-12-24,,,WorthPoint
uranium-glass,"""Vintage Set Of 6 Matching Tea Cups 3.5"""" Wide Vaseline Uranium Glass""",59.99,2025-12-24,,,WorthPoint
uranium-glass,Green Vaseline Uranium Shot Glass Glows Whiskey Cup Tumbler Alcohol Bar Vodka,19.99,2025-12-24,,,WorthPoint
uranium-glass,Uranium Glass Green Vintage Czech Rhinestone 10mm Vaseline UV Glow,9.99,2025-12-24,,,WorthPoint
uranium-glass,Czech. Pre. WW2 ‚ÄúKralik‚Äù Hand Blown Multi Colored Uranium Glass Vase. Unusual,89.99,2025-12-24,,,WorthPoint
uranium-glass,Antique Uranium Vaseline Glass Kerosene Oil Lamp,77.99,2025-12-24,,,WorthPoint
uranium-glass,Vntg Heisey Uranium Glass Custard Green Souvenir Coffee Mug Cup Sparta GLOWS!,49.99,2025-12-23,,,WorthPoint
uranium-glass,Set Of 8 Vintage Hazel Atlas Green Uranium Glass Rayed Center Coaster C. 1930s,110.0,2025-12-23,,,WorthPoint
uranium-glass,VTG Uranium Glass Cornucopia Candlestick Holder Vaseline Glass Green 2.5‚Äù,19.99,2025-12-23,,,WorthPoint
uranium-glass,Boyd Art Glass Vasoline Uranium Gypsy Pot Toothpick Holder,25.0,2025-12-23,,,WorthPoint
uranium-glass,Anchor Hocking BLOCK OPTIC Green Uranium Glass Cups & Saucers - Set Of 3 GLOWS,25.26,2025-12-23,3.0,8.42,WorthPoint
uranium-glass,Uranium Glass. Westmoreland Green Mist Vaseline Grape Ruffled Candy Dish.1960‚Äôs,45.0,2025-12-23,,,WorthPoint
uranium-glass,Vintage Uranium Glass Vase Bowl Wavy Brown Stripes Tiered Art Deco Glows,175.0,2025-12-23,,,WorthPoint
uranium-glass,"""Vintage Heisey Green Uranium Glass Octagon Shaped 7"""" Plate""",8.99,2025-12-23,,,WorthPoint
uranium-glass,Art Deco Sculpture Vaseline Uranium Glass Bowl,150.0,2025-12-23,,,WorthPoint
uranium-glass,"""MCM 6"""" Aqua Uranium Glass Paneled Vase - Ruffled Rim - Reacts To UV Light!""",33.0,2025-12-23,,,WorthPoint
uranium-glass,Vintage Uranium Glass Ground Stoppered Decorative Bottle 1930s AF,53.99,2025-12-23,,,WorthPoint
uranium-glass,Uranium Glass Bowl,11.77,2025-12-23,,,WorthPoint
uranium-glass,Vintage 1930‚Äôs Uranium Glass Large Pitcher - Cameo Ballerina,49.99,2025-12-23,,,WorthPoint
uranium-glass,Hazel-Atlas Topaz Swirl 8‚Äù Salad Plate Uranium Glass Depression Yellow Vintage,12.0,2025-12-23,,,WorthPoint
uranium-glass,Vintage Uranium Glass 4‚Äù Juice Glass Honeycomb Design UV Glows,12.0,2025-12-23,,,WorthPoint
uranium-glass,Green Depression Glass Block Optic Candy Jar And Lid Uranium Glass Glows,75.0,2025-12-23,,,WorthPoint
uranium-glass,Fenton Burmese Log Cabin Hurricane Lamp Uranium Glass,450.0,2025-12-23,,,WorthPoint
uranium-glass,Green Federal Depression / Uranium Glass Set,35.0,2025-12-23,,,WorthPoint
uranium-glass,Indiana Uranium Glass Horse Shoe 10 3/4 In. Green Platter Flouresent,17.95,2025-12-23,,,WorthPoint
uranium-glass,Vintage Viking Uranium Glass Scroll Bookends ** RARE ** READ **,150.0,2025-12-23,,,WorthPoint
uranium-glass,Beautiful Pair ART DECO Uranium Glass Akro Agate Candle Holders,29.0,2025-12-23,,,WorthPoint
uranium-glass,Vintage Fenton Pitcher Lime Green Custard Satin Water Lily Uranium Glass Glows,69.0,2025-12-23,,,WorthPoint
uranium-glass,Vintage Fostoria Heirloom Candleholder - Made With Uranium Glass - Glows!,62.0,2025-12-23,,,WorthPoint
uranium-glass,"""4 Vaseline Glass Plates ‚Äì Depression Era Uranium Glass ‚Äì 8"""" Plate Canary Yellow""",65.0,2025-12-23,,,WorthPoint
uranium-glass,Vintage Green Uranium Glass Bowl,20.25,2025-12-23,,,WorthPoint
uranium-glass,"Vintage Hocking 1930s Green Uranium Glass Princess Saucer/Sherbet Plate, Setof2",14.0,2025-12-23,,,WorthPoint
uranium-glass,Anchor Hocking Block Optic Green Depression Glass Sherbet Cup Set Of 2 Uranium,20.0,2025-12-23,,,WorthPoint
uranium-glass,Vintage Faroy Vaseline Green Uranium Glass Candle Votive Toothpick Holder,24.75,2025-12-23,,,WorthPoint
uranium-glass,Vintage Fenton Custard Uranium Glass Shoe Slipper Hand Painted And Signed,24.99,2025-12-23,,,WorthPoint
uranium-glass,Vaseline Green Uranium Depression Glass Glows Open Double-Handled Sugar Bowl,20.5,2025-12-23,,,WorthPoint
uranium-glass,Vintage Uranium Glass Swirl Lid Only Glows Under Blacklight Green,19.95,2025-12-23,,,WorthPoint
uranium-glass,Vintage Fenton Uranium ICE GREEN Carnival Glass Iridescent Swan Figural Dish,24.49,2025-12-23,,,WorthPoint
uranium-glass,Vintage Depression Green Uranium Glass Cup Tumbler Etched Grapes,20.0,2025-12-23,,,WorthPoint
uranium-glass,"Uranium Glass Turquoise, Teal Salt",88.19,2025-12-23,,,WorthPoint
uranium-glass,"""Uranium Depression Glass 8"""" Plates Mixed Lot Set Of Four Vintage Green""",34.99,2025-12-23,,,WorthPoint
uranium-glass,Green Uranium Depression Glass 6‚Äù Plates - Vintage 4 Piece Lot,25.0,2025-12-23,,,WorthPoint
uranium-glass,Moser Uranium Glass BUNNY ON NEST/Hand Painted Floral Design/Signed,89.99,2025-12-23,,,WorthPoint
uranium-glass,Vintage Imperial Green Vaseline /Uranium Glass Cornucopia Candle Holder 2.5‚Äù,24.99,2025-12-23,,,WorthPoint
uranium-glass,Vintage Hazel-Atlas Uranium Depression Glass Round Ribbed Bowl Vaseline Glow,34.99,2025-12-23,,,WorthPoint
uranium-glass,"Vintage Green Depression Uranium Glass Juicer, Bowl And Salt Dish LOT",15.0,2025-12-23,,,WorthPoint
uranium-glass,"""1x Vintage Green Depression Uranium Glass Plate Twisted Optic Swirl 8""""""",12.95,2025-12-23,,,WorthPoint
uranium-glass,Vintage Fenton Topaz Fox Iridized Uranium Glass 8 Inch Rare Figure Decor,81.0,2025-12-23,,,WorthPoint
uranium-glass,"""5"""" Depression Uranium Glass Cameo Ballerina Biscuit/ Cookie Jar Only- No Lid Vtg""",9.99,2025-12-23,,,WorthPoint
uranium-glass,Vintage Green Uranium Vaseline Small Glass,19.0,2025-12-23,,,WorthPoint
uranium-glass,PAIR Anchor Hocking Block Optic Uranium Coupe Champagne Glass -Small Chip On Rim,18.5,2025-12-23,,,WorthPoint
uranium-glass,RARE Pair Art Nouveau Deco Custard Uranium Glass Painted Flower Shades Antique,250.0,2025-12-23,,,WorthPoint
uranium-glass,Fenton Topaz Opalescent Vaseline Uranium Glass Hobnail Candy Bowl & Bud Vase.,58.0,2025-12-23,,,WorthPoint
uranium-glass,Vintage Vaseline Uranium Glass Eye Wash Cup GLOWS,47.0,2025-12-23,,,WorthPoint
uranium-glass,Antique Rare McKee Vaseline Glass Uranium Pickle Celery Serving Tray Circa 1897,149.5,2025-12-23,,,WorthPoint
uranium-glass,Antique BACCARAT Vaseline Uranium Glass Kerosene Gas Lamp Shade Phoenix Bird EX,325.0,2025-12-23,,,WorthPoint
uranium-glass,"""One Uranium Glass Vaseline 3.15"""" Or 80 Mm Paperweight Sphere W/flat Bottom""",98.09,2025-12-23,,,WorthPoint
uranium-glass,"""Anchor Hocking Green Uranium Glass Cameo Ballerina 6.25"""" Plate""",14.0,2025-12-23,,,WorthPoint
uranium-glass,"""4.5"""" Uranium Glass, Berry Bowl, Paneled Ring Pattern, Hocking Glass Co. 1930s""",7.0,2025-12-23,,,WorthPoint
uranium-glass,Vintage Hazel Atlas Royal Lace Uranium Green Depression Glass Sherbert Cup,15.0,2025-12-23,,,WorthPoint
uranium-glass,"""FENTON Dish Bowl Custard Glass Compote Vintage Uranium Painted Signed GLOWS 4""""""",29.99,2025-12-23,,,WorthPoint
uranium-glass,EAPG Boston & Sandwich BASKETWEAVE Yellow Vaseline Uranium Glass 8 Oz GOBLET VGC,19.99,2025-12-23,226.8,0.09,WorthPoint
uranium-glass,Vintage Uranium Glass Lemon Citrus Juicer Reamer Glows Green Glasswork Lemonaide,38.0,2025-12-22,,,WorthPoint
uranium-glass,Lot (10) Hazel Atlas Uranium Glass Furniture Coasters (1) Clear 2 3/8‚Äù And 3‚Äù,50.0,2025-12-22,,,WorthPoint
uranium-glass,Vintage Atomic Style Uranium Glass Sugar & Creamer Set With Hexagon Design,23.99,2025-12-22,,,WorthPoint
uranium-glass,Vintage Uranium Glass Spiral Optic Tumbler Footed Vaseline UV Reactive,39.99,2025-12-22,,,WorthPoint
uranium-glass,Vintage Uranium Glass 8 Inch Dishes Lot Of 7,24.95,2025-12-22,,,WorthPoint
uranium-glass,"""Vintage Fenton Hobnail Green Opalescent Uranium Glass Bud Vase 3 3/4"""" Glows""",38.99,2025-12-22,,,WorthPoint
uranium-glass,Vtg Green Vaseline Uranium Glass Floral Striped Sherbet Dessert Fruit Cups Set 6,29.99,2025-12-22,,,WorthPoint
uranium-glass,VTG Uranium Green Footed Clear Cut Glass Top Tiffin? Glasses (set Of 6),48.0,2025-12-22,,,WorthPoint
uranium-glass,Mosser Glass Old Mindy Clown Complete Set Of 12 1983 1 Uranium Glass,89.99,2025-12-22,,,WorthPoint
uranium-glass,"Grapevine Pattern Uranium Glass Depression Era Tumblers, Set Of 2",17.0,2025-12-22,,,WorthPoint
uranium-glass,"""Jeanette Sunflower Green Depression/Uranium Glass Cake Plate 10"""" Footed Vintage""",20.3,2025-12-22,,,WorthPoint
uranium-glass,3 Vintage Green Uranium Vaseline Depression Glass Candlestick Holders,44.95,2025-12-22,,,WorthPoint
uranium-glass,Vintage Uranium Glass Mayonnaise Spoon Ladle Vaseline Glass,20.5,2025-12-22,,,WorthPoint
uranium-glass,Boyd Uranium Glass 2‚Äù Green Slag Carousel Horse,28.0,2025-12-22,,,WorthPoint
uranium-glass,1939 New York World's Fair Decanter Bottle Some Uranium Glass Art Deco,24.99,2025-12-22,,,WorthPoint
uranium-glass,Vintage Uranium Glass Floral Motif Creamer Pitcher,14.99,2025-12-22,,,WorthPoint
uranium-glass,"""Fenton Green Uranium Glass 6"""" Santa Claus Fairy Lamp""",159.0,2025-12-22,,,WorthPoint
uranium-glass,"""Vintage C. 1930'S Federal Glass Co. Uranium Glass """"Madrid"""" Green Luncheon Plate""",38.5,2025-12-22,,,WorthPoint
uranium-glass,Vintage Madrid Green Depression Glass Square Plate Federal Glass Uranium,22.0,2025-12-22,,,WorthPoint
uranium-glass,Federal Madrid Green Depression Glass Cup And Saucer Set Uranium Glows,21.21,2025-12-22,,,WorthPoint
uranium-glass,Vintage Uranium Glass Divided Plates Set Of 8 Green Depression Glass Glow,124.99,2025-12-22,8.0,15.62,WorthPoint
uranium-glass,"""@ 6"""" Vintage Signed Hand Crafted From Coal Black Owl With Uranium Glass Eyes""",19.99,2025-12-22,,,WorthPoint
uranium-glass,"""uranium Glass Filled 4"""" Glass Tubes""",55.0,2025-12-22,,,WorthPoint
uranium-glass,Vintage Fenton Uranium Milk Glass Bell Daisy Buttons,15.0,2025-12-22,,,WorthPoint
uranium-glass,Vintage Hemingray No. 19 Green Glass Insulator Vaseline Uranium Glow Railroad,65.0,2025-12-22,19.0,3.42,WorthPoint
uranium-glass,Vintage Art Deco Uranium Glass Table Lamp,800.0,2025-12-22,,,WorthPoint
uranium-glass,Fenton Vaseline Glass Cat Figure ‚Äì Hand Painted ‚Äì Signed ‚Äì Vintage Uranium Glass,74.99,2025-12-22,,,WorthPoint
uranium-glass,Vintage Indiana Uranium Glass Green Tea Room Creamer,25.5,2025-12-22,,,WorthPoint
uranium-glass,Single Hazel Atlas Green Low Footed Sherbet Dessert Uranium Glass 3.5‚Äù,6.97,2025-12-22,,,WorthPoint
uranium-glass,Vintage Ribbed Uranium Glass Tumblers Set Of 5,75.0,2025-12-22,,,WorthPoint
uranium-glass,Fenton Custard Satin Hobnail Fairy Lamp 2-Piece Uranium Glass Vintage,75.0,2025-12-22,,,WorthPoint
uranium-glass,Art Deco Green Uranium Glass Cambridge Two Kids Centerpiece Figure Frog 9‚Äù,220.0,2025-12-22,,,WorthPoint
uranium-glass,Fenton Hobnail Satin Custard Uranium Glass Two Piece Fairy Lamp,99.0,2025-12-22,,,WorthPoint
uranium-glass,"Cream Bowl, Made Of Uranium Glass, Vaseline Glass Or Depression Glass",5.0,2025-12-22,,,WorthPoint
uranium-glass,URANIUM GLASS VTG Depression JEANETTE *Cherry Blossom* Creamer & Sugar Bowl,22.5,2025-12-22,,,WorthPoint
uranium-glass,Vaseline Uranium Glass Antique Bronze Millefiori At Big Beads Crucifix Rosary,36.0,2025-12-22,,,WorthPoint
uranium-glass,Indiana Green Depression Uranium Glass Horseshoe Dinner Plate Lot Of 2 EUC,25.0,2025-12-22,,,WorthPoint
uranium-glass,"Beautiful Antique Bohemian Czech Opaline Uranium Glass Vase, Great Glower.",50.0,2025-12-22,,,WorthPoint
uranium-glass,Vntg Heisey Uranium Glass Wing Scroll Green Custard Punch Cup Glows!,39.99,2025-12-22,,,WorthPoint
uranium-glass,Uranium Glass Bear Glossy Finish,44.0,2025-12-22,,,WorthPoint
uranium-glass,Vintage Fenton Uranium Glass Custard Blue Rose Flower Hand Painted Bell Signed,18.0,2025-12-22,,,WorthPoint
uranium-glass,Fenton Hand Painted Uranium Glass Yellow Topaz Bridesmaid Figurine -,175.0,2025-12-22,,,WorthPoint
uranium-glass,"""Vintage Uranium Glass 5"""" Juice Tumbler UV Glow""",13.59,2025-12-22,,,WorthPoint
uranium-glass,Vintage Green Uranium Glass Ashtray W/Matchbook Holder 5.5‚Äù,47.99,2025-12-22,,,WorthPoint
uranium-glass,Block Optic Green Depression Uranium Glass Butter Dish Lid Replacement,24.99,2025-12-22,,,WorthPoint
uranium-glass,Fostoria Vintage Green Depression Uranium Glass Etched Console Bowl 1925-1933,45.0,2025-12-22,,,WorthPoint
uranium-glass,Green Depression Uranium Glass With Lip. 3 Feet Serving Bowl,10.0,2025-12-22,,,WorthPoint
uranium-glass,"""Vintage Round Uranium Glass Ashtray - 3 1/2"""" Diameter""",19.99,2025-12-22,,,WorthPoint
uranium-glass,Vintage Green Uranium Glass Creamer & Sugar Set Depression Era Vaseline,14.98,2025-12-22,,,WorthPoint
uranium-glass,Uranium Glass Goblets Set Of 6 EUC MCM Depression Glowy VERY BRIGHT Green,89.1,2025-12-22,,,WorthPoint
uranium-glass,2 Uranium Glass Mushrooms ‚àô Screaming Neon Glow ‚àô Handmade Soft Glass OOAK,6.4,2025-12-22,,,WorthPoint
uranium-glass,Vtg Electric Coffee Pot Percolator Uranium Glass Lid Untested Parts Only,45.0,2025-12-22,,,WorthPoint
uranium-glass,Vntg Anchor Hocking 1930s Uranium Vaseline Glass Refrigerator Dish 6‚Äùx4‚Äù & Lid,15.99,2025-12-22,,,WorthPoint
uranium-glass,"Vintage Hazel Atlas Green Uranium Glass Divided Nut Dish, Relish Dish",15.0,2025-12-22,,,WorthPoint
uranium-glass,Heisey Logo Vaseline Uranium Glass Limited Edition 1999 Advertising Paperweight,369.0,2025-12-22,,,WorthPoint
uranium-glass,üî•Vintage Diamond Optic Green Depression Glass Tumbler Uranium Hazel Atlas 1930s,7.66,2025-12-22,,,WorthPoint
uranium-glass,Fenton Burmese Linda Everson Don Fenton Uranium Rose Melon Glass Vase,699.0,2025-12-22,,,WorthPoint
uranium-glass,"Fenton Bud Vase Vintage Custard Satin Uranium Glass, Hand Painted, Artist Signed",25.0,2025-12-22,,,WorthPoint
uranium-glass,Vintage Anchor Hocking Uranium Glass Cookie Biscuit Jar With Lid Great Condition,39.99,2025-12-22,,,WorthPoint
uranium-glass,"""Depression Hocking 1930‚Äôs Uranium Glass Large Canister With Lid 8¬Ω""""""",64.0,2025-12-22,,,WorthPoint
uranium-glass,Men's Sterling Vaseline Uranium Glass Ring Unisex Oval Cut 925 Silver,159.0,2025-12-22,,,WorthPoint
uranium-glass,Vintage Uranium Vaseline Glass Canary Topaz Yellow Candlestick Holder,20.5,2025-12-22,,,WorthPoint
uranium-glass,Uranium Custard Glass Souvenir Toothpick Holder New Philadelphia Ohio,29.99,2025-12-22,,,WorthPoint
uranium-glass,Vintage McKee Bottoms Up Shot Glass ‚Äì Caramel Beige Uranium Glass,127.5,2025-12-22,,,WorthPoint
uranium-glass,Vintage Uranium Glass Fostoria Glass Boxtle Perfume Bottle & Powder Box Art Deco,115.0,2025-12-22,,,WorthPoint
uranium-glass,Custard Uranium Glass New Philadelphia Ohio Cup Floral Toothpick Black Light,28.95,2025-12-22,,,WorthPoint
uranium-glass,Fenton Uranium Glass Bell,15.5,2025-12-22,,,WorthPoint
uranium-glass,Art Deco‚Ä¢1930‚Äôs‚Ä¢Needle Etched‚Ä¢Stemmed‚Ä¢Crystal‚Ä¢Uranium Glass‚Ä¢Covered Candy Dish,85.0,2025-12-22,,,WorthPoint
uranium-glass,5.5‚Äù Antique Glass Apothecary Jar Full Bright Uranium Glass Marbles Machine Made,66.47,2025-12-22,,,WorthPoint
uranium-glass,Uranium Glass JELLY FISH PAPERWEIGHT,51.0,2025-12-22,,,WorthPoint
uranium-glass,Lot Of Uranium Glass Goblets And Dessert Bowls,18.88,2025-12-22,,,WorthPoint
uranium-glass,VTG Jeannette Cube Green Uranium Glass Pedestal Candy Dish W/lid,35.0,2025-12-22,,,WorthPoint
uranium-glass,Circa 1910 Souvenir Hotel Conneaut Lake Pa Tumbler Custard Uranium Glass S23,49.88,2025-12-22,,,WorthPoint
uranium-glass,Vintage McKee French Ivory Uranium Glass Footed Custard Cup,22.0,2025-12-22,,,WorthPoint
uranium-glass,LE Smith Three 3 Birds Green Satin Uranium Glass Powder Box Vintage RARE,80.0,2025-12-22,,,WorthPoint
uranium-glass,"""vintage 7.5"""" Fenton Yellow Burmese Rose Uranium Glass Vase Signed Artist Gribble""",119.99,2025-12-22,,,WorthPoint
uranium-glass,Blue Vaseline Uranium Glass Duck Swan On Nest Basket Salt Cellar Selenium Glows,42.0,2025-12-22,,,WorthPoint
uranium-glass,CZECH REPUBLIC PARFUM BOTTLE Vaseline Yellow Green Uranium Glass 8 In BEAUTIFUL,145.99,2025-12-22,,,WorthPoint
uranium-glass,Federal Uranium Glass Optic Design Dessert Sherbet Ice Cream Pedestal Dish Cup,9.99,2025-12-21,,,WorthPoint
uranium-glass,"""Coca Cola Uranium Vaseline Glass/Glows Under UV Light 5 1/2""""""",102.5,2025-12-21,,,WorthPoint
uranium-glass,Beautiful Green Depression VASELINE/URANIUM Glass Clover Shamrock Sherbet Glass,12.0,2025-12-21,,,WorthPoint
uranium-glass,Uranium Glass Ingot Vaseline Yellow Glass Figurine *999.9 Gold* Art Deco Bar,71.99,2025-12-21,999.9,0.07,WorthPoint
uranium-glass,ABCO NETMEG Uranium Glass Miniature Gone With The Wind Fleur De Lis Oil Lamp,250.0,2025-12-21,,,WorthPoint
uranium-glass,Vintage Rubina Verde Vaseline Uranium Glass Floral Vase W/ Hand Painted Flowers,179.95,2025-12-21,,,WorthPoint
uranium-glass,Vtg Uranium Glass 9in Swung Glass Bud Vase Set Of 2 Unmarked Glows Green,29.99,2025-12-21,,,WorthPoint
uranium-glass,"""Vintage Green Uranium Glass Block Optic 4"""" Creamer Pitcher And 3"""" Plain Creamer""",18.0,2025-12-21,,,WorthPoint
uranium-glass,Uranium Glass Bowls As Shown,24.19,2025-12-21,,,WorthPoint
uranium-glass,Uranium Glass Filled Salt & Pepper Shakers,37.0,2025-12-21,,,WorthPoint
uranium-glass,Vintage Uranium Glass Hobnail Creamer 1.3/4 Tall 3‚Äù Across,22.0,2025-12-21,,,WorthPoint
uranium-glass,Vintage Vaseline Uranium Glass Double Pickle Caster,263.0,2025-12-21,,,WorthPoint
uranium-glass,RARE AETNA Glass Co. No. 300 Gray Uranium UV Glass Tub Shaped Open Salt Cellar,18.95,2025-12-21,300.0,0.06,WorthPoint
uranium-glass,"""VINTAGE 15mm Akro Agate """"Limeade"""" Swirl Marble | URANIUM GLASS UV GLOW Player""",15.59,2025-12-21,,,WorthPoint
uranium-glass,"Federal Glass Colonial Depression Uranium Vaseline Glass Sherberts, Set Of Eight",48.0,2025-12-21,,,WorthPoint
uranium-glass,VTG 1930s McKee Jadeite Uranium Glass Pepper Shaker Deco Box Letters Glows W/lid,40.0,2025-12-21,,,WorthPoint
uranium-glass,Fenton Hand-Painted Burmese Custard Uranium Glass SHOE Boot Artist Signed,34.95,2025-12-21,,,WorthPoint
uranium-glass,Silver Yellow Vaseline Uranium Glass Pendant Necklace Christmas Rudolph Deer,30.0,2025-12-21,,,WorthPoint
uranium-glass,Fenton Opalescent Hobnail Uranium Glass 11‚Äù Dish,139.99,2025-12-21,,,WorthPoint
uranium-glass,VINTAGE MCKEE JADEITE REFRIGERATOR DISH URANIUM GLASS WITH LID Read,40.0,2025-12-21,,,WorthPoint
uranium-glass,2 Vintage 30s Uranium Glass Salt Cellars Davidson Moon Thumbprint Vaseline Green,65.95,2025-12-21,,,WorthPoint
uranium-glass,Vintage Uranium Glass 2 Morgantown Primrose Lane Etched Desert Or Cordials,10.0,2025-12-21,,,WorthPoint
uranium-glass,Jeannette Cherry Blossom Green Uranium Glass Platter 11‚Äù Depression Era Glow,39.99,2025-12-21,,,WorthPoint
uranium-glass,Vintage Fenton Hand Painted Custard Glass Bell Pink Flowers Sugared Uranium,30.0,2025-12-21,,,WorthPoint
uranium-glass,"""1890-1910 Vaseline Pattern Glass Daisy And Button 9 1/2"""" Uranium Glass Compote""",113.5,2025-12-21,,,WorthPoint
uranium-glass,Vintage Fenton Custard Green Uranium Glass Daisy Panel Compote Candy Dish,38.99,2025-12-21,,,WorthPoint
uranium-glass,Lot Of 10 FLAT Marbles: Uranium Glass JABO USA 395 UV Glow. Fairy Garden,11.5,2025-12-21,,,WorthPoint
uranium-glass,Antique Uranium Glass Toothpick Holder Vintage Kitchen Barware Ribbed Design,29.95,2025-12-21,,,WorthPoint
uranium-glass,Tiffin-Franciscan Iridescent Optic Wine Glass Water Goblet W Green Uranium Base,119.2,2025-12-21,,,WorthPoint
uranium-glass,Vintage Jeannette Jadeite Uranium Glass Coffee Canister (no Lid),39.24,2025-12-21,,,WorthPoint
uranium-glass,Anchor Hocking Block Optic Green Uranium Glass Candy Dish With Lid 1930 VTG,52.25,2025-12-21,,,WorthPoint
uranium-glass,Vintage Aladdin Amber/peach Uranium Glass Washington Drape Oil Lamp,134.0,2025-12-21,,,WorthPoint
uranium-glass,1910s Atlas Hazel Green Uranium Vaseline Glass Syrup Pitcher W/ Metal Spring Lid,60.0,2025-12-21,,,WorthPoint
uranium-glass,Vintage Uranium Glass Love Birds Green Custard Satin Vase / Planter,50.0,2025-12-21,,,WorthPoint
uranium-glass,Uranium Milk Glass And Wood Antique Vintage Table Lamp *READ*,149.95,2025-12-21,,,WorthPoint
uranium-glass,Rare Uranium Cambridge Glass Compote Etching 727 Poppy / Gold Decoration,60.0,2025-12-21,,,WorthPoint
uranium-glass,Etched Uranium Glass Flower Vase,18.0,2025-12-21,,,WorthPoint
uranium-glass,Christmas Poinsettia Floral Depression Glass Sugar Bowl Glows Uranium Vaseline,15.95,2025-12-21,,,WorthPoint
uranium-glass,Sterling Huggie Uranium Glass Hoop Earrings Green 925 Silver,129.0,2025-12-21,,,WorthPoint
uranium-glass,Antique Custard Glass Souvenir Mug Cedar Point Ohio Uranium Glass Cup,60.0,2025-12-21,,,WorthPoint
uranium-glass,Uranium Glass Federal Madrid Butter Cheese Dish Candy Dome Glass *Glows*,68.0,2025-12-21,,,WorthPoint
uranium-glass,Set Of 8 Green Uranium Glass Block Optic Plates 8 1/8‚Äù EUC - Vintage,29.99,2025-12-21,8.0,3.75,WorthPoint
uranium-glass,Vintage Depression Uranium Glass Etched Grape Pattern,22.0,2025-12-21,,,WorthPoint
uranium-glass,Depression Uranium Glass Candle Stick Holders With Fruit Bowl Table Set Of 3,35.99,2025-12-21,,,WorthPoint
uranium-glass,"""Set Of 4 Vintage Uranium Glass 3-Section Plates 10‚Öú"""". 400""",40.0,2025-12-21,,,WorthPoint
uranium-glass,6 Vintage Depression Glass Uranium Glass 8 1/2 In Plates. Teal Color.,24.5,2025-12-21,,,WorthPoint
uranium-glass,"""Slag Cadmium Uranium Glass Sliced & Reassembled Urn Vase Made In USA 5""""tall""",340.0,2025-12-21,,,WorthPoint
uranium-glass,VTG Fostoria Glass #2447 Duo Ribbed Art Deco Candlesticks Uranium Glass Glows,89.99,2025-12-21,,,WorthPoint
uranium-glass,"""Vintage Uranium Glass Imperial Twisted Optic Plate Green Depression 8"""" Spiral""",15.0,2025-12-21,,,WorthPoint
uranium-glass,"""Vintage Uranium Glass Console Bowl 8.5"""" Wavy Edge Depression Era Glows Green""",16.2,2025-12-21,,,WorthPoint
uranium-glass,25 Pieces Czech VASELINE/URANIUM GLASS BEADS 12 X 9mm Smooth Twisted Ovals,5.75,2025-12-21,,,WorthPoint
uranium-glass,Aladdin Green GLOWING URANIUM GLASS Cathedral Oil Lamp Base - Vintage,35.0,2025-12-21,,,WorthPoint
uranium-glass,"""2 Vintage Fenton Green Opalescent Vaseline Uranium Glass Hobnail Vase 3.75"""" Tall""",99.99,2025-12-21,,,WorthPoint
uranium-glass,8 Pc Uranium Glass Tea Cup Set 4 Tea Cups 4 Saucers,55.95,2025-12-21,,,WorthPoint
uranium-glass,Uranium Glass And Brass Lamp Art Deco Style Vintage,299.99,2025-12-21,,,WorthPoint
uranium-glass,VTG Uranium Glass Frigidaire Green Ribbed Frosted Decanter W Stopper 1930s GLOWS,70.0,2025-12-21,,,WorthPoint
uranium-glass,VTG Uranium Glass Coffee Pot Percolator Stove Top Enamel White Green Cottagecore,40.0,2025-12-21,,,WorthPoint
uranium-glass,"""j.pesnicak Signed Uranium Glass Perfume Bottle Floral 6 & 3/4"""" Czech Republic""",332.5,2025-12-21,,,WorthPoint
uranium-glass,"""Vaseline Glass 6"""" Saucers Plates Uranium Glass UV Glow Vintage""",5.0,2025-12-21,,,WorthPoint
uranium-glass,Jeannette Glass Jadeite Uranium Glass Juice Reamer W/ Loop Handle & Spout,26.95,2025-12-21,,,WorthPoint
uranium-glass,Vintage Hazel Atlas Diamond Arches Uranium Glass Berry Bowl/dessert Dish,16.99,2025-12-21,,,WorthPoint
uranium-glass,Fenton Hand Painted Swung Bud Vase Artist Signed Uranium Glass,24.99,2025-12-21,,,WorthPoint
uranium-glass,Vintage Uranium Depression Glass Salad Plates 7.5‚Äù Set Of 6 Green Glows *READ*,27.99,2025-12-21,6.0,4.67,WorthPoint
uranium-glass,"""V Nason Murano Vaseline Uranium Glass Orb W/ Flat Bottom 4"""" GLOWS""",250.0,2025-12-21,,,WorthPoint
uranium-glass,Uranium Glass Radiation Symbol Logo Fink Glass Works Glows 4‚Äù,56.0,2025-12-21,,,WorthPoint
uranium-glass,L.E. SMITH Vintage Pink Swan Uranium Glass Candlestick 6‚Äù,39.0,2025-12-21,,,WorthPoint
uranium-glass,Vintage Green Uranium Glass Candy Dish With Lid - Beautiful - Excellent 1930s,75.0,2025-12-21,,,WorthPoint
uranium-glass,Antique Victorian Satin Uranium Glass Miniature Lamp Base Consolidated Glass,87.12,2025-12-21,,,WorthPoint
uranium-glass,Vintage Uranium Glass Octagon Salad Plates Set Of 4 Glows Uv Blk Light 7.5‚Äù,21.0,2025-12-21,4.0,5.25,WorthPoint
uranium-glass,Vintage Hazel Atlas Green Uranium Depression Glass Canister Paneled Jar With Lid,29.99,2025-12-21,,,WorthPoint
uranium-glass,"""Vintage Hazel Atlas Clear Green Uranium Glass Mini Pitcher 5"""" Tall Nice!!!""",15.5,2025-12-21,,,WorthPoint
uranium-glass,Fenton Bird Of Happiness Custard Uranium Glass Daisies Handpainted Artist Signed,40.0,2025-12-21,,,WorthPoint
uranium-glass,2 Jeanette Vintage Uranium Glass Furniture Caster Coaster PITCHER HAZEL ATLAS,27.99,2025-12-21,,,WorthPoint
uranium-glass,Uranium Glass Pitcher No Reserve Auction,15.65,2025-12-21,,,WorthPoint
uranium-glass,Antique Bridge Arm Floor Lamp Jadeite Uranium Glass Art Deco Nouveau Iron Green,398.0,2025-12-21,,,WorthPoint
uranium-glass,Rare Antique Opalescent Vaseline / Uranium Glass Lamp Shade Bullet Conical,152.5,2025-12-21,,,WorthPoint
uranium-glass,Antique Canary Yellow Vaseline Uranium Glass Electric Lamp Working ** Read **,160.0,2025-12-21,,,WorthPoint
uranium-glass,Vintage BOYD Yellow Vaseline Uranium Beaded Glass Toothpick Holder,17.5,2025-12-21,,,WorthPoint
uranium-glass,Vintage FENTON Art Deco Green URANIUM Glass 2 Flying Love Birds Bowl,39.99,2025-12-21,,,WorthPoint
uranium-glass,RARE Green Uranium Glass Taxi Cab Antique Car Figurine Glows,44.0,2025-12-21,,,WorthPoint
uranium-glass,Pressed Glass Covered Covered Candy Dish Uranium Glass Lid,17.49,2025-12-21,,,WorthPoint
uranium-glass,"Pink Tone Squared Diamond Tiled, Beaded Top Goblet Vase‚Ä¶ To Blue Uranium Glass",40.0,2025-12-21,,,WorthPoint
uranium-glass,Vintage Boyd Glass Miniature Turkey On Nest Salt Vaseline Uranium Glass,69.0,2025-12-20,,,WorthPoint
uranium-glass,1970s Fenton Custard Satin Uranium Glass Lidded Jar ‚Äî Signed By Gwen Moore ‚Äî UV,87.0,2025-12-20,,,WorthPoint
uranium-glass,Rare Vintage Federal Glass Georgian Lovebirds Uranium Teacup And Saucer Set,40.0,2025-12-20,,,WorthPoint
uranium-glass,Vintage Uranium Glass Marbles Lot 16 Various Glow UV Blacklight Vaseline,22.5,2025-12-20,,,WorthPoint
uranium-glass,Lot Of 2 Uranium Glass Footed Sherbet Dessert Depression Glass Cloudy Nice Glow,20.0,2025-12-20,,,WorthPoint
uranium-glass,Vintage Uranium Glass Jenny Figure,45.0,2025-12-20,,,WorthPoint
uranium-glass,Vtg Uranium Glass Atlas Syrup Milk Cream Pitcher Green Depression Tin Lid Glows,40.0,2025-12-20,,,WorthPoint
uranium-glass,VTG Yellow Daisy Button Vaseline Uranium Glass Tray And Decanter Set,235.5,2025-12-20,,,WorthPoint
uranium-glass,ANTIQUE VASELINE URANIUM GLASS OIL LAMP 9 1/2 Inches Tall,50.0,2025-12-20,,,WorthPoint
uranium-glass,Antique Fostoria Uranium Glass Footed Compote With STERLING Silver Overlay,150.0,2025-12-20,,,WorthPoint
uranium-glass,"""Vintage Unique Painted Green Uranium Vaseline Glass Bowl W Pontil Mark 8""""X 3""""""",31.0,2025-12-20,,,WorthPoint
uranium-glass,1930s Hocking Vitrock Milk Uranium Glass Grease Jar Red Cactus Flower Pattern,44.95,2025-12-20,,,WorthPoint
uranium-glass,Set Of 4 Vintage Frosted Yellow Uranium Glass Votives Pots All Glow Green,55.0,2025-12-20,,,WorthPoint
uranium-glass,Antique Northwood Opalescent Vaseline Uranium Glass Pedestal Panel Rose Vase 5‚Äù,75.99,2025-12-20,,,WorthPoint
uranium-glass,"""Vintage Italian Burmese Satin Uranium Glass, 7"""" Flared Ruffled Vase, 1970s""",54.95,2025-12-20,,,WorthPoint
uranium-glass,Uranium Glass Candle Stick Holders Set Of Two (2) Glows Under 395nm UV Light,20.5,2025-12-20,,,WorthPoint
uranium-glass,Uranium Glass Ribbed Spice Jar By Anchor Hocking W/ Strong UV Glow & Metal Lid,29.99,2025-12-20,,,WorthPoint
uranium-glass,Vintage Hazel Atlas Uranium Glass A&J Echo Panel Pattern Pitcher 5.5‚Äù Tall,29.0,2025-12-20,,,WorthPoint
uranium-glass,Sylvan Parrot Salt & Pepper Shakers Green Depression Uranium Glass With Lids H9,299.0,2025-12-20,,,WorthPoint
uranium-glass,"""FENTON Glass Blue Flowers ON CUSTARD Lidded 5"""" Candy Dish GLOWS GREEN ~ URANIUM""",59.99,2025-12-20,,,WorthPoint
uranium-glass,Vintage Green Uranium Glass Salt & Pepper Shakers & Holder Stand,60.0,2025-12-20,,,WorthPoint
uranium-glass,"""12 Vtg Marbles UV Reactive Uranium Glass 9/16"""" - 23/32"""" Nice Wet Quality Mibs""",15.5,2025-12-20,,,WorthPoint
uranium-glass,1930s Heisey Green Moongleam Uranium Glass ICE BUCKET W/Decorative Basket,75.0,2025-12-20,,,WorthPoint
uranium-glass,Vtg Set 2 GREEN TIFFIN Candlesticks Uranium Glass Swirl Teal Aqua Jadeite GLOWS,59.99,2025-12-20,2.0,30.0,WorthPoint
uranium-glass,J.pesnicak Signed Vaseline Uranium Glass Perfume Bottle W/ Floral Stopper Signed,103.5,2025-12-20,,,WorthPoint
uranium-glass,4 Heisey Marigold Uranium Elegant Art Glass Empress Etched 7 1/4‚Äù Plates,85.0,2025-12-20,,,WorthPoint
uranium-glass,Mosser Glass Jiggs Clown Paperweight Vaseline Uranium Satin Yellow Glow Box Ohio,70.36,2025-12-20,,,WorthPoint
uranium-glass,Fenton Satin Custard Floral Uranium Glass Fairy Lamp Shade Top Only,50.0,2025-12-20,,,WorthPoint
uranium-glass,Vintage Uranium Glass Bell Hand Blown,45.0,2025-12-20,,,WorthPoint
uranium-glass,Uranium Glass Etched Depression Basket Bowl Gold Rim Vintage Uranium Glass,94.0,2025-12-20,,,WorthPoint
uranium-glass,Vtg Dur-X Uranium Green Glass Fruit & Cake Serving Knife 9‚Äù + Original Box NICE,168.0,2025-12-20,,,WorthPoint
uranium-glass,Vintage Green Uranium Glass Napkin Rings Holders Set Of 4 Glows Orange/brown,19.99,2025-12-20,4.0,5.0,WorthPoint
uranium-glass,Vintage Fenton Uranium Glass Dog Figurine Topaz Opalescent IT GLOWS!,199.95,2025-12-20,,,WorthPoint
uranium-glass,Federal Glass Parrot Lovebirds Green Uranium Creamer Sugar Cup Set 1930s,38.95,2025-12-20,,,WorthPoint
uranium-glass,LG Wright Early American Uranium Vaseline Glass Frog On Lily Pad Candy Dish UV,1000.0,2025-12-20,,,WorthPoint
uranium-glass,"""MOSSER GLASS Mindy Clown * So Glad I Found You At The """"END"""" Uranium 4.5""""""",30.0,2025-12-20,,,WorthPoint
uranium-glass,Vintage Green Depression Uranium Glass Large Sunkist Juicer/Reamer 1930s,15.5,2025-12-20,,,WorthPoint
uranium-glass,McKee Uranium Custard Glass Rolling Pin With Original Cap - Excellent,1100.0,2025-12-20,,,WorthPoint
uranium-glass,"""Yellow Vaseline Uranium Glass Horse Figurine Paperweight 5.25"""" -Glows!""",79.99,2025-12-20,,,WorthPoint
uranium-glass,Fenton Burmese Santa With Kitten Uranium Glass 2005 Hand Painted #917,159.0,2025-12-20,,,WorthPoint
uranium-glass,National Glass S REPEAT PATTERN Green Uranium Glass Toothpick Holder,59.95,2025-12-20,,,WorthPoint
uranium-glass,Vintage Uranium Glass Measuring Cup 2 Cup Size Impressed Measuring Lines Glow,28.0,2025-12-20,,,WorthPoint
uranium-glass,"""vintage Fenton Custard Uranium Glass Handpainted Swung Bud Vase Signed Labels 8""""""",22.0,2025-12-20,,,WorthPoint
uranium-glass,Uranium Glass Anchor Hocking Block Optic 6‚Äù Plate,8.0,2025-12-20,,,WorthPoint
uranium-glass,EAPG Central Glass Co. Pressed Block & Diamond Vaseline Uranium Glass Compote LG,99.0,2025-12-20,,,WorthPoint
uranium-glass,Vintage Uranium Glass Cigarette Box Terrier Dog Great Condition !!! ** READ **,75.0,2025-12-20,,,WorthPoint
uranium-glass,Vintage Akro Agate- Heavy Slag Glass Ashtray W/Matchbook Slot - Uranium Glass,62.5,2025-12-20,,,WorthPoint
uranium-glass,Vintage Uranium Glass Grape Etched 5.5‚Äù Tumblers Glasses,45.0,2025-12-20,,,WorthPoint
uranium-glass,"""VINTAGE URANIUM Glass 10.5"""" DOLPHIN CANDLESTICKS For Jocha-1386""",325.0,2025-12-20,,,WorthPoint
uranium-glass,"Vintage Uranium Glass Shards, For Crafting And Jewelry, 14 Ounces Various Shards",10.0,2025-12-20,,,WorthPoint
uranium-glass,1930's Vintage Vaseline Uranium Glass Clarks Teaberry Gum Store Display,127.5,2025-12-20,,,WorthPoint
uranium-glass,(2) Anchor Hocking Cameo Green Uranium Glass Tall Sherbet / Champagne,30.0,2025-12-20,,,WorthPoint
uranium-glass,1 Vintage Green Depression Uranium Glass Sherbet DishÔøº Dessert 1930S,10.0,2025-12-20,,,WorthPoint
uranium-glass,ART DECO URANIUM Glass Fan Vase Twisted Optic Double Handle VG+++,48.75,2025-12-20,,,WorthPoint
uranium-glass,Small Uranium Glass Bunny Rabbit On A Nest UV Reactive GLOWS,40.0,2025-12-20,,,WorthPoint
uranium-glass,"""Vintage Green Uranium Glass Candle Stick Holder 4.25"""" Base Depression Era Glows""",12.95,2025-12-20,,,WorthPoint
uranium-glass,Uranium Glass Indian Chief Sculpture - Desk Paperweight,61.0,2025-12-20,,,WorthPoint
uranium-glass,Vintage 1920/30s Green Depression Vaseline Uranium Glass Optic Panel Pattern,11.99,2025-12-20,,,WorthPoint
uranium-glass,"Biedermeier Perfume Bottle/bottle. Uranium Glass With Gold Painting, 19th Century",409.92,2025-12-20,,,WorthPoint
uranium-glass,Antique Northwood Vaseline Uranium Glass Syrup Pitcher Opalescent Coin Dot Glow,69.99,2025-12-20,,,WorthPoint
uranium-glass,Fenton Burmese 9‚Äù Diamond Optic Vase Uranium Glass-2003 With Tags,150.0,2025-12-20,,,WorthPoint
uranium-glass,Vintage Green Depression Uranium Glass Juicer Federal Glass,10.0,2025-12-20,,,WorthPoint
uranium-glass,Rare Uranium Glass Salt And Pepper Shakers Green Depression Glass Vintage Glows,30.95,2025-12-20,,,WorthPoint
uranium-glass,VTG URANIUM GLASS JEANNETTE Glass Co; Cube Pattern Covered Butter Dish,25.0,2025-12-20,,,WorthPoint
uranium-glass,Vtg. Antique Viking Drinking Glasses Blue Tumblers Uranium?,29.99,2025-12-20,,,WorthPoint
uranium-glass,Vintage Uranium Vaseline Glass Cup Plate NOS,22.95,2025-12-20,,,WorthPoint
uranium-glass,Vintage Uranium Green Glass Square Refrigerator Small Dish No Lid,24.99,2025-12-20,,,WorthPoint
uranium-glass,Fenton Topaz Vaseline Opalescent Uranium Glass Dealer Logo Sign Canary Carnival,349.0,2025-12-20,,,WorthPoint
uranium-glass,Vintage Green Vaseline Uranium Glass Citrus Reamer Juicer,32.0,2025-12-20,,,WorthPoint
uranium-glass,3 Vintage Portieux Vallerysthal France Green Uranium Opaline Glass Cordials,160.0,2025-12-20,,,WorthPoint
uranium-glass,"Custard Uranium Glass Souvenir Staunton Illinois , Tooth Pick Holder, Vintage",39.99,2025-12-20,,,WorthPoint
uranium-glass,Vintage Uranium Glass Handle Ashtray / Dish 5.5cm,35.0,2025-12-20,,,WorthPoint
uranium-glass,Vintage Anchor Hocking 8 Oz Uranium Glass Flat Georgian Honeycomb Tumblers VGC,16.99,2025-12-20,226.8,0.07,WorthPoint
uranium-glass,RARE Art Nouveau Custard Uranium Glass Painted Lotus Flower Shade Antique,150.0,2025-12-20,,,WorthPoint
uranium-glass,RARE 1930‚Äôs Fostoria 5282 Swirl Optic Green Stem Wine Water Uranium Glass SET X4,75.0,2025-12-20,,,WorthPoint
uranium-glass,Pittsburgh Shriners 1905 Uranium Glass Toothpick Holder,45.99,2025-12-20,,,WorthPoint
uranium-glass,"Green Goblet By FRY Set Of 4 Despression Glass, Uranium MCM",35.0,2025-12-20,,,WorthPoint
uranium-glass,8 VTG 1930s Art Deco Hazel Atlas Uranium Glass Shamrock Cloverleaf Saucers,80.15,2025-12-20,,,WorthPoint
uranium-glass,"""Vintage FENTON Lime Green """"Fruit Pattern Bowl W/2 Handles"""" - Uranium Glass GLOWS""",34.26,2025-12-20,,,WorthPoint
uranium-glass,Fenton Uranium Glass Daisey And Button Design Top Hat,42.11,2025-12-20,,,WorthPoint
uranium-glass,Matching Set Of Green Uranium Glass Salt And Pepper Shakers Vintage,34.0,2025-12-19,,,WorthPoint
uranium-glass,"Antique Gillander Daisy And Button Bowl - Vaseline Glass, 1885ca, Uranium Glass",35.0,2025-12-19,,,WorthPoint
uranium-glass,"""Vintage Fenton Satin Lime Hobnail Uranium Glass Fairy Light Lamp 4.75""""""",79.99,2025-12-19,,,WorthPoint
uranium-glass,Fostoria American Uranium Glass Pedestal Bowl,10.5,2025-12-19,,,WorthPoint
uranium-glass,URANIUM GLASS E1900's NORTHWOOD Green TOWN PUMP SUGAR TROUGH - TOP COND - NICE!,58.77,2025-12-19,,,WorthPoint
uranium-glass,Vintage Fenton Satin Glow Custard URANIUM Glass Toothpick Holder GLOWS,28.0,2025-12-19,,,WorthPoint
uranium-glass,Vtg Anchor Hocking Green Uranium Glass Princess Salt & Pepper Shaker Set 1930‚Äôs,79.95,2025-12-19,,,WorthPoint
uranium-glass,Lot1: Vintage 1930s Set Of 2 Green Stem Art Deco Uranium Glass Champagne Goblets,24.0,2025-12-19,2.0,12.0,WorthPoint
uranium-glass,"Two Vintage Fenton Green Uranium Glass Swung Bud Vases, Free Shipping!",70.0,2025-12-19,,,WorthPoint
uranium-glass,Vintage Green Vaseline Glass Bowl Uranium Glass Iridized & Glows,18.0,2025-12-19,,,WorthPoint
uranium-glass,"""Fenton Custard Satin Lime Green Uranium Glass 8"""" Ruffled Drapery Vase""",49.74,2025-12-19,,,WorthPoint
uranium-glass,Vtg Green Uranium Glass Trinket Dish Heart Handle 6-in,12.0,2025-12-19,,,WorthPoint
uranium-glass,Set Of 3 TIFFANY STUDIOS ? Uranium Glass Shades,700.0,2025-12-19,,,WorthPoint
uranium-glass,Silver Vaseline Uranium Glass Pendant Necklace Christmas Rudolph Deer,26.0,2025-12-19,,,WorthPoint
uranium-glass,Uranium Glass Bride Woman Bell Haunted Ghost,100.0,2025-12-19,,,WorthPoint
uranium-glass,Antique Uranium Glass Yellow Berry Bowl Panel Daisy Waffle EAPG Vaseline Canary,29.69,2025-12-19,,,WorthPoint
uranium-glass,Uranium Glass Jar Canister Apothecary Butter Churn Vintage Made Italy 5‚Äù No 03,29.0,2025-12-19,,,WorthPoint
uranium-glass,Vintage Paden City Etched Peacock And Wild Rose Green Uranium Glass Bowl,99.99,2025-12-19,,,WorthPoint
uranium-glass,"""Vintage Uranium Depression Glass Serving Bowl 8"""" Ribbed W/ Handles UV Reactive""",24.95,2025-12-19,,,WorthPoint
uranium-glass,"Uranium Glass, Green Depression Glass Dessert Plate",10.0,2025-12-19,,,WorthPoint
uranium-glass,"""akro Agate Toothpick Holder Uranium Glass Slag 3"""" Tall""",25.0,2025-12-19,,,WorthPoint
uranium-glass,Vintage Uranium Glass Syrup Pitcher W/Spring Lid Depression Glass Hazel Atlas,28.88,2025-12-19,,,WorthPoint
uranium-glass,Vintage Uranium Glass Divided Serving Dish With Scalloped Edge Amazing Glow,23.0,2025-12-19,,,WorthPoint
uranium-glass,Uranium Glass Footed Compote Etched Floral Green Pedestal Dish 6.75‚ÄùW Glows UV,55.0,2025-12-19,,,WorthPoint
uranium-glass,VTG Green Uranium Glass Ashtray Cigar Cigarette Slots Depression Glass & Clear,39.99,2025-12-19,,,WorthPoint
uranium-glass,OOAK Uranium Glass & Cadium Glass MCM Christmas Tree 7.75‚Äù X 4‚Äù,85.0,2025-12-19,,,WorthPoint
uranium-glass,Uranium Glass Vintage Cameo Ballerina Green Depression 4 Tall Glasses Set Of 3,39.95,2025-12-19,,,WorthPoint
uranium-glass,Two (2) Vintage Scalloped Edge Green Uranium Glass Wagon Wheel Cup Coasters,17.95,2025-12-19,,,WorthPoint
uranium-glass,Pair Of Vintage Green Uranium Glass Candlestick Holder -Floral Etched Design-,20.5,2025-12-19,,,WorthPoint
uranium-glass,Cambridge Uranium Glass Bashful Charlotte Flower Frog Green 8 1/2‚Äù 10 Hole,102.5,2025-12-19,,,WorthPoint
uranium-glass,Pair Of MCM Depression Era Uranium Glass Footed Sherbet Dishes/Small Chips On 1,29.95,2025-12-19,,,WorthPoint
uranium-glass,Vintage Topaz Fenton Yellow Vaseline / Uranium Glass Shoe Cabbage Rose,45.0,2025-12-19,,,WorthPoint
uranium-glass,Uranium Glass Ring,69.0,2025-12-19,,,WorthPoint
uranium-glass,Vintage 1930s KELLOGGS Green Uranium Glass 3 Spout Liquid Measuring Cup 8oz GLOW,40.0,2025-12-19,226.8,0.18,WorthPoint
uranium-glass,Vtg. Fan & Feather Vaseline Uranium Glass Footed Toothpick Holder Glows Vguc,32.99,2025-12-19,,,WorthPoint
uranium-glass,Vintage Green Uranium Glass Coaster With Scalloped Edges Glows Under Black Light,9.49,2025-12-19,,,WorthPoint
uranium-glass,Green Depression Glass Uranium Salad Plates Vintage 7‚Äù Set Of 4,20.0,2025-12-19,,,WorthPoint
uranium-glass,4 Vintage Hazel Atlas Green Uranium Glass Furniture Coasters Slides Vaseline,19.99,2025-12-19,,,WorthPoint
uranium-glass,"""Vintage Jadeite Uranium Glass Water/juice Dispenser 10-1/2"""" Glows Green""",149.0,2025-12-19,,,WorthPoint
uranium-glass,2 Vintage Hazel Atlas Green Uranium Glass Ashtrays W/ Matchbook Holder 4‚Äù EX!,45.0,2025-12-19,,,WorthPoint
uranium-glass,Starburst Etched Uranium Glass Sherry / Cordial Glasses Set Of 10 Lovely,75.0,2025-12-19,,,WorthPoint
uranium-glass,Vtg üí•WORKINGüí• Vidrio Slag Uranium Glass Electric Cigarette Lighter & ASHTRAY,200.0,2025-12-19,,,WorthPoint
uranium-glass,"Vintage 1930s Jeannette Uranium Glass Doric Pattern Sugar Dish, No Lid",10.0,2025-12-19,,,WorthPoint
uranium-glass,Uranium Glass Opaque Seafoam Trade Strand Green Vaseline Beads 174g Vtg,224.1,2025-12-19,174.0,1.29,WorthPoint
uranium-glass,Vintage Hazel Atlas Uranium Glass Butter Dish With Top Lid And Base,79.9,2025-12-19,,,WorthPoint
uranium-glass,Beautiful Antique Yellow Pressed Depression Uranium Glass Whale Oil Lamp,379.95,2025-12-19,,,WorthPoint
uranium-glass,"""Summit Art Glass Vaseline Uranium Glass 9"""" Bunny Rabbit Covered Candy Dish""",150.0,2025-12-19,,,WorthPoint
uranium-glass,"Vintage 1930's Hocking Uranium Glass: Princess Pattern CakePlate, Closed Handles",35.0,2025-12-19,,,WorthPoint
uranium-glass,Uranium Glass EAPG Northwood Custard Glass Chrysanthemum Sprig Spooner Pagoda,44.99,2025-12-19,,,WorthPoint
uranium-glass,Handmade Uranium Glass Opossum,130.0,2025-12-19,,,WorthPoint
uranium-glass,Uranium Glass Plates 8‚Äù Woolworth By Westmoreland Grapes & Leaves Set Of 4,60.0,2025-12-19,,,WorthPoint
uranium-glass,J Pesnicak Art Deco Uranium Glass Perfume Bottle With Dancing Lady Stopper,220.0,2025-12-19,,,WorthPoint
uranium-glass,VERY RARE!!! Vintage Uranium Glass Goblet Set Of 5 Depression Era Wine Glasses,125.0,2025-12-19,,,WorthPoint
uranium-glass,Antique Art Deco Ornate Iron Uranium Glass Table Lamp DOES NOT WORK,175.0,2025-12-19,,,WorthPoint
uranium-glass,Set Of 6 Vintage Madonna Inn LG Wright 5 Oz Green Uranium Glass Rose Goblets,199.99,2025-12-19,141.75,1.41,WorthPoint
uranium-glass,2 Vintage Anchor Hocking BLOCK OPTIC Uranium Glass Sherbet/Dessert Cups (Glows),21.0,2025-12-19,,,WorthPoint
uranium-glass,Green Uranium Glass Georgian Honeycomb 8oz Drinking Glass Tumbler 4‚Äù Set Of 3,39.96,2025-12-19,226.8,0.18,WorthPoint
uranium-glass,Vintage Boyd Special Uranium Carnival Vaseline Art Glass 6 PC. Train,390.0,2025-12-19,,,WorthPoint
uranium-glass,"""SMALL WHITE-- CREAM URANIUM GLASS Button--RECESSED FLOWERS--SHAVE TOP--3/4""""""",5.24,2025-12-19,,,WorthPoint
uranium-glass,"""Anchor Hocking Green Uranium Glass Block Optic Platter - 10""""""",20.0,2025-12-19,,,WorthPoint
uranium-glass,Vintage Hazel Atlas Green Uranium Glass Salt Pepper Shakers Collectible Unique,30.0,2025-12-19,,,WorthPoint
uranium-glass,Franciscan Madeira Olive Green Uranium Champagne/Tall Sherbet Glass Discontinued,20.0,2025-12-19,,,WorthPoint
uranium-glass,"""Fenton 1982 Custard Glass Bell Hand Painted Uranium 6"""" Tall. SKU11""",60.0,2025-12-19,,,WorthPoint
uranium-glass,"""Vintage Anchor Hocking Cameo Green Uranium Glass Vase 8""""""",79.99,2025-12-19,,,WorthPoint
uranium-glass,Small Anchor Hocking Uranium Glass Cruet With Stopper 1930s GLOWS,55.0,2025-12-19,,,WorthPoint
uranium-glass,Vintage Green Uranium Glass Banana Split Ice Cream Bowl.,27.99,2025-12-19,,,WorthPoint
uranium-glass,Androck Uranium Glass Hand Mixer,30.68,2025-12-19,,,WorthPoint
uranium-glass,A&J Uranium Glass Hand Mixer,51.92,2025-12-19,,,WorthPoint
uranium-glass,Hazel Atlas Uranium Glass Hand Mixer,44.84,2025-12-19,,,WorthPoint
uranium-glass,"""Vintage Fostoria Vaseline Uranium Glass Plate 10""""""",159.99,2025-12-19,,,WorthPoint
uranium-glass,RARE FENTON Persian Medallion Bowl Custard Satin URANIUM/VASELINE GLASS UV GLOW,24.0,2025-12-19,,,WorthPoint
uranium-glass,Vintage Fenton Ruffled Glass Uranium Vase Signed Name On Bottom With Flowers,21.45,2025-12-19,,,WorthPoint
uranium-glass,Antique Hatpin Hat Stick Pin Uranium Glass Green Faceted Rhinestone Cluster,46.71,2025-12-19,,,WorthPoint
uranium-glass,Uranium Glass Shot Glass What The Devil Do We Care,19.99,2025-12-19,,,WorthPoint
uranium-glass,"""6.5"""" Uranium Glass Soda Fountain Style Glass""",19.09,2025-12-19,,,WorthPoint
uranium-glass,Jeannette Glass Company Uranium Sunflower Cake Platter (1 Pc),40.12,2025-12-19,,,WorthPoint
uranium-glass,Uranium Vaseline / Uranium Glass Aspen Leaf Bowls - Found As Rare,124.8,2025-12-19,,,WorthPoint
uranium-glass,Uranium Glass Ice Cream Dishes,23.6,2025-12-19,,,WorthPoint
uranium-glass,GUERNSEY Uranium Glass ROCKY JR The Horse CARNIVAL Glass White Great Cond Vtg,40.0,2025-12-19,,,WorthPoint
uranium-glass,Vintage Uranium Glass Wine And A Halle Athlas Florentive Poppy Glass,29.5,2025-12-19,,,WorthPoint
uranium-glass,Fenton Green Uranium Glass Mini Fairy Lamp Base ONLY Glow,38.54,2025-12-18,,,WorthPoint
uranium-glass,Vtg Uranium Green Glass Heart Handle Bonbon Tidbit Tray Cigarette Server GLOWS,42.0,2025-12-18,,,WorthPoint
uranium-glass,Anchor Hocking Princess Green Depression Uranium Glass Tumblers 4,90.0,2025-12-18,,,WorthPoint
uranium-glass,Vaseline Uranium Glass GLOWS Leaf Nappy/Candy/Trinket Dish Indiana Glass Green,19.99,2025-12-18,,,WorthPoint
uranium-glass,Antique Vaseline Opal Glass Bowl Salt Cellar 8-Sided Ruffled Rim Uranium Glow,89.85,2025-12-18,,,WorthPoint
uranium-glass,Vintage Fenton Custard Persian Medallion Uranium Glass Fairy Lamp Fairylamp,149.95,2025-12-18,,,WorthPoint
uranium-glass,1960s Murano Sommerso Uranium Glass Paperweight Orb Bowl Ashtray 4‚Äùx 5‚Äù Large,219.99,2025-12-18,,,WorthPoint
uranium-glass,50pcs Vintage Uranium Glass Beads Czech Bicolor Drops 6x4mm Blue Yellow,8.99,2025-12-18,,,WorthPoint
uranium-glass,"""1930s Green Depression Vaseline Uranium Glass 10"""" Cake Plate Floral Tendril ~USA""",11.99,2025-12-18,,,WorthPoint
uranium-glass,"""Vintage Paden City """"Black Forest"""" Green Uranium Glass Bowl""",37.0,2025-12-18,,,WorthPoint
uranium-glass,Green Uranium Glass Pitcher With Diamond Band Pattern Depression Era,50.0,2025-12-18,,,WorthPoint
uranium-glass,Boyd Vaseline Uranium Glass Marble Holder With Vaseline Marble,88.19,2025-12-18,,,WorthPoint
uranium-glass,"""Jeannette Cherry Blossom Green 10¬º"""" 3-Footed Uranium Glass Bowl 1930s As Is""",12.48,2025-12-18,,,WorthPoint
uranium-glass,Pair Cambridge Glass Triple Candle Holders ‚Äì Uranium Glow Under UV ‚Äì 3-Arm,18.0,2025-12-18,,,WorthPoint
uranium-glass,Early Cambridge Glass Large Buddha Uranium UV Green Bookend 1920s 7.5in Vaseline,880.0,2025-12-18,,,WorthPoint
uranium-glass,Fenton Lime Green Satin Uranium Glass Basket Weave Ruffle Lattice Top Bowl,25.0,2025-12-18,,,WorthPoint
uranium-glass,Vintage Mid-Century Fenton Satin Custard (Uranium) Glass Compote 7‚Ä≥ Sunflower &,29.0,2025-12-18,,,WorthPoint
uranium-glass,L E Smith Green Uranium Glass Powder Jar Original Lid Elephant Figurine 1930s,64.0,2025-12-18,,,WorthPoint
uranium-glass,"Uranium Glass Teacups And Saucers, Likely Hazel-Atlas ""Fruits"" Green Depression Glass",19.08,2025-12-18,,,WorthPoint
uranium-glass,"16 Spiral Pattern Uranium Glass Luncheon Plates, Likely Anchor Hocking",42.93,2025-12-18,,,WorthPoint
uranium-glass,Jeannette CHERRY BLOSSOM Shaker Salt & Pepper Green Uranium Glass W/ Lids Rare,40.0,2025-12-18,,,WorthPoint
uranium-glass,Boyd Vaseline Uranium Glass French Bulldog Dog Head RARE,75.0,2025-12-18,,,WorthPoint
uranium-glass,Mosser Vaseline Uranium Glass Art Deco Salt & Pepper Shaker Set With Glass Caddy,125.0,2025-12-18,,,WorthPoint
uranium-glass,AKRO AGATE Uranium Glass Childs CUP & SAUCER In Orange Swirl,23.0,2025-12-18,,,WorthPoint
uranium-glass,üåü Rare Uranium Glass Pumpkin ‚Ä¢ Handcrafted ‚Ä¢ UV Reactive ‚Ä¢ USA Artisan,45.98,2025-12-18,,,WorthPoint
uranium-glass,Vintage Jeanette Poinsettia Depression Uranium Glass Serving Platter Great Cond,14.99,2025-12-18,,,WorthPoint
uranium-glass,"""Fenton Custard 5"""" Satin Uranium Glass Pedestal/Compote Dish""",27.72,2025-12-18,,,WorthPoint
uranium-glass,3 VTG Depression Green Uranium Glass Hazel Atlas Salt Pepper Shakers Art Deco,60.0,2025-12-18,,,WorthPoint
uranium-glass,Fenton Uranium Glass Lime Custard Butterfly Handled Bonbon Dish Vintage Glows,19.0,2025-12-18,,,WorthPoint
uranium-glass,Northwood Custard Tumbler Juice Cup Hobnail Shell Argonaut Uranium Glass White,30.0,2025-12-18,,,WorthPoint
uranium-glass,"""Vintage Uranium Glass """"Tea Room"""" Footed Banana Split Bowl Green No Chips UV Glow""",75.0,2025-12-18,,,WorthPoint
uranium-glass,Uranium Glass Tea Set 6 Piece Set,53.0,2025-12-18,,,WorthPoint
uranium-glass,Vtg Art Deco Geometric Uranium Glass Salt Shaker No Lid,27.0,2025-12-18,,,WorthPoint
uranium-glass,Aqua Uranium Glass Deco Ornate Vaseline & Cadmium GLOW Depression Rosary 22‚Äù X6,99.0,2025-12-18,,,WorthPoint
uranium-glass,"""Vintage Lime Green Custard Satin Candle Holders 5"""" - By Fenton - Uranium Glass""",29.99,2025-12-18,,,WorthPoint
uranium-glass,Vintage Hazel Atlas Green Uranium Glass Ashtray With Matchbook Holder,27.99,2025-12-18,,,WorthPoint
uranium-glass,Beautiful Vaseline (Uranium?) Glass Compote,50.0,2025-12-18,,,WorthPoint
uranium-glass,üéÅAntique Uranium Glass Depression Glass Oil Lamp W/Wedding Scroll Pattern 18in,199.0,2025-12-18,,,WorthPoint
uranium-glass,Vtg Uranium Glass Green Federal Glass Sherbert Ice Cream Depression Vaseline,10.95,2025-12-18,,,WorthPoint
uranium-glass,"""Vtg LE Smith Amberina Swung Glass Vase 20.5"""" IMMACULATE MCM Uranium Glows Textur""",248.0,2025-12-18,,,WorthPoint
uranium-glass,"""Single Decade 9"""" Aqua Blue Uranium Glass Holy /Chaplet Rosary /Hanging Charm #X2""",39.0,2025-12-18,,,WorthPoint
uranium-glass,Vintage Degenhart Uranium Glass Wise Owl Jade Opal UV Glows,65.0,2025-12-18,,,WorthPoint
uranium-glass,"""FEDERAL URANIUM GLASS TEA CUP 3-1/2 """" ROUND CIRCA 1930s ART DECO COFFEE GREEN""",16.0,2025-12-18,,,WorthPoint
uranium-glass,Clarks Teaberry Gum Vaseline Display Tray Uranium Glass,159.0,2025-12-18,,,WorthPoint
uranium-glass,Vintage Hazel-Atlas Colonial Block Uranium Glass Candy Butter Dish,38.0,2025-12-18,,,WorthPoint
uranium-glass,Handblown Uranium Glass Art Turtle Tortoise Figurine Borosilicate Ion UG Green!,54.99,2025-12-18,,,WorthPoint
uranium-glass,"""Vintage Fenton Custard Uranium Glass Poppy Flower Satin Ruffled Vase 5.5"""" GLOWS""",49.49,2025-12-18,,,WorthPoint
uranium-glass,Uranium Glass Juicer,25.0,2025-12-18,,,WorthPoint
uranium-glass,Vintage Uranium Glass Sherbet Cup,8.0,2025-12-18,,,WorthPoint
uranium-glass,Uranium Glass Vaseline Tomahawk Axe Boyd With Stand,296.09,2025-12-18,,,WorthPoint
uranium-glass,"""ORIGINAL Anchor Hocking Depression Uranium Glass Spiral Pattern Cake Plate 10""""""",9.0,2025-12-18,,,WorthPoint
uranium-glass,"""Vintage Hamilton 6.25"""" Custard Jadeite Uranium Glass Mixing Bowl**READ DESCR***""",26.0,2025-12-18,,,WorthPoint
uranium-glass,Uranium Green Shot Glass Blacklight Glows Vintage Ribbed UV Reactive,18.95,2025-12-18,,,WorthPoint
uranium-glass,Vintage 4‚Äù Fenton Uranium Glass Hand Painted Pitcher Signed Mullens,46.0,2025-12-18,,,WorthPoint
uranium-glass,Vintage Uranium Glass 4 Section Round Divided Candy Dish Serving Plate,11.25,2025-12-18,,,WorthPoint
uranium-glass,Vintage Gibson Uranium Glass Pear Figurine/Paperweight/IT GLOWS!,65.0,2025-12-18,,,WorthPoint
uranium-glass,"""Fenton 2005 100th Anniversary """"Burmese Beauty"""" Epergne Insert Only Uranium Glass""",29.99,2025-12-18,,,WorthPoint
uranium-glass,(2) Heisey Colonial Panel 1509 Uranium Glass Bowls W/ Handles 1900s‚Äì30s,31.99,2025-12-18,,,WorthPoint
uranium-glass,Uranium Glass Mushroom‚àô Screaming Neon Glow ‚àô Accidental Stuck Cab Base OOAK,6.4,2025-12-18,,,WorthPoint
uranium-glass,6 üíöüíöüíö B-E-A-UTIFUL Jabo Fenton Uranium Glass Marbles Wonderful Glowüíöüíöüíö,14.99,2025-12-18,,,WorthPoint
uranium-glass,"""Vintage Large 1930's Uranium Green Vaseline Glass Swan Bird Figure Candy Dish 7""""""",150.0,2025-12-18,,,WorthPoint
uranium-glass,Pair Vintage Uranium Glass Lamp Shade Peach Color With Painted Roses,135.0,2025-12-18,,,WorthPoint
uranium-glass,Vintage Fenton Open-Edge Basketweave Bowl Uranium Glass Candy Dish,34.99,2025-12-18,,,WorthPoint
uranium-glass,Uranium Glass Souvenirs & More,25.88,2025-12-18,,,WorthPoint
uranium-glass,Uranium Glass Flower Frog Floral 11 Hole Vintage,21.99,2025-12-18,,,WorthPoint
uranium-glass,Vintage 1930s Bartlett Collins Green Uranium Glass Set Of 5 Mixing Bowls,125.0,2025-12-18,,,WorthPoint
uranium-glass,"""Antique Cambridge Etched Uranium Glass 8"""" Pedestal Compote Tazza Ca. 1920""",129.0,2025-12-18,,,WorthPoint
uranium-glass,Uranium Green Clear Glass Stemware Dessert Vintage Glass,9.99,2025-12-18,,,WorthPoint
uranium-glass,Vintage Murano Glass Elephant-Cenedese-Blue Uranium-Very Excellent Condition,79.0,2025-12-18,,,WorthPoint
uranium-glass,"""Vintage Cambridge Swan Signed 1940s Vaseline Uranium Glass 3.25"""" Long Nut Dish""",55.55,2025-12-18,,,WorthPoint
uranium-glass,Vintage Green Uranium Depression Glass Ladle Mayonnaise Condiment Spoon,22.0,2025-12-18,,,WorthPoint
uranium-glass,Vintage Uranium Glass Depression Square Ribbed Refrigerator Dish With Lid 1930s,25.0,2025-12-18,,,WorthPoint
uranium-glass,Fenton Satin Custard Glass Peacock Vase Uranium Vaseline Glass Glows Under UV,88.87,2025-12-18,,,WorthPoint
uranium-glass,Uranium Green Glass Bedside Tumble Up Pitcher & Tumbler Set Vintage,73.16,2025-12-18,,,WorthPoint
uranium-glass,Vintage Boyd Uranium Glass Charlie The Scottie Dog Figurine UV Green Glow,49.99,2025-12-18,,,WorthPoint
uranium-glass,Green Vaseline Uranium Glass Bunny Rabbit On Nest Lidded Candy Dish UV Glow,59.99,2025-12-18,,,WorthPoint
uranium-glass,3 Piece Varied Uranium Glass Pieces,80.5,2025-12-18,,,WorthPoint
uranium-glass,"""Vintage 10"""" Uranium Glass Handled Tidbit Tray""",14.0,2025-12-18,,,WorthPoint
uranium-glass,Vintage Federal Green Glass Uranium Limelight Vaseline Glass Dessert Bowl Bowls,11.99,2025-12-18,,,WorthPoint
uranium-glass,Flint Uranium Opalescent Glass Wreath Shell Footed Vase Spooner Antique Uranium,46.4,2025-12-18,,,WorthPoint
uranium-glass,8 Piece Uranium Glass- Great Condition- No Chips/cracks,28.75,2025-12-18,,,WorthPoint
uranium-glass,Set Of 3 VINTAGE GREEN URANIUM GLASS PLATES CAMEO BALLERINA 8‚Äù,9.99,2025-12-18,,,WorthPoint
uranium-glass,Imperial Uranium Glass Hobnail Footed Ball In Green Vaseline Glass,50.0,2025-12-17,,,WorthPoint
uranium-glass,Indiana Glass Lily Pons Sugar & Creamer Light Green Depression Uranium Glass 605,59.0,2025-12-17,,,WorthPoint
uranium-glass,Vtg Eau De Toilette Pinx Uranium Glass Green Depression Perfume Bottle Austria,51.99,2025-12-17,,,WorthPoint
uranium-glass,Anchor Hocking Block Optic Green Depression Uranium Glass Cups & Saucers 4 Sets,29.99,2025-12-17,,,WorthPoint
uranium-glass,Vintage Green Uranium Glass Dish Serving Tray 7.5‚Äù,7.99,2025-12-17,,,WorthPoint
uranium-glass,Vintage Jadeite Uranium Glass Jeanette Salt & Pepper Shakers Glows Under UV,34.99,2025-12-17,,,WorthPoint
uranium-glass,"""Vintage Green Uranium Glass Rolled Etched Edge Console 10"""" Bowl""",29.99,2025-12-17,,,WorthPoint
uranium-glass,Vintage Green Uranium Glass Gilt Gold Overlay Candle Holder,31.96,2025-12-17,,,WorthPoint
uranium-glass,"""Antique Victorian Art Glass, Uranium Glass Base, Extremely Rare. 10""""""",67.5,2025-12-17,,,WorthPoint
uranium-glass,Vintage Uranium Glass Lot Of 3 Fostoria,22.0,2025-12-17,,,WorthPoint
uranium-glass,5148 Vtg Faceted Uranium Glass Crystals Chandelier Prism Great As A Pendant,25.0,2025-12-17,,,WorthPoint
uranium-glass,Fenton Satin Custard Uranium Glass Pale Green Hobstar Pinwheel Pedestal Compote,28.0,2025-12-17,,,WorthPoint
uranium-glass,"Vintage 1930s Jeannette Floral 'Poinsettia' Uranium Green Glass Plate, Oval",12.0,2025-12-17,,,WorthPoint
uranium-glass,Vintage Fostoria Acanthus Green Uranium Glass Open Sugar Bowl,9.99,2025-12-17,,,WorthPoint
uranium-glass,4 Pcs Antique Vaseline Glass Uranium Glass C1900,85.0,2025-12-17,,,WorthPoint
uranium-glass,Uranium Glass Ashtray Green,70.0,2025-12-17,,,WorthPoint
uranium-glass,Vintage Jeannette Uranium Glass Sierra Pinwheel Plate,18.0,2025-12-17,,,WorthPoint
uranium-glass,Vtg ANCHOR HOCKING Cameo Green Depression Uranium Glass Oval Vegetable Bowl,15.29,2025-12-17,,,WorthPoint
uranium-glass,Uranium Glass Green Salt Pepper Shaker Metal Lid Anchor Hocking Block Optic,100.0,2025-12-17,,,WorthPoint
uranium-glass,Vintage Fenton Yellow Opalescent Hobnail Uranium Glass Vaseline Mini Vase,50.0,2025-12-17,,,WorthPoint
uranium-glass,VTG Frigidaire Uranium Glass Green Ribbed Frosted Decanter W Stopper 1930s GLOWS,119.0,2025-12-17,,,WorthPoint
uranium-glass,Vintage Fenton Custard Uranium GLASS Shoe Slipper Handpainted And Signed,35.0,2025-12-17,,,WorthPoint
uranium-glass,Vintage FENTON Custard Uranium Glass Hand Painted Signed Melon Vase,29.99,2025-12-17,,,WorthPoint
uranium-glass,Fenton Custard Uranium Glass Hand Painted Egg On Pedestal Poinsettia Art,59.75,2025-12-17,,,WorthPoint
uranium-glass,Antique Bright Uranium Handy Miniature Oil Lamp Depression Glass Fluorescent,135.0,2025-12-17,,,WorthPoint
uranium-glass,"""Antique Art Deco Fostoria George Sakier 8"""" Uranium Glass Vase Trophy Handles""",100.0,2025-12-17,,,WorthPoint
uranium-glass,A Vintage Uranium Glass Bowl.,48.44,2025-12-17,,,WorthPoint
uranium-glass,A Pair Of Antique Uranium Glass 'Jack In The Pulpit' Vases.,96.87,2025-12-17,,,WorthPoint
uranium-glass,Vtg. Antique 1930‚Äôs CANARY Yellow Vaseline Uranium Glass Votive Candle Holder,30.0,2025-12-17,,,WorthPoint
uranium-glass,Antique Uranium Glass Hand Painted Plate Gold Blue Enamel Art Nouveau C1900,119.0,2025-12-17,,,WorthPoint
uranium-glass,Antique Zivatas & Zaleckas Scranton PA Uranium Glass Hutchinson Top Beer Bottle,26.65,2025-12-17,,,WorthPoint
uranium-glass,Vintage Uranium Glass Pitcher - A Beauty,61.0,2025-12-17,,,WorthPoint
uranium-glass,"Biedermeier Uranium Glass Covered Jar Candy Dish , 4‚Äù H",69.0,2025-12-17,,,WorthPoint
uranium-glass,UG Uranium HEISEY Custard Glass Souvenir Mug - Enterprise Oregon OR Ore,35.0,2025-12-17,,,WorthPoint
uranium-glass,"Handblown Art Glass UV Reactive Pig Figurine Sculpture, Green Uranium Glass UG",59.99,2025-12-17,,,WorthPoint
uranium-glass,Uranium Glass Green Cameo Ballerina Two Scroll Cups & Two Saucers -unique Glass,34.99,2025-12-17,,,WorthPoint
uranium-glass,Vaseline Uranium Glass Sunflower Lidded Trinket Jewelry Box-Glows!,79.99,2025-12-17,,,WorthPoint
uranium-glass,"""Green Uranium Depression Glass Short Candlestick Candle Holder 2.5"""" Tall""",5.99,2025-12-17,,,WorthPoint
uranium-glass,3 Diana Swirl Green Federal Uranium Depression Glass Sherbet Sorbet Dessert Dish,17.99,2025-12-17,,,WorthPoint
uranium-glass,Vaseline Glass Draped Lady Lamp Base Uranium Glass Lamp Base,90.0,2025-12-17,,,WorthPoint
uranium-glass,"2 Vintage Fenton Burmese Glass, UV Reactive Custard Uranium Glass, Hand-painted",85.0,2025-12-17,,,WorthPoint
uranium-glass,Retro Glass Ashtray Uranium Vintage Lime Green Cigar Cigerette Tobacco,59.0,2025-12-17,,,WorthPoint
uranium-glass,Rare Glowing Uranium Glass Green Depression Asparagus Serving Dish- Holidays!,36.0,2025-12-17,,,WorthPoint
uranium-glass,Vtg Federal Depression Green Uranium Glass Tumbler Set Of 3,19.0,2025-12-17,,,WorthPoint
uranium-glass,Boyd Glass Uranium Yellow Mist Mini Joey Foal Figurine ‚Äì Glows Under UV 83‚Äô-88‚Äô,20.5,2025-12-17,,,WorthPoint
uranium-glass,"""Vintage Green Uranium Glass Covered Dish (4"""" Diameter)""",75.0,2025-12-17,,,WorthPoint
uranium-glass,"""Anchor Hocking Uranium Glass Cameo Ballerina 8 1/4"""" Depression Glass Plate""",28.5,2025-12-17,,,WorthPoint
uranium-glass,Vintage Green Uranium Depression Ware Vaseline Mixing Glass Bowl - Glows,12.5,2025-12-17,,,WorthPoint
uranium-glass,Vintage Green Ribbed Vaseline Uranium Glass 7‚Äù Berry Bowl Fan Handles GLOWS,12.0,2025-12-17,,,WorthPoint
uranium-glass,"""HTF Federal Uranium Glass Diana Green Pattern 6"""" Cereal Bowl""",18.0,2025-12-17,,,WorthPoint
uranium-glass,9 (Nine) Anchor Hocking Green Uranium Glass Circle Band Plates 6 In,32.99,2025-12-17,,,WorthPoint
uranium-glass,Vintage Uranium Vaseline Glass Lamp Brass Base Glows Under UV Light 1940s MCM,89.0,2025-12-17,,,WorthPoint
uranium-glass,Vintage Uranium Glass Platter,18.0,2025-12-17,,,WorthPoint
uranium-glass,Vintage Green Uranium Glass Trinket Candy Dish Bowl Starburst Design Ring Holder,18.0,2025-12-17,,,WorthPoint
uranium-glass,Antique Uranium Glass Water Pitcher VASE Vintage Hand Painted Yellow Dragonfly,34.99,2025-12-17,,,WorthPoint
uranium-glass,Large Uranium Vaseline Depression Glass Pedastal Bowl With Bubble Pattern,80.0,2025-12-17,,,WorthPoint
uranium-glass,"""Vtg 9"""" Uranium Green Glass Textured Panel Vase-Depression Era Green Glow""",48.0,2025-12-17,,,WorthPoint
uranium-glass,VTG Uranium Federal Green Glass Ice Cream Dessert Set Of 8 Depression Glass,45.99,2025-12-17,,,WorthPoint
uranium-glass,Vintage Flower Frog Green Uranium Glass 16 Hole GLOWS Marble Display SMALL CHIPS,28.0,2025-12-17,,,WorthPoint
uranium-glass,Vintage Green Vaseline / Uranium Glass Juicer With 2-cup Spouted Measure,55.99,2025-12-17,,,WorthPoint
uranium-glass,Vintage Uranium Glass Footed Candy Bowl Dish,15.5,2025-12-17,,,WorthPoint
uranium-glass,Walther & Sohne Prismen Frosted Uranium Glass 18cm. Candlestick,24.02,2025-12-17,,,WorthPoint
uranium-glass,(1) Green Anchor Hocking Uranium Glass Block Optic Sherbet Depression,7.95,2025-12-17,,,WorthPoint
uranium-glass,Vintage 1930s McKee Green JADEITE MIXING BOWL With Pouring Spout Uranium Glass,45.0,2025-12-17,,,WorthPoint
uranium-glass,"""5 Small Drinking Cups, Uranium Glass 1.6""""""",45.0,2025-12-17,,,WorthPoint
uranium-glass,"Jeannette Glass Adam Green Saucer Plates Set Of 3, 6‚Äù Uranium 1930s Vintage UV",35.9,2025-12-17,,,WorthPoint
uranium-glass,Vintage Daum France Signed Uranium Glass Dolphin Paperweight Dark Amethyst,150.0,2025-12-17,,,WorthPoint
uranium-glass,Vintage Uranium Glass Hurricane Glass. Excellent Condition No Chips Or Cracks.UV,19.99,2025-12-17,,,WorthPoint
uranium-glass,Set 4 Vintage Green Depression Uranium Glass Jello Molds Cups Shot Glasses 2‚Äù,22.99,2025-12-17,,,WorthPoint
uranium-glass,Vintage Uranium Glass Jeannette Cherry Blossom Round Covered Green Butter Dish,89.99,2025-12-17,,,WorthPoint
uranium-glass,Three Akro Agate Ash Trays Uranium Glass,300.0,2025-12-17,,,WorthPoint
uranium-glass,Vintage Jeanette Adam Pattern Uranium Glass Divided Relish Dish Green Mint Z,10.0,2025-12-17,,,WorthPoint
uranium-glass,"""Vtg Fenton Opalescent Green Basket Weave Bowl Ruffled Lace Edge 7"""" Uranium Glass""",68.0,2025-12-17,,,WorthPoint
uranium-glass,Vintage Depression Era Uranium Glass Candy Dish,34.99,2025-12-17,,,WorthPoint
uranium-glass,Vintage Fenton Hobnail Vaseline Glass 6 Ripple Dish Uranium Glass Bowl Retro,20.5,2025-12-17,,,WorthPoint
uranium-glass,Antique Vaseline Uranium Glass Relish Tray W/ Silvertone Holder Super Glowing,24.99,2025-12-17,,,WorthPoint
uranium-glass,Set Of 4 Vintage Uranium Green Depression Era Glass Sherbet Dessert Cups GLOWS,28.0,2025-12-17,,,WorthPoint
uranium-glass,Burmese Custard Uranium Glass Sugar Skull - Day Of The Dead Decor - Glows!,99.99,2025-12-17,,,WorthPoint
uranium-glass,Fenton Green Uranium Glass Hobnail Opalescent Fuffled Edge Decorative Small Vase,33.0,2025-12-17,,,WorthPoint
uranium-glass,"Vintage Fenton Topaz Uranium Hobnail Opalescent Vaseline Glass Dish & Lid, READ",36.0,2025-12-17,,,WorthPoint
uranium-glass,Mosser Opalescent Uranium Glass Tobacco Humidor Vaseline Topaz,120.5,2025-12-17,,,WorthPoint
uranium-glass,"""Unique Vintage Uranium Block Optic Green Glass 2 Handled Mug! 3.75""""T X5.75"""" W""",29.99,2025-12-17,,,WorthPoint
uranium-glass,"""5.5"""" Vase, Uranium Topaz Opalescent Hobnail Pattern, Fenton Art Glass, 1940s""",26.0,2025-12-17,,,WorthPoint
uranium-glass,Fenton LG Wright Opalescent Yellow Vaseline Uranium Glass Goblet Daisy & Button,39.99,2025-12-17,,,WorthPoint
uranium-glass,"""McKee Custard 7.75"""" Bowl Red Polka Dot Uranium Glass Glows C1930's PEASE READ""",225.25,2025-12-17,,,WorthPoint
uranium-glass,"""Vtg Uranium Glass BOWL Open Lace Scalloped Edge Ribbed Starburst Base 10"""" READ""",34.89,2025-12-17,,,WorthPoint
uranium-glass,Vtg Creamer Uranium Glass Vaseline Glows Handle 32B,29.95,2025-12-17,,,WorthPoint
uranium-glass,Vintage Green Depression Uranium Glass Square Container,24.99,2025-12-17,,,WorthPoint
uranium-glass,Vintage Uranium Glass Hoosier Cereal Jar W/ Lid 1930s Depression Green,80.0,2025-12-17,,,WorthPoint
uranium-glass,Uranium Glass Koi Fish Candle Holder Matte Or Satin Finish,48.0,2025-12-17,,,WorthPoint
uranium-glass,Four Russian Uranium Glass Dessert Plates From The Hesse-Kassel Service,1375.0,2025-12-16,,,WorthPoint
uranium-glass,Westmoreland Uranium Glass Vaseline Mini Punch Bowl Only Kid Size 4‚Äù Glows Ôøº,59.99,2025-12-16,,,WorthPoint
uranium-glass,Green Uranium Depression GlassCreamer&Sugar Set Etched Birds & Flowers (Q),65.0,2025-12-16,,,WorthPoint
uranium-glass,Uranium Glass Juicer GLOWS Green Vaseline SUNKIST Vintage Reamer Ultraviolet UV,38.0,2025-12-16,,,WorthPoint
uranium-glass,Vtg Anchor Hocking Princess Green Depression Uranium Glass Open Sugar Bowl AS IS,7.72,2025-12-16,,,WorthPoint
uranium-glass,Collection Of 38 Uranium And Mixed Glass Marbles,62.5,2025-12-16,,,WorthPoint
uranium-glass,White Gold Filled Uranium Glass Statement Necklace 12k 1/20th,249.0,2025-12-16,,,WorthPoint
uranium-glass,Waterfall Uranium Glass Necklace Multi-Strand Long Vintage Chain,229.0,2025-12-16,,,WorthPoint
uranium-glass,Vintage Uranium Green Etched Glass Candlesticks 4‚Äù Pair Depression Era,30.0,2025-12-16,,,WorthPoint
uranium-glass,Vintage Uranium Glass Diamond Cut Jug Pitcher Vaseline Glass Glows UV 6.5‚Äù,34.95,2025-12-16,,,WorthPoint
uranium-glass,2 Morgantown Primrose Lane Etch #329 Green Uranium Glass Champagne Tall Sherbets,29.95,2025-12-16,329.0,0.09,WorthPoint
uranium-glass,"VINTAGE Art Deco Wine Glass, Spinning Star, Uranium Glass, Circa 1920",75.0,2025-12-16,,,WorthPoint
uranium-glass,Vintage Uranium Glass Plates Pair 8in Swag Macbeth Stippled Leaf Depression Era,8.98,2025-12-16,,,WorthPoint
uranium-glass,Original 1930's Uranium Glass Houze Vidrio Akro Fan - Working Rare! Hard To Find,1499.99,2025-12-16,,,WorthPoint
uranium-glass,"""Hocking Spiral Green Depression Uranium Glass Creamer Swirl Pattern 2 3/4 """"""",6.99,2025-12-16,,,WorthPoint
uranium-glass,Vintage Hazel Atlas Diamond Arches Uranium Glass Serving Bowl.,28.0,2025-12-16,,,WorthPoint
uranium-glass,Hazel-Atlas Colonial Block Green Uranium Glass Water Goblet It Glows!,13.99,2025-12-16,,,WorthPoint
uranium-glass,Vintage Akro Agate Uranium Slag Glass Mini Urn / Toothpick Holder,29.99,2025-12-16,,,WorthPoint
uranium-glass,Large Antique EAPG Uranium Glass Oil Lamp Glows,199.0,2025-12-16,,,WorthPoint
uranium-glass,Vintage Chantilly Green Indiana Tiara Glass Fairy Candle Lamp Uranium Glass,49.96,2025-12-16,,,WorthPoint
uranium-glass,Fenton Bird Of Happiness Custard Uranium Glass Daisies Artist Signed,22.5,2025-12-16,,,WorthPoint
uranium-glass,Vaseline Uranium Glass CAT Figurine Paperweight Art Deco Czech Bohemian,59.0,2025-12-16,,,WorthPoint
uranium-glass,Ice Blue Uranium Glass Basket Weave Pattern Candy Dish Vtg 7.5 In Curled Handles,17.1,2025-12-16,,,WorthPoint
uranium-glass,"""Federal Glass Rosemary Dutch Rose Berry Bowls 5"""" Set(6) Green Uranium Depression""",53.95,2025-12-16,,,WorthPoint
uranium-glass,"Vintage Fenton Elite Topaz Opalescent Vase, Uranium Glass (Stan)",80.0,2025-12-16,,,WorthPoint
uranium-glass,Antique Vintage Uranium Glass Lamp Part Square Base,70.0,2025-12-16,,,WorthPoint
uranium-glass,Vintage Boyd Jade Green Cat Head Slipper Star Burst Buttons Uranium Glass,32.99,2025-12-16,,,WorthPoint
uranium-glass,Vintage Depression Uranium Glass Green Vaseline Footed Dessert Sherbet Cups Bowl,30.0,2025-12-16,,,WorthPoint
uranium-glass,Vintage Anchor Hocking Green Uranium Glass Bud Vase. 11 In Tall,35.0,2025-12-16,,,WorthPoint
uranium-glass,Vintage Steuben Green Threaded Uranium And Bubble Art Glass Bowl 12 X 5 In,20.0,2025-12-16,,,WorthPoint
uranium-glass,Vintage Uranium Glass 4.25in Sq. Refrigerator Dish Strong Glow,28.8,2025-12-16,,,WorthPoint
uranium-glass,PAIR Fenton Custard Uranium UV Glow Bird Of Happiness Figurines VTG Satin Glass,73.99,2025-12-16,,,WorthPoint
uranium-glass,VTG Green Uranium Glass Apothecary Jar With Lid Pedestal Candy Dish,99.99,2025-12-16,,,WorthPoint
uranium-glass,Vintage Blue Uranium Glass Cabochon 18x13mm Oval Turquoise 1960s Czech,9.75,2025-12-16,,,WorthPoint
uranium-glass,Uranium Glass Mini Hen Chicken On Nest Basket /Salt Cellar Orange,49.98,2025-12-16,,,WorthPoint
uranium-glass,Vintage Green DEPRESSION URANIUM Glass 2-1/2‚Äù Candlestick Candle Holder,10.5,2025-12-16,,,WorthPoint
uranium-glass,"""Jeannette Glass CHERRY BLOSSOM Green Small Berry Bowl 4-3/4"""" Diam. Uranium Glows""",19.99,2025-12-16,,,WorthPoint
uranium-glass,1. Jeannette Cherry Blossom Green Depression Uranium Glass Bowl,15.0,2025-12-16,,,WorthPoint
uranium-glass,"""Jeannette Poinsettia Uranium Glass 10.5"""" Oval Serving Plate Vaseline | Ca. 1930""",19.95,2025-12-16,,,WorthPoint
uranium-glass,Hazel Atlas Cherry Blossom Green Uranium Glass Berry Bowls Set Of 5 VTG Glows,59.99,2025-12-16,,,WorthPoint
uranium-glass,Uranium Glass Stemmed Cocktail / Wine Glasses (Set Of 3),89.99,2025-12-16,,,WorthPoint
uranium-glass,Vintage Uranium Glass Footed Dessert Dish Set Of Three,20.0,2025-12-16,,,WorthPoint
uranium-glass,"""VTG Fenton Satin Custard Uranium Glass Hand Painted Church Clock """"NOT WORKING""""""",149.88,2025-12-16,,,WorthPoint
uranium-glass,Fenton Vintage Burmese Satin Uranium Glass Fairy Lamp Hand Painted Roses,115.0,2025-12-16,,,WorthPoint
uranium-glass,Vintage Uranium Glass Juicer Reamer Green Depression UV Glow- Box3 -5,20.4,2025-12-16,,,WorthPoint
uranium-glass,Vintage Fenton Uranium Glass Frog Figurine Satin Light Green Glows,68.0,2025-12-16,,,WorthPoint
uranium-glass,Vintage Green Uranium Glass Cream And Sugar Set,22.5,2025-12-16,,,WorthPoint
uranium-glass,Anchor Hocking? Uranium Glass Pitcher Green Bee Hive Design Rope Edge AA 56oz,52.99,2025-12-16,1587.6,0.03,WorthPoint
uranium-glass,"""Vintagev"""" Victorian Uranium Glass Opalescent Swirl Single Arm Epergne""",999.99,2025-12-16,,,WorthPoint
uranium-glass,"""Antique Custard Uranium Glass Pendant Lamp Shade Mission Arts Crafts Era 3 1/4""""""",175.0,2025-12-16,,,WorthPoint
uranium-glass,Vintage Set Of 4 Green Uranium Depression 4‚Äù Juice Glasses 1930's,15.0,2025-12-16,4.0,3.75,WorthPoint
uranium-glass,1930's Hazel Atlas Uranium Glass Creamer And Sugar,14.0,2025-12-16,,,WorthPoint
uranium-glass,Vintage Uranium Glass Square Dish With Lid,40.0,2025-12-16,,,WorthPoint
uranium-glass,McKee Jadeite Measuring Cup Uranium Glass Two Cup Size Green Glass Kitchenware,19.99,2025-12-16,,,WorthPoint
uranium-glass,URANIUM GLASS FLASHLIGHT NO FALSE GLOWS Torch Vintage Hunter SALE,12.73,2025-12-16,,,WorthPoint
uranium-glass,Clarks Teaberry Gum Vaseline Display Tray Vintage Uranium Glass,127.5,2025-12-16,,,WorthPoint
uranium-glass,Vintage Uranium Glass Mayonnaise Dish With Topper,17.99,2025-12-16,,,WorthPoint
uranium-glass,7x5mm Rectangle Cut Uranium Glass Facets From Pre-1975 Glassware For Jewelry,33.0,2025-12-16,1975.0,0.02,WorthPoint
uranium-glass,Vintage Murano Glass Uranium Glass Owl Vaseline Glass Glowing Owl Italy Rare,799.99,2025-12-16,,,WorthPoint
uranium-glass,Lot Of 4 Green Vintage Uranium Glass Sherbet Cups Bowls Depression Dessert,34.99,2025-12-16,4.0,8.75,WorthPoint
uranium-glass,Vtg Uranium Green Ribbed Glass Decanter W/ Stopper Depression Art Glass Glows,120.0,2025-12-16,,,WorthPoint
uranium-glass,Uranium Slag Glass Birdbath - Yellow Slag Glass (Glows!) Depression Glass,34.99,2025-12-16,,,WorthPoint
uranium-glass,Antique Uranium Vaseline Glass Oil Lamp With Beautiful Crimped Etched Shade,110.0,2025-12-16,,,WorthPoint
uranium-glass,Bowknot Coffee Tea Cup Green Uranium Glass Handled Belmont Tumbler Co. Vintage,5.75,2025-12-16,,,WorthPoint
uranium-glass,1 Macbeth Evans Dogwood Green Luncheon Plates Set Uranium Glass Depression,8.0,2025-12-16,,,WorthPoint
uranium-glass,Vintage Uranium Glass Electric Lamp,145.0,2025-12-16,,,WorthPoint
uranium-glass,Antique Uranium Glass Creamer Circa 1910 Pressed PRES OUT Mark,21.99,2025-12-16,,,WorthPoint
uranium-glass,Vintage Uranium Glass Salt And Pepper Shakers ‚Äì 1930s‚Äì1940s Art Deco - RARE,61.0,2025-12-16,,,WorthPoint
uranium-glass,Art Deco Large Bowl Jewelry Box Green Vaseline Uranium Glass 1930 H.Hoffmann,225.0,2025-12-16,,,WorthPoint
uranium-glass,Glamorous Necklace Vintage Vaseline Uranium Glass,195.0,2025-12-16,,,WorthPoint
uranium-glass,Uranium Glass ' Victoire ' Hood Ornament 1930 H.Hoffmann By Lalique,199.0,2025-12-16,,,WorthPoint
uranium-glass,Vintage Depression Green Uranium Glass Goblet,16.0,2025-12-16,,,WorthPoint
uranium-glass,Vintage 1930s Georgian Lovebirds Uranium Glass Saucer,10.0,2025-12-16,,,WorthPoint
uranium-glass,Vintage Hazel Atlas 1930's Green Vaseline Uranium Glass Butter Dish Bowl,41.0,2025-12-16,,,WorthPoint
uranium-glass,1930s Frosted Green Uranium Glass Vase Glows Grantham Pattern Bagley & Company,100.0,2025-12-16,,,WorthPoint
uranium-glass,1930' H.Hoffmann ' Victoire ' Hood Ornament Sculpture Vaseline Uranium Glass,245.0,2025-12-16,,,WorthPoint
uranium-glass,Vintage Uranium Glass Creamer Jug Glows Under UV Light,40.28,2025-12-16,,,WorthPoint
uranium-glass,Hazel-Atlas S &P Uranium Glass Green Salt Pepper Shakers Pedestal 1930's Glows,39.99,2025-12-16,,,WorthPoint
uranium-glass,Vintage Nostalgia Uranium Glass 1 Cup & Saucer Glow Depression Glass 1930‚Äôs,15.47,2025-12-16,,,WorthPoint
uranium-glass,"""Vintage Uranium Glass Starburst Bowl 6.5"""" Sawtooth Edge Glows Under UV Vaseline""",42.95,2025-12-16,,,WorthPoint
uranium-glass,Vintage Cat Head Slipper Bows And Buttons Uranium Glass UV Reactive,38.0,2025-12-16,,,WorthPoint
uranium-glass,Fenton - Bell Daisy & Button Bell - Lime Green Custard Satin -Uranium Glass,25.0,2025-12-16,,,WorthPoint
uranium-glass,Huge Vintage Uranium Glass Cabochon Yellow Oval Ribboned 1930s Czech Glass,15.99,2025-12-16,,,WorthPoint
uranium-glass,Antique Pink Uranium Glass Earrings 925 Sterling Long Elegant Handmade Lampwork,25.0,2025-12-16,,,WorthPoint
uranium-glass,Blue Heart Uranium Glass Necklace Silver Tone,55.0,2025-12-16,,,WorthPoint
uranium-glass,Set Of 5 Vintage Uranium Glass Green Tableleg Coasters,36.0,2025-12-16,,,WorthPoint
uranium-glass,Antique UG Uranium HEISEY Custard Glass Souvenir Toothpick - RUSK Wisconsin WI,25.0,2025-12-16,,,WorthPoint
uranium-glass,Jeannette Doric Uranium Glass Sugar Dish With Cover Pre Owned,28.0,2025-12-16,,,WorthPoint
uranium-glass,Uranium Glass Goblets,25.0,2025-12-16,,,WorthPoint
uranium-glass,"Fenton Owl Fairy Lamp, Green Custard Uranium Glass Vintage 1970s",99.51,2025-12-16,,,WorthPoint
uranium-glass,Vintage 1930‚Äôs Circa Green Uranium Glass Ashtray,124.99,2025-12-16,,,WorthPoint
uranium-glass,"""Vintage Akro Agate Uranium Glass Small Square 2-3/4"""" Ashtray - Brown Swirl""",35.0,2025-12-16,,,WorthPoint
uranium-glass,"""Antique JADEITE Uranium Glass Parlor OIL LAMP, Embossed """"MYRTLE"""", Green, Gold""",182.5,2025-12-16,,,WorthPoint
uranium-glass,2 Fenton Green Hobnail Salt Cellars - 1 Uranium Glass GLOWS,15.0,2025-12-16,,,WorthPoint
uranium-glass,Vintage Uranium Depression Glass - Tea Cup - Green Hazel-Atlas New Century CHIP,14.41,2025-12-16,,,WorthPoint
uranium-glass,Two (2) Tiffin Optic Watermelon Sherbet/Martini Glasses With Uranium Glass Stems,40.0,2025-12-16,,,WorthPoint
uranium-glass,Boyd Glass Bernie The Eagle - Uranium Glass,50.0,2025-12-16,,,WorthPoint
uranium-glass,Pair Of Uranium Glass Sugar And Spice Jars With Lids Green Depression Glass,38.99,2025-12-16,,,WorthPoint
uranium-glass,Fenton Cabbage Rose Hurricane Pillar Lamp Brass Uranium Glass,449.0,2025-12-16,,,WorthPoint
uranium-glass,"Green Vaseline/Uranium Glass Leaf Open Salt Dip, Cellar, Dish!",18.0,2025-12-16,,,WorthPoint
uranium-glass,Hazel Atlas Green Depression Uranium Glass Colonial Block Sugar Bowl Cup Mug,19.99,2025-12-16,,,WorthPoint
uranium-glass,Vintage Kellogg's 1930s Green Uranium Glass 3-Spout Promotional Measuring Cup,40.49,2025-12-16,,,WorthPoint
uranium-glass,"""Cambridge Marked """"C"""" Uranium Glass Green 6"""" Candy/Nut 2 Handled Dish USA Vintage""",33.0,2025-12-16,,,WorthPoint
uranium-glass,Fenton Uranium Vaseline Art Glass Topaz Cat Opalescent Glass ‚ÄúLily Trail‚Äù Signed,254.99,2025-12-16,,,WorthPoint
uranium-glass,Vintage Uranium Glass Buttons,50.4,2025-12-16,,,WorthPoint
uranium-glass,J‚Ä¢Hazel Atlas Green Uranium Depression Glass 11 1/8‚Äù Oval Serving Platter,48.95,2025-12-16,,,WorthPoint
uranium-glass,Cobalt Blue Uranium Glass Smiley Cheshire Cat Great Glowy Gift!,45.0,2025-12-16,,,WorthPoint
uranium-glass,Uranium Glass Stemmed Glassware,6.99,2025-12-16,,,WorthPoint
uranium-glass,Vintage FENTON Uranium Yellow Vaseline Hobnail Glass Slipper With Cat On Top !!,50.0,2025-12-16,,,WorthPoint
uranium-glass,Green Uranium Glass Coasters Scalloped Edge Glows From Estate Sale,16.95,2025-12-16,,,WorthPoint
uranium-glass,"Uranium Glass Tumbler, Depression Glass, Glows Under UV Light, Vintage",15.0,2025-12-16,,,WorthPoint
uranium-glass,"Vibrant Blenko-Style Glass Pitcher Collection That Includes Uranium Glass, 2112-400",37.58,2025-12-16,,,WorthPoint
uranium-glass,Akro Agate Uranium Glass Orange & White Rat Rod Gear Shift Knob,37.75,2025-12-16,,,WorthPoint
uranium-glass,Vintage Anchor Hocking Block Optic Green Depression Uranium Glass 10‚Äù Plate,14.5,2025-12-15,,,WorthPoint
uranium-glass,Economy Glass Co. Round Robin? Green Uranium Set Of 6 Salad Plates W/ Scratches,50.0,2025-12-15,,,WorthPoint
uranium-glass,Fenton Vintage Uranium Glass Hobnail Candle Sticks -pair,79.5,2025-12-15,,,WorthPoint
uranium-glass,"Vintage Uranium Glass ""Parrot Green"" Platter/Serving Dish",37.76,2025-12-15,,,WorthPoint
uranium-glass,Fenton Custard Uranium Glass Epergne Base Flower Arranger Centerpiece Glows,42.96,2025-12-15,,,WorthPoint
uranium-glass,Vintage Anchor Hocking 'Cameo' Ballerina Uranium Green Glass Biscuit Jar,75.0,2025-12-15,,,WorthPoint
uranium-glass,Vintage McKee Custard Uranium Glass Flour Shaker,12.0,2025-12-15,,,WorthPoint
uranium-glass,Vintage Fenton Opalescent Uranium Glass Basketweave Bowl With Open Lattice Edge,24.99,2025-12-15,,,WorthPoint
uranium-glass,Vintage Fenton Uranium Glass Custard 5‚Äù Fairy Lamp Cabin Mountains Scene W/label,109.99,2025-12-15,,,WorthPoint
uranium-glass,"LIGHTING: Two Art Deco Glass Floor Lamps, One Uranium And One Slag Glass With Bridge, Early/mid 20th C., Including: Lamp With Uranium Glass With Brass",608.0,2025-12-15,,,WorthPoint
uranium-glass,Vintage Uranium Vaseline Depression Green Glass Scroll Etched 6‚Äù Plate Glows,18.95,2025-12-15,,,WorthPoint
uranium-glass,Vintage 1930's Cambridge Decagon Green Uranium Glass Tray Platter With Handles,28.5,2025-12-15,,,WorthPoint
uranium-glass,"""RARE! Northwood Dugan Cashew Opalescent Green Uranium Glass 3"""" Tall 5"""" Dia Bowl""",74.8,2025-12-15,,,WorthPoint
uranium-glass,Vintage Fenton Yellow With Blue Flowers By Laura Long Duckling Uranium Glass,23.24,2025-12-15,,,WorthPoint
uranium-glass,Vintage Mini Uranium Glass Pedestal Dish Cake Plate,32.0,2025-12-15,,,WorthPoint
uranium-glass,Jeanette Windsor Diamond Optic Green Uranium Glass Serving Cake Plate - GLOWS,25.0,2025-12-15,,,WorthPoint
uranium-glass,Vintage Cambridge Uranium Glass Serving Tray - C Hallmark - Vaseline Glass,38.5,2025-12-15,,,WorthPoint
uranium-glass,VTG 1930's Uranium Glass Cookie Jar W/Lid And Label Depression Hoosier Glass,95.0,2025-12-15,,,WorthPoint
uranium-glass,Vintage Green Uranium Glass Serving Tray,26.0,2025-12-15,,,WorthPoint
uranium-glass,Vntg Elegant Depression Glass Compote Peacock Wild Rose Paden City Uranium Green,70.0,2025-12-15,,,WorthPoint
uranium-glass,Vintage Uranium Glass Green Jadite Sunkist Jucier Reamer,45.0,2025-12-15,,,WorthPoint
uranium-glass,Vintage 1930‚Äôs Hazel-Atlas Green Uranium Glass Colonial Block Candy Dish Pressed,79.0,2025-12-15,,,WorthPoint
uranium-glass,Antique Mt Washington Glass Tomato Shape Uranium Salt & Pepper Shakers,39.99,2025-12-15,,,WorthPoint
uranium-glass,"""Signed Vintage Fenton Owl Fairy Lamp Burmese Uranium Glass Custard Matte 3.75""""""",100.0,2025-12-15,,,WorthPoint
uranium-glass,Vintage Mckee Jadeite Refrigerator Dish Uranium Glass,40.0,2025-12-15,,,WorthPoint
uranium-glass,Vintage Uranium Vaseline Depression Glass Sugar Bowl Jeanette Cube Pattern 1930s,10.99,2025-12-15,,,WorthPoint
uranium-glass,Vintage Fenton Vaseline Topaz Opalescent Hobnail Uranium Glass 3 Flower Epergne,499.0,2025-12-15,,,WorthPoint
uranium-glass,"""Vintage Jeanette Cherry Blossom 6"""" Greeen Uranium Glass Serving Bowl - UV Glow""",15.0,2025-12-15,,,WorthPoint
uranium-glass,"""Jeanette Green Uranium Depression Glass 4"""" Cubist / Cube Tumbler - Hard To Find!""",39.5,2025-12-15,,,WorthPoint
uranium-glass,"""Vintage Jeannette Uranium Glass Ribbed Beehive Bud Vase 6.25"""" Glows * READ *""",24.99,2025-12-15,,,WorthPoint
uranium-glass,Vintage Uranium Glass Tall Art Deco Cocktail Shaker - 9.25 Inches Tall,200.0,2025-12-15,,,WorthPoint
uranium-glass,Vintage Fenton Bird Custard Uranium Glass Glowy Green,31.0,2025-12-15,,,WorthPoint
uranium-glass,Art Deco Uranium Glass Boudoir Lamp Skyscraper Torpedo Rare Lamp Works,377.1,2025-12-15,,,WorthPoint
uranium-glass,"""Blue Green Uranium Glass Bracelet Set 7.5"""" Glass""",35.99,2025-12-15,,,WorthPoint
uranium-glass,Vintage Fenton Satin Custard Uranium Glass Bunny Rabbit Figure 3.5‚Äù Tall,120.0,2025-12-15,,,WorthPoint
uranium-glass,Vintage Fenton Grist Mill Water Mill Scene Bell Custard Uranium Glass Glows,40.0,2025-12-15,,,WorthPoint
uranium-glass,Vintage Victorian Opalescent Vaseline Glass Uranium Glass Lamp Shade Ruffled,189.99,2025-12-15,,,WorthPoint
uranium-glass,"""2 Uranium Depression Glass Drinking Glasses 6""""""",22.0,2025-12-15,,,WorthPoint
uranium-glass,Vintage Uranium Glass 3‚ÄëSection Divided Relish Dish W/Metal Caddy UV Glow,35.0,2025-12-15,,,WorthPoint
uranium-glass,Vintage Anchor Hocking Cameo Ballerina Frosted Uranium Glass Decanter Stopper UV,108.0,2025-12-15,,,WorthPoint
uranium-glass,"""Anchor Hocking Cameo """"Dancing Girl"""" Glass Pitcher With Uranium Glass (Glows)""",48.0,2025-12-15,,,WorthPoint
uranium-glass,Vintage Pro-tec-to Green Uranium Vaseline Glass Ashtray Vintage Patent Numbered,38.49,2025-12-15,,,WorthPoint
uranium-glass,Jadeite Beehive Jeanette Glass Salt And Pepper Shakers Uranium Glow VTG 5‚Äù,39.0,2025-12-15,,,WorthPoint
uranium-glass,Vintage Anchor Hocking Green Uranium Glass Salt And Pepper Depression Glass 1930,45.0,2025-12-15,,,WorthPoint
uranium-glass,Uranium Glass 1930s Large Green Reamer - Stunning!,13.5,2025-12-15,,,WorthPoint
uranium-glass,1930' H.Hoffmann Hood Ornament ' Flying Lady ' Green Uranium Glass Sculpture,215.0,2025-12-15,,,WorthPoint
uranium-glass,Oil Lamp Vasoline Uranium Glass Base Clear Chimney Shade 15‚Äù Tall Risdon MFG,65.0,2025-12-15,,,WorthPoint
uranium-glass,Vintage Mary Gregory Westmoreland Satin Uranium Glass Yellow Fairy Lamp Light,49.0,2025-12-15,,,WorthPoint
uranium-glass,Antique Set 6 Uranium Vaseline Glass Swirl Optic Tumblers Thin Handblown EC,39.99,2025-12-15,,,WorthPoint
uranium-glass,"RESTORED Antique Vtg Art Deco Floor Lamp Uranium Glass Vaseline Houze UG, Red",699.98,2025-12-15,,,WorthPoint
uranium-glass,Uranium Glass Lot,35.0,2025-12-15,,,WorthPoint
uranium-glass,Hocking Glass Co. Uranium Glass Cameo Ballerina Depression Glass Candle Holders,60.0,2025-12-15,,,WorthPoint
uranium-glass,"""Vintage - Vaseline Uranium Glass - Yellow Green Tray W/ Handle 10""""""",15.96,2025-12-15,,,WorthPoint
uranium-glass,VTG Glowing Tiffin Emerald Green Satin Uranium Glass Footed Pedestal Bowl UV,18.0,2025-12-15,,,WorthPoint
uranium-glass,Anchor Hocking Uranium Glass Cameo Ballerina Decanter - 1930-1934,50.0,2025-12-15,,,WorthPoint
uranium-glass,Glastonbury - Lotus Georgian Gold Uranium Glass 3pc. Mayonnaise Set,115.0,2025-12-15,,,WorthPoint
uranium-glass,Uranium Glass Penguin,150.0,2025-12-15,,,WorthPoint
uranium-glass,"""Vtg Webb Corbett Uranium Green Glass Faceted Desk Paperweight 2.5"""" Tall 3"""" Dia""",74.99,2025-12-15,,,WorthPoint
uranium-glass,Vintage Hazel Atlas Green Uranium Glass Checkerboard Ashtray W/Matchbook Holder,24.95,2025-12-15,,,WorthPoint
uranium-glass,Block Optic Green Depression Vaseline Uranium Glass Covered Butter Dish Vintage,75.0,2025-12-15,,,WorthPoint
uranium-glass,VTG Uranium Glass Hazel Atlas 1290 Large Atomizer Wilco Coi Los Angeles 1940's,79.99,2025-12-15,,,WorthPoint
uranium-glass,Depression Green Uranium Lorain Basket Indiana Glass Goblet Set Of 4 MCM Vintage,18.99,2025-12-15,,,WorthPoint
uranium-glass,Vintage Hazel Atlas Green Uranium Glass Square Refrigerator Dish W/Lid,29.99,2025-12-15,,,WorthPoint
uranium-glass,"Fenton Green Opalescent Hobnail Swung Vase, Uranium Glass Bright Glow!",299.99,2025-12-15,,,WorthPoint
uranium-glass,Vtg Fenton Daisy & Button Uranium Glass Vaseline Glass Top Hat Gift Glow 2.5 In,54.0,2025-12-15,,,WorthPoint
uranium-glass,"""Vintage Pairpoint Mid Century Vaseline, Uranium Glass Violin Bottle, 9.75""""""",122.5,2025-12-15,,,WorthPoint
uranium-glass,Mixed Lot Of Green Uranium Depression Glass Sherry Glass Bowl Plate Coasters VTG,75.5,2025-12-15,,,WorthPoint
uranium-glass,Fenton Glass - Bunny Rabbit - Custard Satin - Glows Uranium,90.0,2025-12-15,,,WorthPoint
uranium-glass,"""Vintage Fostoria Heirloom Vaseline Uranium Opalescent Glass 11"""" Stunning Dish""",129.95,2025-12-15,,,WorthPoint
uranium-glass,Vaseline Uranium Glass Citrus Juicer ‚Äì Depression Era Collectible ‚Äì Glows,9.99,2025-12-15,,,WorthPoint
uranium-glass,Set Of 6 Christmas Light Bulbs Full Of Uranium Glass,46.0,2025-12-15,,,WorthPoint
uranium-glass,4 Piece Hazel Atlas Nesting Uranium Glass Bowl Set. Excellent Condition!,30.0,2025-12-15,,,WorthPoint
uranium-glass,Large 10.5‚Äù Vintage URANIUM Murano Sommerso Glass Duck- Red/Yellow & Glows Neon,164.99,2025-12-15,,,WorthPoint
uranium-glass,Left RIGHT Turn Signal Uranium Glass,22.5,2025-12-15,,,WorthPoint
uranium-glass,French Bulldog 1930s Uranium Glass,50.0,2025-12-15,,,WorthPoint
uranium-glass,Uranium GLASS Tooth Mold Sculpture/paperweight,29.0,2025-12-15,,,WorthPoint
uranium-glass,"""Vintage Vaseline Uranium Glass Spiral Sulphide Paperweight Uv Glow Signed 4""""""",199.99,2025-12-15,,,WorthPoint
uranium-glass,"Vintage Antique Hazel Atlas Vaseline Uranium Glass Decanter Bottle 9\\\"" Tall",19.99,2025-12-15,,,WorthPoint
uranium-glass,Vintage Uranium Glass Heart Handle Ash Tray/ Relish Dish,24.95,2025-12-15,,,WorthPoint
uranium-glass,Vintage Fenton Burmese Uranium Glass Ruffled Basket Hand Painted And Signed,100.0,2025-12-15,,,WorthPoint
uranium-glass,FENTON Yellow TOPAZ Cuddling COCKER SPANIEL Puppies VASELINE Uranium Glass GLOWS,119.99,2025-12-15,,,WorthPoint
uranium-glass,Vintage Green Uranium Glass Mixing Bowl Depression Vaseline Glass X Large Size,49.99,2025-12-15,,,WorthPoint
uranium-glass,Vintage Uranium Glass Bird Paperweight American Cut Crystal Corp Made In Hungary,100.0,2025-12-15,,,WorthPoint
uranium-glass,"""Vintage Green Uranium Glass 8"""" Bowl With Banded Rings And Handles""",14.99,2025-12-15,,,WorthPoint
uranium-glass,Lot 6 Antique Optic Rib Etched Trim Green Uranium Glass Snack Plates 8 Inch,21.0,2025-12-15,,,WorthPoint
uranium-glass,Uranium Glass Flower Charm Green Opal Brushed Silver Plated 1pc,12.0,2025-12-15,,,WorthPoint
uranium-glass,Vintage Green Uranium Vaseline Glass Casters Anchor Hocking Set Of 6,45.0,2025-12-15,,,WorthPoint
uranium-glass,Uranium Glass Depression Era Lid ‚Äì Glows Under UV ‚Äì Lid Only ‚Äì Floral,5.5,2025-12-15,,,WorthPoint
uranium-glass,Vtg GREEN DEPRESSION URANIUM GLASS OCTAGON 11‚Äù Console Bowl Curved Rim,36.0,2025-12-15,,,WorthPoint
uranium-glass,Vintage Green Depression Vaseline Uranium Glass Refrigerator Dish 1930,42.95,2025-12-15,,,WorthPoint
uranium-glass,WORKS! 2 Electrified Westmoreland Green Uranium Glass Whale Oil Lamps Set,300.0,2025-12-15,,,WorthPoint
uranium-glass,Vintage Uranium Vaseline Glass Apple W/ Geiger Counter UV Light Lego Mini Figure,99.95,2025-12-15,,,WorthPoint
uranium-glass,Federal Imperial Vtg Uranium Green Depression Glass Lot 6pc Creamer Sugar Bowl,45.0,2025-12-15,,,WorthPoint
uranium-glass,Vintage Uranium Glass Daisy Floral Plate ‚Äì Glows Under UV/Blacklight,8.5,2025-12-15,,,WorthPoint
uranium-glass,Vintage Vaseline Glass Clarks Teaberry Gum Store Display 1930s Uranium Glass,150.0,2025-12-15,,,WorthPoint
uranium-glass,Boyd CAPRICE DOLPHIN Yellow VASELINE URANIUM Glass Covered Cigarette Box RARE,115.0,2025-12-15,,,WorthPoint
uranium-glass,Handmade Uranium Glass Scorpion Sculpture,45.0,2025-12-15,,,WorthPoint
uranium-glass,Vintage Lamp Parts Lot W/ Uranium Glass ‚Äì Bridge Arm Floor Lamp ‚Äì 18 Pieces,137.5,2025-12-15,,,WorthPoint
uranium-glass,Vintage Jeannette Jadeite Uranium Glass Square Green Refrigerator Dish With Lid,39.99,2025-12-15,,,WorthPoint
uranium-glass,VTG Boyd Uranium Vaseline Glass Elephant Toothpick Match Holder Unique Nice Find,55.0,2025-12-15,,,WorthPoint
uranium-glass,"""Vtg Clays Crystal Works """"Emma"""" Uranium Glass Childs ABC Dish 8 Inch""",24.9,2025-12-15,,,WorthPoint
uranium-glass,Vintage Fenton? Uranium Glass Ruffled Plate,100.0,2025-12-15,,,WorthPoint
uranium-glass,üî• Vintage Green Uranium Glass Uv Super Glue Textured Candle Votives Pair Set üî•,35.0,2025-12-15,,,WorthPoint
uranium-glass,Set Of 4 Vintage Anchor Hocking Pillar Optic Green Uranium Glass 12 Oz. Tumblers,70.0,2025-12-15,340.2,0.21,WorthPoint
uranium-glass,Vintage Superb Uranium Glass Vaseline Glass Oil Lamp,304.0,2025-12-15,,,WorthPoint
uranium-glass,Vintage Uranium Glass Art Deco Perfume Atomiser Bottle Strong UV Glow 1930s,117.81,2025-12-15,,,WorthPoint
uranium-glass,Vintage 1930's Green Vaseline Uranium Glass Sugar Bowl With Lid,49.95,2025-12-15,,,WorthPoint
uranium-glass,Vintage Uranium Martini Glasses Etched Flower Design Set Of 3 Depression Glass,27.27,2025-12-15,,,WorthPoint
uranium-glass,Vtg Custard Uranium Glass ULTRAVIOLET GLOWS Tarentum Georgia Gem Pattern LID,9.99,2025-12-15,,,WorthPoint
uranium-glass,8pcs Uranium Glass Tea Cups & Saucers Block Optic Green Vaseline,39.99,2025-12-15,,,WorthPoint
uranium-glass,Fenton Uranium Vaseline Glass Dish Bowl Candy Trinket Handles Flora Design VTG.,24.99,2025-12-15,,,WorthPoint
uranium-glass,Vintage Unmarked Green Depression Glass Creamer Uranium Glows 1930s,12.5,2025-12-15,,,WorthPoint
uranium-glass,Stash Of Old Glass Marbles -- Uranium Glass & Ultraviolet Glow,38.35,2025-12-15,,,WorthPoint
uranium-glass,Vintage Akro Agate Lemonade Swirl Marble - Near Mint | Uranium Vaseline Glass,26.0,2025-12-15,,,WorthPoint
uranium-glass,Vintage Green Glass Uranium Tumbler Juice Cup Water Cup (208),15.99,2025-12-15,,,WorthPoint
uranium-glass,Vintage Degenhart Uranium Glass Owl Teal Figurine Retired Uv Glows Green Rare,41.0,2025-12-15,,,WorthPoint
uranium-glass,"Uranium Glass Pitcher 7""",28.42,2025-12-15,,,WorthPoint
uranium-glass,French Victorian Gilt Satin Green Opaline Uranium Glass Egg Vanity Box,540.0,2025-12-15,,,WorthPoint
uranium-glass,For Lily Fenton Uranium Glass Snail Figurine,550.0,2025-12-15,,,WorthPoint
uranium-glass,Northwood Chrysanthemum Sprig Custard Glass W/Uranium Glass Compote Dish Gold,50.0,2025-12-15,,,WorthPoint
uranium-glass,Vintage Uranium Glass Dish 9x4.5‚Äù Brilliant UV Glow Estate Find Chip Under Lip,7.5,2025-12-15,,,WorthPoint
uranium-glass,Uranium Glass Antique Serving Dish Tray Depression Glass,45.0,2025-12-15,,,WorthPoint
uranium-glass,Hard To Find Vtg Green Depression Uranium Glass 2 Pc Flower Frog And Bowl,51.0,2025-12-15,,,WorthPoint
uranium-glass,Vintage URANIUM Glass Hazel Atlas Green Deprssion Royal Lace(LB),6.96,2025-12-15,,,WorthPoint
uranium-glass,Uranium Glass Measuring Cup,25.0,2025-12-15,,,WorthPoint
uranium-glass,Fenton Hand Painted Signed Satin Custard Basket Pink Flowers Glow Uranium Glass,32.95,2025-12-15,,,WorthPoint
uranium-glass,Vintage Uranium Glass Duncan & Miller Sandwich Clear Champagne Sherbet Glass,13.0,2025-12-15,,,WorthPoint
uranium-glass,LOETZ Konig Heart & Vine URANIUM GLASS Art Nouveau Lamp Shade,119.5,2025-12-15,,,WorthPoint
uranium-glass,Original HTF Vintage 1930s Jeanette Jadeite Uranium Glass One Pound Butter Dish,162.0,2025-12-15,,,WorthPoint
uranium-glass,Set Of 2 Vintage Green Uranium Federal Glass Sherbet Sundae Dessert Cups Bowls,10.5,2025-12-15,,,WorthPoint
uranium-glass,Glamorous Uranium Vaseline Glass Art Deco Bowl 1930' H.Hoffmann By Lalique,67.0,2025-12-14,,,WorthPoint
uranium-glass,Antique 1930s Houbigant Eau De Toilette Uranium Glass Apothecary Perfume Bottle,35.0,2025-12-14,,,WorthPoint
uranium-glass,"""vintage Uranium Glass Green Swirl Design 9 3/4"""" Plate""",7.5,2025-12-14,,,WorthPoint
uranium-glass,Vintage 30s Green Uranium Glass Shot Glass Bar Ware 3‚Äù High,14.95,2025-12-14,,,WorthPoint
uranium-glass,Fenton Bird Of Happiness Custard Uranium Glass Handpainted Artist Signed,35.0,2025-12-14,,,WorthPoint
uranium-glass,Adam Green Butter And Lid Jeannette Glass Company Uranium Glass Glows RARE G5,159.95,2025-12-14,,,WorthPoint
uranium-glass,Chickasha Oklahoma Custard Uranium Glass Shaker Antique Early 1900s SOUVENIR,35.0,2025-12-14,,,WorthPoint
uranium-glass,Uranium Glass Cup And Saucer Unique Closed Handle - E - Multiple Available,12.6,2025-12-14,,,WorthPoint
uranium-glass,"""Set Of 2 VTG Uranium Glass Green Glow Sherbet Cups/Glasses Gorgeous 3"""" MCM Retro""",29.95,2025-12-14,,,WorthPoint
uranium-glass,4- Federal Glass Madrid Green Vaseline Uranium Cone Shaped Footed Sherbet Cups,28.0,2025-12-14,,,WorthPoint
uranium-glass,Vtg Green Uranium BLOCK STYLE Depression Vaseline Glass Fruit Cake Knife Glows,202.5,2025-12-14,,,WorthPoint
uranium-glass,"Fenton Green Flower Mouse, Uranium UV Glass, Hand Painted By D. Cutshaw",71.0,2025-12-14,,,WorthPoint
uranium-glass,Uranium Green Depression Glass Bee Hive Optic Pattern CREAMER,12.99,2025-12-14,,,WorthPoint
uranium-glass,Uranium Glass Anchor Hocking Pricess Pattern Cookie Glass Biscuit Jar With Lid,15.5,2025-12-14,,,WorthPoint
uranium-glass,Damaged Uranium Glass Ashtray For Parts/jewelery Making,15.0,2025-12-14,,,WorthPoint
uranium-glass,Vintage Jeanette Green Depression Uranium Glass 2-Handled Plate Cherry Blossom,18.5,2025-12-14,,,WorthPoint
uranium-glass,Vintage Green Uranium Glass Bowl. Medium,6.5,2025-12-14,,,WorthPoint
uranium-glass,RARE Green URANIUM Glass Covered Ice Bucket Original Wicker Handle Wrisley Bath,199.0,2025-12-14,,,WorthPoint
uranium-glass,PENNSYLVANIA RUBBER CO. Jeannette PA Yellow VASELINE URANIUM Glass TIRE ASHTRAY,88.0,2025-12-14,,,WorthPoint
uranium-glass,VTG Fenton Opalescent Uranium Glass Covered Candy Dish Hob Nail Z121,159.95,2025-12-14,,,WorthPoint
uranium-glass,Vintage Pair Of Green Depression Hazel Uranium Glass Salt & Pepper Shakers,38.0,2025-12-14,,,WorthPoint
uranium-glass,Vintage Vaseline Uranium Glass Green Candlestick Holder- Crack On Base,9.6,2025-12-14,,,WorthPoint
uranium-glass,Uranium Glass Two Vase‚Äôs Excellent Condition. No Chips.,31.0,2025-12-14,,,WorthPoint
uranium-glass,"""Antique Uranium Glass Table Lamp 8.5"""" Tall""",149.0,2025-12-14,,,WorthPoint
uranium-glass,Antique Victorian Yellow Depression Vaseline Uranium Glass Flower Frog Vase,20.0,2025-12-14,,,WorthPoint
uranium-glass,Vintage Vaseline Uranium Manganese Glass 2 Set Pair Art Deco Pillar Candlesticks,38.99,2025-12-14,,,WorthPoint
uranium-glass,Uranium Glass Salt,98.09,2025-12-14,,,WorthPoint
uranium-glass,Hazel Atlas Green Depression Uranium Glass 2-Cup Measuring Cup,26.36,2025-12-14,,,WorthPoint
uranium-glass,Fenton Custard Uranium Glass Glow Deer Figurine W/ Painted Pinecones Damaged Ear,40.0,2025-12-14,,,WorthPoint
uranium-glass,Vintage C.1930 Hazel Atlas Uranium Glass Measuring Cup UV 365 NM,31.0,2025-12-14,,,WorthPoint
uranium-glass,"""Vintage Vaseline Uranium Glass Tray Center Handle 10"""" Etched Leaves & Flowers""",24.0,2025-12-14,,,WorthPoint
uranium-glass,Anchor Hocking Uranium Glass Colonial Knife And Fork Butter Dish,45.0,2025-12-14,,,WorthPoint
uranium-glass,RARE VTG Mosser Vaseline Uranium Glass Scottie Dog UV Green Glow Paperweight,149.99,2025-12-14,,,WorthPoint
uranium-glass,1930 Czechoslovakia UV Uranium Glass Base Czechoslovakia Gilt Roses Glows!,175.0,2025-12-14,,,WorthPoint
uranium-glass,Vintage Uranium Old English Threaded Green Uranium Indiana Glass Lidded Dish,45.0,2025-12-14,,,WorthPoint
uranium-glass,"""Fenton Custard Uranium Glass Lamp Base W/ Chimney Hand Painted 19"""" Tall Glows""",134.1,2025-12-14,,,WorthPoint
uranium-glass,Degenhart Vaseline/Uranium Glass Owl On Books Figurine-Logo-Mid Century Modern,60.0,2025-12-14,,,WorthPoint
uranium-glass,Ehi Green Depression Glass Uranium Glass Hazel Atlas 1 Cup Green Measuring Cup,28.0,2025-12-14,,,WorthPoint
uranium-glass,Vintage Jeannette Uranium Glass Jadite Embossed Butter Dish 1/4 Lb,135.0,2025-12-14,1814.4,0.07,WorthPoint
uranium-glass,Vintage Uranium Glass Candlestick Holders Set Of 2 6.5‚Äù,50.99,2025-12-14,,,WorthPoint
uranium-glass,"""2 Vintage Vaseline Depression Uranium Glass Candlestick Candle Holders 9.5""""""",75.0,2025-12-14,,,WorthPoint
uranium-glass,Tiffin Canterbury Pattern Green Briar Uranium Glass Vintage Divided Dish W/Lid,99.0,2025-12-14,,,WorthPoint
uranium-glass,Uranium Glass Sugar Bowl Davidson Primrose Pearline Vaseline Antique UK Glows,65.41,2025-12-14,,,WorthPoint
uranium-glass,"""Vintage Translucent Green Paneled Uranium Glass Gas Light Shade 3 7/8"""" Fitter""",105.0,2025-12-14,,,WorthPoint
uranium-glass,Vintage Swung Fenton Uranium Glass Vase In Custard Green Color With Texture,90.0,2025-12-14,,,WorthPoint
uranium-glass,Vintage Green Vaseline Uranium Glass Ribbed Sherbet Dessert Fruit Cups Set Of 6,29.99,2025-12-14,,,WorthPoint
uranium-glass,Vintage Green Depression Uranium Glass Candlestick Holders Pair 6‚Äù Tall Glows,60.0,2025-12-14,,,WorthPoint
uranium-glass,Uranium Glass Round Crystal Ball Or Sphere 100mm Or Almost 4 Inches Across,150.0,2025-12-14,,,WorthPoint
uranium-glass,Uranium Glass Anchor Hocking Block Optic 6‚Äù Plate- UV Glow,6.25,2025-12-14,,,WorthPoint
uranium-glass,Westmoreland Uranium Vaseline Glass Humphrey Camel Box Reissue 1980 Summit Glass,160.0,2025-12-14,,,WorthPoint
uranium-glass,Bull Cow On Nest Basket Westmoreland Vaseline Uranium Glass GLOWS Candy 2 Part,175.0,2025-12-14,,,WorthPoint
uranium-glass,Uranium Glass DUR-X Glass Cake Pie Knife Made In USA PATD 112059,149.0,2025-12-14,,,WorthPoint
uranium-glass,Handmade Uranium Glass Swirl Snowman,45.0,2025-12-14,,,WorthPoint
uranium-glass,"""Fenton Yellow Swirl Uranium Glass Rose Crest Jack In The Pulpit 8"""" Vase RARE""",169.95,2025-12-14,,,WorthPoint
uranium-glass,"Vintage Uranium Glass Oval Dish Half Divider, Serving Dish, Mid Century",25.0,2025-12-14,,,WorthPoint
uranium-glass,Czech Uranium Glass Pink Blue Teal UV Glow Hand Wire Wrap Rosary Prayer Beads,50.0,2025-12-14,,,WorthPoint
uranium-glass,"""Vintage Green Depression Uranium Glass Flower Frog Vase W Base UV Glow 6""""""",159.99,2025-12-14,,,WorthPoint
uranium-glass,Vintage Lime Sherbet Green Custard Vase Uranium Glass Glows,38.0,2025-12-14,,,WorthPoint
uranium-glass,Vintage Uranium Glass Apothecary Jar With Lid Glows Green,45.0,2025-12-14,,,WorthPoint
uranium-glass,Circus Elephant Green Frosted Powder Jar Original Tassel Uranium Glass,100.0,2025-12-14,,,WorthPoint
uranium-glass,Vtg Hazel Atlas Green Uranium Glass Pedestal Candy Dish Jar Colonial Block W/Lid,89.99,2025-12-14,,,WorthPoint
uranium-glass,Boyd Uranium Vaseline Glass Heart Toothpick Holder Footed 2.75‚Äù UV Glow,41.95,2025-12-14,,,WorthPoint
uranium-glass,RARE Jenkins Depression Green Uranium Glass Biscuit Cookie Barrel Jar W/ Handles,89.0,2025-12-14,,,WorthPoint
uranium-glass,2 Small Creamy Yellow Vaseline/Uranium Glass Footed Salt Dip Cellar Dish **CHIP,26.21,2025-12-14,,,WorthPoint
uranium-glass,10 Pieces Czech VASELINE/URANIUM GLASS BEADS 10mm Round Faceted Fire-Polished,5.5,2025-12-14,,,WorthPoint
uranium-glass,Vintage Uranium Green Glass Large Canister Tea Holder With Lid,78.92,2025-12-14,,,WorthPoint
uranium-glass,Large Vintage 10 Panel Green Uranium Depression Vaseline Glass Bowl W/Handles,42.5,2025-12-14,,,WorthPoint
uranium-glass,Vintage Small Ladle/Scoop Vaseline Uranium Glass Glows W/UV Light. 5 1/4‚Äù,39.0,2025-12-14,,,WorthPoint
uranium-glass,"""Uranium Green Glass Divided Relish Candy Dish Metal Holder Black Light UV 8 1/4""""""",24.95,2025-12-14,,,WorthPoint
uranium-glass,Vintage Uranium Glass Vaseline Glass Reamer Lemon Juicer VGC Nice Size,26.0,2025-12-14,,,WorthPoint
uranium-glass,WWII Era Glass Cream Pitcher Orange Hobnail Fenton Uranium UV Reactive 1940s,39.99,2025-12-14,,,WorthPoint
uranium-glass,740. Pink Uranium Glass Ring,55.0,2025-12-14,,,WorthPoint
uranium-glass,"""Hazel Atlas Florentine Green Uranium Glass 10"""" Dinner Plate Vaseline ~set Of 8""",80.0,2025-12-14,,,WorthPoint
uranium-glass,Vintage Anchor Hocking Uranium Glass Green Serving Platter Cake Princess Pattern,12.96,2025-12-14,,,WorthPoint
uranium-glass,Kopp Modernistic Uranium Green Art Deco Art Glass Lamp Great Look!!!,450.0,2025-12-14,,,WorthPoint
uranium-glass,Mixed Uranium Glass Lot 9pcs VTG Depression Hocking Federal Hazel-Atlas READ,85.0,2025-12-14,,,WorthPoint
uranium-glass,"FENTON ARTIST SIGNED Cat Figurine URANIUM GLASS, GLOWS.",75.0,2025-12-14,,,WorthPoint
uranium-glass,Vtg Uranium Glass Replacement Lid Floral Design 7.5‚Äù X 2.5‚Äù,27.0,2025-12-14,,,WorthPoint
uranium-glass,Uranium Glass Vase Ormelu Antique Green Grape Leaves Vine Textured Kralik? Glows,187.0,2025-12-14,,,WorthPoint
uranium-glass,Victorian Era French Opaline Hand Painted Uranium Glass Vase -UNIQUE A+,145.0,2025-12-14,,,WorthPoint
uranium-glass,Vaseline Iridized Native American Face Toothpick Holder Uranium Glass Glows,35.95,2025-12-14,,,WorthPoint
uranium-glass,Vintage Uranium Glass Creamer,18.75,2025-12-14,,,WorthPoint
uranium-glass,VTG Fenton Uranium Custard Glass Compote Pink Blossom Handpainted Signed Ruffled,49.99,2025-12-14,,,WorthPoint
uranium-glass,Rosenthal Versace Glass Coaster Yellow Uranium Glass NEW Drinks Boxed Gift,42.82,2025-12-14,,,WorthPoint
uranium-glass,Vtg McKee Jadeite Uranium Glass Green Bowl Pour Spout And Berry Dish Glows Pair,85.0,2025-12-14,,,WorthPoint
uranium-glass,MCM 4 Hazel Atlas Vintage Green Depression Custard Cups Nut Dish Uranium Glass,24.99,2025-12-14,,,WorthPoint
uranium-glass,RARE 12‚Äù VTG Green URANIUM 3 Footed Bowl W/Floral Etching Depression Glass,32.0,2025-12-14,,,WorthPoint
uranium-glass,"""Jeannette Cherry Blossom Green Uranium Footed Cake Plate 10.25"""" Depression Glass""",29.99,2025-12-14,,,WorthPoint
uranium-glass,Vintage Single Hazel Atlas Green Uranium Glass Salt & Pepper Shakers That Glow,35.0,2025-12-14,,,WorthPoint
uranium-glass,Depression Uranium Glass Love Birds Sugar Bowl Vaseline,15.0,2025-12-14,,,WorthPoint
uranium-glass,Vintage HAZEL ATLAS Uranium Glass Measuring Cup,25.0,2025-12-14,,,WorthPoint
uranium-glass,Rosenthal Versace Yellow Uranium Glass Paperweight Used Boxed VGC,52.17,2025-12-14,,,WorthPoint
uranium-glass,"""Vintage Fenton Satin Custard Hobnail Uranium Glass Fairy Light Lamp 4.5"""" UV""",67.5,2025-12-14,,,WorthPoint
uranium-glass,Fenton Lime Green Diamond Ribbed Custard Vaseline Uranium Glass Vase,94.99,2025-12-14,,,WorthPoint
uranium-glass,Old Dugan Diamond? (Fenton) Green Depression Uranium Glass Seagulls Bowl,37.95,2025-12-14,,,WorthPoint
uranium-glass,Vintage Indiana Glass Handled Serving Tray In Tea Room Pattern Uranium Glass,26.0,2025-12-14,,,WorthPoint
uranium-glass,"""Vintage Small Ladle/Scoop 5"""" Vaseline Uranium Glass Glows Green W/Black Light""",15.0,2025-12-14,,,WorthPoint
uranium-glass,"Fenton Burmese Satin Uranium Glass Cat Figurine, #317, Shelley, Signed, Sticker.",145.0,2025-12-14,,,WorthPoint
uranium-glass,Blue Wilkerson Vaseline/Uranium Glass Fairy Lamp Basket Weave See Description,43.75,2025-12-14,,,WorthPoint
uranium-glass,Vtg Depression Vaseline Uranium Glass Green Salt & Pepper Shakers,36.99,2025-12-14,,,WorthPoint
uranium-glass,Vintage Uranium Glass Marbles Lot Of 11 With Flower Frog Vintage THEY GLOW,19.95,2025-12-14,,,WorthPoint
uranium-glass,VTG Fenton Uranium Custard Glass Hand Painted Pink Flowers Swung Vase 8‚Äù Signed,32.0,2025-12-14,,,WorthPoint
uranium-glass,Green Uranium Glass Cameo Ballerina Anchor Hocking Cookie Jar With Lid - GLOWS!,59.75,2025-12-14,,,WorthPoint
uranium-glass,Imperial Green Vaseline Uranium Glass Scroll Flute 6 Plain Saucers 1 Shot Glass,32.0,2025-12-14,,,WorthPoint
uranium-glass,Vintage 5‚Äù Uranium Glass Fish / Beta Bowl- Green Vaseline Wow,65.99,2025-12-14,,,WorthPoint
uranium-glass,3 Uranium Glass Marbles,10.0,2025-12-14,,,WorthPoint
uranium-glass,Vintage Green Uranium Glass Georgian Honeycomb 9 Oz Drinking Tumbler 4‚ÄùT Set Of2,40.0,2025-12-14,255.15,0.16,WorthPoint
uranium-glass,Green Uranium Glass Citrus Juicer Reamer Depression Era GLOWS Vintage,19.2,2025-12-14,,,WorthPoint
uranium-glass,Green Vaseline Uranium Glass Covered Small Trinket/Candy Dish MINT Bright GLOW,49.99,2025-12-14,,,WorthPoint
uranium-glass,Rare Vintage 2000 Gibson Vaseline Uranium Glass Grape Pattern Water Pitcher,51.0,2025-12-14,2000.0,0.03,WorthPoint
uranium-glass,4 Vtg Vaseline/Uranium Glass Tumbler|Morgantown Or Tiffin-Franci|Minor Rim Chips,27.99,2025-12-14,,,WorthPoint
uranium-glass,"""Lot Of 3 Uranium Glass Champagne Cocktail Glasses Vaseline Depression Glass 5""""""",29.95,2025-12-14,,,WorthPoint
uranium-glass,Tom & Jerry Uranium Glass Mug ‚Äì Glows Under UV ‚Äì Vintage Custard Green,20.0,2025-12-14,,,WorthPoint
uranium-glass,"""Vintage Vaseline Glass Green Miniature Handled 4"""" BRIDE'S BASKET Uranium Glows!""",15.0,2025-12-14,,,WorthPoint
uranium-glass,Handblown Uranium Glass Art UV Reactive Frog Figurine Sculpture Green Boro UG,59.99,2025-12-14,,,WorthPoint
uranium-glass,"""Vintage Green Depression Uranium Glass Pitcher 6.25"""" Tall X 4"""" W EUC""",27.99,2025-12-14,,,WorthPoint
uranium-glass,"""Vintage 8.5"""" Hocking Glass Co. Criss Cross Uranium Refrigerator Dish With Lid""",25.0,2025-12-14,,,WorthPoint
uranium-glass,Vintage 1930s Green Uranium Glass Handled Fruit Berry/Candy Bowl Glows 6 Incn,24.5,2025-12-14,,,WorthPoint
uranium-glass,Good Uranium Glass Tray,64.01,2025-12-14,,,WorthPoint
uranium-glass,Vtg Uranium Glass Jar,16.8,2025-12-14,,,WorthPoint
uranium-glass,Fenton Burmese Hobnail Uranium Vaseline Glass Compote Matte Finish,50.0,2025-12-13,,,WorthPoint
uranium-glass,Fenton Uranium Glass Spanish Lace Rose Bowl,105.0,2025-12-13,,,WorthPoint
uranium-glass,Antique Green Depression Uranium Glass Scent Bottle - UV Reactive - AS IS -,49.99,2025-12-13,,,WorthPoint
uranium-glass,Hazel Atlas Uranium Green Block Depression Glass Pitcher 48 Oz Vintage_UV Glows,29.98,2025-12-13,1360.8,0.02,WorthPoint
uranium-glass,Antique Fostoria Etched Royal Green Cup & Saucer Set Uranium Glass Glows 2 Avail,25.0,2025-12-13,,,WorthPoint
uranium-glass,Uranium Glass Jar With Lead,29.5,2025-12-13,,,WorthPoint
uranium-glass,Antique Dunbar Tumbler Set- 1930's Uranium Shot Glasses (2) GLOW!,22.0,2025-12-13,,,WorthPoint
uranium-glass,Antique Large Green Vaseline Glass Uranium Depression Juicer Reamer,30.0,2025-12-13,,,WorthPoint
uranium-glass,"FENTON ARTIST SIGNED Deer Figurine, URANIUM GLASS, GLOWS",84.99,2025-12-13,,,WorthPoint
uranium-glass,Vtg Fenton Uranium Glass Daisy & Button Top Hat,50.3,2025-12-13,,,WorthPoint
uranium-glass,Vintage Arte Nuova Pustetto Zanetti Murano Green Blue Uranium Glass Bowl,140.0,2025-12-13,,,WorthPoint
uranium-glass,Vintage Uranium Glass Sugar Bowl - Depression Glass - 1930‚Äôs - Great Condition!!,35.0,2025-12-13,,,WorthPoint
uranium-glass,Vintage Mosser Yellow Uranium Glass 2 Pc Fairy Lamp Holly Berry Pattern GLOWS,125.0,2025-12-13,,,WorthPoint
uranium-glass,Vtg FENTON Persian Medallion Satin Custard Pale Yellow Uranium Glass Fairy Lamp,169.99,2025-12-13,,,WorthPoint
uranium-glass,Set Of 2 Antique Green Vaseline Uranium Glass Car Bud Vases,140.0,2025-12-13,,,WorthPoint
uranium-glass,McKee Shakers Salt Pepper Sugar Flour Custard Uranium Glass Roman Arches READ,95.0,2025-12-13,,,WorthPoint
uranium-glass,Vintage 7.25‚Äù X 2.75‚Äù Green Vaseline Uranium Glass Batter Bowl With Spout Glows,12.6,2025-12-13,,,WorthPoint
uranium-glass,Uranium Basket Daisy And Button. Vaseline Uranium Glass Basket. Vintage,100.0,2025-12-13,,,WorthPoint
uranium-glass,VTG Fenton Compote Candy Dish Green Uranium Ruffled Thumbprint 5.5x6 Glassware,29.95,2025-12-13,6.0,4.99,WorthPoint
uranium-glass,Beautiful Vintage Opalescent Swirl Vaseline/uranium Glass Fenton Ruffled Bowl,91.0,2025-12-13,,,WorthPoint
uranium-glass,Depression Era Etched Green Uranium Wine Glass,6.0,2025-12-13,,,WorthPoint
uranium-glass,"Vintage Green Depression Uranium Glass Egg Beater, Hand Mixer Kitchen Gadget",50.0,2025-12-13,,,WorthPoint
uranium-glass,Uranium Depression Glass Creamer And Footed Open Sugar Bowl,43.0,2025-12-13,,,WorthPoint
uranium-glass,Old Antique Bohemian Czechoslovakia Uranium Glass Scalloped Bottom Bright Glow,60.0,2025-12-13,,,WorthPoint
uranium-glass,Vintage Jadeite Uranium Glass Grapes Globe Italy Metal Toleware Lamp Marble Base,247.5,2025-12-13,,,WorthPoint
uranium-glass,Fenton Daisy Button Vaseline Glass Creamer Uranium Glass - Rare,59.5,2025-12-13,,,WorthPoint
uranium-glass,Antique Mt Washington Enameled Uranium Glass Tomato Salt & Pepper Shakers,41.0,2025-12-13,,,WorthPoint
uranium-glass,Custard Uranium Glass Teacups And Plates,15.0,2025-12-13,,,WorthPoint
uranium-glass,"""Green Uranium Glass Ashtray Vintage Excellent Condition 4"""" Rd.""",27.96,2025-12-13,,,WorthPoint
uranium-glass,"""Fenton Uranium Glass Thumbprint Colonial Green Compote 6"""" - 60‚Äôs/70‚Äôs Bx1 199A""",40.0,2025-12-13,,,WorthPoint
uranium-glass,Fenton Uranium Glass Thumbprint Colonial Green Compote,29.99,2025-12-13,,,WorthPoint
uranium-glass,Uranium Depression Glass Lot Of 19 Pieces,99.0,2025-12-13,,,WorthPoint
uranium-glass,Vintage Green Depression Vaseline Uranium Glass Dish,28.99,2025-12-13,,,WorthPoint
uranium-glass,Large Fenton Uranium Opalescent Swirl Glass Crimped Top Hat Vase 6.5‚ÄùH X 9.5‚Äù W,199.0,2025-12-13,,,WorthPoint
uranium-glass,Uranium Glass Tumbler Vintage,8.9,2025-12-13,,,WorthPoint
uranium-glass,Vintage Green Frosted Uranium Glass Vase Glows 7‚Äù Tall UV Light Reactive,24.35,2025-12-13,,,WorthPoint
uranium-glass,"""Vintage YELLOW Vaseline Uranium Glass 5 1/4"""" Dessert BOWL #1""",18.0,2025-12-13,,,WorthPoint
uranium-glass,EAPG Antique Uranium Glass Opaque Jadeite Toothpick Holder Whiskey Shot GLOWS,35.0,2025-12-13,,,WorthPoint
uranium-glass,Vaseline Uranium Glass Cat Figurine,69.99,2025-12-13,,,WorthPoint
uranium-glass,Imperial Glass Corp 12 Days Of Christmas Plate 11th Day Dancers Dancing Uranium,28.0,2025-12-13,,,WorthPoint
uranium-glass,Vintage Jadeite Sunkist Reamer Juicer Uranium Glass Glows Made In USA PAT 68764,74.99,2025-12-13,,,WorthPoint
uranium-glass,Opalescent Vaseline Uranium Glass Wreathed Cherry Panel Creamer Pitcher UV Glow,58.0,2025-12-13,,,WorthPoint
uranium-glass,"""Vintage Anchor Hocking Refrigerator Dish 8""""x 6"""" Green Uranium Glass (?) With Lid""",30.0,2025-12-13,,,WorthPoint
uranium-glass,Akro Agate Uranium Glass Green Stacked 8 Piece Child's Lemonade Set Glows,64.99,2025-12-13,,,WorthPoint
uranium-glass,9 Vintage Uranium 7 Parrot Glass 2 Others See Description For Details,59.95,2025-12-13,,,WorthPoint
uranium-glass,VTG Fenton Emerald Green Opalescent Hobnail Uranium Glass Vase GLOW!,109.5,2025-12-13,,,WorthPoint
uranium-glass,"""Vintage Uranium Glass Bud Swung Vase 8.25"""" Tall Handblown Elegant Green Art Glas""",28.0,2025-12-13,,,WorthPoint
uranium-glass,URANIUM GLASS C1914 NORTHWOOD Custard GRAPE & GOTHIC ARCHES Nutmeg WATER GOBLET,34.77,2025-12-13,,,WorthPoint
uranium-glass,Fenton Uranium Opalescent Glass Honeycomb And Clover Tumbler Excellent,29.0,2025-12-13,,,WorthPoint
uranium-glass,"""Antique Acorn Custard Uranium Glass Pendant Lamp Shade Birds Branches 4"""" Fitter""",152.5,2025-12-13,,,WorthPoint
uranium-glass,Vintage Uranium Glass Decanter Frosted Green Cameo Ballerina Glows No Lid 1930s,60.0,2025-12-13,,,WorthPoint
uranium-glass,Vintage Depression Uranium Glass Scroll Etched Wine Glasses Set Of 6,85.0,2025-12-13,,,WorthPoint
uranium-glass,Vintage Sherbet Dessert Cup Green Depression Uranium Glass,10.0,2025-12-13,,,WorthPoint
uranium-glass,Vintage Jeannette Cherry Blossom Green Uranium Glass Handled Serving Platter,29.75,2025-12-13,,,WorthPoint
uranium-glass,Vintage Round Green Vaseline Uranium Glass Nut Candy Dish No Chips,18.0,2025-12-13,,,WorthPoint
uranium-glass,Vintage Optic Green Depression Uranium Glass Butter Dish W/ Lid - Block Pattern,64.0,2025-12-13,,,WorthPoint
uranium-glass,McClaren & Kelly Tires Vintage Embossed Advertising Ashtray With Uranium Glass,95.0,2025-12-13,,,WorthPoint
uranium-glass,Art Deco Depression Vaseline Uranium Glass Gold Gilding Candy Condiments Dish,65.0,2025-12-13,,,WorthPoint
uranium-glass,Duncan & Sons 1880's Uranium Vaseline Glass Broom Dustpan Nappy Candy Dish,120.0,2025-12-13,,,WorthPoint
uranium-glass,Wilkerson Uranium Glass Shell Seashell With Sticker !!,75.0,2025-12-13,,,WorthPoint
uranium-glass,Green Uranium Glass Candy Bowl,85.0,2025-12-13,,,WorthPoint
uranium-glass,üî• Antique 950 Fine Sterling Silver Art Nouveau Candy Nut Dish Uranium Glass,250.0,2025-12-13,,,WorthPoint
uranium-glass,Vintage Fenton Hobnail Uranium Vaseline Glass Hat Vase,26.0,2025-12-13,,,WorthPoint
uranium-glass,Hazel Atlas Green Uranium Depression Glass Serving Bowl Fancy Diamond Arches 395,28.11,2025-12-13,,,WorthPoint
uranium-glass,"""VTG. 1930's Green Vaseline Uranium Glass Hocking Glass Co. """"Swirl"""" Cake Plate""",11.8,2025-12-13,,,WorthPoint
uranium-glass,Art Deco Sculpture Rare Green Uranium Glass Bowl 1930' H.Hoffmann By Lalique,105.0,2025-12-13,,,WorthPoint
uranium-glass,Art Deco Perfume Bottle ' Odalisque ' Vaseline Uranium Glass 1930' H.Hoffmann,199.0,2025-12-13,,,WorthPoint
uranium-glass,"""Vintg Fenton Uranium Glass Daisy & Button Top Hat Toothpick Holder 2.75"""" & Plate""",60.0,2025-12-13,,,WorthPoint
uranium-glass,Tiffin Franciscan Green Uranium Vaseline Glass Luciana 15016 Goblet Wine Stems,34.99,2025-12-13,15016.0,0.0,WorthPoint
uranium-glass,V. Nason Murano Large Vaseline Uranium Glass Sphere Orb GLOWS,300.0,2025-12-13,,,WorthPoint
uranium-glass,"""Antique Art Deco Uranium Glass And Alloy Metal Ashball 8.5""""""",450.0,2025-12-13,,,WorthPoint
uranium-glass,"Vintage Green Uranium Glass Swung Bud Vase Vaseline - GLOWS, NO CHIPS",17.59,2025-12-13,,,WorthPoint
uranium-glass,Green Uranium Glass Lidded Refrigerator Dish,21.99,2025-12-13,,,WorthPoint
uranium-glass,Fenton Hand Painted Custard Glass Candy Dish W/ Cover Pink Daisy Uranium Glass,45.0,2025-12-13,,,WorthPoint
uranium-glass,Vintage Uranium Glass Heart Handle Tray/ Trinket Dish,19.99,2025-12-13,,,WorthPoint
uranium-glass,"""Salad Plate Anchor Hocking Block Optic Green Depression Glass 8 1/4"""" Uranium""",6.5,2025-12-13,,,WorthPoint
uranium-glass,Vintage Rare Uranium Glass Pitcher & Lid Frigidaire Frosted Ribbed Ice Tea Juice,79.95,2025-12-13,,,WorthPoint
uranium-glass,Vntg Vaseline Uranium Glass Optic 16 Rib Flared 10‚ÄùTall Vase W/ Scalloped Rim,69.0,2025-12-13,,,WorthPoint
uranium-glass,Boyd Hopalong Cassidy Toothpick Holder Vaseline Uranium Glass /Limited Edition,34.0,2025-12-13,,,WorthPoint
uranium-glass,"""Antique Hobbs Brockunier Dew Drop Yellow Vaseline Uranium Glass Celery Vase 6""""""",125.0,2025-12-13,,,WorthPoint
uranium-glass,"""Vintage Fenton Uranium Glass Peacock Vase 8"""" Burmese Custard Glass""",68.64,2025-12-13,,,WorthPoint
uranium-glass,"""VTG 9"""" Uranium Glass Plate Patrician Spoke Federal Depression Glass Collectible""",21.99,2025-12-13,,,WorthPoint
uranium-glass,Antique Josef Riedel Bohemian Czech Perfume Bottle Uranium Glass Circa 1890,95.0,2025-12-13,,,WorthPoint
uranium-glass,"""Antique 1910s 20s Cracker Jack Prize Toy Czech Uranium Glass Dog Charm Glows 1""""""",109.99,2025-12-13,,,WorthPoint
uranium-glass,Art Deco Czech Uranium Glass Compote Bowl Gold Enamel Vaseline 10‚Äù Footed,58.0,2025-12-13,,,WorthPoint
uranium-glass,Vintage Fenton Yellow Uranium Custard Coralene Glass Vase Artist Signed,29.99,2025-12-13,,,WorthPoint
uranium-glass,Vintage GOODRICH Silvertown Tire Advertising ~ Green Uranium Glass Ashtray,35.0,2025-12-13,,,WorthPoint
uranium-glass,Vintage Uranium Glass Shot Glasses Set Of 5 Green Vaseline Glass Glows Under UV,39.99,2025-12-13,5.0,8.0,WorthPoint
uranium-glass,1920s TAUSAUNT PARIS RAMSES SPHINX URANIUM GLASS DRESSER PIECE,125.0,2025-12-13,,,WorthPoint
uranium-glass,Vintage Fenton Uranium Glass Vase Green 6.25‚Äù Home Decor Collectible,60.8,2025-12-13,,,WorthPoint
uranium-glass,Hocking Pillar Optic Uranium Glass Handled Berry Bowl W/ Shell Handles Vintage,15.0,2025-12-13,,,WorthPoint
uranium-glass,Hocking Block Optic Depression Uranium Glass Trinket Berry Bowl IT GLOWS G2,12.99,2025-12-13,,,WorthPoint
uranium-glass,Vintage Fenton Uranium Glass Long Tail Bird W/original Fenton 70's Sticker,60.0,2025-12-13,,,WorthPoint
uranium-glass,NICE! Vintage Depression Glass Uranium Glass 1-cup Measuring Cup 3 Spouts,23.0,2025-12-13,,,WorthPoint
uranium-glass,"Pairpoint Cup Plate Uranium Glass Co. ~ Bob White Bird , Rescue Piece, Pls Read",17.0,2025-12-13,,,WorthPoint
uranium-glass,Vtg Anchor Hocking Cameo Princess Depression Uranium Glass 8‚Äù Vase Green UV Glow,20.8,2025-12-13,,,WorthPoint
uranium-glass,Vtg Block Optic Green Depression Vaseline Uranium Glass Covered Butter Dish,112.95,2025-12-13,,,WorthPoint
uranium-glass,Vintage Green Uranium Depression Glass Candlestick Holders Pair Glowy 3‚Äù,24.99,2025-12-13,,,WorthPoint
uranium-glass,"Vintage Cambridge Uranium Glass Bowl ‚Äì Grapevine Etch, Decagon Line- 13‚ÄùHUGE",49.99,2025-12-13,,,WorthPoint
uranium-glass,Vintage Uranium Glass Marbles Super Glowy Lot Of 20,30.0,2025-12-13,,,WorthPoint
uranium-glass,Fenton Uranium Milk Glass LOT OF 4X Hand Painted Vases Lid Compote Dish Basket,87.0,2025-12-13,,,WorthPoint
uranium-glass,Vintage Akro Agate 8 Pc Green Uranium Glass Play-Time Children's Dishes Tea Set,25.0,2025-12-13,,,WorthPoint
uranium-glass,LL - Vintage Goodrich Silvertowns Uranium Glass Tire Ashtray,48.3,2025-12-13,,,WorthPoint
uranium-glass,LL - Pair Of Vintage Uranium Glass Tire Ashtrays By Firestone And Goodyear,58.65,2025-12-13,,,WorthPoint
uranium-glass,LR - Vintage Uranium Glass Ashtray With Starburst Pattern,46.0,2025-12-13,,,WorthPoint
uranium-glass,P - Vintage Kelly-Springfield Uranium Glass Tire Ashtray,52.9,2025-12-13,,,WorthPoint
uranium-glass,Goblet Set Of 6 Tiffin Franciscan Madeira Citron Green Uranium Glass Footed 5.5‚Äù,54.99,2025-12-13,,,WorthPoint
uranium-glass,"""Vintage Uranium Depression Glass Cordial Glasses & 6"""" Basket Set""",75.0,2025-12-13,,,WorthPoint
uranium-glass,"""Hazel Atlas Green Uranium Glass Small Berry Bowl """"Ruffle Edge"""" *GLOW ~ 4 3/4""""""",8.99,2025-12-13,,,WorthPoint
uranium-glass,Vintage Hand Painted Fenton Custard Satin URANIUM Glass Bell (Glows In UV Light),11.5,2025-12-13,,,WorthPoint
uranium-glass,Lot Of Vintage URANIUM (Glows In UV Light) Depression Glass,68.89,2025-12-13,,,WorthPoint
uranium-glass,Apothecary Jar Canister Green Uranium Vaseline Glass With Lid Glows Vintage,52.8,2025-12-13,,,WorthPoint
uranium-glass,"""Vintage Fenton Burmese Uranium Glass Vase Rose Hand Painted Signed Ruffled 7.25""""""",55.0,2025-12-13,,,WorthPoint
uranium-glass,Depression Uranium Glass Green Diamond Tumblers Set/3 Imperial Glass Collectible,38.0,2025-12-13,,,WorthPoint
uranium-glass,Uranium Glass Candle Stick Pair Sowerby 2636 Art Deco Trinket Set 1930s Green,126.02,2025-12-13,,,WorthPoint
uranium-glass,Antique Art Deco Uranium Vaseline Glass Shade Madonna Lamp / Virgin Mary Rewire,199.99,2025-12-13,,,WorthPoint
uranium-glass,"""Vintage 10"""" Vaseline Uranium Glass Hobnail Footed Bowl""",25.0,2025-12-12,,,WorthPoint
uranium-glass,Vintage Uranium Glass Green Handle Tidbit Tray Sandwich Server 10.5‚Äù,29.85,2025-12-12,,,WorthPoint
uranium-glass,Vtg Depression Fenton Uranium Glass Dugan Green Bowl W 2 Dove Bird Handle Glows,44.99,2025-12-12,,,WorthPoint
uranium-glass,"Vintage Uranium Glass Depression Era Large Serving Bowl - Green,",25.0,2025-12-12,,,WorthPoint
uranium-glass,"""Vintage Art Deco Uranium Glass Handled Console Bowl Gold Encrusted Etched 10""""""",95.0,2025-12-12,,,WorthPoint
uranium-glass,Opalescent Boyd's Crystal Art Glass Jennifer Doll - UV Reactive Uranium Glass,30.0,2025-12-12,,,WorthPoint
uranium-glass,Vintage Anchor Hocking Princess Candy Dish Lidded Green Depression Uranium Glass,60.0,2025-12-12,,,WorthPoint
uranium-glass,Anchor Hocking Block Optic Green Uranium Depression Glass Footed Cream & Sugar,29.75,2025-12-12,,,WorthPoint
uranium-glass,Uranium Glass Art Narwhal Figurine Sculpture Handblown Borosilicate Ion UG Gift,59.99,2025-12-12,,,WorthPoint
uranium-glass,Glows! Vaseline Uranium Glass Topaz Opalescent Dugan LG Wright Cherry Creamer,45.99,2025-12-12,,,WorthPoint
uranium-glass,Frigidaire Green Glowing Uranium Glass Ribbed Decanter Bottle (No Stopper),34.95,2025-12-12,,,WorthPoint
uranium-glass,Vintage ANCHOR HOCKINGS Vaseline Uranium Glass Vase,20.0,2025-12-12,,,WorthPoint
uranium-glass,Pair Vintage Uranium Glass Candlesticks Green Candle Holders Art Deco 17cm,53.46,2025-12-12,,,WorthPoint
uranium-glass,Fenton Uranium Glass Satin Custard Bell Handpainted Signed Fenton Stickers,14.5,2025-12-12,,,WorthPoint
uranium-glass,"""Uranium Green Glass Table Lamp 13""""""",74.0,2025-12-12,,,WorthPoint
uranium-glass,1930s Hoosier Diamond Crystal Shaker Salt Green Uranium Vaseline Glass,10.5,2025-12-12,,,WorthPoint
uranium-glass,Vaseline Uranium Glass Hedgehog Animal Figurine Art Deco Yellow Glass Statue,49.95,2025-12-12,,,WorthPoint
uranium-glass,Vintage Vaseline Uranium Glass Northwood Spiral Twist 10‚Äù Candlesticks,90.0,2025-12-12,,,WorthPoint
uranium-glass,Vtg NORTHWOOD Vaseline Opalescent Uranium Glass Footed Spooner Bowl KLONDYKE,59.0,2025-12-12,,,WorthPoint
uranium-glass,"Uranium Custard Glass Oil Lamp, Hand Painted, Art Deco, Electric Conversion, HTF",150.0,2025-12-12,,,WorthPoint
uranium-glass,Vintage Uranium Glass Salt & Pepper Shakers‚ÄìGlows Green Under UV‚ÄìDepression Era,40.0,2025-12-12,,,WorthPoint
uranium-glass,Fenton Uranium Vaseline Glass Slipper Shoe Glows Daisy And Button Pattern Vtg,34.99,2025-12-12,,,WorthPoint
uranium-glass,Vintage Fenton Custard Satin Uranium Glass Pink Flower Ruffled Edge Vase Bowl,29.99,2025-12-12,,,WorthPoint
uranium-glass,Fenton Yellow Custard Uranium Glass Ruffle Edge Hand Painted Daisy Compote Dish,18.55,2025-12-12,,,WorthPoint
uranium-glass,"""Uranium Glass Vaseline Paperweight 4"""" Optical Quality Sphere W/flat Bottom""",119.99,2025-12-12,,,WorthPoint
uranium-glass,Set Of 3 Christmas Light Bulbs Full Of Uranium Glass --1 Slightly Damaged,25.0,2025-12-12,,,WorthPoint
uranium-glass,"Vaseline Uranium Glass Glow HEART & DIAMOND Pairpoint Cup Plate, Box & Info Card",24.95,2025-12-12,,,WorthPoint
uranium-glass,Circa 1900 Vaseline Uranium Glass Bowl Cedar Point Amusement Park Sandusky Ohio,69.95,2025-12-12,,,WorthPoint
uranium-glass,Anchor Hocking Cameo Ballerina Green Butter Tub Ice Bucket Uranium Glass 1930's,100.0,2025-12-12,,,WorthPoint
uranium-glass,Pair Of Vintage Tiffin Glass Cigar Ashtray 5 Inch Clover Pattern Uranium Glass,85.0,2025-12-12,,,WorthPoint
uranium-glass,VTG Depression Vaseline Uranium Glass Measuring Cup 1 Quart 4 Cup 32oz 1930's,19.95,2025-12-12,907.2,0.02,WorthPoint
uranium-glass,Vtg Cremax Bordette Blue Flat Cup & Saucer Set By MacBeth-Evans Uranium Glass,10.89,2025-12-12,,,WorthPoint
uranium-glass,Vaseline Uranium Glass Frog Figurine,49.99,2025-12-12,,,WorthPoint
uranium-glass,Vtg Satin Custard/Vaseline/Uranium Fenton Glass Daisy & Button Boot/Shoe READ,19.99,2025-12-12,,,WorthPoint
uranium-glass,Public School Torah Minnesota Custard Uranium Glass Souvenir Cup,35.99,2025-12-12,,,WorthPoint
uranium-glass,Four Vintage Green Uranium Glass Cocktail Glasses,39.99,2025-12-12,,,WorthPoint
uranium-glass,Fenton Hand Painted Blue Glass Elephant Figurine Uranium Green Glow Under UV,39.99,2025-12-12,,,WorthPoint
uranium-glass,Uranium Glass Sherbet Dish,14.0,2025-12-12,,,WorthPoint
uranium-glass,Vintage 1930's Set 4 McKee Jadeite Uranium Glass Luncheon Plates Laurel EUC,60.0,2025-12-12,,,WorthPoint
uranium-glass,Vintage Uranium Glass Jar With Metal Lid,43.77,2025-12-12,,,WorthPoint
uranium-glass,Fenton 1978 Custard Hand Painted By Dave Fredrick Uranium Glass Bell. #11,60.0,2025-12-12,,,WorthPoint
uranium-glass,Vintage Fenton Uranium Glass Bowl With Flying Bird Handles Doves Bowl,40.55,2025-12-12,,,WorthPoint
uranium-glass,Vintage Uranium Glass Top Hat,35.0,2025-12-12,,,WorthPoint
uranium-glass,VTG Art Deco Vaseline Uranium Glass W/ Brass Perfume Bottle / Missing Atomizer,85.0,2025-12-12,,,WorthPoint
uranium-glass,Set Of 5 Vaseline Uranium Glass Salt Cellars,42.0,2025-12-12,,,WorthPoint
uranium-glass,"""Vintage Fostoria Colonial Prism Uranium Glass Lace Edge Console Bowl 11.5"""" UV""",33.27,2025-12-12,,,WorthPoint
uranium-glass,"""Green Uranium Glass Georgian Lovebirds Federal Sugar Bowl 4"""" Vintage 1930s GLOWS""",24.0,2025-12-12,,,WorthPoint
uranium-glass,"""PAIR ~Vintage Green Uranium SLAG Glass Bird Cage Feed Holders 3 X 2 1/4"""" EXC""",78.0,2025-12-12,,,WorthPoint
uranium-glass,ANTIQUE Yello 1920's Volstead DOG Figure BOTTLE Decanter Vaseline Uranium Glass,150.0,2025-12-12,,,WorthPoint
uranium-glass,Vintage Hocking Princess Uranium Green Depression Glass Hat Bowl & Dinner Plates,69.9,2025-12-12,,,WorthPoint
uranium-glass,"Vtg Uranium Depression Glass Divided Dinner Plates, 10 Pcs.",45.0,2025-12-12,,,WorthPoint
uranium-glass,Set 6 Vintage Green Depression Uranium Glass Jello Molds Cups Shot Glasses 2‚Äù,29.99,2025-12-12,,,WorthPoint
uranium-glass,Fenton Hobnail Topaz Yellow Vanity Tray Trinket Dish Fan Shape Uranium Glass,60.0,2025-12-12,,,WorthPoint
uranium-glass,Set Of 4 Vintage Green Uranium Glass Ramekins/Custard Cups,32.0,2025-12-12,,,WorthPoint
uranium-glass,"""Vintage Fenton Yellow Opalescent Hobnail Uranium Glass 9"""" Swung Bud Vase""",89.99,2025-12-12,,,WorthPoint
uranium-glass,Vintage Uranium Anchor Hocking Glass Decanter W/stopper,105.5,2025-12-12,,,WorthPoint
uranium-glass,"""Vintage """" The St. Moritz"""" Green Glass Ashtray/ Soap Dish Uranium Glass""",34.95,2025-12-12,,,WorthPoint
uranium-glass,Antique Rosary Italian Uranium Glass Necklace Choker Christian Crucifix- 22‚Äù,110.0,2025-12-12,,,WorthPoint
uranium-glass,Victorian Hand-Painted Pink Lily Of The Valley Uranium Glass Vase,25.49,2025-12-12,,,WorthPoint
uranium-glass,Antique Uranium Lamp Spacer Ball Spacer Vintage Uranium Glass,79.99,2025-12-12,,,WorthPoint
uranium-glass,Vaseline Green Uranium Glass Cup Bowl Footed Dessert Sherbet Federal Vtg,5.99,2025-12-12,,,WorthPoint
uranium-glass,Uranium Glass Green Ashtray Great Shape GLOWS Like Crazy,50.0,2025-12-12,,,WorthPoint
uranium-glass,Uranium Glass Owl Earrings,16.0,2025-12-12,,,WorthPoint
uranium-glass,VTG SWAG LAMP FENTON SHADE HAND PAINTED Cabin In The Woods Custard Uranium Glass,550.0,2025-12-12,,,WorthPoint
uranium-glass,Jeannette Glass Poinsettia Uranium Glass 8‚Ä≥ Plate UV Glow 1930s Depression Glass,10.0,2025-12-12,,,WorthPoint
uranium-glass,6‚Äù Yellow Vaseline Uranium Glass Plate,15.0,2025-12-12,,,WorthPoint
uranium-glass,Anchor Hocking Spiral Green Depression Uranium Glass Teacup & Saucer Set,7.97,2025-12-12,,,WorthPoint
uranium-glass,Green Uranium Glass Candlestick Holders Set Of 2 Glows!,17.62,2025-12-12,2.0,8.81,WorthPoint
uranium-glass,Vintage Glowing Green Uranium Glass Swung Bud Vase 8.25‚Äù Vaseline Glows,26.97,2025-12-12,,,WorthPoint
uranium-glass,Weishar Moon & Stars Vaseline Uranium Glass Fairy Lamp 3-Piece,380.0,2025-12-12,,,WorthPoint
uranium-glass,EAPG Uranium Glass Double Cord & Tassel Blue & Pink Salt & Pepper Shakers,40.0,2025-12-12,,,WorthPoint
uranium-glass,Vintage Hazel-Atlas Uranium Green Cube Block Optic Honeycomb Glass Pitcher GLOWS,88.0,2025-12-12,,,WorthPoint
uranium-glass,Fenton Vintage Opal Vaseline Glass Hooty Owl Figurine Uranium,225.25,2025-12-12,,,WorthPoint
uranium-glass,"""Vintage UV Uranium Glass & Rhinestone Gold Toned Jewelry Trinket Pill Box 2"""" Dia""",37.0,2025-12-12,,,WorthPoint
uranium-glass,"""Antique Vtg Art Deco Radio Lamp 3 1/8"""" Fitter Lamp Fixture Shade Uranium Glass""",56.0,2025-12-12,,,WorthPoint
uranium-glass,Rare Fenton Opalescent Hobnail Topaz Vaseline Uranium Glass Vase Ruffled Edge,39.99,2025-12-12,,,WorthPoint
uranium-glass,Vintage Anchor Hocking Cameo Princess Depression Uranium Glass 8‚Äù Vase Green,40.5,2025-12-12,,,WorthPoint
uranium-glass,Uranium Glass Citrus Juicer,20.0,2025-12-12,,,WorthPoint
uranium-glass,Vintage Vaseline Uranium Glass Cabbage Leaf Candy Bowl Dish 8.25‚Äù X 8‚Äù Glows,26.99,2025-12-12,,,WorthPoint
uranium-glass,Cat With Uranium Glass Marble Eyes,19.99,2025-12-12,,,WorthPoint
uranium-glass,Hand Wire Wrap Vintage Uranium Czech Glass Vaseline Rosary Prayer Beads ‚ò¢Ô∏è,54.0,2025-12-12,,,WorthPoint
uranium-glass,Vintage 1930s Hocking Vitrock Delphite Blue Deco Vase ‚Äì Uranium Glass UV Glow,27.97,2025-12-12,,,WorthPoint
uranium-glass,Vintage Fenton Owl Satin Custard Uranium Glass Fairy Light Glows Great Condition,99.95,2025-12-12,,,WorthPoint
uranium-glass,"Antique A & J 1923 Hand Mixer, Egg Beater, Depression Uranium Glass *GLOWS*",79.99,2025-12-12,,,WorthPoint
uranium-glass,Uranium Glass Sherbet Set,30.0,2025-12-12,,,WorthPoint
uranium-glass,Antique Vaseline Opalescent Uranium Glass Footed Ruffled Vase Rare!,64.99,2025-12-12,,,WorthPoint
uranium-glass,Vtg Uranium Glass Cups & Saucers Ballerina Cameo Green Depression Glass,30.24,2025-12-12,,,WorthPoint
uranium-glass,Vintage JADEITE Green McKEE Uranium Glass RANGE Size SALT & PEPPER SHAKERS,55.0,2025-12-12,,,WorthPoint
uranium-glass,Uranium Glass Depression Glass Cameo Ballerina Divided Plate Vintage Green,19.25,2025-12-12,,,WorthPoint
uranium-glass,25pcs Vaseline Uranium Glass Beads Smooth Round Czech 6mm 8mm 10mm 12mm,4.99,2025-12-12,,,WorthPoint
uranium-glass,1982 FENTON PAINTED Uranium GLASS CHRISTMAS PLATE BRINGING HOME THE TREE,27.0,2025-12-12,,,WorthPoint
uranium-glass,Boyd Uranium Glass Pooche Dog Figurine Magic Marble Glows UV,57.65,2025-12-12,,,WorthPoint
uranium-glass,Uranium Glass Candle Stick Holder & Bud Vase,56.63,2025-12-12,,,WorthPoint
uranium-glass,Vintage Farberware Green Depression Uranium Glass Divided Dish Metal Caddy Nuts,24.0,2025-12-12,,,WorthPoint
uranium-glass,Uranium Glass Hazel Atlas 4 Cup Pitcher Depression Green Excellent,25.0,2025-12-12,,,WorthPoint
uranium-glass,Sterling Uranium Glass Ring Leafy Green Vine 925 Silver,129.0,2025-12-12,,,WorthPoint
